3942 6416
539 336 635 391 151
1280 332 1366 387 DE
1405 333 1579 389 ΟΩΤο
1621 333 1908 389 1111101111
1949 336 2492 408 ρωΕετιυΝιΒυς,
2535 344 2591 398 S.
2635 347 3004 405 AUCUSTIN‘I

535 454 685 508 bunt.
737 449 950 505 Frustra
981 457 1160 502 autem
1187 446 1398 510 dicitur,
1434 446 1497 501 Et
1527 447 1635 502 hare
1672 449 1871 515 quidem
1916 450 2100 520 fuistis,

532 547 621 598 sed
648 544 804 597 abluti
835 544 949 596 estis
984 540 1031 610 (1
1059 541 1176 595 Cor.
1206 557 1278 605 vi,
1313 540 1433 610 lt);
1466 541 1674 610 quando
1707 552 1760 595 et
1787 542 1951 596 abluti
1980 543 2107 598 haec

532 648 672 691 sunt.
718 636 945 691 Iuaniter
971 633 1127 688 etiam
1173 633 1300 686 illud
1335 648 1364 686 a
1395 633 1550 686 Petro
1578 633 1774 686 dictum
1820 633 2102 699 videbitur,

532 728 623 784 Sic
659 737 704 780 et
750 743 836 779 vos
882 725 1035 779 simili
1085 727 1248 795 forma
1290 723 1549 783 Baptisma
1590 724 1754 777 salvos
1802 725 1959 795 facit;
2004 742 2105 779 non

529 818 698 874 carnis
730 816 977 885 depositio
1001 816 1245 882 sordium,
1266 816 1354 869 sed
1379 816 1694 877 conscientia
1721 815 1864 869 bona;
1885 817 2101 870 interro-

529 914 674 983 gatio-
694 912 745 981 (1
777 911 920 965 Petr.
954 926 1030 976 ιιι,
1060 910 1192 979 Si);
1236 910 1280 963 si
1311 909 1522 977 quidem
1567 919 1618 962 et
1648 908 1900 975 habentes
1931 909 2102 977 pessi-

528 1020 644 1060 mas
690 1003 1039 1058 conscientias
1088 1001 1326 1055 omnium
1384 999 1697 1068 ﬂagitiorum
1739 1008 1792 1053 et
1842 999 2100 1054 scelerum

481 1138 487 1144 .
527 1098 734 1167 plenas,
762 1109 862 1150 nec
888 1109 1069 1149 eorum
1097 1093 1354 1146 malorum
1385 1091 1690 1160 pmuitentia
1742 1098 1990 1154 mutatas,
2025 1100 2102 1144 ta-

527 1203 649 1241 men
690 1186 957 1254 Baptisma
1005 1184 1178 1237 salvos
1230 1182 1397 1236 facit:
1440 1191 1656 1251 propter
1699 1180 2098 1235 fundamentum

524 1280 667 1332 0111111
698 1277 838 1346 quod
881 1276 934 1329 in
977 1275 1161 1329 eodem
1207 1274 1531 1342 Baptismate
1583 1272 1812 1339 ponitur,
1854 1272 1977 1325 licet
2007 1286 2101 1339 per

525 1369 728 1437 ignem,
774 1368 909 1421 salvi
938 1375 1111 1421 erunt.
1142 1365 1275 1419 Illud
1298 1379 1506 1433 quoque
1536 1378 1639 1416 non
1668 1362 1818 1415 video
1856 1376 1953 1415 cur
1993 1362 2098 1414 Do-

525 1461 702 1513 minus
727 1458 938 1520 dixerit,
966 1456 1027 1512 Si
1052 1457 1125 1511 vis
1167 1457 1333 1509 renire
1358 1456 1424 1507 ad
1465 1454 1638 1518 vitam,
1680 1470 1821 1507 serva
1860 1456 2099 1506 mundata

524 1552 736 1622 (Matth.
768 1567 883 1611 xIx,
907 1550 1018 1621 17),
1051 1557 1105 1604 01
1127 1547 1559 1601 commemoravit
1598 1561 1657 1598 ea
1688 1560 1804 1613 qua:
1830 1544 1895 1598 ad
1933 1545 2097 1598 bonos

524 1659 702 1699 mores
727 1643 1027 1713 pertinent;
1067 1641 1112 1695 si
1138 1642 1294 1695 etiam
1330 1639 1410 1693 his
1453 1654 1557 1692 non
1584 1637 1807 1691 servatis
1836 1637 1899 1689 ad
1932 1638 2094 1689 vitam

522 1735 691 1788 veniri
720 1741 893 1804 potest
925 1748 1019 1801 per
1041 1732 1206 1785 solam
1240 1729 1416 1788 fidem.
1439 1743 1556 1796 quae
1576 1728 1682 1780 sine
1709 1726 1938 1794 operibus
1962 1743 2096 1778 mor-

522 1834 609 1878 tua
645 1834 738 1879 est.
777 1823 906 1877 Illud
940 1821 1132 1877 deinde
1156 1819 1421 1889 quomodo
1462 1834 1643 1873 verum
1683 1817 1806 1878 erit,
1834 1816 1974 1884 quod
2016 1815 2096 1869 eis

522 1929 659 1984 quos
686 1914 751 1968 ad
782 1913 1053 1968 sinistram
1101 1911 1366 1980 positurus
1393 1916 1476 1962 est
1502 1908 1639 1961 dicet
1671 1923 1685 1960 :
1716 1905 1793 1957 Ite
1830 1906 1883 1957 in
1929 1905 2094 1973 ignem

520 2015 779 2069 (uernum,
806 2005 891 2076 qui
919 2013 1125 2072 paratus
1149 2011 1219 2055 est
1247 2000 1447 2053 diabolo
1466 2009 1511 2053 et
1546 1999 1737 2066 angelis
1761 1998 1870 2066 ejus
1888 1997 1913 2049 ?
1928 1996 2096 2098 .Quos

521 2112 626 2151 non
669 2077 905 2164 increpat
928 2095 1050 2163 quia
1078 2095 1129 2147 in
1160 2109 1281 2147 eum
1313 2108 1417 2144 non
1445 2090 1806 2151 crediderunt,
1847 2087 1941 2141 sed
1970 2086 2092 2157 quia

520 2189 655 2242 bona
705 2202 866 2257 opera
916 2202 1021 2240 non
1074 2186 1332 2239 fecerunt.
1385 2181 1516 2237 Nam
1577 2179 1814 2249 profecto
1877 2195 1942 2232 ne
1994 2178 2115 2231 81111

518 2280 794 2346 quisquam
839 2276 907 2330 de
952 2276 1076 2341 11110,
1120 2290 1238 2344 quze
1281 2274 1397 2327 sine
1447 2272 1697 2341 operibus
1740 2280 1944 2323 mortua
1988 2278 2091 2334 est,

516 2368 678 2421 vitam
723 2367 999 2435 promittat
1031 2374 1305 2427 mternam,
1356 2371 1630 2431 propterea
1681 2376 1866 2415 omnes
1908 2368 2093 2429 gentes

518 2466 914 2525 segregaturum
945 2472 1004 2510 se
1029 2456 1187 2518 dixit,
1220 2470 1337 2523 qua:
1367 2455 1639 2522 permixta:
1659 2452 1856 2507 eisdem
1883 2453 2095 2522 pascuis

519 2549 824 2608 utebantur,
872 2556 930 2599 ut
976 2558 1228 2615 appareat
1278 2560 1371 2600 eos
1410 2546 1485 2598 illi
1536 2545 1803 2605 dicturos,
1855 2543 2115 2608 Domine,

517 2637 720 2705 quando
748 2647 795 2690 te
831 2637 1047 2689 vidimus
1074 2635 1161 2690 illa
1192 2643 1246 2689 et
1288 2636 1375 2689 illa
1408 2637 1713 2703 patientem,
1747 2644 1793 2689 et
1820 2652 1919 2688 non
1947 2635 2093 2688 mini-

515 2726 779 2780 strarimus
799 2726 925 2779 tibi?
953 2727 1040 2794 qui
1072 2726 1121 2778 in
1148 2740 1269 2779 eum
1299 2726 1655 2789 crediderant,
1680 2726 1770 2780 sed
1801 2725 1937 2779 bona
1966 2739 2115 2793 ope-r

515 2817 623 2871 rari
656 2832 758 2871 non
786 2826 1125 2882 curaverant,
1151 2828 1397 2886 tanquam
1423 2817 1491 2871 de
1521 2818 1630 2885 ipsa
1670 2817 1770 2869 11110
1796 2826 2002 2870 mortua
2024 2816 2114 2871 ad.

513 2906 677 2961 vitam
704 2908 1068 2975 perveniretur
1086 2917 1359 2961 mternam.
1388 2910 1469 2961 An
1496 2906 1632 2961 forte
1668 2908 1815 2961 ibunt
1842 2908 1893 2961 in
1916 2909 2089 2977 ignem

515 3006 775 3051 :eternum
798 2997 885 3066 qui
913 3012 1072 3065 opera
1097 2998 1477 3053 misericordiae
1499 3015 1602 3052 non
1630 2999 1888 3056 fecerunt.
1909 3008 1963 3053 et
1985 3006 2113 3053 non'

515 3088 667 3142 ibunt
694 3087 785 3157 qui
829 3088 996 3142 aliena
1042 3098 1355 3158 rapuerunt,
1400 3089 1484 3142 vel
1520 3089 1911 3157 corrumpendo
1952 3089 2002 3143 in
2032 3103 2091 3144 se

514 3181 770 3249 templum
813 3181 905 3234 Dei
950 3181 1001 3234 in
1045 3196 1104 3235 se
1155 3181 1297 3250 ipsos
1353 3180 1797 3234 immisericordes
1842 3180 2086 3245 fuerunt;

513 3271 663 3339 quasi
697 3285 858 3340 opera
895 3270 1272 3324 misericordia:
1304 3271 1506 3338 prosint
1549 3270 1746 3339 aliquid
1793 3269 1908 3324 sine
1949 3270 2089 3325 dile-

511 3363 711 3427 ctione,
746 3362 955 3416 dicente
999 3363 1274 3430 Apostolo,
1319 3361 1379 3415 Si
1427 3362 1722 3415 distribuam
1768 3362 1938 3415 omnia
1979 3379 2091 3415 mea

511 3457 835 3528 pauperibus,
868 3456 1161 3509 charitatem
1202 3466 1369 3509 autem
1397 3472 1497 3507 non
1534 3456 1764 3518 habeam,
1796 3455 1922 3508 nihil
1966 3456 2091 3509 mihi

511 3548 714 3616 prodest
738 3547 793 3613 (Ι
821 3546 939 3601 Cor.
973 3562 1092 3612 xm,
1127 3547 1214 3613 '5);
1248 3555 1339 3599 aut
1382 3545 1565 3613 diligat
1591 3546 1869 3615 quisquam
1914 3545 2112 3613 proxi»

512 3654 657 3691 mum
685 3637 822 3690 sicut
850 3650 909 3689 se
950 3636 1147 3703 ipsum,
1177 3637 1264 3702 qui
1300 3650 1402 3688 non
1429 3634 1600 3703 diligit
1643 3634 1938 3695 sc'ipsum?
1987 3635 2089 3702 Qui

511 3728 652 3781 enim
681 3726 845 3795 diligit
881 3726 1215 3795 iniquitatem,
1243 3724 1348 3777 odit
1385 3724 1606 3776 animam
1644 3741 1787 3778 suam
1819 3724 1991 3795 (Psal.
2028 3742 2084 3790 x,
2112 3752 2115 3755 -

511 3818 586 3887 6).
618 3817 801 3886 Neque
839 3816 966 3869 illud
1010 3815 1112 3869 dici
1160 3815 1246 3869 hic
1286 3815 1500 3883 poterit,
1534 3816 1583 3869 in
1614 3830 1721 3884 quo
1763 3817 1999 3871 nonnulli
2028 3832 2087 3872 sc

510 3911 656 3975 ipsos
678 3906 938 3961 seducunt
963 3905 1220 3970 dicentes,
1247 3905 1421 3974 ignem
1447 3916 1702 3960 :eternum
1733 3906 1953 3972 dictum,
1980 3922 2084 3961 non

507 3999 677 4066 ipsam
702 4011 913 4066 pmnam
940 4004 1191 4049 :eternam
1214 4013 1226 4048 :
1254 4011 1347 4063 per
1374 3996 1549 4064 ignem
1574 3996 1785 4065 quippe,
1808 3996 1897 4066 qui
1925 4008 2084 4051 111101·-

507 4103 611 4143 11118
647 4088 769 4149 erit,
803 4088 1119 4141 transituros
1147 4087 1472 4140 arbitrantur
1500 4100 1614 4151 eos,
1647 4088 1837 4155 quibus
1870 4097 2113 4156 pr0pter‘

507 4178 667 4233 ﬁdem
711 4187 972 4233 mortuam
1022 4192 1114 4245 per
1143 4179 1317 4249 ignem
1365 4178 1675 4246 promittunt
1720 4179 1976 4245 salutem;
2030 4188 2085 4233 ut

504 4271 756 4326 videlicet
780 4270 918 4341 ignis
954 4278 1186 4327 mternus
1232 4273 1319 4336 sit,
1352 4270 1649 4325 combustio
1697 4286 1836 4325 vero.
1872 4286 2080 4333 eorum,

505 4363 608 4418 hoc
636 4372 719 4419 est
746 4364 984 4433 operatio
1026 4362 1181 4431 ignis,
1210 4378 1313 4416 non
1343 4361 1413 4417 sit
1454 4362 1506 4416 in
1550 4364 1873 4417 eis‘tL-terna
1912 4379 1927 4418 :
1961 4377 2081 4416 cum

504 4462 562 4509 et
590 4453 690 4508 hoc
716 4454 1024 4523 111-1011110118
1065 4453 1339 4517 Dominus,
1369 4460 1628 4522 tanquam
1663 4453 1937 4517 Dominus,
1962 4469 2083 4507 seu-

501 4545 725 4599 tentiam
770 4560 920 4599 suam
961 4544 1035 4598 ita
1076 4544 1420 4607 concluserit,
1463 4545 1668 4610 dicens,
1708 4544 1798 4599 Sic
1838 4544 1978 4598 ibunt
2005 4547 2083 4600 illi

502 4635 559 4687 in
585 4632 973 4687 combustionem
993 4632 1252 4698 cateruam,
1274 4634 1403 4703 justi
1423 4644 1590 4693 autem
1608 4634 1659 4685 in
1676 4635 1825 4686 vitam
1844 4644 2082 4688 aeternam

504 4723 719 4783 (Matth.
741 4738 865 4786 xxv,
892 4724 949 4776 11
972 4763 985 4783 ,
1011 4724 1100 4785 «14,
1122 4723 1232 4792 46).
1258 4723 1373 4776 Erit
1395 4738 1523 4793 ergo
1536 4732 1736 4778 interna
1762 4726 2078 4791 combustio,
2106 4746 2107 4749 η

505 4814 643 4868 sicut
672 4814 838 4884 ignis:
880 4823 933 4868 et
961 4828 1056 4867 eos
1083 4814 1134 4868 in
1166 4815 1307 4869 illam
1334 4815 1502 4869 ituros
1532 4816 1737 4871 Veritas
1760 4818 1914 4880 dixit,
1950 4834 2081 4889 quo-
2111 4842 2117 4850 -

502 4921 620 4958 tum
652 4920 756 4960 nou
787 4904 940 4959 fidem
962 4945 977 4969 ,
1010 4905 1102 4959 sed
1132 4906 1266 4959 bona
1310 4922 1468 4973 opera
1510 4905 1742 4962 defuisse
1768 4909 2076 4965 declaravit.

544 4996 625 5051 .5.
657 5014 675 5047 1
713 4994 769 5049 Si
797 5011 924 5065 ergo
945 4994 1057 5050 lucc
1081 4997 1255 5049 omnia
1275 5037 1291 5061 ,
1332 5006 1389 5052 et
1406 5006 1596 5051 cretera
1627 5014 1745 5067 quae
1772 5001 2078 5056 innntnera-
2112 5026 2117 5033 ν

504 5085 626 5140 bilia
657 5100 753 5154 per
775 5100 961 5140 omnes
984 5085 1283 5156 Scripturas
1310 5088 1426 5143 sine
1450 5088 1791 5158 ambiguitate
1817 5091 1955 5147 dicta
1986 5109 2078 5147 re-

500 5178 661 5248 periri
691 5188 929 5246 possunt,
962 5177 1311 5243 falsacrunt;
1340 5181 1529 5248 poterit
1560 5197 1715 5237 verus
1742 5199 1860 5239 esse
1891 5186 1976 5241 ille
1999 5187 2079 5239 in-
2107 5206 2113 5212 ·

503 5270 748 5322 tellectus
775 5269 844 5321 de
871 5269 1044 5335 lignis,
1067 5268 1187 5324 feno
1216 5280 1270 5324 et
1296 5271 1667 5341 stipula,quod
1690 5273 1742 5327 hi
1774 5275 1904 5329 salvi
1923 5286 2078 5331 erunt

499 5375 595 5428 per
622 5361 820 5429 ignem.
850 5361 939 5429 qui
968 5361 1133 5415 solam
1166 5362 1217 5415 in
1247 5359 1460 5417 Christo
1489 5364 1645 5419 tidem
1677 5374 1917 5422 tenentes
1943 5369 2077 5425 bona

498 5466 660 5520 opera
684 5452 1048 5520 neglexerunt.
1076 5452 1129 5507 Si
1152 5460 1326 5507 autem
1347 5454 1442 5507 ista
1470 5463 1521 5507 et
1541 5470 1684 5518 vera,
1705 5465 1758 5510 et
1773 5458 1913 5511 clara
1930 5469 2072 5523 sunt;

503 5543 684 5610 procul
716 5543 877 5597 dubio
907 5545 955 5596 iu
990 5544 1074 5597 illa
1104 5544 1340 5613 Apostoli
1368 5547 1626 5599 sententia
1650 5546 1784 5601 alius
1806 5550 2079 5618 requiren-

499 5635 600 5689 dus
625 5642 703 5689 est
735 5635 1066 5701 intellectus,
1097 5645 1254 5702 atque
1296 5637 1345 5689 in
1379 5636 1458 5691 1118
1485 5637 1783 5709 deputanda
1814 5648 1897 5693 est
1917 5682 1930 5703 ,
1957 5656 2077 5709 qua:

502 5724 688 5779 Petrus
714 5726 840 5779 dicit
863 5741 982 5781 esse
1009 5727 1059 5780 in
1090 5728 1300 5795 scriptis
1328 5727 1441 5795 cjns
1466 5728 1703 5798 qurcdam
1734 5728 1962 5784 tliflicilia
1998 5733 2077 5785 in-

504 5816 736 5882 tellecta,
760 5831 874 5886 qum
903 5833 1006 5871 non
1037 5816 1230 5872 debent
1261 5819 1499 5871 homines
1529 5827 1830 5883 pervertere
1859 5821 1921 5875 ad
1955 5839 2076 5891 pro-

3680 366 3782 423 152

2218 455 2389 522 prium
2415 436 2566 512 sutim
2590 459 2856 517 interitum
2885 465 2950 535 (ll
2982 465 3121 520 Petr.
3150 485 3227 532 ut,
3254 470 3362 543 16),
3386 484 3442 529 ut
3466 486 3648 533 contra
3667 484 3780 536 evi-

2212 544 2518 602 dentissima
2540 554 2837 608 testimonia
2862 558 3250 626 Scripturarum
3273 578 3489 619 securos
3510 568 3697 624 faciant
3716 573 3781 628 de

2214 639 2547 706 percipienda
2576 644 2744 699 salute
2787 650 3168 717 nequissimos,
3202 656 3448 722 nequitire
3478 672 3586 713 sure
3618 664 3801 729 perti-‘

2212 728 2488 784 nacissime
2514 732 2863 804 cohzerentes,
2885 754 2983 795 nec
3008 742 3340 799 emendando
3365 757 3455 801 aut
3476 738 3782 817 paenitendo

2210 826 2457 874 mutatos.
2624 849 2628 853 ι
3306 822 3327 851 τ
3570 864 3575 869 ς
3626 850 3627 853 η

2280 910 2331 963 6.
2357 931 2374 961 1
2407 912 2499 967 Hie
2528 929 2557 968 a
2590 932 2674 971 me
2700 916 2922 976 fortasse
2937 934 3222 990 qumratur,
3244 927 3311 981 de
3342 928 3449 997 ipsa
3482 931 3625 986 Pauli
3656 949 3782 1003 apo-

2209 1002 2327 1053 stoli
2359 1006 2617 1062 sententia
2638 1010 2763 1076 quid
2795 1025 2892 1080 ego
2919 1015 3164 1079 sentiam,
3184 1026 3238 1070 et
3265 1022 3492 1085 quonam
3522 1002 3753 1079 m‘odoia

2210 1094 2542 1160 telligendam
2587 1109 2784 1167 putem.
2818 1101 3041 1167 Fateor,
3076 1105 3198 1161 hinc
3232 1110 3454 1163 mallem
3483 1113 3669 1175 audire
3698 1115 3774 1168 iu~

2210 1183 2584 1249 telligcntiores
2610 1201 2767 1258 atque
2794 1191 3077 1256 doctiores,
3110 1197 3197 1264 qui
3240 1199 3317 1252 sic
3342 1215 3458 1253 eam
3488 1214 3777 1271 exponant,
3800 1226 3803 1227 ν

2209 1280 2264 1324 ιιι
2292 1272 2377 1325 illa
2404 1279 2577 1328 omnia
2605 1293 2727 1332 vera
2749 1289 2804 1334 et
2826 1281 3135 1339 inconcussa
3164 1300 3525 1355 permaneant,
3550 1308 3671 1361 qua}
3691 1309 3778 1348 su-

2206 1372 2298 1430 pra
2329 1372 2771 1436 commemoravi,
2800 1382 2855 1427 et
2890 1390 3235 1447 qua-cumque
3260 1368 3497 1436 alia‘non
3538 1400 3778 1441 commeo

2205 1457 2401 1509 moravi
2424 1496 2437 1516 ,
2469 1459 2658 1526 quibus
2700 1466 3033 1530 πβρι-1188111ιο
3059 1467 3330 1538 Scriptura
3360 1481 3615 1543 testatur,
3646 1478 3779 1533 nihil

2205 1544 2455 1610 prodesse
2485 1548 2675 1615 tidem,
2709 1554 2808 1606 nisi
2840 1569 2955 1608 eam
2991 1573 3147 1625 quam
3174 1560 3421 1617 definivit
3447 1566 3739 1635 Apostolus
3761 1612 3776 1635 ,

2202 1632 2252 1686 id
2283 1644 2396 1697 est,
2427 1654 2540 1706 qua:
2580 1657 2669 1710 per
2706 1643 3017 1700 dilectionem
3057 1662 3296 1719 operatur
3333 1632 3525 1725 (Colat.
3558 1675 3625 1724 v,
3676 1632 3775 1730 6)ξ

2202 1726 2316 1781 sine
2344 1731 2591 1797 operibus
2628 1746 2803 1789 autem
2846 1740 3048 1795 salvare
3076 1758 3179 1797 non
3208 1761 3363 1814 posse
3383 1789 3396 1811 ,
3432 1765 3601 1818 neque
3631 1767 3775 1821 pra:-

2201 1823 2283 1870 tcr
2312 1817 2481 1887 ignem
2500 1863 2515 1884 ,
2543 1838 2714 1892 neque
2741 1841 2835 1894 per
2860 1828 3030 1897 ignem
3065 1850 3077 1884 :
3109 1835 3227 1901 quia
3255 1836 3298 1888 si
3343 1852 3438 1905 per
3464 1817 3777 1908 ignem-sal-

2200 1917 2320 1970 vat,
2364 1909 2475 1977 ipsa
2507 1914 2685 1981 utique
2727 1919 2917 1972 salvat.
2949 1922 3201 1979 Absolute
3244 1936 3419 1982 autem
3464 1930 3662 1986 dictum
3700 1943 3780 1989 est

2199 2007 2251 2051 ct
2274 2010 2454 2067 aperte
2473 2044 2487 2064 ,
2522 2004 2657 2071 Quid
2681 2009 2913 2077 prodest,
2939 2014 2984 2064 si
3008 2015 3139 2067 dicat
3166 2017 3276 2086 quis
3304 2035 3357 2070 se
3380 2020 3529 2086 ﬁdem
3552 2022 3743 2079 habere
3760 2067 3775 2089 ,

2199 2103 2351 2157 Opera
2373 2102 2539 2146 autem
2563 2111 2663 2148 non
2684 2095 2907 2153 habeat?
2934 2100 3196 2175 Numquid
3219 2111 3401 2176 poterit
3426 2112 3550 2177 ﬁdes
3575 2114 3803 2170 salvare‘

2198 2179 2354 2233 cum?
2384 2181 2559 2236 Dicam
2592 2194 2767 2241 tamen
2788 2229 2802 2250 ,
2836 2206 2990 2258 quam
3023 2193 3331 2252 brevissime
3362 2210 3543 2267 potero
3564 2245 3579 2266 ,
3610 2205 3778 2261 etiam
3804 2210 3807 2213 ’

2200 2266 2312 2335 ipse
2350 2271 2474 2338 quid
2503 2275 2726 2328 sentiam
2754 2277 2821 2331 de
2848 2281 2932 2332 illa
2964 2286 3225 2338 sententia
3263 2266 3407 2342 Pauli
3434 2294 3660 2357 apostoli
3713 2296 3779 2350 ad

2199 2356 2843 2432 intclligendumdiflicili;
2865 2370 3153 2427 dummodo
3184 2376 3328 2443 illud,
3349 2356 3486 2448 quod
3514 2382 3576 2433 ad
3597 2399 3776 2439 meam

2198 2452 2580 2517 professionem
2623 2461 2841 2525 attinet,
2890 2467 3155 2535 prtccipue
3199 2477 3470 2539 teneatur,
3519 2477 3661 2545 quod
3712 2478 3807 2535 de

2200 2541 2296 2597 bac
2339 2562 2423 2601 me
2461 2550 2629 2604 malle
2661 2552 2768 2606 dixi
2811 2556 2993 2611 audire
3033 2561 3298 2617 meliores.
3344 2545 3778 2626 Fundamentum

2196 2633 2438 2692 Christus
2467 2650 2549 2694 est
2578 2643 2628 2696 in
2656 2654 2919 2701 structura
2945 2651 3219 2707 architecti
3249 2656 3530 2724 sapientis;
3555 2660 3659 2716 hoc
3684 2644 3780 2718 cx-

2198 2728 2457 2793 positione
2483 2748 2585 2786 non
2616 2735 2812 2805 indiget
2845 2755 2857 2790 :
2889 2750 3073 2808 aperte
3094 2734 3234 2799 enim
3263 2746 3459 2803 dictum
3481 2762 3596 2815 est,
3624 2754 3779 2809 Fun—

2196 2818 2483 2874 damentum
2508 2824 2641 2877 enim
2665 2827 2810 2881 aliud
2824 2847 2966 2885 nemo
2984 2844 3145 2901 potest
3170 2834 3352 2904 ponere
3368 2852 3546 2910 praeter
3568 2843 3623 2896 id
3636 2847 3780 2914 quod

2196 2910 2413 2977 positum
2455 2923 2557 2975 est,
2590 2918 2725 2985 quod
2750 2929 2822 2972 est
2852 2919 3079 2976 Christus
3108 2924 3279 2983 Jesus.
3310 2929 3362 2983 Si
3407 2941 3586 2987 autem
3613 2910 3780 2990 Chri-

2196 3007 2308 3052 stus
2329 3040 2344 3064 ,
2392 3004 2572 3069 procul
2613 3004 2773 3059 dubio
2818 3009 2946 3064 lides
2989 3010 3183 3069 Christi
3217 3033 3230 3069 :
3264 3033 3358 3085 per
3388 3020 3541 3074 fidem
3572 3025 3781 3095 quippe

2196 3087 2399 3144 habitat
2424 3092 2665 3148 Christus
2698 3098 2745 3149 in
2777 3101 3022 3156 cordibus
3049 3107 3276 3173 nostris,
3307 3110 3438 3163 sicut
3469 3112 3606 3167 idem
3637 3130 3780 3183 apo-

2195 3180 2361 3232 stolus
2399 3180 2527 3235 dicit
2568 3184 2779 3253 (Ep/tes.
2824 3204 2907 3255 ut,
2950 3190 3054 3260 l7).
3089 3193 3253 3248 Porro
3284 3198 3326 3249 si
3371 3198 3503 3255 fides
3533 3180 3776 3269 Christi,

2196 3264 2282 3319 illa
2310 3268 2489 3338 utique
2509 3286 2665 3340 quam
2695 3275 2931 3332 delinivit
2957 3282 3259 3349 Apostolus,
3288 3303 3402 3355 qua:
3424 3306 3513 3354 per
3541 3264 3782 3348 dilectio-

2194 3353 2307 3409 nem
2333 3373 2589 3427 operatur.
2617 3363 2732 3418 Non
2762 3368 2901 3421 enim
2931 3370 3057 3425 111108
3087 3373 3494 3431 11111“(1ίο11101111111
3516 3421 3529 3443 ,
3562 3396 3693 3436 011111
3727 3393 3782 3439 01

2195 3448 2291 3516 ipsi
2336 3452 2556 3508 credant
2582 3466 2636 3509 et
2674 3462 3116 3530 contremiscunt,
3150 3475 3201 3519 01
3229 3465 3418 3522 Filium
3462 3471 3551 3525 Dei
3573 3475 3781 3530 confi-

2196 3552 2403 3597 teantur
2425 3544 2607 3601 Jesum
2628 3589 2644 3613 ,
2677 3558 2851 3618 potest
2874 3555 3039 3622 accipi
3070 3555 3121 3609 in
3162 3557 3525 3617 fundamento.
3553 3564 3740 3631 Quare
3761 3609 3778 3634 ,

2194 3630 2293 3683 nisi
2316 3633 2436 3702 quia
2468 3651 2572 3689 non
2600 3646 2682 3691 est
2711 3639 2839 3695 fides
2867 3657 2987 3711 qum
3014 3660 3107 3714 per
3129 3630 3778 3724 dilectionem‘rperatur,

2192 3724 2286 3777 sed
2318 3741 2435 3793 qua:
2460 3730 2773 3797 exprimitur
2803 3748 2897 3800 per
2926 3735 3203 3792 timorem?
3225 3740 3381 3795 Fides
3412 3742 3587 3812 itaque
3612 3745 3784 3803 Chri-

2191 3816 2255 3867 sti
2278 3857 2292 3879 ,
2328 3818 2455 3871 lides
2483 3822 2665 3889 gratia:
2689 3823 3023 3890 ebristianm,
3060 3828 3109 3881 id
3137 3840 3250 3894 est,
3279 3847 3340 3886 ea
3373 3833 3503 3889 fides
3530 3852 3651 3906 quae
3682 3856 3781 3909 per

2191 3906 2528 3965 dilectionem
2571 3926 2851 3982 operatur,
2884 3921 3051 3985 posita
3097 3922 3148 3975 in
3177 3922 3552 3993 fundamento,
3589 3933 3782 3988 nemi-

2192 4010 2308 4052 nem
2336 4004 2511 4070 perire
2535 4006 2806 4072 permittit.
2835 4007 2937 4063 Sed
2961 3997 3085 4079 quid
3107 4013 3172 4067 sit
3194 4015 3457 4071 ardificare
3481 4033 3644 4088 super
3671 4023 3780 4079 hoc

2189 4087 2586 4146 fundamentum
2609 4135 2622 4157 ,
2655 4111 2841 4151 aurum
2863 4139 2876 4161 ,
2910 4112 3183 4171 argentum
3205 4144 3219 4167 ,
3254 4104 3453 4176 lapides
3482 4087 3775 4179 pretiosos,

2189 4190 2243 4235 et
2280 4184 2415 4254 ligna
2436 4226 2449 4245 ,
2484 4185 2692 4251 fenum,
2725 4190 2971 4258 stipulam
2995 4236 3009 4258 ,
3039 4195 3082 4248 si
3111 4196 3354 4252 subtilius
3381 4198 3647 4255 disserere
3674 4219 3777 4258 co-

2190 4287 2306 4330 ner.
2336 4289 2523 4328 vereor
2552 4292 2617 4330 ne
2640 4278 2706 4331 ad
2736 4280 3126 4352 intelligendum
3154 4286 3419 4342 difficilior
3438 4292 3506 4344 sit
3533 4291 3647 4360 ipsa
3672 4310 3777 4349 ex-

2190 4365 2381 4432 positio
2414 4383 2427 4419 :
2459 4368 2631 4423 enitar
2673 4380 2844 4426 tamen
2867 4415 2881 4439 ,
2933 4385 3184 4444 quantum
3219 4372 3470 4436 Dominus
3510 4385 3773 4452 adjuvat,

2188 4466 2241 4510 et
2265 4458 2513 4524 breviter,
2532 4470 2586 4515 et
2611 4473 2862 4531 quantum
2884 4480 3088 4535 potero,
3105 4471 3334 4527 dilucide
3356 4466 3607 4543 expedire
3620 4481 3774 4549 quod

2187 4546 2378 4604 sentio.
2409 4552 2546 4607 Ecce
2575 4554 2788 4625 illequi
2819 4561 3058 4627 qtimsivit
3087 4578 3116 4615 a
3147 4566 3401 4634 magistro
3430 4568 3570 4623 bono
3589 4610 3605 4635 ,
3636 4546 3775 4642 quid

2187 4639 2308 4695 boni
2338 4644 2563 4711 faceret,
2593 4656 2650 4700 ut
2676 4648 2894 4705 haberet
2937 4654 3097 4709 vitam
3125 4667 3409 4722 :cternam;
3442 4672 3493 4716 et
3520 4639 3771 4731 audivit,

2186 4731 2229 4784 si
2261 4732 2325 4786 ad
2367 4735 2531 4789 vitam
2575 4739 2754 4793 venire
2785 4742 2977 4809 vellet,
3021 4749 3275 4803 servanda
3317 4750 3415 4805 sibi
3445 4767 3562 4806 esse
3607 4770 3773 4810 man-

2185 4821 2306 4875 data
2340 4841 2353 4876 :
2386 4835 2585 4881 etcum
2612 4843 2871 4895 qurereret
2891 4849 3009 4903 qua-
3035 4838 3277 4893 mandata
3297 4881 3312 4903 ,
3342 4841 3538 4896 dictum
3568 4856 3649 4899 est
3674 4849 3725 4900 ei
3752 4890 3770 4914 ,
3814 4846 3819 4852 ’

2190 4912 2309 4968 Non
2337 4918 2561 4981 occides,
2612 4919 2731 4975 Non
2772 4924 3130 4994 trime/iuberis,
3161 4929 3281 4983 Non
3325 4936 3517 5002 furtum
3565 4936 3727 5003 facies
3753 4983 3767 5001 ,

2188 5004 2309 5058 Non
2347 5008 2532 5074 falsum
2573 5014 2908 5067 testimonium
2951 5016 3118 5080 dices,
3153 5019 3361 5075 Honora
3399 5036 3587 5093 patrem
3620 5037 3772 5081 tuum

2184 5105 2232 5149 et
2252 5106 2459 5151 matrem
2496 5111 2672 5163 tuam;
2698 5113 2778 5169 et,
2806 5103 3001 5176 Diliges
3040 5112 3324 5179 proximum
3354 5123 3492 5167 tuum
3522 5127 3772 5187 tanquam

2185 5182 2239 5238 te}
2264 5187 2447 5253 ipsum.
2492 5189 2615 5245 11100
2645 5192 2841 5247 laciens
2873 5196 2921 5248 in
2951 5197 3052 5252 fide
3076 5198 3305 5265 Christi,
3337 5214 3540 5260 teneret
3581 5213 3772 5274 procul

2184 5276 2344 5330 dubio
2370 5278 2523 5333 fidem
2544 5296 2663 5349 quae
2691 5298 2785 5352 per
2812 5284 3150 5343 dilectionem
3177 5303 3445 5360 operatur.
3474 5296 3652 5366 Neque
3677 5299 3770 5354 di-

2185 5367 2369 5436 ligeret
2396 5372 2691 5438 proximum
2721 5386 2965 5446 tanquam
2999 5396 3056 5435 se
3084 5382 3254 5451 ipsum
3275 5425 3291 5449 ,
3318 5386 3415 5444 nisi
3447 5400 3653 5459 recepta
3682 5392 3741 5444 di

2185 5460 2412 5516 lectione
2446 5464 2540 5519 Dei
2563 5507 2576 5527 ,
2608 5465 2725 5522 sine
2751 5486 2849 5538 qua
2889 5489 2992 5526 non
3020 5475 3265 5545 diligeret
3294 5493 3350 5531 se
3378 5482 3565 5548 ipsum.
3598 5483 3773 5537 Porro

2184 5553 2226 5605 si
2256 5551 2452 5609 faceret
2475 5558 2632 5613 etiam
2660 5562 2800 5629 quod
2834 5563 3085 5619 Dentibus
3107 5569 3340 5633 addidit,
3366 5572 3548 5627 dicens
3568 5614 3582 5636 ,
3607 5575 3668 5628 Si
3689 5581 3773 5629 t'is

2185 5649 2431 5716 perfectus
2474 5664 2610 5712 esse,
2655 5653 2811 5714 unde,
2860 5656 3013 5709 vende
3051 5661 3219 5712 omnia
3256 5679 3368 5730 qum
3396 5665 3578 5725 habes.
3618 5676 3665 5720 et
3694 5668 3773 5720 da

2184 5740 2484 5804 pauperibus
2506 5782 2517 5796 .
2552 5751 2593 5793 et
2638 5742 2837 5797 habt-bis
2864 5747 3148 5800 thesaurum
3175 5751 3224 5803 in
3251 5754 3411 5815 caelo;
3440 5766 3484 5806 et
3511 5758 3619 5807 verti
3636 5798 3648 5815 ,
3680 5773 3771 5807 se»

2187 5845 2334 5890 quare
2371 5847 2448 5881 me
2475 5830 2683 5894 (.ilntilt-
2722 5850 2805 5886 xx
2828 5876 2843 5900 ,
2884 5838 3100 5909 lii—9t);
3136 5840 3417 5897 :tfdiliCarcl
3445 5860 3603 5917 super
3631 5846 3769 5901 illud
