3942 6416
178 354 262 410 153
1194 354 1199 357 “
1574 357 1733 412 UBE?

1832 352 2011 410 JNUS.

182 474 548 531 lmulamentum
565 518 582 541 ,
610 491 812 533 aurum
836 519 850 543 ,
879 485 1161 549 argentum
1181 517 1195 542 ,
1221 473 1417 544 lapides
1436 475 1737 543 pretiosos:

190 580 284 618 non
308 566 435 619 enim
474 567 737 636 cogitaret
760 610 775 632 ,
807 569 911 623 nisi
952 566 1215 637 quomodo
1243 565 1473 634 placeret
1502 566 1643 627 Deo;
1689 574 1743 619 et
1778 581 1784 589 ·

192 655 648 726 ὴπςρςίιιιίοηθε
696 667 859 726 sunt,
890 669 1146 729 quantum
1188 655 1693 721 existimo,taurum
1720 697 1736 721 ,

184 758 454 814 argentum,
474 747 684 817 lapides
710 750 952 818 pretiosi.
980 748 1145 802 Porro
1169 744 1212 801 si
1239 748 1375 801 circa
1391 746 1600 801 divitias
1615 760 1740 800 suas

178 838 357 890 carnali
372 838 606 906 quodam
637 849 909 895 teneretur
931 834 1144 903 alTectu,
1161 839 1398 909 quamvis
1418 854 1481 892 ex
1509 839 1586 893 eis
1603 840 1740 893 mul-

175 937 245 982 tas
267 930 636 1000 eleemosynas
660 926 892 997 faceret,
922 946 1023 986 nec
1045 930 1109 984 ad
1132 945 1225 984 eas
1253 929 1519 999 augendas
1542 929 1737 983 fraudis

90 1086 103 1099 ν
170 1020 351 1089 aliquid
389 1022 702 1091 rapinasque
738 1023 1048 1082 moliretur.
1077 1028 1167 1075 aut
1209 1035 1390 1075 earum
1421 1021 1737 1074 minuenda-

172 1126 279 1164 rum
306 1112 382 1165 vel
410 1113 827 1168 antittendarum
858 1123 1000 1166 metu
1028 1113 1080 1166 in
1122 1111 1332 1182 aliquod
1359 1112 1562 1167 facinus
1585 1111 1736 1181 flagi-

169 1201 351 1255 tiumre
381 1202 663 1258 laberetur
690 1203 947 1273 (alioquin
972 1203 1081 1271 jam
1108 1216 1168 1256 se
1193 1202 1293 1256 isto
1317 1201 1478 1255 modo
1497 1202 1564 1256 ab
1595 1202 1733 1256 illius

163 1293 478 1348 fundamenti
505 1295 797 1351 stabilitate
823 1295 1211 1365 subtraheret),
1237 1294 1332 1351 sed
1362 1304 1576 1364 propter
1610 1310 1732 1348 car-

159 1387 357 1450 nalem,
386 1396 447 1441 ut
474 1387 584 1442 dixi
606 1430 624 1450 .
666 1404 825 1458 quem
858 1389 908 1441 in
946 1388 1027 1443 eis
1056 1387 1275 1443 haberet
1303 1387 1551 1443 aﬂ'ectum
1571 1430 1587 1453 ,
1622 1403 1734 1455 quo
1770 1424 1775 1430 .

159 1479 340 1533 talibus
381 1479 541 1535 bouis
564 1480 683 1535 sine
711 1480 894 1535 dolore
916 1494 1099 1534 carere
1121 1494 1225 1533 non
1248 1489 1463 1548 posset;
1500 1478 1731 1534 :edilica-
1766 1504 1772 1513 ε

156 1580 233 1623 ret
254 1585 416 1638 super
443 1569 847 1624 fundamentum
876 1569 1002 1624 illud
1033 1570 1191 1639 ligna,
1221 1569 1419 1634 fenum,
1445 1568 1688 1637 stipulam
1712 1584 1728 1621 :
1780 1564 1785 1569 ἃ

159 1660 385 1715 maxime
420 1661 467 1713 si
492 1669 550 1715 et
578 1674 799 1714 uxorem
830 1660 907 1715 sic
945 1660 1195 1721 haberet,
1232 1660 1489 1713 utetiam
1518 1665 1733 1727 propter

160 1750 319 1818 ipsam
352 1751 616 1820 cogitaret
639 1766 698 1804 ea
730 1766 847 1820 quae
870 1759 995 1805 sunt
1018 1750 1234 1816 mundi,
1260 1748 1527 1820 quomodo
1553 1748 1729 1817 place-

157 1849 235 1894 ret
258 1843 431 1895 uxori.
464 1842 592 1896 ΙΙιιδε
629 1842 785 1911 igitur
815 1842 1065 1910 quoniam
1091 1840 1281 1896 affectu
1310 1839 1502 1894 dilecta
1529 1839 1727 1893 carnali

157 1948 261 1987 non
284 1934 403 1987 sine
426 1934 617 1988 dolore
639 1934 948 1988 amittantur
965 1975 980 1997 ,
1014 1942 1292 2004 propterea
1316 1933 1403 2003 qui
1434 1948 1495 1987 ea
1522 1933 1602 1988 sic
1629 1933 1727 1987 ha-
1759 1946 1764 1952 '

157 2023 287 2077 bent
308 2064 326 2087 ,
361 2034 421 2077 ut
445 2023 679 2078 habeant
700 2025 752 2077 in
781 2024 1125 2079 fundamento
1151 2024 1305 2078 fidem
1326 2065 1341 2087 ,
1381 2039 1498 2092 qua:
1524 2038 1618 2092 per
1642 2022 1728 2077 di-
1761 2036 1764 2049 ‘

164 2113 453 2167 lectionem
477 2123 853 2182 cperatur,'nec
878 2114 1002 2169 huic
1029 2116 1126 2169 ista
1154 2115 1261 2169 ulla
1294 2114 1495 2168 ratione
1521 2114 1601 2168 vel
1630 2128 1727 2166 cu-
1760 2144 1763 2149 ι

169 2206 390 2276 piditate
427 2218 755 2277 praeponam,
786 2209 835 2262 in
860 2212 1045 2262 eorum
1085 2208 1369 2261 amissione
1396 2208 1531 2275 passi
1552 2206 1726 2260 detri-

158 2310 431 2366 mentum,
462 2317 559 2371 per
580 2301 749 2371 ignem
782 2301 1062 2370 quemdam
1088 2300 1289 2354 doloris
1316 2299 1628 2369 perveniunt
1659 2299 1723 2352 ad

155 2390 392 2443 salutem.
419 2392 460 2444 Α
482 2405 592 2459 quo
608 2390 793 2446 dolore
805 2389 1302 2459 atquedetrimento
1325 2396 1470 2443 tanto
1490 2397 1567 2442 cst
1585 2389 1728 2457 quis-
1760 2428 1761 2431 η

157 2494 252 2547 que
273 2481 530 2543 securior,
563 2490 766 2550 quanto
790 2495 855 2534 ea
888 2481 969 2536 vel
1001 2481 1176 2535 minus
1202 2480 1478 2543 amaverit,
1496 2479 1580 2532 vel
1610 2489 1729 2533 tan-

160 2586 301 2638 quam
327 2586 433 2625 non
463 2570 669 2625 habens
698 2570 965 2625 habuerit.‘
989 2569 1088 2638 Qui
1113 2578 1499 2640 veropropter
1524 2568 1612 2623 illa
1641 2569 1723 2622 vel

166 2662 370 2717 tenenda
412 2666 497 2717 rel
540 2662 886 2732 adipiscenda
907 2703 922 2727 ,
952 2662 1288 2716 homicidium
1313 2702 1327 2724 ,
1368 2661 1681 2716 adulterium
1705 2702 1721 2726 ,

166 2752 541 2807 fornicationem
562 2793 579 2817 ,
610 2752 963 2807 idololatriam
985 2794 1001 2819 ,
1032 2762 1087 2807 et
1106 2751 1295 2806 similia
1322 2767 1545 2822 qumque
1572 2766 1723 2805 com-
1758 2782 1759 2785 η

166 2842 381 2908 miserit,
413 2859 519 2898 non
550 2854 773 2914 propter
798 2842 1193 2898 fundamentum
1215 2858 1311 2913 per
1336 2843 1511 2913 ignem
1549 2842 1723 2896 salva-

168 2931 305 2999 bitur,
320 2934 619 2990 sedamisso
634 2934 1003 3000 fundamento,
1023 2944 1220 2989 :etemo
1236 2936 1355 3004 igne
1372 2935 1719 3004 torquebitur.

232 3027 278 3079 7.
300 3045 317 3077 r
347 3026 710 3093 Quamobrem
750 3034 807 3081 et
832 3026 960 3080 illud
986 3025 1127 3096 quod
1154 3025 1335 3081 dicunt
1353 3067 1367 3089 ,
1396 3027 1555 3080 veluti
1594 3041 1720 3095 pro-

169 3116 278 3171 bare
300 3119 567 3186 cupientes
607 3126 869 3185 quantum
898 3117 1070 3171 valeat
1110 3116 1220 3170 sola
1250 3115 1381 3169 ﬁdes
1400 3158 1415 3179 ,
1448 3116 1533 3169 ubi
1576 3117 1723 3183 Apo-

165 3207 317 3261 stolus
339 3207 480 3272 dicit,
506 3207 663 3271 Quod
687 3208 731 3261 si
759 3207 979 3275 inﬁdelis
1004 3206 1231 3269 discedit,
1255 3206 1504 3267 discedat;
1525 3222 1624 3258 non
1649 3214 1723 3258 est

165 3299 283 3350 enim
304 3300 521 3352 servituti
561 3298 817 3369 subjectus
852 3300 1015 3366 frater
1038 3296 1115 3350 vel
1141 3312 1288 3350 soror
1315 3296 1369 3349 in
1413 3294 1705 3364 hujusmodi
1752 3316 1757 3325 ·

163 3387 200 3455 (Ι
218 3388 328 3443 Cor.
352 3405 423 3443 vu
442 3431 457 3451 ,
482 3389 613 3458 15);
642 3388 697 3442 id
728 3396 829 3451 est,
850 3394 907 3441 ut
934 3396 1154 3457 propter
1180 3385 1335 3440 fidem
1350 3385 1541 3440 Christi
1559 3385 1718 3439 etiam

160 3478 263 3547 ipsa
291 3494 418 3534 uxor
439 3479 673 3549 legitima
701 3477 955 3533 societate
978 3476 1278 3545 conjuncta,
1306 3477 1420 3530 sine
1442 3475 1543 3528 ulla
1565 3475 1719 3546 culpa

157 3568 472 3637 relinquatur
488 3612 504 3636 ,
530 3569 575 3623 si
595 3583 720 3623 cum
741 3569 860 3621 viro
882 3566 1171 3622 christiano
1190 3607 1205 3630 ,
1241 3576 1456 3637 prepter
1476 3565 1577 3619 hoc
1596 3566 1717 3634 quia
1750 3586 1751 3589 η

156 3659 464 3713 christianos
497 3667 613 3725 est,
663 3672 977 3727 permanere
1004 3657 1234 3711 noluerit
1265 3674 1280 3710 :
1310 3673 1413 3711 non
1442 3656 1721 3710 attendunt

154 3764 223 3802 eo
246 3750 400 3803 modo
422 3750 559 3803 illam
585 3748 887 3804 rectissime
924 3748 1151 3811 dimitti,
1194 3748 1238 3801 si
1265 3748 1377 3801 viro
1413 3763 1512 3802 suo
1537 3746 1715 3812 dicat,

150 3837 267 3891 Non
293 3853 386 3893 ero
422 3854 551 3893 uxor
574 3847 666 3892 tua
684 3878 699 3904 ,
724 3838 826 3892 nisi
853 3837 982 3891 mihi
1006 3839 1089 3892 vel
1115 3837 1182 3893 de
1207 3838 1481 3891 latrocinio
1504 3837 1718 3891 divitias
1747 3864 1750 3873 α

151 3946 400 4000 congeras
418 3973 433 3997 ,
460 3939 560 3985 aut
587 3931 688 3985 nisi
731 3931 885 3985 solita
914 3930 1171 3985 lenocinia
1192 3971 1207 3997 ,
1251 3930 1444 4000 quibus
1480 3940 1717 3984 nostram

150 4019 359 4074 domum
388 4021 720 4090 u-ansigebas
738 4060 754 4084 ,
783 4019 941 4074 etiam
970 4019 1292 4073 christianos
1314 4034 1598 4083 exerceas;
1630 4029 1721 4073 aut

149 4111 190 4163 si
228 4110 351 4180 quid
376 4109 526 4165 aliud
557 4110 640 4165 vel
669 4109 1023 4163 facinorosum
1061 4110 1143 4164 vel
1172 4109 1488 4178 ﬂagitiosum
1529 4110 1580 4162 iu
1605 4109 1721 4163 viro

150 4211 382 4262 noverat,
409 4216 519 4270 quo
546 4200 808 4254 delectata
832 4200 911 4253 vel
942 4200 1210 4254 libidinem
1233 4199 1500 4269 explebat,
1532 4199 1611 4253 vel
1645 4199 1721 4252 fa-

144 4294 294 4346 cilem
325 4294 525 4347 victum
564 4291 826 4357 habebat,
857 4291 940 4346 vel
966 4294 1123 4345 etiam
1158 4291 1437 4345 incedebat
1465 4292 1716 4344 ornatior.

142 4381 291 4437 Tunc
315 4384 459 4437 enim
484 4383 574 4436 ille
598 4382 685 4436 cui
709 4383 808 4435 hoc
824 4396 957 4436 uxor
978 4382 1124 4443 dicit,
1142 4383 1188 4435 si
1212 4383 1470 4435 veraciter
1487 4383 1589 4451 egit
1608 4398 1722 4450 pa:-

140 4476 414 4528 nitentiam
457 4475 528 4528 ab
568 4473 820 4541 operibus
851 4473 1105 4536 mortuis,
1137 4472 1350 4541 quando
1387 4474 1611 4527 accessit
1652 4473 1717 4526 ad

142 4563 470 4632 Baptismum
494 4606 511 4630 ,
542 4564 809 4633 habetque
837 4564 888 4617 in
918 4562 1260 4617 fundamento
1286 4562 1443 4631 fidem
1480 4579 1597 4633 qua:
1627 4578 1722 4631 per

140 4654 479 4709 dilectionem
526 4662 812 4723 cperatur,
858 4652 1041 4722 procul
1086 4652 1250 4707 dubio
1295 4653 1414 4722 plus
1460 4653 1723 4707 tenebitur

138 4758 320 4801 amare
357 4745 553 4799 divinae
577 4744 760 4814 gratiae
781 4784 796 4806 ,
826 4758 983 4812 quam
1009 4743 1184 4797 carnis
1206 4743 1444 4809 uxoriae,
1473 4751 1525 4796 et
1550 4757 1721 4797 mem-

142 4838 292 4891 brum
317 4838 460 4909 quod
487 4853 610 4891 eum
636 4834 979 4898 scandalizat,
1012 4835 1215 4889 fortiter
1239 4842 1494 4903 amputat.
1522 4834 1720 4901 Quem-

140 4943 366 4999 cumque
385 4939 568 4984 autem
585 4931 636 4981 in
664 4927 764 4981 bac
777 4927 1131 4996 diremptione
1154 4926 1395 4981 dolorem
1414 4926 1594 4981 cordis
1610 4943 1725 4996 pru-

148 5028 261 5085 pter
301 5021 576 5074 carnalem
606 5018 849 5073 allectum
876 5017 1116 5085 conjugis
1154 5018 1466 5079 sustinebit,
1499 5017 1602 5073 hoc
1640 5030 1725 5072 est

148 5109 518 5165 detrimentum
545 5109 687 5179 quod
728 5109 990 5178 patietur,
1027 5109 1110 5161 hic
1146 5117 1229 5163 est
1267 5107 1402 5178 ignis
1431 5124 1525 5177 per
1564 5123 1722 5179 quem

155 5201 273 5257 leno
295 5205 514 5259 ardente
540 5205 655 5273 ipse
692 5203 999 5257 salvabitur.
1028 5201 1086 5257 Si
1106 5211 1279 5256 autem
1314 5202 1423 5272 jam
1453 5203 1531 5256 sic
1556 5202 1723 5257 habe-

158 5289 243 5343 bat
281 5309 491 5347 uxorem
520 5304 768 5363 tanquam
796 5310 902 5347 non
947 5293 1148 5347 habens
1168 5334 1184 5357 ,
1212 5309 1315 5346 non
1352 5302 1567 5363 propter
1590 5308 1723 5348 con-

158 5384 561 5452 cupiscentiam,
606 5386 697 5441 sed
728 5394 949 5456 propter
995 5385 1445 5448 misericordiam,
1489 5402 1556 5441 ne
1586 5386 1724 5443 forte

163 5486 275 5526 eam
298 5476 486 5531 salvam
517 5477 728 5544 faceret,
750 5476 991 5532 reddens
1010 5478 1184 5545 potius
1210 5492 1365 5545 quam
1394 5476 1611 5546 exigens
1630 5476 1726 5532 de-

169 5560 324 5619 hilum
350 5568 645 5638 conjugale;
671 5569 914 5638 profecto
945 5582 1045 5621 nec
1069 5566 1266 5622 dolebit
1284 5568 1585 5635 carnaliter,
1601 5584 1723 5623 cum

166 5656 340 5713 abillo
378 5664 477 5716 tale
507 5664 824 5721 connubium
874 5660 1212 5730 separabitur
1242 5678 1256 5715 :
1289 5678 1459 5730 neque
1500 5663 1639 5717 enim
1671 5662 1722 5715 in

169 5762 227 5797 ra
263 5753 541 5821 cogitabat,
584 5755 679 5809 nisi
713 5771 841 5828 qua:
871 5759 1005 5807 sunt
1030 5751 1159 5815 Dei,
1203 5753 1469 5819 quomodo
1497 5754 1727 5823 placeret

167 5836 269 5893 Deo
291 5842 455 5909 (lCor.
477 5843 650 5909 “1,29
673 5847 783 5923 δι).
811 5848 897 5901 Ac
924 5856 1025 5913 per
1048 5840 1147 5896 hoc
1173 5856 1223 5895 tu
1250 5853 1498 5912 quantum
1516 5859 1723 5910 aerum,

3331 378 3430 434 154

1850 480 2123 539 argentum
2141 510 2156 535 ,
2184 479 2233 526 et
2264 470 2465 543 lapides
2491 477 2751 545 pretiosos
2782 479 2888 535 illis
2909 484 3318 557 cogitationibus
3340 505 3431 545 su.-

1850 563 2260 633 permdilicabat,
2280 567 2331 619 iu
2362 576 2562 623 tantum
2588 569 2965 630 detrimentum
2989 578 3190 633 nullum
3223 591 3431 650 patere-
3470 628 3473 631 λ

1850 666 1952 719 tur,
1972 658 2023 711 in
2042 665 2243 711 tantum
2261 658 2376 727 ejus
2396 669 2680 727 structura,
2699 678 2816 733 qua:
2835 681 2939 720 non
2957 669 3263 738 eratfenea,
3284 676 3431 730 nullo

1846 748 2092 803 incendio
2119 760 2466 805 cremaretur.
3270 788 3274 793 -
3467 810 3471 820 ,

1915 839 1967 892 8.
2015 856 2034 890 ι
2068 837 2193 893 Sive
2235 855 2361 910 ergo
2402 841 2452 895 in
2496 840 2594 896 hac
2638 852 2842 899 tantum
2885 846 2992 902 vita
3020 849 3134 904 ista
3178 853 3422 911 homines
3461 893 3465 905 ,

1845 928 2131 995 patiuntur,
2162 928 2275 983 sive
2301 931 2458 983 etiam
2492 940 2610 999 post
2636 931 2772 989 hanc
2810 935 2970 988 vitam
3014 938 3136 992 talia
3181 944 3424 1010 qumdam

1838 1020 2033 1086 judicia
2051 1021 2462 1090 subsequuntur,
2484 1040 2588 1076 non
2612 1023 2882 1091 abhorret,
2902 1038 3155 1096 quantum
3175 1033 3425 1097 arbitror.

1841 1111 2105 1165 aratione
2132 1112 2370 1166 veritatis
2396 1113 2495 1167 iste
2526 1114 2826 1169 intellectus
2868 1115 3090 1186 hujusce
3124 1123 3423 1180 sementim.
3462 1160 3465 1163 ν

1842 1201 2216 1258 Verumtamen
2244 1205 2401 1277 etiam
2431 1206 2474 1260 si
2498 1218 2579 1260 est
2599 1207 2751 1272 alius,
2778 1209 2864 1278 qui
2888 1211 3015 1263 mihi
3038 1226 3143 1265 non
3163 1216 3418 1283 occurrit,
3456 1260 3462 1273 ,

1839 1296 2315 1366 potiuseligendus
2335 1308 2358 1358 ςΔ
2381 1297 2539 1352 istum
2565 1299 2815 1368 quamdiu
2845 1284 3107 1368 tenemus,
3137 1318 3242 1358 non
3268 1306 3417 1375 cogi-
3458 1356 3464 1361 .

1839 1404 1957 1442 nuir
1980 1388 2157 1443 dicere
2188 1389 2395 1457 injustis
2415 1432 2428 1455 ,
2458 1405 2560 1444 non
2582 1391 2827 1454 subditis,
2862 1394 3122 1457 scelestis,
3153 1398 3419 1451 contami-
3458 1438 3463 1443 -

1838 1480 1993 1543 natis,
2019 1480 2314 1548 parricidis,
2333 1481 2642 1547 matricidls,
2665 1483 2958 1550 homicidis,
2987 1488 3417 1555 fornicator-ibus,
3451 1506 3459 1547 ῑ

1836 1570 2195 1624 masculorum
2220 1571 2649 1626 concubitoribus
2667 1615 2681 1637 ,
2713 1574 3004 1641 plagiariis,
3027 1577 3378 1633 mendacibus
3398 1620 3415 1640 .
3453 1622 3457 1635 ,

1837 1662 2094 1728 perjuris,
2126 1670 2178 1715 et
2204 1662 2247 1715 si
2278 1662 2402 1731 quid
2429 1663 2572 1717 aliud
2601 1679 2743 1718 same
2783 1666 3041 1721 doctrina:
3080 1667 3411 1732 adversatur,
3455 1716 3461 1725 .

1832 1764 1950 1819 qua:
1969 1760 2052 1805 est
2065 1750 2354 1806 secundum
2375 1753 2710 1822 Evangelium
2734 1754 2915 1823 gloria:
2940 1757 3077 1823 beati
3097 1758 3193 1821 Dei
3212 1759 3253 1829 (l
3278 1758 3411 1813 Tim.
3450 1796 3458 1822 ς

1835 1861 1885 1909 ι,›
1904 1844 2059 1915 9—H)
2080 1864 2092 1899 :
2116 1845 2173 1900 Si
2201 1848 2563 1901 tantummodo
2582 1849 2633 1901 in
2667 1847 2933 1902 Christum
2958 1850 3222 1917 credatis,
3252 1858 3306 1905 et
3328 1865 3415 1905 sa-
3449 1887 3456 1893 -

1831 1944 2157 1993 crumentum
2205 1935 2459 2002 Baptismi
2506 1937 2621 2005 ejus
2665 1938 2957 2009 accipiatis,
2999 1941 3209 2010 etiamsi
3247 1942 3409 1997 vitam
3449 1982 3456 2003 τ

1832 2025 1984 2080 istam
2013 2028 2297 2096 pessimam
2324 2043 2429 2082 non
2462 2031 2814 2095 mutaveritis,
2844 2032 2975 2085 salvi
3004 2033 3177 2087 eritis.
3232 2046 3237 2052 '

1902 2120 1956 2175 9.
1982 2137 2019 2172 ἐ
2046 2120 2204 2176 Unde
2224 2137 2324 2176 nec
2345 2123 2429 2176 illa
2462 2125 2613 2178 nobis
2636 2126 2825 2179 mulier
2852 2126 3144 2180 Chanantea
3171 2127 3413 2199 praised:

1832 2209 1938 2275 bit,
1967 2211 2087 2280 quia
2128 2211 2383 2265 Dominus
2410 2213 2456 2267 ei
2487 2214 2628 2281 quod
2677 2216 2888 2283 petebat
2930 2216 3109 2282 dedit,
3138 2231 3259 2271 cum
3285 2226 3411 2272 ante
3446 2246 3452 2251 -

1830 2301 2069 2368 dixisset,
2104 2300 2225 2355 Non
2244 2313 2315 2356 est
2341 2302 2525 2356 bonum
2552 2304 2723 2358 tollere
2750 2322 2931 2376 panem
2953 2307 3193 2374 ﬁliorum,
3220 2318 3264 2361 et
3290 2308 3409 2360 mit-

1829 2403 1930 2447 tere
1953 2394 2188 2459 canibus;
2209 2396 2329 2464 quia
2356 2395 2447 2450 ille
2466 2395 2651 2451 cordis
2676 2397 2944 2465 inspector
2968 2408 3221 2451 mutatam
3248 2398 3404 2462 vidit,
3452 2446 3453 2449 η

1827 2483 2039 2553 quando
2069 2484 2320 2539 laudavit.
2348 2486 2414 2539 Et
2441 2486 2558 2541 ideo
2580 2502 2685 2541 non
2716 2486 2823 2549 ait,
2843 2488 2887 2554 Q
2916 2487 3089 2555 canis,
3106 2494 3301 2557 magna
3323 2498 3408 2542 est
3448 2534 3454 2540 .

1830 2575 1961 2630 ﬁdes
1987 2578 2105 2630 tua!
2132 2577 2223 2631 sed
2246 2619 2259 2640 ,
2293 2576 2337 2631 Ο
2358 2579 2554 2642 mulier,
2578 2584 2764 2649 magna
2784 2582 2862 2633 est
2890 2578 3014 2648 ﬁdes
3056 2587 3141 2631 tua
3179 2578 3403 2648 (Matth.

1826 2682 1917 2733 xv,
1945 2667 2035 2735 26,
2060 2668 2189 2738 28)!
2220 2669 2434 2723 Mutavit
2457 2670 2772 2724 vocabulum
2793 2712 2808 2737 ,
2838 2671 2961 2741 quia
2988 2680 3247 2726 mutatum
3271 2672 3405 2726 vidit

1825 2757 2095 2824 affectum,
2128 2768 2286 2829 atque
2327 2760 2468 2815 illam
2493 2762 2885 2831 correptionem
2921 2761 2987 2816 ad
3008 2761 3250 2824 fructum
3278 2766 3451 2831 per—'-

1826 2848 2035 2902 venisse
2063 2848 2329 2918 cognovit.
2352 2850 2511 2903 Miror
2536 2859 2713 2905 autem
2743 2850 2787 2904 si
2815 2842 3050 2905 laudaret
3074 2851 3127 2905 in
3151 2866 3213 2906 ea
3242 2850 3401 2906 tidem

1824 2940 1939 2993 sine
1964 2941 2245 3009 operibus,
2268 2941 2319 2995 id
2344 2950 2457 3007 est,
2485 2941 2641 2996 ﬁdem
2682 2957 2786 2997 non
2822 2943 2980 2997 talem
3014 2958 3130 3013 qum
3154 2943 3263 3014 jam
3306 2959 3404 3014 per
3442 2982 3449 2994 .

1825 3028 2167 3083 dilectionem
2211 3030 2651 3102 posset‘operari,
2680 3032 2839 3087 ﬁdem
2866 3040 3153 3099 mortuam,-
3183 3033 3403 3103 etquod
3440 3055 3445 3060 ’

1823 3117 2054 3174 Jacobus
2077 3119 2256 3174 dicere
2284 3122 2502 3176 minime
2525 3121 2990 3188 dubitavit,-lidem
3021 3126 3126 3178 non
3143 3123 3402 3178 Christia—
3446 3174 3449 3177 ,

1824 3222 2033 3275 norum,
2057 3210 2149 3264 sed
2169 3210 2489 3264 d:emonum.
2512 3198 2789 3267 Postremo
2808 3213 2851 3266 si
2879 3213 3029 3266 istam
3046 3213 3399 3268 Cbanana-am
3440 3239 3446 3247 ·

1825 3299 2012 3355 nolunt
2055 3301 2353 3369 intelligere
2380 3298 2632 3357 :m'utasse
2678 3302 2911 3371 perditos
2956 3308 3161 3368 mores,
3189 3304 3402 3372 quando
3440 3340 3445 3357 ς

1822 3405 1939 3445 eam
1965 3390 2207 3445 Christus
2229 3391 2620 3445 contemnendo
2642 3395 2698 3446 et
2723 3392 3057 3459 corripiendo
3087 3394 3357 3464 redarguit
3382 3412 3396 3450 :
3441 3428 3446 3443 .

1821 3493 2182 3548 quoscumque
2215 3480 2512 3535 invenerint
2557 3480 2919 3535 tantummodo
2959 3481 3211 3546 credere,
3238 3484 3399 3537 vitam
3442 3510 3447 3519 -

1821 3584 1949 3623 vero
1968 3570 2581 3639 inquinatissimam,'nec
2608 3572 2794 3625 saltem
2811 3570 3095 3635 occultare,
3122 3571 3214 3627 sed
3238 3572 3399 3627 etiam
3434 3594 3441 3621 ;

1822 3658 1985 3714 libere
2008 3659 2270 3728 proﬁteri,
2299 3674 2362 3714 ac
2388 3660 2530 3715 nolle
2554 3670 2787 3725 mutare;
2813 3669 3007 3715 sanent
3025 3660 3159 3715 filios
3181 3677 3392 3729 eorum,
3440 3686 3441 3689 η

1820 3749 1864 3802 si
1896 3758 2136 3816 possunt,
2170 3749 2308 3803 sicut
2340 3759 2522 3803 sanata
2548 3749 3101 3805 estﬁlia-Chanautere
3128 3753 3397 3816 mulieris;
3438 3788 3441 3801 ;

1822 3853 1925 3892 non
1948 3848 2121 3893 tamen
2147 3854 2241 3893 eos
2263 3839 2456 3894 faciant
2474 3840 2717 3894 membra
2744 3841 2974 3906 Christi,
3000 3857 3120 3895 cum
3150 3842 3248 3910 ipsi
3274 3858 3398 3897 esse

1823 3929 2188 3983 noudesinant
2202 3931 2437 3989 membra
2452 3932 2774 3986 meretricis:
2803 3932 3027 4002 (De/ide
3057 3943 3103 3987 ct
3132 3933 3397 4004 Operibus,
3436 3971 3443 3978 η

1820 4037 1936 4089 cap.
1973 4021 2183 4091 1416).
2802 4048 2823 4059 μ
3071 4046 3077 4053 ,
3212 4048 3217 4053 ,
3282 4046 3304 4056 ..
3362 4034 3366 4037 -

1866 4142 1869 4145 λ
1893 4111 1981 4165 10.
2028 4112 2155 4165 Item
2184 4112 2234 4165 in
2264 4128 2328 4167 eo
2356 4114 2491 4168 libro
2516 4115 2598 4167 cui
2627 4115 2806 4169 titulus
2834 4124 2915 4169 est
2936 4157 2951 4176 ,
2982 4114 3049 4169 dc
3074 4115 3205 4170 Fide
3224 4158 3239 4179 ,
3267 4112 3397 4185 Spe,
3437 4157 3442 4165 .

1822 4212 1871 4257 et
1901 4202 2170 4256 Charitatc
2190 4244 2203 4267 ,
2233 4218 2391 4272 quem
2434 4207 2620 4272 scripsi
2665 4205 2730 4257 atl
2775 4206 2936 4259 lilium
2975 4221 3151 4259 meum
3182 4205 3398 4265 fratrem
3426 4238 3439 4271 π

1824 4300 1968 4345 tuum
2010 4291 2387 4357 Laurentium,
2416 4293 2513 4347 ista
2552 4294 2618 4347 de
2652 4294 2747 4347 hac
2791 4312 2849 4349 re
2888 4296 3047 4348 verba
3078 4312 3192 4349 mea
3230 4304 3395 4348 'sunt:

1829 4402 1847 4434 ε
1875 4383 2203 4445 Creduntur,
2246 4386 2490 4452 inquam,
2538 4401 2567 4436 a
2607 4386 2916 4453 quibusdam
2946 4424 2962 4448 ,
2998 4388 3157 4438 etiam
3204 4387 3254 4437 hi
3308 4387 3398 4453 qui
3435 4424 3439 4433 .

1825 4492 2016 4529 nomen
2048 4474 2244 4529 Christi
2276 4492 2378 4529 non
2406 4476 2727 4543 relinquunt,
2759 4485 2810 4529 et
2836 4476 2954 4543 ejus
2980 4475 3190 4528 lavacro
3220 4475 3275 4529 in
3302 4476 3401 4529 Ec-
3433 4520 3440 4532 .

1822 4565 1983 4621 clesia
2015 4564 2366 4634 haptizantur,
2397 4579 2494 4618 nec
2517 4564 2585 4618 ab
2618 4579 2679 4618 ea
2725 4564 2833 4619 ullo
2866 4563 3151 4618 schismate
3177 4564 3259 4618 vel
3285 4563 3399 4617 lue-

1823 4656 1930 4710 resi
1971 4656 2348 4725 prtcciduutur,
2381 4654 2432 4708 in
2471 4655 2813 4725 quantislibet
2851 4655 3356 4709 sceleribusvivant
3380 4696 3396 4721 ,
3434 4710 3435 4713 η

1823 4764 1939 4819 qua:
1961 4764 2057 4803 nec
2076 4748 2277 4803 diluant
2293 4748 2616 4817 pmnitendo,
2636 4763 2733 4802 nec
2743 4748 3096 4818 eleemosynis
3116 4747 3398 4814 redimam,
3428 4781 3437 4803 ›

1824 4840 1916 4893 sed
1934 4840 1985 4893 in
2001 4839 2080 4893 eis
2097 4832 2263 4908 usque
2274 4839 2338 4893 ad
2361 4838 2516 4908 hujus
2531 4839 2649 4892 vitae
2667 4838 2904 4893 ultimum
2927 4839 3064 4893 dicm
3090 4840 3399 4908 pertinacis-

1823 4930 1957 4984 sime
1993 4939 2362 4998 perseverent,
2396 4930 2525 4983 salvi
2565 4929 2723 4983 futuri
2758 4946 2850 4996 per
2891 4931 3095 4999 ignem;
3140 4930 3263 4983 licet
3305 4945 3403 4998 pro

1826 5021 2185 5089 magnitudine
2212 5020 2504 5075 facinorum
2534 5021 2954 5090 flagitiorumque
2982 5023 3231 5079 diuturno
3252 5062 3264 5081 ,
3291 5038 3395 5075 neu

1828 5120 2000 5166 tamen
2041 5120 2239 5166 interno
2280 5112 2399 5182 igne
2434 5112 2621 5182 puniti.
2651 5111 2757 5166 Sed
2799 5112 2886 5182 qui
2934 5111 3032 5165 hoc
3059 5112 3311 5176 credunt,
3348 5124 3403 5166 et

1826 5209 2003 5256 tamen
2041 5202 2291 5257 catholici
2320 5212 2479 5270 sunt,
2508 5202 2736 5257 humana
2766 5204 2990 5272 quadam
3030 5203 3398 5259 benevolentia
3424 5240 3431 5243 -

1825 5293 1955 5346 mihi
1981 5290 2086 5345 falli
2111 5292 2393 5348 videntur:
2419 5308 2539 5347 nam
2564 5292 2834 5363 Scriptura
2877 5294 3051 5346 divina
3094 5292 3236 5345 aliud
3261 5308 3398 5347 cou-
3422 5332 3434 5349 .

1826 5386 1965 5440 sulta
1989 5385 2293 5454 respondet.
2315 5385 2529 5440 Librum
2552 5395 2728 5441 autem
2756 5385 2821 5438 de
2843 5384 2943 5440 hac
2966 5385 3256 5454 quaestione
3276 5401 3431 5451 cou-.

1828 5478 2048 5548 scripsi,
2086 5477 2238 5548 cujus
2269 5478 2449 5532 titulus
2474 5488 2587 5543 est,
2618 5478 2686 5532 dc
2721 5477 2849 5531 Fide
2887 5486 2941 5531 et
2976 5476 3268 5543 Opcrihus;
3312 5474 3396 5529 ubi

1829 5568 2121 5625 secundum
2147 5569 2446 5637 Strtpturas
2465 5580 2694 5627 sanctas.
2716 5578 2968 5637 quantum
2995 5568 3101 5617 Deo
3122 5564 3404 5631 adjuvaute

1830 5662 2011 5731 potui,
2054 5660 2415 5715 demonstravi
2441 5676 2557 5713 eam
2592 5660 2744 5712 [idem
2785 5658 2958 5710 Salvus
2998 5654 3203 5714 facere,
3247 5669 3402 5719 quam

1832 5752 1960 5806 Satis
2003 5752 2274 5805 evidenter
2318 5753 2578 5821 expressit
2611 5749 2799 5802 Paulus
2835 5744 3137 5813 apostolus,
3172 5742 3356 5796 dicens
3390 5761 3405 5796 :

1832 5844 1898 5899 In
1922 5842 2119 5900 Christo
2149 5846 2280 5899 enim
2305 5843 2429 5900 Jrsu
2455 5858 2611 5915 neque
2628 5839 2936 5895 circumcisio
2961 5836 3228 5908 quidqumn
3254 5836 3408 5903 valet,
