3942 6416
475 359 577 412 155

471 487 628 541 neque
653 467 973 539 prteputittm,
1004 464 1097 519 sed
1122 463 1248 531 ﬁdes
1273 477 1386 531 quae
1410 477 1499 531 per
1526 461 1841 515 dilectionem
1866 476 2048 527 opera—

470 572 552 615 tur
583 559 774 633 (Galat.
800 572 855 621 τ,
873 557 951 624 6).
974 555 1031 611 Si
1057 563 1234 609 autem
1256 554 1414 621 male,
1431 564 1605 608 etnon
1625 552 1760 607 bene
1779 561 2048 621 operatur,

471 652 653 724 procul
681 649 842 705 dubio
860 689 876 713 ,
905 646 1196 704 secundum
1223 646 1518 716 apostolum
1544 643 1798 700 Jacobum
1815 683 1830 706 ,
1854 652 2055 696 mortua

471 753 546 798 est
574 744 626 796 in
656 741 940 809 semetipsa.
964 739 1062 806 Qui
1093 753 1274 793 rursus
1306 739 1380 791 ait
1403 756 1415 790 :
1442 737 1501 792 Si
1530 736 1682 804 fidem
1706 735 1840 789 dicat
1860 752 1913 790 se
1944 735 2055 804 quis

473 833 676 900 habere,
700 849 855 902 opera
882 840 1048 884 autem
1074 846 1172 884 non
1206 829 1418 892 habeat,
1454 828 1698 891 numquid
1725 828 1906 898 poterit
1929 827 2055 894 ﬁdes

471 927 668 981 sulcare
700 923 858 979 eum?
886 923 1050 976 Porro
1079 931 1265 976 autem.
1295 921 1338 973 si
1382 920 1540 973 homo
1564 928 1739 972 autem
1765 917 2055 972 sceleratus

475 1024 696 1086 propter
721 1013 878 1068 ﬁdem
909 1014 1074 1067 solam
1105 1027 1200 1081 per
1228 1014 1402 1079 ignem
1444 1010 1752 1073 salvabitur,
1792 1018 1846 1063 et
1871 1009 1948 1062 sic
1975 1018 2056 1062 est

472 1105 824 1175 accipendum
853 1105 994 1174 quod
1020 1105 1092 1158 ait
1116 1105 1300 1158 beatus
1324 1103 1536 1168 Paulus,
1561 1101 1681 1173 Ipse
1699 1112 1867 1155 autem
1889 1102 2056 1155 salvus

476 1202 590 1266 erit,
613 1201 686 1254 sic
705 1209 869 1252 tamen
885 1199 1033 1270 quasi
1048 1213 1136 1265 per
1152 1197 1335 1267 ignem,
1358 1196 1697 1263 poteritergo-
1715 1193 1922 1247 salvere
1942 1193 2056 1246 sine

475 1293 728 1362 operibus
757 1290 887 1344 fides
907 1333 922 1355 ,
949 1298 1005 1344 et
1047 1288 1237 1342 falsum
1255 1288 1366 1342 .crit
1391 1287 1532 1357 quod
1561 1287 1693 1340 dixit
1721 1285 1835 1354 ejus
1863 1299 2058 1353 conpo-

474 1381 641 1437 stolus
678 1381 908 1436 Iacobus
938 1397 951 1432 :
982 1379 1170 1434 falsum
1204 1379 1304 1432 erit
1343 1387 1397 1432 et
1426 1376 1552 1430 illud
1592 1375 1732 1444 quod
1761 1374 1903 1429 idem
1943 1374 2056 1444 ipse

474 1471 689 1537 Paulus,
721 1469 912 1535 Nolite,
945 1469 1132 1538 inquit,
1165 1485 1367 1530 errare;
1398 1472 1560 1537 neque
1581 1466 1939 1537 fornicatores,
1971 1481 2058 1518 ne—

477 1579 574 1630 que
599 1563 749 1616 idolis
775 1562 1062 1626 servientes,
1097 1576 1252 1627 neque
1277 1559 1512 1624 adulteri,
1547 1575 1702 1627 neque
1729 1557 1902 1612 molles
1920 1600 1934 1619 ,
1964 1575 2054 1611 nc-

475 1669 571 1722 que
593 1656 931 1706 masculorum
955 1649 1315 1713 concubitores,
1349 1665 1506 1721 neque
1531 1651 1688 1721 fures,
1716 1664 1872 1718 neque
1895 1649 2054 1709 avari,

474 1763 632 1815 neque
651 1744 905 1809 maledici,
932 1761 1090 1814 neque
1110 1743 1308 1808 ebriosi,
1333 1759 1490 1812 neque
1507 1758 1714 1811 rapaces
1732 1758 1942 1812 regnum
1965 1739 2058 1792 Dei

475 1837 816 1907 possidebunt.
850 1835 904 1892 Si
935 1836 1080 1889 enim
1107 1835 1266 1888 etiam
1301 1834 1352 1888 in
1383 1835 1496 1887 istis
1521 1841 1926 1902 perseverantes
1952 1831 2059 1884 cri-

475 1926 742 1989 minibus,
785 1934 961 1980 tamen
1012 1935 1231 1994 propter
1272 1923 1428 1978 fidem
1468 1923 1666 1979 Christi
1710 1923 1840 1976 salvi
1868 1929 2062 1987 erunt,

475 2017 745 2086 quomodo
775 2017 825 2070 in
855 2032 1018 2085 regno
1045 2016 1137 2070 Dei
1165 2030 1282 2069 non
1300 2014 1495 2069 erunt?

550 2107 637 2160 ll.
671 2125 691 2157 ι
726 2105 831 2161 Sed
871 2107 994 2176 quia
1036 2106 1150 2159 lnrc
1193 2105 1483 2173 apostolica
1530 2100 1958 2156 manifestissima
2003 2111 2059 2156 et

475 2197 806 2265 apertissima
843 2195 1142 2250 testimonia
1175 2195 1306 2248 falsa
1344 2208 1464 2248 esse
1495 2209 1598 2246 non
1639 2203 1888 2261 possunt;
1931 2191 2057 2246 illud

473 2285 614 2353 quod
645 2286 869 2340 obscure
893 2285 1090 2340 dictum
1136 2296 1250 2347 est,
1281 2285 1350 2338 de
1395 2285 1476 2338 his
1513 2284 1602 2353 qui
1633 2283 2058 2352 superaedilica'it

473 2389 634 2444 super
662 2375 1088 2438 fundamentum,
1121 2374 1262 2444 quod
1292 2382 1377 2428 est
1409 2374 1674 2438 Christus,
1704 2391 1808 2428 non
1839 2388 2053 2438 aurum,

472 2472 749 2533 argentum
769 2505 783 2530 ,
814 2465 1016 2533 lapides
1043 2464 1305 2534 pretiosos
1324 2504 1340 2526 ,
1389 2463 1480 2518 sed
1509 2465 1645 2533 ligna
1667 2504 1682 2526 ,
1716 2463 1895 2517 fenum
1916 2505 1932 2529 ,
1962 2464 2057 2517 sti-

472 2553 656 2622 pulam
681 2553 769 2624 (de
797 2553 880 2607 his
907 2555 1049 2608 enim
1097 2554 1294 2608 dictum
1323 2563 1405 2607 est
1438 2553 1577 2622 quod
1607 2568 1699 2623 per
1725 2553 1897 2623 ignem
1924 2553 2055 2608 salvi

472 2644 964 2712 erunt,.quoniam
1011 2643 1335 2698 fundamenti
1386 2643 1578 2697 merito
1618 2657 1721 2697 non
1759 2641 2054 2715 peribunt),

472 2734 551 2788 sic
573 2735 992 2805 intelligendum,
1023 2745 1105 2790 est
1126 2745 1184 2789 ut
1206 2735 1288 2790 his
1313 2735 1607 2790 manifestis
1629 2752 1732 2790 non
1757 2737 2056 2790 inveniatur

474 2839 595 2879 esse
641 2826 986 2880 contrarium.
1034 2826 1196 2895 Ligna
1221 2827 1418 2895 quippe
1449 2835 1501 2879 et
1546 2825 1722 2881 fenum
1773 2835 1826 2880 et
1863 2827 2056 2894 stipula

472 2930 578 2968 non
602 2913 832 2969 absurde
855 2915 1021 2984 accipi
1047 2925 1266 2984 possunt
1291 2931 1466 2970 rerum
1490 2917 1843 2981 smcularium,
1870 2933 2055 2984 quam-

471 3006 555 3060 vis
597 3005 738 3060 licite
768 3021 1181 3070 concessurum,
1229 3006 1362 3060 tales
1403 3007 1752 3075 cupiditates,
1803 3016 1859 3061 ut
1886 3010 2055 3063 amitti

471 3099 588 3154 sine
614 3099 774 3152 animi
800 3098 985 3153 dolore
1011 3115 1114 3152 non
1145 3100 1367 3168 possint.
1397 3099 1530 3152 Cum
1561 3107 1738 3153 autem
1777 3099 1877 3154 iste
1900 3099 2059 3155 dolor

473 3190 600 3255 urit,
627 3190 671 3243 si
701 3189 943 3243 Christus
972 3189 1025 3243 in
1049 3189 1210 3243 corde
1241 3189 1563 3243 fundamenti
1593 3188 1754 3244 habet
1781 3190 1972 3254 locum,
2005 3189 2056 3244 id

472 3289 585 3343 est,
615 3289 668 3333 ut
708 3279 758 3335 ei
796 3280 927 3334 nihil
965 3288 1337 3349 anteponatur,
1368 3289 1429 3334 et
1464 3280 1615 3332 malit
1647 3279 1807 3332 homo
1844 3280 1932 3349 qui
1965 3281 2054 3333 tali

471 3371 662 3425 dolore
699 3371 889 3437 uritur,
929 3371 1089 3426 rebus
1126 3386 1259 3441 quas
1289 3371 1357 3425 ita
1402 3371 1604 3440 diligit,
1649 3387 1865 3433 carere,
1897 3387 2054 3440 quam

470 3459 719 3524 Christo;
756 3477 850 3530 per
871 3461 1042 3530 ignem
1068 3461 1125 3514 fit
1146 3461 1342 3515 salvus.
1366 3460 1421 3514 Si
1441 3470 1617 3515 autem
1642 3475 1728 3514 res
1751 3460 2056 3527 hujusmodi

474 3551 800 3619 temporales
825 3566 888 3604 ac
908 3553 1191 3605 saeculares
1214 3559 1454 3619 tempore
1480 3552 1787 3605 tentationis
1812 3551 2058 3606 maluerit

473 3649 656 3694 tenere
679 3656 837 3710 quam
863 3640 1134 3696 Christum
1159 3681 1174 3705 ,
1214 3658 1334 3694 eum
1365 3641 1416 3693 in
1447 3641 1790 3696 fundamento
1819 3657 1922 3694 non
1956 3643 2055 3696 ha-

471 3728 615 3794 buit;
647 3731 768 3798 quia
817 3729 932 3784 hare
969 3731 1146 3798 priore
1188 3731 1303 3784 loco
1348 3730 1552 3798 habuit,
1585 3746 1704 3785 cum
1737 3733 1790 3786 in
1828 3733 2055 3788 aedilicio

473 3833 580 3873 non
611 3818 679 3872 sit
704 3819 900 3888 aliquid
930 3820 1073 3888 prius
1101 3819 1465 3875 fundamento.
1497 3822 1635 3892 Ignis
1661 3822 1825 3886 enim,
1854 3822 1923 3878 de
1949 3839 2054 3893 quo

472 3925 539 3966 eo
563 3911 678 3964 loco
700 3911 906 3964 locutus
929 3920 1009 3964 est
1035 3911 1304 3978 apostolus
1332 3911 1546 3973 Paulus,
1575 3912 1695 3966 talis
1719 3912 1878 3967 debet
1899 3913 2056 3968 intel-

470 3999 584 4069 ligi,
608 4010 665 4054 ut
693 4001 851 4054 ambo
881 4016 976 4070 per
998 4015 1118 4054 eum
1147 4009 1452 4066 transeant;
1484 4001 1534 4055 id
1567 4010 1666 4066 est,
1697 4011 1750 4056 et
1772 4004 1860 4072 qui
1889 4005 2058 4072 aedi/i-

471 4097 553 4142 cat
581 4105 735 4158 super
763 4089 856 4142 hoc
883 4088 1287 4158 fundamentum,
1311 4106 1510 4152 aurum,
1541 4100 1824 4160 argentum,
1858 4093 2054 4160 lapides

472 4184 738 4252 pretiosos,
760 4192 815 4238 et
833 4184 921 4252 qui
943 4185 1160 4252 wdificat
1183 4185 1398 4254 lignum,
1422 4186 1614 4254 fenum,
1637 4187 1895 4253 stipulam.
1919 4186 2053 4240 Cum

470 4274 612 4329 enim
668 4273 771 4330 hoc
821 4275 1080 4340 dixisset,
1134 4276 1414 4344 adjunxit:
1469 4275 1873 4346 Uniuscujusque
1921 4293 2048 4344 opus

467 4367 619 4436 quale
654 4367 751 4431 sit,
793 4367 923 4437 ignis
965 4366 1209 4436 probabit.
1253 4367 1314 4421 Si
1342 4369 1486 4438 cujus
1526 4384 1653 4437 opus
1685 4367 2050 4437 permanserit,

468 4456 607 4527 quod
630 4459 1078 4528 supertcdiﬁcavit,
1109 4459 1384 4512 mercedem
1413 4461 1644 4530 accipiet.
1687 4460 1750 4514 Si
1779 4461 1927 4530 cujus
1959 4476 2054 4512 au-

470 4557 568 4602 tem
593 4564 720 4616 Opus
743 4560 973 4604 exustum
1000 4551 1170 4620 fuerit,
1205 4551 1445 4604 damnum
1474 4553 1692 4620 patietur
1709 4566 1727 4602 :
1755 4550 1862 4619 ipse
1883 4559 2055 4603 autem

469 4640 637 4693 salvus
657 4641 771 4704 erit,
801 4642 872 4693 sic
908 4650 1072 4692 tamen
1099 4643 1244 4708 quasi
1270 4658 1359 4702 per
1377 4642 1562 4711 ignem.
1597 4642 1709 4694 Non
1739 4656 1866 4712 ergo
1897 4641 2054 4696 unius

471 4745 677 4792 eorum,
707 4729 799 4782 sed
833 4729 1105 4797 utriusque
1132 4745 1266 4797 opus
1289 4731 1422 4797 ignis
1452 4728 1717 4798 probabit.

546 4818 632 4873 12.
671 4837 691 4870 ‹
722 4819 814 4873 Est
855 4818 1066 4887 quidam
1108 4820 1242 4886 ignis
1290 4823 1508 4872 tcntatio
1553 4817 1944 4885 tribulationis,
1986 4831 2054 4878 de

469 4925 578 4980 quo
603 4918 785 4978 aperte
811 4910 915 4963 alio
956 4909 1072 4962 loco
1097 4911 1353 4978 scriptum
1383 4919 1463 4963 est
1489 4927 1502 4964 :
1547 4910 1677 4963 Vasa
1702 4912 1848 4982 ﬁguli
1877 4912 2053 4980 probat

474 5007 685 5074 fornax,
724 5012 770 5055 et
799 5001 1023 5054 homines
1049 5002 1217 5070 justas
1253 5003 1461 5055 tentatio
1499 5003 1836 5058 tribulationis
1867 5002 2050 5073 (Eceli.

472 5109 636 5159 xxvu,
660 5093 738 5160 ϐ).
766 5092 867 5146 Iste
891 5093 1026 5162 ignis
1047 5095 1096 5146 in
1122 5093 1220 5146 hac
1243 5094 1451 5147 interim
1475 5096 1578 5149 vita
1603 5095 1728 5149 facit
1748 5096 1886 5165 quod
1913 5098 2055 5164 Apo-

470 5183 640 5239 stolus
661 5182 830 5245 dixit,
866 5181 910 5235 si
946 5183 1149 5236 accidat
1179 5183 1384 5237 duobus
1414 5184 1656 5238 fidelibus
1676 5226 1690 5247 ,
1737 5186 1823 5238 nni
1852 5186 2055 5240 scilicet

468 5276 723 5345 Cogitanti
763 5290 883 5346 qua:
922 5274 1013 5330 Dei
1043 5283 1200 5340 sunt,
1243 5275 1508 5344 quomodo
1548 5276 1749 5344 placeat
1793 5277 1920 5341 Deo,
1955 5279 2055 5330 hoc

471 5378 584 5433 est,
613 5367 894 5422 aedificanti
921 5383 1080 5436 super
1108 5367 1375 5422 Christum
1401 5367 1806 5422 fundamentum
1840 5385 2048 5432 aurum,

473 5465 750 5528 argentum
771 5499 786 5523 ,
838 5457 1040 5526 lapides
1072 5459 1361 5526 pretiosos;
1399 5458 1550 5512 alteri
1579 5469 1756 5513 autem
1801 5461 2053 5528 cogitanti

473 5567 534 5607 ea
565 5564 683 5620 qua:
707 5550 888 5604 mundi
915 5557 1072 5614 sunt,
1103 5549 1368 5617 quomodo
1405 5551 1609 5619 placeat
1635 5551 1821 5618 uxori,
1851 5551 1905 5604 id
1936 5561 2017 5605 est
2037 5592 2052 5616 ,

476 5642 754 5697 ardilicanti
797 5657 956 5711 super
996 5641 1136 5696 idem
1181 5640 1577 5696 fundamentum
1619 5641 1792 5712 ligna,
1839 5642 2049 5707 fenum,

476 5734 756 5802 stipulam:
789 5734 929 5787 illius
955 5734 1096 5786 enim
1128 5747 1262 5800 opus
1284 5748 1387 5786 non
1418 5733 1682 5797 exuritur,
1713 5734 1832 5801 quia
1863 5751 1965 5785 non
1993 5751 2052 5785 ua

479 5823 679 5891 dilexit,
708 5839 932 5895 quorum
969 5826 1258 5880 amissinnc
1287 5826 1582 5892 crucietur;
1613 5825 1852 5880 exuritur
1875 5835 2051 5878 autem

1265 348 1350 402 DE
1389 345 1567 402 OCTU
1608 343 1902 400 DULCITII
1942 342 2482 411 QU/ES'I‘IONIBUS,
2515 347 2570 399 ὃ.
2611 345 2978 403 AUGUSTINI

3637 358 3759 416 158

2170 473 2302 526 opus
2323 457 2497 528 hujus,
2515 460 2764 529 quoniam
2782 463 2896 516 sine
2911 464 3097 520 dolore
3113 479 3216 522 non
3232 475 3458 536 pereunt
3475 485 3596 540 qute
3617 487 3749 528 cum

2161 565 2344 603 amore
2360 563 2600 618 possessa
2613 561 2755 605 sunt.
2775 553 2880 607 Sed
2901 556 3149 623 quoniam
3165 557 3416 612 alterutra
3434 562 3750 618 conditione

2164 643 2465 712 proposita,
2519 643 2597 696 eis
2629 645 2810 712 potius
2852 660 3038 701 carere
3082 648 3265 703 mallet
3303 665 3464 720 quam
3505 651 3758 718 Christo,

2164 748 2262 788 nee
2286 735 2476 787 timore
2501 734 2779 789 amittendi
2807 736 2928 790 talia
2955 735 3156 792 deserit
3182 737 3474 806 Christum,
3498 743 3759 812 quamvis-

2162 823 2340 879 doleat
2365 823 2490 878 dum
2511 825 2732 888 amittit;
2759 827 2926 880 salvus
2946 837 3016 880 est
3040 828 3274 896 quidem,
3300 831 3373 883 sic
3400 841 3567 885 tamen
3595 834 3747 902 quasi

2165 931 2254 984 per
2272 915 2438 986 ignem
2460 931 2480 970 :
2503 916 2624 986 quia
2648 917 2752 970 urit
2769 933 2888 972 eum
2912 934 3088 973 rerum
3110 920 3284 984 dolor,
3307 937 3440 990 quas
3458 921 3754 990 dilexerat,

2163 1007 2512 1074 amissarum;
2555 1009 2648 1063 sed
2686 1024 2794 1064 non
2829 1010 3087 1066 subvertit
3119 1028 3290 1083 neque
3322 1017 3588 1070 consumit
3622 1014 3751 1072 fun—

2165 1097 2399 1152 dementi
2427 1099 2714 1154 stabilitate
2737 1109 2895 1171 atque
2921 1103 3314 1173 incorruptione
3343 1109 3629 1163 munitum.

2237 1189 2325 1243 l3.
2397 1188 2526 1244 Tale
2586 1191 2786 1261 aliquid
2845 1193 3006 1247 etiam
3036 1203 3154 1262 post
3181 1195 3316 1251 hanc
3345 1199 3503 1252 vitam
3531 1198 3646 1254 fieri
3667 1199 3757 1255 in-

2162 1279 2418 1334 credibile
2443 1293 2552 1334 non
2576 1289 2660 1334 est
2678 1320 2694 1345 ,
2724 1287 2784 1336 et
2810 1291 2984 1336 utrum
3016 1283 3087 1337 ita
3113 1284 3218 1349 sit,
3249 1287 3413 1355 qumri
3441 1295 3618 1356 potest
3647 1306 3662 1343 :
3695 1298 3756 1344 et

2162 1381 2255 1426 aut
2292 1372 2512 1426 inveniri
2539 1413 2554 1436 ,
2581 1382 2673 1427 aut
2697 1373 2894 1441 latere,
2923 1378 3206 1432 nonnullos
3235 1379 3418 1436 fideles
3447 1397 3539 1450 per
3567 1381 3768 1452 ignem-

2163 1464 2447 1533 qnemdam
2490 1467 2851 1535 purgatorium
2871 1508 2888 1534 ,
2925 1479 3122 1538 quanto
3148 1473 3316 1540 magis
3342 1475 3582 1529 minusve
3608 1473 3770 1530 bona--

2164 1554 2437 1622 pereuntia
2467 1554 2802 1622 dilexerunt,
2831 1565 2980 1612 tanto
3009 1559 3211 1614 tardius
3232 1562 3490 1632 citiusque
3511 1564 3708 1619 salvari
3735 1580 3755 1630 ;

2165 1658 2268 1697 non
2292 1651 2468 1698 tamen
2502 1646 2633 1700 tales
2657 1687 2673 1712 ,
2697 1647 2766 1701 de
2790 1649 3034 1718 qualibus
3053 1649 3252 1705 dictum
3274 1662 3355 1707 est
3373 1654 3512 1722 quod
3539 1671 3766 1726 regnans-

2164 1731 2262 1786 Dei
2304 1749 2403 1786 non
2426 1736 2783 1804 possidebunt,
2820 1738 2922 1792 nisi
2964 1741 3342 1796 convenienter
3371 1745 3762 1814 pmnitentibus

2164 1823 2348 1878 eadem
2375 1825 2596 1879 crimina
2622 1827 2976 1882 remittantur.
3007 1830 3397 1887 Convenienter
3413 1843 3591 1889 autem
3617 1835 3768 1901 dixi,

2165 1924 2223 1966 ut
2263 1915 2470 1968 steriles
2511 1917 2562 1970 in
2606 1917 2966 1990 eleemosynis
3003 1936 3108 1975 non
3148 1923 3286 1988 sint,
3325 1925 3517 1993 quibus
3546 1934 3755 1982 tantum

2165 2007 2350 2062 tribuit
2391 2007 2661 2078 Scriptura
2706 2012 2883 2067 divina
2903 2053 2918 2076 ,
2949 2021 3007 2067 ut
3033 2029 3215 2067 earum
3244 2018 3610 2072 tantummodo
3640 2019 3757 2073 fru-

2165 2112 2313 2154 etum
2353 2115 2413 2155 se
2459 2102 2837 2170 imputaturum
2879 2107 3199 2173 prtenuntiet
3225 2107 3481 2162 Dominus
3503 2109 3711 2164 dextris
3734 2151 3752 2176 ,

2165 2201 2218 2244 et
2262 2206 2445 2246 earum
2489 2194 2853 2248 tantummodo
2882 2196 3212 2250 sterilitatem
3241 2197 3508 2265 sinistris;
3539 2198 3780 2268 quando-

2166 2282 2249 2337 bis
2268 2283 2506 2338 dicturus
2528 2294 2630 2348 est,
2671 2283 2861 2350 Venite,
2885 2285 3129 2340 benedicti
3156 2285 3330 2342 Patris
3363 2289 3479 2352 mei,
3511 2291 3774 2360 percipiu-

2164 2391 2376 2446 regnum
2411 2391 2432 2429 :
2467 2376 2571 2430 illis
2599 2385 2796 2443 autem,
2823 2375 2906 2430 Ite
2924 2378 2978 2430 in
3005 2378 3173 2448 ignem
3199 2388 3442 2432 eternum
3464 2378 3565 2452 (De
3594 2379 3752 2446 Fide,

2166 2465 2274 2534 Spe
2292 2475 2338 2519 et
2364 2465 2654 2533 Charitate,
2685 2483 2800 2537 cap.
2833 2467 3044 2538 67-69).
3081 2486 3101 2520 ι
3134 2468 3262 2523 Haec
3287 2468 3354 2524 de
3382 2469 3590 2525 duobus
3615 2485 3770 2540 opu--

2165 2555 2326 2608 sculis
2354 2557 2488 2610 meis
2512 2556 2640 2610 satis
2663 2567 2794 2626 puto
2809 2558 3089 2627 quaestioni
3116 2568 3220 2613 tute
3247 2547 3407 2616 fuisse
3431 2575 3710 2630 responsa.

2240 2645 2324 2698 14.
2357 2645 2430 2699 De
2459 2645 2544 2699 illa
2570 2660 2699 2700 vero
2723 2649 2988 2702 sententia
3018 2648 3260 2713 Domini,
3292 2647 3411 2703 Non
3432 2651 3567 2704 exies
3593 2651 3755 2716 inde,

2165 2733 2322 2786 donec
2379 2734 2562 2787 reddas
2620 2735 2942 2789 novissimum
2990 2737 3371 2807 quadrantem;
3424 2739 3758 2802 respondere

2165 2824 2291 2877 mihi
2341 2839 2559 2879 necesse
2595 2840 2700 2878 non
2733 2824 2866 2890 fuit,
2898 2827 3146 2896 quoniam
3177 2838 3232 2881 tu
3261 2828 3373 2895 ipse
3400 2830 3753 2897 quatstionem

2164 2916 2324 2970 simili
2368 2931 2432 2969 ex
2473 2917 2760 2986 Evangelio
2799 2918 3066 2974 locutione
3099 2919 3116 2950 ¹
3145 2918 3348 2973 solvisti
3376 2919 3462 2974 ubi
3491 2920 3772 2990 scriptum-

2163 3017 2245 3060 est
2267 3048 2282 3072 ,
2321 3006 2442 3061 Non
2471 3009 2699 3078 cognouit
2723 3025 2866 3075 eam,
2895 3009 3054 3064 donec
3078 3011 3288 3080 peperit.
3321 3011 3461 3066 Sane
3489 3024 3543 3065 ut
3565 3028 3672 3067 non
3697 3025 3770 3069 te-

2163 3099 2332 3154 celem
2377 3099 2444 3154 de
2481 3099 2581 3154 hac
2620 3116 2680 3155 re
2714 3101 3088 3171 cogitationem
3116 3119 3286 3159 meam
3305 3146 3322 3170 ,
3347 3105 3536 3160 vellem
3560 3106 3604 3160 si
3635 3109 3755 3162 fieri

2164 3200 2346 3260 posset
2389 3207 2405 3255 ;
2447 3191 2554 3246 imo
2593 3205 2722 3247 vero
2751 3193 2906 3257 volo,
2935 3193 2980 3248 si
3008 3193 3122 3250 fieri
3150 3204 3360 3263 potest,
3390 3194 3444 3250 in
3476 3196 3573 3250 hac
3597 3211 3756 3267 quae-

2163 3281 2339 3336 stione
2382 3283 2608 3337 veritate
2650 3284 2912 3353 superari.
2961 3283 3094 3340 Illud
3137 3286 3280 3341 cutim
3322 3286 3463 3356 quod
3509 3286 3709 3344 dicitur
3731 3331 3766 3356 ,.

2164 3372 2483 3442 quandoque
2503 3415 2520 3440 ,
2560 3375 2661 3428 etsi
2707 3385 2826 3444 post
2856 3377 3140 3446 plurimum
3169 3379 3423 3448 temporis
3447 3381 3469 3411 ¹
3492 3420 3508 3445 ,
3533 3395 3628 3435 eos
3657 3383 3777 3451 qui-

2165 3461 2218 3516 in
2255 3460 2515 3516 catholiea
2544 3464 2922 3518 communione
2949 3467 3251 3522 moriuntur
3268 3507 3289 3535 ,
3314 3469 3760 3538 quamvisusque

2164 3553 2216 3606 in
2262 3553 2423 3608 finem
2458 3556 2580 3609 vita:
2620 3555 2776 3624 hujus
2813 3555 3226 3626 flagitiosissimo
3253 3570 3308 3614 et
3334 3560 3757 3616 sceleratissime

2162 3645 2428 3711 vixerint,
2471 3647 2538 3700 de
2581 3647 2752 3714 poenis
2792 3647 3069 3703 ultricibus
3119 3650 3391 3715 exituros,
3437 3649 3757 3706 familiarius

2162 3749 2340 3789 meum
2384 3736 2552 3806 tangit
2588 3737 2834 3791 allectum
2854 3777 2869 3801 ,
2909 3753 3068 3805 quem
3101 3738 3359 3794 habemus
3385 3755 3507 3810 erga
3534 3756 3630 3796 eos
3656 3745 3773 3811 qui

2163 3824 2438 3878 nobiseum
2483 3825 2727 3896 corporis
2767 3834 2822 3881 et
2862 3828 3134 3897 sanguinis
3171 3827 3368 3884 Christi
3405 3830 3764 3886 Sacramenta-

2162 3915 2593 3979 communicant;
2629 3916 2870 3985 quamvis
2894 3931 3078 3971 eorum
3105 3932 3282 3973 mores
3311 3919 3552 3987 perditos
3567 3921 3760 3976 oderi'

2162 4020 2282 4060 mus
2304 4045 2320 4071 ,
2349 4020 2484 4074 quos
2507 4005 2786 4075 disciplina
2807 4007 3166 4062 ecclesiastica
3189 4009 3474 4063 emendare
3496 4025 3600 4064 non
3630 4027 3761 4079 pos-

2163 4109 2349 4150 sumus
2370 4135 2384 4160 ,
2413 4104 2506 4150 aut
2523 4111 2552 4148 a
2572 4111 2757 4152 mensa
2782 4095 3046 4151 dominica
3075 4112 3322 4166 separare
3351 4117 3364 4152 :
3394 4099 3487 4154 sed
3512 4115 3573 4154 ea
3601 4101 3762 4155 veri—

2161 4193 2270 4239 tate
2291 4185 2313 4216 ³
2354 4185 2494 4239 vinci
2535 4186 2655 4239 volo
2671 4227 2685 4250 ,
2719 4202 2836 4255 qua.
2857 4188 3022 4241 sacris
3041 4187 3254 4242 Litteris
3272 4190 3622 4257 apertissimis
3643 4206 3758 4246 non

2162 4276 2378 4330 resistit.
2420 4275 2535 4330 Non
2576 4276 2718 4330 enim
2757 4293 2875 4346 qua:
2911 4278 3146 4343 resistit,
3174 4279 3395 4334 dicenda
3420 4288 3502 4333 est
3531 4279 3634 4333 ulla
3665 4296 3762 4334 ra-

2163 4367 2308 4420 tione
2340 4366 2570 4431 veritas,
2603 4366 2687 4421 vel
2718 4366 2968 4435 putanda.
3002 4367 3106 4422 Sed
3135 4367 3344 4422 interim
3371 4367 3543 4423 donec
3564 4368 3759 4424 audia—

2160 4470 2280 4510 mus
2307 4456 2410 4510 tale
2435 4456 2638 4526 aliquid
2667 4466 2756 4512 aut
2784 4459 3054 4527 legamus,
3083 4460 3446 4514 auscultemus
3474 4460 3521 4514 ei
3552 4461 3642 4530 qui
3671 4462 3762 4515 di-

2160 4547 2270 4610 cit,
2316 4545 2492 4601 Nolite
2532 4564 2746 4613 errare;
2789 4565 2946 4616 neque
2985 4551 3348 4620 fornicatores,
3400 4567 3556 4620 neque
3584 4548 3762 4608 idolis

2159 4637 2458 4703 servientes,
2503 4646 2634 4702 etc.,
2655 4653 2864 4708 regnum
2893 4638 2986 4692 Dei
3013 4639 3357 4709 possidebunt.
3389 4638 3518 4706 Quia
3548 4641 3592 4694 si
3625 4641 3760 4698 talia

2159 4736 2314 4791 sunt,
2346 4744 2465 4796 qum
2489 4739 2672 4783 contra
2701 4730 2948 4785 dicuntur
2967 4771 2981 4796 ,
3010 4740 3067 4785 ut
3089 4731 3277 4785 horutn
3305 4733 3584 4788 verborum
3614 4749 3760 4802 apo-

2160 4819 2473 4873 stolictirum
2519 4820 2995 4875 manifestationcm
3047 4823 3098 4875 in
3143 4823 3276 4876 alios
3319 4838 3508 4878 sensus
3550 4823 3760 4881 ducere

2162 4920 2457 4976 nequeant,
2491 4911 2730 4978 profecto
2753 4913 3010 4967 adversus
3041 4928 3102 4966 ea
3135 4930 3232 4966 nos
3259 4915 3538 4976 instruxit,
3570 4926 3626 4968 et
3655 4933 3759 4984 pa-

2168 5010 2312 5054 ratos
2357 5015 2475 5055 esse
2512 5002 2679 5056 voluit
2719 5003 2856 5058 idem
2882 5005 3153 5071 apostolus
3178 5005 3409 5060 dicens:
3442 5005 3554 5058 Hoc
3581 5016 3759 5060 autem

2159 5092 2334 5146 scitote
2374 5092 2711 5162 intelligentes
2744 5135 2760 5160 ,
2803 5097 3043 5164 quoniam
3087 5098 3249 5151 omnis
3289 5100 3567 5167 fornicator
3595 5141 3610 5164 ,
3661 5112 3758 5154 aut

2160 5181 2449 5238 immundus
2470 5224 2484 5246 ,
2514 5195 2606 5236 aut
2631 5201 2813 5238 avarus
2829 5227 2843 5250 ,
2868 5188 3002 5256 quod
3021 5198 3092 5241 est
3120 5188 3372 5241 idolorum
3393 5191 3622 5253 servitus,
3647 5207 3758 5245 non

2163 5273 2308 5326 habet
2333 5273 2671 5326 hwreditatem
2696 5275 2747 5327 in
2773 5292 2928 5345 regno
2949 5276 3131 5331 Christi
3155 5287 3202 5330 et
3231 5276 3324 5332 Dei
3344 5319 3361 5343 ,
3393 5294 3536 5331 nemo
3561 5295 3646 5333 vos
3672 5297 3760 5335 se-

2161 5364 2309 5417 ducat
2343 5365 2573 5418 inanibus
2607 5366 2764 5418 verbis
2791 5365 3009 5439 (Ephes.
3035 5385 3098 5434 v,
3123 5369 3156 5424 5
3177 5410 3192 5434 ,
3225 5369 3304 5440 6).
3337 5369 3470 5425 Cum
3497 5386 3624 5441 ergo
3653 5387 3757 5426 au-

2159 5454 2416 5510 dierimus
2437 5455 2691 5524 quosdam
2721 5457 3092 5526 fornicatores,
3117 5469 3170 5516 et
3198 5460 3524 5529 immundos,
3547 5473 3600 5517 ct
3619 5479 3755 5518 ava-

2160 5587 2341 5699 αἰέῃῗέε
2375 5588 2604 5640 meliores
2641 5597 2748 5641 tum.
2774 5597 2830 5640 At
2869 5591 3005 5652 editi;
3049 5589 3254 5644 similem
3294 5605 3360 5646 ea:
3399 5594 3644 5660 Evargelii
3680 5599 3756 5650 le-

2227 5714 2246 5776 f
2271 5713 2403 5766 mliti.
2431 5719 2475 5761 et
2499 5710 2542 5762 si
2564 5711 2760 5776 plurimi
2782 5712 3022 5775 temporis.
3048 5715 3365 5767 Fmendantur
3389 5732 3452 5768 ex
3470 5725 3578 5768 Mss.

2227 5774 2338 5840 asin
2377 5782 2478 5842 atss.
2528 5774 2643 5842 rziliti
2687 5774 2922 5832 antenna
2956 5776 3146 5842 ueritate
3176 5777 3302 5829 vinci
3329 5793 3346 5830 :
3371 5790 3422 5831 et
3461 5784 3580 5832 inira
3625 5781 3749 5842 loco,

2164 5837 2476 5898 apertissimi,
2496 5876 2508 5897 ,
2537 5839 2797 5896 hauebant,
2822 5839 3139 5897 «perlitatae.
