3956 6548
526 331 626 386 165

520 442 809 514 ceptaeulis
835 452 1089 501 evocare;
1132 449 1306 490 nonne
1331 434 1496 503 magis
1523 433 1820 486 mirandum
1849 439 1928 482 est
1957 427 2096 497 quod

522 543 734 590 satanas
756 533 925 601 ipsum
949 528 1225 581 Dominmn
1251 525 1538 592 assumpsit
1561 533 1613 577 et
1639 521 1914 575 constituit
1941 535 2101 588 super

517 627 738 696 pinnam
769 623 945 690 templi
991 619 1200 690 (Matth.
1229 633 1311 679 tv,
1347 617 1443 686 5)?
1477 614 1725 680 Quolibet
1761 614 1899 667 enim
1944 612 2101 664 modo

521 715 737 777 fecerit,
781 715 867 767 ille
893 712 1050 767 etiam
1080 710 1267 763 modus
1296 723 1400 777 quo
1428 705 1660 760 Samueli
1694 705 1885 758 factum
1920 711 2004 758 est
2046 711 2102 755 ut

527 808 878 867 excitaretur,
909 804 1152 857 similiter
1182 801 1328 853 latet.
1359 799 1466 852 Nisi
1496 796 1629 851 forte
1654 796 1771 865 quis
1801 794 2000 850 dixerit
2027 793 2104 846 fa-

523 897 764 951 ciliorem
792 895 1005 949 diabolo
1033 892 1195 946 fuisse
1220 890 1484 944 licentiam
1512 887 1574 939 ad
1609 887 1884 939 Domimnu
1921 885 2099 936 vivmn

525 987 666 1042 unde
699 984 866 1039 voluit
906 980 1315 1043 assumendum,
1357 987 1409 1033 et
1448 977 1533 1031 ubi
1573 975 1740 1029 voluit
1775 973 2100 1028 constituen-

524 1079 688 1144 dum,
719 1091 876 1146 quam
907 1074 970 1126 ad
997 1071 1257 1127 Samuelis
1284 1068 1511 1123 defuncti
1545 1067 1783 1136 Spiritum
1815 1080 1842 1115 a
1879 1063 1990 1117 suis
2015 1077 2102 1115 se-

526 1169 682 1222 dibus
702 1165 1062 1220 excitandum.
1085 1161 1236 1228 Quod
1261 1161 1305 1214 si
1334 1159 1456 1214 illud
1483 1161 1534 1212 in
1562 1157 1842 1227 livaugelio
1867 1172 1960 1209 nos
1984 1154 2104 1208 ideo

528 1273 634 1314 non
674 1257 971 1327 perturbat,
1006 1255 1122 1324 quia
1168 1254 1421 1308 Dominus
1463 1251 1628 1304 voluit
1670 1258 1828 1318 atque
1867 1247 2106 1318 permisit

448 1391 460 1415 ,.
527 1351 668 1406 nulla
696 1347 1046 1403 diminutione
1072 1361 1181 1400 sua:
1206 1344 1480 1415 potestatis
1504 1350 1558 1397 et
1577 1340 1864 1394 divinitatis
1885 1339 1935 1392 id
1959 1338 2102 1402 ﬁeri;

431 1423 446 1438 ”
527 1442 665 1496 sicut
693 1441 761 1517 ab
787 1439 915 1509 ipsis
941 1437 1160 1501 .ludzris,
1189 1449 1487 1507 quanquam
1517 1433 1781 1504 perversis
1815 1441 1973 1500 atque
2007 1431 2106 1483 im-

526 1535 741 1590 mundis
768 1544 822 1588 et
850 1532 984 1587 facta
1010 1531 1205 1586 diaboli
1245 1528 1591 1590 facientibus,
1619 1533 1673 1580 et
1712 1523 1881 1579 teneri
1920 1538 2010 1588 se,
2053 1532 2108 1577 et

527 1627 738 1692 vinciri,
760 1634 816 1680 et
837 1624 1004 1690 illudi,
1027 1633 1079 1678 et
1100 1621 1333 1692 cruciﬁgi
1355 1629 1512 1690 atque
1535 1617 1757 1672 interlici
1787 1629 1970 1685 passus
1991 1622 2103 1667 est:

529 1734 635 1773 non
681 1727 763 1772 est
804 1715 1090 1769 absurdum
1134 1711 1353 1767 credere
1395 1726 1460 1765 ex
1498 1709 1672 1778 aliqua
1714 1705 2108 1776 dispensatione

525 1807 720 1862 divinat
761 1805 1046 1859 voluntatis
1083 1803 1401 1870 permissum
1438 1798 1628 1864 fuisse,
1673 1809 1730 1851 ιιι
1770 1811 1872 1850 non
1915 1795 2109 1849 invitus

529 1915 628 1956 nec
651 1897 960 1954 dominante
985 1907 1143 1966 atque
1171 1895 1484 1962 subjugante
1511 1890 1710 1960 magica
1737 1890 1989 1958 potentia,
2013 1884 2106 1940 sed

526 1991 712 2045 volens
749 1997 907 2058 atque
933 1988 1309 2056 obtemperans
1337 1982 1558 2037 occulta:
1584 1977 1964 2048 dispensationi
1993 1976 2104 2042 Dei,

527 2099 647 2155 quae
673 2087 725 2138 et
752 2081 1114 2152 pythonissam
1146 2079 1286 2131 illam
1309 2085 1366 2131 et
1386 2074 1599 2130 Saﬁlem
1627 2071 1854 2136 latebat,
1878 2084 2107 2124 consen-

529 2173 652 2227 tiret
680 2174 896 2242 spiritus
936 2171 1213 2239 Propheta:
1255 2167 1421 2222 sancti
1464 2180 1524 2220 se
1561 2163 1768 2218 ostendi
1805 2159 2108 2230 aspectibus

527 2263 702 2334 regis,
729 2262 904 2315 divina
947 2277 1067 2316 eum
1112 2259 1370 2314 sententia
1411 2270 1779 2326 percussurus.
1820 2253 1927 2308 Cur
1965 2253 2106 2307 enim

524 2354 699 2407 anima
731 2353 852 2405 boni
881 2351 1112 2405 hominis
1131 2393 1146 2413 ,
1175 2366 1203 2403 a
1230 2350 1385 2404 malis
1412 2348 1544 2401 vivis
1571 2356 1786 2401 evocata
1816 2345 1861 2398 si
1881 2343 2104 2406 venerit,

522 2446 770 2501 amittere
799 2443 1037 2496 videatur
1066 2441 1372 2509 dignitatem
1403 2453 1588 2500 suam;
1620 2451 1740 2489 cum
1777 2445 1830 2487 et
1859 2434 1962 2486 vivi
1991 2433 2103 2501 plc-

525 2550 747 2603 rumque
785 2533 909 2586 boui
947 2533 1114 2584 vocati
1143 2529 1208 2582 ad
1236 2530 1402 2582 malos
1427 2527 1673 2588 veniant,
1707 2531 1761 2577 et
1798 2532 1955 2592 agant
1984 2537 2105 2575 cum

525 2628 606 2683 eis
647 2625 786 2697 quod
825 2623 1059 2678 officium
1102 2622 1333 2690 postulat
1370 2619 1664 2689 aequitatis,
1707 2626 1915 2670 servato
1950 2625 2106 2684 atque

525 2721 842 2774 illCOltCUSSt)
869 2717 1062 2771 decore
1086 2714 1294 2768 virtutis
1315 2729 1456 2776 suzc,
1497 2721 1548 2764 et
1585 2712 1793 2764 illorum
1828 2710 1969 2762 vitiis
2006 2723 2103 2778 pro

523 2825 700 2865 rerum
729 2809 1067 2878 praesentium
1103 2805 1182 2859 vel
1224 2821 1320 2858 usu
1356 2803 1440 2857 vel
1473 2802 1788 2857 necessitate
1827 2801 2106 2854 tractatis?

594 2903 647 2957 5.
683 2920 702 2951 ‹
733 2901 1040 2968 Quanquam
1073 2898 1122 2951 in
1159 2896 1259 2950 hoc
1298 2894 1435 2948 facto
1467 2902 1639 2962 potest
1668 2907 1788 2947 esse
1817 2892 1950 2946 alius
1977 2891 2103 2945 faci-

523 2992 626 3046 lior
654 2991 828 3045 exitus
855 2999 909 3044 et
935 2987 1228 3059 expeditior
1254 2987 1556 3041 intellectus
1575 3025 1589 3050 ,
1622 2993 1677 3037 ut
1708 2999 1812 3036 non
1843 2997 1968 3036 vere
1997 2982 2105 3052 Spi-

522 3085 681 3140 ritum
703 3082 966 3138 Samuelis
991 3081 1274 3135 excitatum
1303 3094 1332 3132 a
1360 3078 1540 3147 requie
1565 3091 1659 3131 sua
1682 3075 1982 3137 credamus,
2009 3074 2103 3128 sed

521 3174 734 3245 aliquod
765 3173 1095 3243 phantasma,
1118 3182 1168 3226 et
1197 3169 1559 3240 imaginariam
1585 3168 1884 3221 illusionem
1905 3165 2102 3220 diaboli

521 3265 1002 3321 machinationibus
1045 3263 1270 3325 factam,
1311 3276 1469 3330 quam
1515 3268 1789 3328 propterea
1830 3256 2100 3326 Scriptura

519 3355 738 3410 nomine
763 3353 1024 3409 Samuelis
1062 3352 1320 3421 appellat,
1352 3349 1472 3419 quia
1503 3350 1677 3403 solent
1716 3348 1972 3418 imagines
2011 3363 2101 3402 re-

517 3464 635 3505 rum
679 3463 860 3503 earum
905 3445 1205 3501 nominibus
1247 3442 1534 3513 appellari,
1575 3456 1798 3511 quarum
1844 3441 2102 3511 imagines

517 3549 660 3596 sunt.
691 3540 838 3594 Sicut
865 3539 1040 3593 omnia
1070 3554 1188 3607 qua:
1229 3536 1515 3605 pinguntur
1543 3544 1699 3604 atque
1743 3533 2008 3603 finguntur
2033 3550 2099 3587 ex

513 3633 688 3701 aliqua
717 3632 939 3686 materie
967 3629 1168 3683 metalli
1195 3637 1285 3681 aut
1310 3627 1457 3696 ligni,
1481 3625 1568 3679 vel
1588 3626 1843 3694 cujusque
1867 3625 1941 3679 rei
1963 3635 2100 3694 apta:

513 3721 582 3775 ad
607 3737 769 3791 opera
798 3719 1098 3788 hnjnsmodi
1118 3760 1132 3782 ,
1161 3733 1383 3788 qumque
1411 3716 1569 3770 etiam
1599 3717 1845 3770 videntur
1873 3718 1924 3770 in
1951 3733 2096 3771 som-

516 3812 632 3873 nis,
672 3819 726 3865 et
761 3825 949 3864 etnnes
985 3810 1096 3864 fere
1136 3809 1424 3877 imagines,
1458 3823 1640 3862 earum
1667 3825 1846 3862 rerum
1875 3823 2095 3879 quarum

516 3905 770 3973 imagines
801 3911 924 3955 sunt
946 3943 959 3967 ,
990 3900 1245 3970 appellari
1290 3900 1594 3954 nominibus
1632 3899 1826 3954 solent.
1857 3900 1987 3967 Quis
2016 3911 2098 3953 est

514 3995 655 4048 enim
686 3993 772 4064 qui
802 3992 1070 4046 hominem
1111 3992 1306 4058 pictum
1336 3989 1542 4044 dubitet
1570 4005 1761 4044 vocare
1791 3989 2097 4043 hominem?

513 4084 949 4156 Quandoquidem
993 4092 1047 4138 et
1088 4081 1414 4151 singulorum
1462 4095 1793 4150 quorumth
1836 4081 2093 4151 picturam

511 4195 634 4235 cum
661 4177 947 4247 aspicimus
966 4218 981 4240 ,
1011 4173 1225 4244 propria
1255 4187 1464 4242 quoque
1491 4171 1703 4226 nomina
1732 4172 2096 4225 incunctanter

510 4270 824 4325 adhibemus
856 4284 870 4320 :
902 4266 1047 4321 velut
1079 4280 1201 4319 cum
1244 4265 1508 4318 intuentes
1545 4264 1774 4317 tabulam
1804 4270 1895 4316 aut
1923 4263 2097 4331 parie-

511 4371 649 4423 tem,
697 4359 962 4424 dicimus,
994 4356 1085 4411 llle
1125 4356 1311 4410 Cicero
1353 4363 1470 4418 est,
1519 4355 1604 4408 ille
1643 4353 1956 4420 Sallustius,
2006 4353 2094 4409 ille

509 4452 763 4515 Achilles,
795 4449 882 4504 ille
913 4449 1127 4513 Hector,
1158 4447 1260 4501 hoc
1290 4445 1488 4500 ﬂumen
1514 4445 1728 4507 Simois,
1771 4443 1857 4498 illa
1890 4444 2090 4510 Roma;

506 4562 626 4601 cum
655 4544 797 4599 aliud
828 4543 953 4597 nihil
980 4545 1087 4597 sint
1110 4558 1268 4611 quam
1300 4541 1453 4610 pictae
1481 4539 1755 4608 imagines.
1784 4537 1936 4592 Unde
1959 4538 2094 4592 Che-

507 4637 678 4690 rubim
708 4651 830 4689 cum
870 4636 976 4688 sint
1013 4634 1260 4688 etelestes
1298 4641 1619 4699 potestates,
1655 4628 1774 4682 ﬁcta
1815 4637 1988 4682 tamen
2025 4644 2091 4684 ex

508 4729 760 4794 metallo,
790 4727 931 4796 quod
974 4726 1251 4794 imperavit
1293 4724 1462 4790 Deus,
1494 4739 1655 4792 super
1687 4738 1863 4775 arcam
1901 4721 2088 4776 Testa--

506 4820 694 4882 menti,
719 4833 922 4888 magna:
948 4817 1023 4870 rei
1047 4814 1405 4885 signilicandm
1427 4815 1614 4883 gratia,
1646 4829 1747 4866 non
1771 4813 1908 4866 aliud
1931 4828 2088 4881 quam

503 4911 792 4966 Clternbim
815 4909 899 4962 illa
919 4923 1126 4977 quoque
1151 4907 1398 4975 ﬁgmenta
1420 4907 1716 4958 vocitantur
1741 4903 1932 4972 (Exod.
1961 4919 2084 4966 xxv.

507 5002 620 5065 18).
653 5000 782 5054 Item
812 4997 1051 5068 quisquis
1095 4997 1237 5051 videt
1279 4996 1578 5057 somnium,
1626 5012 1728 5048 non
1771 4994 1925 5057 dicit,
1970 4994 2084 5048 Vidi

506 5092 791 5161 imaginem
826 5089 1102 5159 Augustini
1138 5097 1228 5142 aut
1265 5087 1624 5158 Simpliciani;
1666 5087 1793 5151 sed,
1831 5087 1944 5140 Vidi
1976 5088 2086 5140 Au-

501 5183 768 5253 gustinum
795 5189 886 5235 aut
903 5179 1302 5250 Simplicianum
1327 5196 1341 5231 :
1367 5193 1488 5233 cum
1510 5194 1573 5232 eo
1597 5189 1834 5247 tempore
1853 5193 1960 5248 quo
1981 5179 2086 5233 tale

501 5275 697 5343 aliquid
744 5273 906 5337 vidit,
950 5286 1049 5327 nos
1095 5273 1497 5343 ignoraremus;
1530 5285 1696 5340 usque
1733 5271 1866 5324 adeo
1910 5269 2084 5323 mani—

500 5366 691 5420 festum
719 5375 835 5429 est,
862 5380 968 5419 non
996 5365 1138 5434 ipsos
1165 5363 1408 5418 homines
1427 5406 1442 5428 ,
1473 5363 1564 5418 sed
1606 5364 1860 5433 imagines
1897 5378 2081 5417 eorum

498 5455 690 5512 videri.
719 5456 784 5510 Et
809 5455 1018 5511 Pharao
1045 5457 1219 5526 spicas
1247 5471 1304 5510 se
1338 5454 1472 5509 dixit
1496 5454 1692 5509 vidisse
1719 5456 1770 5508 in
1799 5455 2001 5509 somnis
2029 5464 2082 5508 et

500 5549 664 5604 boves
712 5546 862 5620 (Gen.
902 5563 1022 5612 xu,
1066 5544 1287 5618 17-24),
1335 5562 1440 5600 non
1483 5547 1744 5616 spicarum
1790 5557 1882 5600 aut
1920 5547 2078 5599 boum

499 5644 776 5713 imagines.
805 5641 861 5695 Si
889 5641 1046 5710 igitur
1074 5639 1273 5710 liquido
1310 5650 1517 5696 constat
1559 5640 1859 5693 nominilms
1895 5654 2078 5694 earum

498 5749 675 5791 rerum
709 5749 931 5806 quarum
971 5733 1226 5804 imagines
1265 5742 1416 5801 sunt,
1444 5732 1655 5787 easdem
1696 5733 1950 5800 imagines
1979 5749 2077 5802 ap-

1286 320 1372 374 DE
1409 318 1585 372 OCTO
1626 313 1913 370 DULClTll
1953 308 2487 378 QUzESTlONlBUS.
2519 315 2573 370 S.
2625 314 2989 372 AUGUSTINI

3695 321 3834 375 184

2208 427 2426 494 pellari;
2471 445 2572 484 non
2605 436 2794 486 mirum
2825 443 2906 488 est
2931 433 3068 502 quod
3101 433 3372 504 Scriptura
3405 436 3536 492 dicit
3567 435 3833 495 Samue-

2206 518 2307 573 letn
2338 521 2540 585 visum,
2590 524 2795 578 etiamsi
2839 525 2973 578 forte
3012 525 3183 594 imago
3221 525 3481 582 Samuelis
3519 531 3832 598 apparuit.

2206 612 2631 668 machinamento
2674 616 2786 683 ejus
2823 618 2912 686 qui
2954 618 3289 688 transfigurat
3331 636 3389 675 se
3431 621 3580 674 velut
3627 638 3833 689 ange-

2207 705 2316 759 lum
2347 707 2504 770 lucis,
2540 717 2591 761 et
2620 709 2888 763 ministros
2917 724 3044 765 suos
3082 711 3228 765 velut
3264 712 3536 767 ministros
3570 713 3832 782 jtlslili:?

2207 796 2274 865 (ll
2302 797 2418 853 Cor.
2447 814 2520 861 χι,
2555 800 2638 861 id,
2672 800 2776 867 15).

2276 888 2330 941 4.
2364 907 2382 939 ι
2415 888 2659 942 Jamvero
2689 889 2730 944 si
2766 890 2889 944 illud
2922 900 3114 954 movet,
3147 892 3415 962 quomodo
3461 903 3516 948 et
3546 910 3578 948 a
3639 896 3826 948 ntali-

2205 992 2310 1046 gno
2349 979 2533 1047 spiritu
2563 977 2708 1034 Sauli
2739 997 2858 1034 vera
2907 982 3152 1048 prmdicta
3179 993 3338 1048 sunt;
3377 993 3554 1054 potest
3581 995 3644 1039 et
3677 985 3829 1039 illud

2209 1069 2397 1120 mirum
2416 1068 2600 1131 videri,
2655 1071 2922 1139 quomodo
2971 1071 3242 1127 daamoues
3285 1075 3603 1141 agnoverint
3632 1075 3824 1130 Chri-

2208 1165 2345 1210 stum
2379 1162 2396 1228 (
2426 1157 2608 1211 Matth.
2651 1175 2761 1222 vnt,
2787 1159 2858 1214 29
2893 1165 2930 1229 ),
2957 1177 3115 1232 quem
3159 1162 3325 1218 Judazi
3374 1181 3478 1218 non
3521 1180 3824 1237 agnosce-

2206 1245 2352 1300 bant.
2381 1245 2509 1301 Cum
2531 1249 2673 1302 enim
2696 1251 2804 1303 vult
2833 1251 2971 1304 Deus
2991 1251 3147 1305 etiam
3163 1268 3256 1321 per
3276 1253 3486 1309 infimos
3517 1253 3823 1326 infernos-

2209 1353 2310 1408 que
2331 1339 2547 1408 Spiritus
2567 1342 2791 1411 aliquem
2811 1359 2932 1396 vera
2951 1359 3294 1414 cognoscere,
3317 1349 3640 1416 temporalia
3664 1348 3823 1402 dun-

2210 1438 2353 1486 taxat
2379 1443 2537 1502 atque
2562 1432 2626 1486 ad
2673 1429 2822 1488 istam
2851 1437 3222 1492 mortalitatem
3267 1437 3610 1506 pertinentia,
3644 1439 3822 1496 facile

2209 1532 2311 1590 est,
2340 1533 2393 1578 et
2431 1540 2535 1578 non
2587 1525 2960 1596 incongruum,
2995 1538 3053 1580 ut
3079 1528 3414 1598 omnipotens
3441 1539 3494 1583 et
3519 1530 3717 1599 justus
3746 1533 3822 1588 ad

2210 1631 2393 1670 eorum
2444 1633 2675 1686 ptenam,
2715 1619 2906 1690 quibus
2941 1620 3038 1674 ista
3081 1620 3457 1689 przedicuntur,
3491 1632 3551 1678 ut
3591 1625 3820 1680 malum

2211 1708 2351 1778 quod
2405 1709 2482 1763 eis
2529 1711 2820 1779 impendet,
2879 1719 3159 1782 antequam
3190 1715 3358 1767 veniat
3403 1718 3821 1782 prtenoscendo

2212 1804 2515 1870 patiantur,
2558 1804 2765 1857 occulto
2817 1816 3069 1874 apparatu
3121 1805 3534 1861 ministeriorum
3575 1823 3820 1864 suorum

2211 1894 2369 1947 etiam
2397 1894 2676 1963 Spiritibus
2699 1895 2887 1949 talibus
2908 1895 3104 1965 aliquid
3135 1896 3474 1952 divinationis
3499 1898 3816 1968 impertiat,

2213 1994 2270 2038 ut
2298 1985 2436 2054 quod
2455 1986 2673 2039 audiunt
2709 1987 2775 2041 ab
2805 1987 3042 2057 Angelis,
3084 1989 3436 2056 praanuntient
3464 1990 3816 2046 hominibus.

2213 2075 2438 2131 Tantum
2480 2087 2654 2131 autem
2709 2078 2947 2142 audiunt,
2990 2090 3240 2148 quantum
3268 2082 3504 2136 omnium
3533 2082 3820 2138 Dominus

2210 2177 2366 2238 atque
2391 2170 2689 2222 moderator
2720 2171 2796 2221 vel
2820 2170 2966 2237 jubet
2993 2171 3074 2224 vel
3095 2171 3238 2226 sinit.
3259 2170 3411 2227 Unde
3429 2173 3597 2227 etiam
3647 2176 3819 2242 spiri-

2211 2267 2295 2311 tus
2327 2257 2607 2329 pythonius
2638 2259 2686 2312 iu
2706 2260 2917 2313 Actibus
2945 2261 3313 2330 Apostolorum
3339 2269 3626 2316 attestatur
3653 2264 3812 2317 Pau-

2211 2349 2264 2402 lo
2301 2349 2541 2418 apostolo
2569 2391 2584 2417 ,
2639 2359 2691 2404 ct
2732 2351 3050 2419 evangelista
3095 2367 3215 2406 esse
3255 2352 3516 2420 conatur(
3537 2352 3659 2405 Act.
3693 2371 3815 2420 xvi,

2211 2442 2277 2494 i7
2366 2443 2585 2496 Miscent
2614 2453 2787 2495 tamen
2814 2443 2895 2496 i~ti
2924 2443 3177 2509 fallacias,
3203 2452 3257 2498 et
3283 2459 3462 2498 verum
3495 2445 3641 2514 quod
3673 2462 3812 2499 nos-

2210 2546 2268 2585 se
2295 2534 2578 2601 potuerinl,
2610 2549 2711 2586 non
2735 2532 2960 2587 docendi
2989 2535 3152 2602 magis
3183 2533 3662 2603 quamdecipiendi
3702 2536 3815 2590 ﬁne

2212 2625 2583 2693 prtcnuutiant.
2617 2625 2683 2677 Et
2730 2627 2862 2678 forte
2892 2624 2991 2678 hoc
3033 2632 3115 2678 est
3165 2624 3305 2693 quod
3330 2639 3449 2678 cum
3480 2626 3568 2679 illa
3620 2626 3816 2695 imago

2208 2715 2467 2769 Samuelis
2513 2716 2724 2770 Saﬁlem
2767 2714 3078 2784 praediceret
3107 2715 3440 2778 moriturum,
3473 2716 3608 2770 dixit
3633 2719 3813 2772 etiam

2208 2821 2388 2860 secum
2411 2806 2639 2860 futurum
2667 2825 2678 2859 :
2711 2807 2848 2876 quod
2873 2807 3050 2876 utique
3077 2807 3260 2860 l'alsum
3283 2814 3382 2861 est.
3414 2807 3608 2878 Magno
3629 2814 3810 2879 quip-

2208 2911 2273 2964 pe
2298 2895 2576 2948 intervallo
2622 2910 2739 2964 post
2787 2905 3010 2950 mortem
3049 2897 3290 2966 separari.
3309 2896 3520 2951 bonosa
3547 2899 3720 2952 malis
3755 2901 3809 2952 in

2209 2989 2493 3058 Evangelio
2521 2991 2761 3060 legimus,
2804 3007 2921 3044 ctua
2956 2991 3206 3045 Dominus
3234 2991 3368 3045 inter
3392 2991 3693 3060 superbum
3742 2996 3811 3047 il-

2206 3079 2314 3134 lum
2335 3081 2574 3144 divitem,
2612 3097 2730 3134 cum
2753 3082 2862 3150 jam
2888 3081 3026 3152 apud
3059 3081 3256 3136 inferos
3277 3091 3536 3136 tormenta
3562 3093 3799 3152 patere-

2207 3183 2311 3241 tur,
2341 3183 2395 3228 et
2440 3174 2583 3230 illum
2615 3176 2705 3243 qui
2751 3175 2816 3227 ad
2851 3175 2966 3242 ejus
2987 3175 3202 3243 januam
3234 3176 3511 3230 ulcerosus
3544 3175 3799 3245 jacebat,

2200 3263 2308 3334 jam
2343 3265 2393 3318 in
2425 3265 2607 3334 requie
2644 3265 3011 3330 constitutum,
3067 3281 3314 3334 magnum
3353 3266 3516 3319 chaos
3567 3267 3807 3335 intcrje-

2203 3366 2345 3432 ctum
2367 3371 2484 3410 esse
2513 3355 2771 3427 testatur(
2800 3353 2927 3408 an.
2970 3371 3076 3417 xvr,
3103 3356 3172 3410 26
3201 3357 3242 3426 ).
3273 3356 3377 3408 Aut
3405 3356 3451 3410 si
3499 3367 3803 3427 prepterea

2204 3447 2417 3502 Samuel
2438 3445 2580 3502 Sat'tli
2608 3446 2757 3504 dixit.
2796 3445 2994 3499 Mecum
3027 3447 3144 3512 eris,
3174 3456 3229 3498 ut
3255 3460 3356 3500 non
3395 3445 3458 3498 ad
3505 3447 3801 3516 tequalita-

2203 3547 2308 3593 tem
2332 3538 2614 3602 felicitatis,
2656 3539 2746 3590 sed
2771 3538 2832 3590 ad
2860 3554 3035 3606 parem
3057 3537 3409 3591 conditionem
3438 3540 3632 3593 mortis
3651 3541 3806 3595 refe-

2202 3623 2369 3699 ratur,
2404 3633 2543 3702 quod
2573 3640 2795 3700 uterque
2818 3631 2973 3683 homo
2994 3629 3170 3697 fuerit,
3189 3640 3242 3685 ct
3267 3638 3489 3698 uterque
3517 3633 3656 3685 mori
3689 3649 3797 3700 po-

2203 3724 2381 3789 tuerit,
2416 3723 2629 3791 jamque
2673 3733 2915 3776 nun-tuus
2947 3731 3168 3774 mortem
3201 3723 3321 3774 vivo
3347 3723 3756 3790 praatntutiabat
3790 3745 3802 3786 ;

2201 3813 2471 3883 perspicit,
2499 3805 2748 3882 quzmtum
2793 3806 3002 3882 opinor,
3038 3811 3312 3880 prudentia
3345 3822 3452 3871 tua,
3481 3815 3798 3868 secundum

2201 3915 2484 3975 utrumque
2515 3906 2836 3958 intellectum
2860 3903 3055 3958 habere
3081 3903 3277 3957 exitum
3304 3903 3444 3956 illam
3466 3903 3798 3968 lectionem,

2199 3997 2288 4066 qui
2322 4013 2422 4048 non
2455 3997 2523 4049 sit
2572 4008 2752 4051 contra
2799 3995 2956 4050 ﬁdem
2994 4014 3006 4050 :
3046 3997 3145 4050 nisi
3199 3996 3330 4049 fort:
3360 3994 3719 4065 profundiore
3748 4011 3804 4053 et

2202 4089 2532 4158 perpiexiore
2561 4091 2917 4156 inquisitione.
2960 4105 3076 4158 (ltltl:
3099 4090 3177 4142 vel
3206 4090 3394 4142 virium
3427 4105 3672 4142 mearum
3712 4094 3800 4146 vel

2202 4181 2454 4248 temporis
2492 4181 2700 4234 excellit
2747 4181 3037 4250 angustias,
3083 4179 3452 4232 inveniaturad
3487 4179 3794 4249 liquidum,

2200 4271 2278 4322 vel
2317 4285 2471 4339 posse
2511 4271 2591 4322 vel
2649 4286 2752 4322 non
2787 4285 2941 4339 posse
2967 4269 3196 4332 anituam
3223 4268 3529 4332 humanam,
3560 4285 3690 4323 cum
3724 4287 3795 4325 es

2199 4362 2297 4416 hac
2324 4363 2424 4416 vita
2483 4362 2803 4432 migraverit,
2861 4362 3075 4429 magicis
3123 4361 3448 4414 carminibus
3493 4371 3795 4416 evocatam

2197 4456 2436 4509 vivorum
2461 4471 2717 4525 apparere
2741 4455 3138 4524 conspectibas,
3171 4453 3328 4506 etiam
3357 4467 3466 4510 eor;
3488 4452 3601 4505 oris
3625 4453 3802 4507 linea-

2198 4558 2370 4602 menta
2413 4557 2730 4616 gestantem,
2761 4557 2816 4599 ut
2848 4564 2948 4598 non
2984 4546 3153 4598 solum
3187 4545 3348 4598 videri
3379 4544 3571 4605 valeat,
3604 4546 3705 4598 sed
3742 4557 3799 4599 ct

2195 4640 2428 4707 agnosci.
2458 4641 2515 4692 lit
2555 4639 2596 4690 si
2647 4649 2836 4706 potest,
2881 4649 3052 4692 utrum
3099 4639 3256 4691 etiam
3282 4637 3407 4706 justi
3439 4639 3641 4701 anima,
3677 4657 3796 4693 tmn

2195 4732 2404 4800 quidem
2435 4742 2652 4799 cogatur
2693 4730 2909 4798 magicis
2942 4730 3133 4796 sacris,
3167 4729 3259 4784 sed
3291 4729 3538 4799 dignetur
3565 4733 3795 4784 ostendi

2194 4823 2569 4875 occultiuriIms
2632 4821 2864 4890 imperiis
2919 4835 3140 4872 summa:
3185 4821 3314 4890 legis
3363 4820 3794 4890 obtemperans:

2195 4924 2246 4966 nt
2279 4915 2320 4967 si
2347 4913 2455 4966 licri
2489 4930 2592 4966 non
2622 4928 2776 4982 posse
2801 4913 3070 4979 claruerit,
3096 4928 3199 4966 non
3249 4924 3471 4980 uterque
3505 4926 3710 4967 sensus
3739 4917 3795 4969 in

2195 5006 2350 5074 hujus
2377 5005 2662 5074 Scripturze
2701 5004 3014 5058 tractatione
3042 5014 3197 5072 atque
3224 5003 3552 5073 expositione
3575 5003 3793 5056 admit—

2194 5106 2355 5161 tatur,
2377 5096 2469 5151 sed
2501 5097 2588 5148 illo
2618 5096 2850 5158 excluso,
2872 5095 3178 5162 imaginaria
3199 5095 3466 5148 simulatio
3496 5094 3786 5149 Samuelis

2190 5188 2452 5243 diabolico
2481 5189 2582 5241 ritu
2615 5188 2747 5241 facta
2777 5188 3115 5256 intelligatur.
3135 5187 3236 5240 Sed
3265 5186 3536 5256 quoniam,
3559 5186 3678 5238 sive
3717 5188 3753 5240 il
3772 5219 3790 5228 -

2189 5281 2276 5335 ind
2310 5281 2419 5334 ﬁeri
2448 5282 2635 5349 possit,
2678 5279 2790 5332 sive
2821 5295 2923 5332 non
2958 5279 3146 5348 possit,
3177 5287 3354 5332 tamen
3391 5278 3598 5331 fallacia
3630 5289 3791 5331 sata-

2191 5381 2456 5440 tneatque
2505 5371 2791 5439 imaginum
2841 5369 3258 5423 simulandarum
3295 5368 3482 5421 callida
3530 5371 3789 5436 operatio

2189 5461 2515 5530 decipiendis
2559 5461 2802 5514 Immanis
2847 5461 3090 5513 sensibus
3131 5459 3463 5513 tmtltii'ortnis
3508 5459 3782 5526 invigilat.

2191 5553 2511 5624 pedetentim
2542 5551 2774 5620 quidem,
2810 5567 2877 5603 ne
2904 5551 3785 5618 inquisitionilmsdiligentioribuv

2191 5645 2629 5715 prmscribamns,
2683 5642 2774 5695 si-d
2822 5652 2999 5695 tamen
3039 5644 3211 5710 potius
3254 5643 3618 5694 existimemus
3666 5645 3782 5696 tale

2188 5735 2381 5805 aliquid
2426 5734 2621 5789 factum
2651 5731 2877 5802 maligno
2907 5731 3227 5802 pythoniss'tc
3276 5732 3414 5786 illius
3444 5733 3777 5803 ministerio,
