3942 6416
196 247 274 303 165

187 356 391 433 quamdiu
408 350 544 407 nobis
568 341 764 415 aliquid
788 337 1011 408 amplius
1033 331 1505 433 excogitant-eatque

190 415 293 508 care
317 461 400 501 non
422 442 587 496 daturi
615 432 984 508 (Quintianum
1011 424 1078 478 ad
1104 419 1504 490 Simpliciamtm
1529 415 1618 470 lib.
1637 416 1695 481 9.,

191 547 338 611 quat.
359 537 384 587 5

254 596 412 682 5.11mi
429 627 540 672 sunt
566 628 687 684 quae
731 621 854 663 tunc
900 605 965 659 de
1017 602 1324 674 pytlionissa
1365 607 1422 652 et
1449 596 1702 650 Samuele

187 715 338 786 scripsi
361 715 392 763 '.
413 707 508 764 Sed
536 719 694 775 quam
726 715 826 754 non
871 696 1063 750 frustra
1093 690 1346 786 dixerim,
1377 685 1700 786 pedetentim

183 777 328 866 utsin
346 805 429 856 hac
451 815 512 854 re
537 806 686 866 gesta
738 789 1032 845 simulatam
1062 786 1081 816 ⁸
1108 780 1380 837 Samuelis
1411 777 1700 866 imaginem

181 898 366 966 maligno
407 887 729 962 pythonissa:
773 876 1066 935 ministerio
1097 876 1478 966 prtesentata-m
1519 865 1700 921 existi-

182 959 303 1042 mare
322 959 515 1044 debere,
537 994 608 1032 ne
632 969 1053 1043 iuquisitionibns
1087 959 1519 1032 diligentioribus
1564 973 1706 1026 pra:-

183 1080 447 1137 scriltamus;
474 1086 598 1127 mea
628 1064 882 1138 posterior
907 1059 1176 1130 inquisitio
1196 1052 1507 1116 declaravit,
1537 1067 1706 1121 quan-

183 1165 389 1226 doinveai
409 1166 457 1217 in
486 1162 620 1215 libro
657 1153 1048 1213 Ecclesiastico,
1081 1148 1170 1202 ubi
1202 1147 1390 1200 Patres
1417 1141 1703 1197 laudantur

177 1273 232 1312 ex
256 1256 432 1318 ordine,
490 1253 658 1320 ipsum
688 1242 988 1301 Samueletn
1019 1240 1098 1294 sic
1136 1235 1301 1291 fuisse
1327 1234 1618 1298 laudatum,
1651 1238 1710 1284 ut

163 1348 484 1422 prophetasse
536 1342 695 1396 etiam
746 1345 982 1390 mortuus
1033 1325 1346 1400 diceretur(
1375 1325 1535 1379 Eccli.
1563 1337 1704 1387 XLVI,

174 1416 233 1494 E25
251 1416 280 1502 )i.
308 1437 399 1492 Sed
421 1438 464 1488 si
491 1444 542 1488 ct
565 1432 684 1486 huic
712 1429 847 1482 libro
882 1441 950 1478 ex
977 1423 1346 1483 Hebraeorum,
1372 1418 1494 1488 quia
1521 1416 1574 1469 in
1605 1429 1698 1469 eo-

161 1547 269 1586 rum
296 1545 386 1582 non
413 1536 493 1582 est
523 1537 747 1584 canone,
776 1514 1206 1579 contradicitur;
1255 1509 1380 1579 quid
1419 1509 1486 1562 de
1530 1505 1709 1576 Moyse

165 1620 332 1676 dicturi
351 1632 540 1678 sumus,
569 1614 654 1682 qui
683 1621 828 1666 certe
867 1615 923 1661 et
949 1605 1001 1659 in
1031 1599 1443 1657 Deuterouomio
1472 1604 1714 1650 mortuus

173 1712 193 1774 (
215 1709 344 1763 Deut.
373 1723 540 1764 xxxiv.
568 1705 601 1758 5
627 1706 664 1772 ),
687 1711 741 1755 et
770 1701 822 1752 in
845 1693 1280 1764 Evangeliocum
1322 1689 1432 1743 Elia
1452 1687 1543 1758 qui
1568 1701 1713 1740 mor-

167 1777 386 1853 tuusnon
411 1806 504 1858 est,
549 1793 736 1864 legitur
779 1786 1102 1858 apparuisse
1144 1779 1445 1837 viventibus
1475 1778 1494 1847 (
1523 1775 1712 1830 Matth.

172 1891 412 1960 no.5)?

197 1981 390 2048 Qunsr.
436 1979 539 2032 ιιι.
562 2007 634 2048 -—_
657 1970 989 2048 Quomodo_
1014 1976 1245 2048 stuprum
1319 1961 1610 2017 Abimeleclt
1639 1969 1688 2016 et

609 2037 879 2098 Pharaonis
909 2037 1089 2109 eﬂ'ugit
1113 2037 1268 2090 Sara.

247 2141 301 2194 4.
324 2139 536 2208 Septima
560 2147 638 2191 tua
659 2133 938 2203 propositio
953 2138 1058 2194 est,
1085 2147 1102 2178 ι
1127 2127 1365 2194 Qualiter
1402 2122 1722 2178 satisfacien-

186 2230 336 2283 cdum
364 2231 422 2283 sit
441 2231 514 2282 eis
537 2227 620 2294 qni
637 2227 803 2278 dicunt
824 2221 1022 2277 Suram
1050 2227 1294 2287 stuprum
1324 2232 1426 2268 non
1446 2213 1716 2284 effugisse,

168 2339 197 2372 ‹
217 2336 326 2382 cum
350 2321 512 2372 dicant
547 2314 845 2370 Abimelech
873 2312 944 2366 ab
973 2310 1092 2378 ejus
1113 2307 1467 2360 conventione
1510 2304 1720 2358 somnio

173 2432 194 2463 ‹
213 2429 319 2468 esse
337 2421 622 2466 revocatum
648 2413 665 2477 (
693 2405 823 2461 Gen.
856 2408 974 2471 xx),
996 2412 1052 2456 et
1079 2399 1374 2454 immissum
1407 2399 1459 2452 in
1487 2397 1604 2466 ejus
1632 2411 1726 2450 co-

167 2524 193 2555 (
218 2503 374 2574 pulam
407 2503 725 2556 Pharaonem
754 2497 774 2567 (
804 2494 893 2548 Id.
918 2509 991 2547 xu
1025 2490 1086 2562 )?
1130 2508 1152 2542 ι

229 2592 567 2663 9..Quomodo
612 2590 794 2644 dicant
848 2585 1152 2640 immissum
1201 2581 1250 2634 in
1299 2580 1421 2651 ejus
1471 2577 1724 2647 capulam

169 2686 468 2741 Pharaonem
495 2684 536 2745 ³,
570 2699 673 2735 ιιυιι
725 2679 922 2742 video;
953 2691 1076 2729 cum
1127 2673 1192 2726 ad
1250 2671 1351 2724 hoc
1395 2669 1724 2724 credendum

173 2783 411 2850 Scriptura
442 2798 545 2833 non
595 2785 772 2846 cogat.
798 2773 1024 2843 Accepit
1074 2772 1217 2826 enim
1266 2786 1386 2824 eam
1429 2769 1645 2840 quidem
1677 2768 1727 2820 in

170 2888 377 2934 uxorem,
432 2872 795 2935 continuoque
845 2865 1046 2920 ditatus
1089 2873 1171 2917 est
1222 2863 1488 2916 Abraham
1553 2860 1734 2915 multis

176 2962 508 3032 tia-ptimum
539 2958 855 3012 muneribus
881 2965 1098 3024 propter
1121 2953 1262 3006 illam
1298 2971 1310 3004 :
1342 2951 1437 3005 sed
1465 2965 1571 3004 non
1600 2951 1734 3004 scri-

175 3063 299 3125 ptum
317 3065 409 3116 est,
443 3051 586 3122 quod
611 3064 735 3104 cum
758 3063 821 3101 ea
854 3046 1063 3100 Phanio
1089 3044 1388 3107 dormierit,
1423 3042 1580 3112 eique
1611 3057 1734 3110 per-

167 3147 341 3199 mixtus
385 3147 502 3205 sit;
543 3140 799 3211 quoniam
840 3136 981 3190 Deus
1022 3150 1142 3188 eum
1197 3133 1380 3186 multis
1426 3134 1736 3201 magnisque

169 3237 381 3291 cladibus
405 3231 692 3302 afﬂigcndo
719 3229 771 3283 id
797 3228 976 3282 facere
1026 3240 1131 3279 non
1164 3223 1422 3293 permisit.
1451 3222 1563 3275 Non
1595 3222 1736 3276 cnim
1775 3300 1780 3304 ι

167 3330 354 3397 placita:
383 3325 593 3394 regibus
609 3322 674 3374 ad
695 3316 1008 3387 conjugium
1039 3315 1251 3370 femina:
1281 3329 1402 3367 mox
1434 3313 1593 3367 etiam
1622 3327 1740 3366 car-

168 3433 231 3473 ne
249 3418 639 3487 copulabantur.
669 3409 779 3464 Sed
798 3410 939 3462 sicut
955 3407 1176 3477 legimus
1200 3405 1253 3458 in
1271 3403 1405 3458 libro
1424 3405 1514 3474 qui
1531 3419 1740 3472 praeno-

166 3518 298 3562 tatur
325 3508 532 3568 Esther,
557 3520 652 3574 per
686 3501 894 3570 aliquot
918 3511 1148 3561 menses,
1183 3496 1292 3550 imo
1315 3510 1410 3564 per
1441 3503 1606 3549 totum
1646 3510 1743 3550 an-

164 3615 302 3660 num,
327 3598 624 3667 unguentis,
651 3589 944 3664 pigmentis
971 3587 1014 3652 ⁸,
1038 3586 1367 3641 aromatibus
1412 3584 1740 3639 accuraban-

170 3703 441 3746 turmrum
469 3704 712 3758 carpam,
761 3684 1068 3753 priusquam
1113 3679 1323 3749 corpori
1369 3678 1515 3748 regio
1546 3679 1742 3733 misce-

168 3785 390 3848 rentur(
423 3779 597 3832 Esther
636 3793 699 3840 ιι,
743 3773 816 3828 12
844 3772 888 3843 ).
939 3769 1052 3825 Hoc
1080 3784 1208 3839 ergo
1236 3769 1411 3839 spatio
1442 3769 1577 3822 facta
1620 3776 1746 3823 sunt

165 3873 247 3926 illa
277 3888 396 3941 quae
432 3871 623 3936 scripta
647 3874 772 3918 sunt
799 3907 815 3927 ,
843 3863 1015 3917 donec
1041 3859 1245 3914 Pharao
1290 3860 1550 3914 contritus
1573 3869 1627 3914 et
1649 3875 1745 3914 ex-

165 3966 374 4016 tem'tus
394 3962 587 4014 marito
615 3957 939 4012 restituisset
957 3950 1198 4008 uxorem.
1231 3953 1538 4008 Abimelech
1566 3962 1746 4006 autem

159 4059 405 4124 quoniam
433 4053 644 4106 somnio
673 4060 753 4103 est
782 4048 851 4101 ab
878 4047 995 4116 ejus
1010 4045 1384 4100 commixtione
1408 4045 1706 4111 prohibitus
1727 4086 1743 4112 ,

167 4148 280 4201 ideo
303 4148 391 4216 qui
434 4146 624 4198 Saram
654 4150 897 4209 stuprum
927 4154 1030 4191 non
1054 4137 1249 4191 vitasse
1272 4135 1620 4200 contendunt,
1651 4151 1746 4204 pu-

165 4247 271 4291 tant
291 4240 476 4306 utique
513 4247 718 4300 regem,
750 4240 806 4283 ut
847 4228 1154 4288 sonmiaret,
1202 4226 1410 4280 nonnisi
1460 4234 1578 4294 post
1620 4224 1736 4294 ejus

161 4327 503 4380 concubitum
531 4321 771 4376 dormire
789 4317 1040 4388 potuisse.
1067 4316 1225 4384 Quasi
1248 4332 1396 4378 vero,
1424 4325 1479 4369 ut
1501 4317 1742 4371 omittam

162 4427 372 4486 tempus
391 4431 502 4484 quo
524 4412 932 4475 accurabantur,
957 4419 1014 4463 ut
1039 4424 1198 4478 supra
1228 4408 1356 4473 dixi,
1383 4407 1449 4462 ad
1488 4409 1732 4477 volupta-

165 4520 271 4563 tem
298 4509 503 4578 regiam
536 4517 765 4572 corpora
810 4500 1146 4565 feminarum,
1200 4515 1304 4553 non
1333 4500 1563 4568 potuerit
1590 4501 1749 4566 Deus,

166 4603 480 4672 priusquam
530 4597 886 4652 convenirent
911 4635 925 4656 ,
961 4609 1082 4649 eum
1124 4607 1365 4663 mergere
1396 4593 1447 4647 in
1479 4606 1748 4660 somnum,

165 4704 223 4748 et
244 4695 540 4747 admonere
581 4704 677 4757 per
702 4687 986 4741 somnium.

235 4784 292 4838 5.
323 4785 504 4836 Dicam
533 4778 679 4848 quod
709 4777 901 4832 factum
924 4783 1008 4831 est
1031 4766 1108 4830 in'
1127 4774 1438 4830 Mauritania
1486 4773 1752 4830 Sitifensi.

171 4876 356 4945 Neque
399 4877 544 4928 enim
597 4872 736 4926 Deus
782 4877 1080 4924 s:uictoruin
1111 4867 1349 4931 Patrum,
1402 4882 1509 4920 non
1540 4867 1651 4935 ipse
1676 4877 1758 4922 est

171 4970 336 5022 etiam
385 4967 525 5021 Delus
553 4972 752 5017 IIOSIBP.
783 4961 1002 5015 Viduam
1032 4960 1084 5014 in
1114 4960 1386 5031 proposito
1409 4961 1754 5015 continentia:

169 5061 519 5114 «institutam
569 5054 888 5111 Celticchius
914 5054 935 5086 '
962 5053 1174 5125 quidam
1228 5053 1644 5109 catechumenos
1671 5051 1759 5124 ju-

237 5215 258 5244 ι
287 5217 383 5262 ω.
416 5218 518 5258 Am.
545 5215 622 5258 Er.
659 5213 713 5258 et
750 5220 781 5256 e
816 5207 1047 5258 Vaticanis
1075 5215 1178 5270 uss.
1218 5207 1316 5257 duo
1347 5211 1649 5270 [intereunt
1681 5207 1764 5256 se-

374 5287 390 5344 ξ
408 5271 651 5344 tredecim
668 5282 864 5344 versus,
877 5275 1023 5344 atque
1043 5269 1102 5319 ad
1121 5266 1568 5344 verbum'scrt'psi,
1595 5270 1759 5332 proxi-

174 5349 274 5468 ἀἱ
286 5336 1344 5468 ,ιῖξῗῗέάῗῗιίῗῗιρῗὲῗὲεῗῗέὲε
1356 5389 1656 5468 simulate":
1676 5454 1688 5468 ,

243 5458 276 5525 ξ
297 5461 358 5506 ltx
371 5455 804 5528 krestiutunltur
823 5456 989 5528 isthaec
1006 5457 1154 5506 verba
1169 5455 1192 5506 Ξ
1219 5455 1460 5516 Quomodo
1480 5455 1646 5504 dicant
1670 5455 1761 5504 im-

178 5516 382 5568 -ίαιιιιι
400 5518 450 5582 in
469 5519 574 5581 ejus
594 5517 812 5582 copam
833 5515 1148 5582 Rauracum.

251 5582 274 5608 ⁸
295 5587 343 5648 te
363 5575 571 5648 maliti-is
591 5575 720 5648 nam
741 5579 982 5648 Mss-.1009.
999 5577 1280 5648 ηίρηταιιίξν
1299 5576 1500 5648 legitur.
1524 5575 1760 5648 ιοηιεηιίε-

177 5647 239 5690 h
266 5640 382 5700 siis,
683 5649 729 5692 In
753 5643 987 5692 vaticauis
1000 5640 1213 5700 duobus,
1230 5640 1448 5704 fomentis
1468 5647 1760 5690 aromatum.

249 5703 279 5735 ⁸
297 5711 384 5753 ttat.
407 5714 499 5753 un.
527 5714 578 5757 et
596 5706 878 5756 soi-bonicus
912 5711 1013 5757 ιιεη
1039 5703 1323 5755 (ἐπει-[πίω.
1340 5703 1546 5755 γιιιαιιιι
1567 5701 1762 5754 codices

311 5712 384 5753 ιιι
407 5714 499 5753 ιω.
527 5714 578 5757 et
596 5711 878 5756 sorbonicus
912 5711 1013 5766 us,
1039 5711 1323 5755 cetra-nius.
1340 5711 1546 5755 vatium
1567 5711 1758 5754 cortices

1527 210 1732 267 LIBER
1765 205 1966 264 UNUS.

1804 319 1950 374 venis
1975 317 2170 387 rapuit,
2193 328 2252 372 ut
2295 317 2514 373 haberet
2539 335 2778 374 uxorem.
2807 321 3102 390 Antequam
3126 334 3383 377 concum-

1804 411 2014 472 berent,
2045 423 2260 478 pressus
2307 422 2497 461 somno
2537 420 2589 462 et
2616 410 2830 467 territus
2856 411 3085 477 somnio,
3139 413 3377 468 Sitifensi

1804 500 2052 569 episcopo
2083 497 2325 553 eamdem
2370 500 2837 558 vehementiSs-ime
2876 504 3192 573 requirenti,
3220 520 3378 561 revo-

1805 592 1943 646 cavit
1965 592 2234 644 intactam.
2278 589 2479 643 Vivont
2517 591 2692 646 adhuc
2737 593 2804 647 de
2829 594 3022 662 quibus
3047 595 3256 666 loquor.
3290 598 3382 652 Ille

3281 209 3381 266 166

1807 684 2107 752 baptizatus
2141 692 2197 736 ct
2215 682 2330 751 ipso
2352 683 2404 736 in
2433 699 2492 737 se
2523 683 2663 737 facto
2707 685 2960 740 miraculo
2997 702 3288 743 conversus
3316 689 3384 744 ad

1810 775 2112 837 Dominum,
2141 773 2206 826 ad
2233 773 2596 842 episcopatum
2633 775 2921 828 venerabili
2967 778 3228 845 probitate
3259 795 3384 847 per-

1808 865 1952 918 venit
1979 880 1992 927 ;
2029 863 2111 916 illa
2139 863 2192 916 in
2222 873 2401 917 sancta
2429 863 2684 918 viduitate
2708 863 2963 934 persistit.

1879 955 1930 1008 4.
1955 953 2087 1020 Quid
2113 953 2524 1008 autemdixerim
2551 963 2734 1006 contra
2749 952 2999 1007 Faustum
3017 953 3386 1022 Manicbarum,

1807 1062 1930 1101 cum
1989 1046 2402 1100 calumniaretur
2456 1044 2589 1114 patri
2648 1045 2910 1110 Abrahae,
2963 1043 3106 1114 quod
3163 1062 3381 1101 uxorem

1809 1154 1956 1194 suam
1978 1138 2184 1193 duobus
2209 1136 2422 1207 regibus
2453 1136 2518 1192 ad
2545 1138 2883 1192 concubitum
2931 1137 3276 1202 venditasset,
3306 1139 3391 1193 in-

1812 1229 1990 1283 dicant
2019 1244 2134 1298 qua:
2151 1228 2351 1298 subjeci
2373 1229 2390 1261 ί
2423 1247 2439 1283 :
2473 1247 2491 1280 ι
2521 1228 2670 1296 Quod
2697 1238 2872 1283 autem
2897 1231 3121 1298 justum,
3148 1232 3388 1302 inquam,

1812 1331 1864 1374 ct
1894 1320 2098 1374 fidelem
2145 1320 2317 1373 virum
2343 1319 2665 1375 matrimonii
2695 1321 2776 1374 sui
2803 1320 3213 1376 infamissimum
3247 1339 3390 1377 nun-

1818 1409 2110 1464 dinatorem
2132 1409 2404 1479 appellans
2433 1412 2476 1475 ',
2505 1410 2740 1463 avaritiae
2759 1425 2823 1465 ac
2847 1411 3048 1466 ventris
3073 1427 3232 1466 causa
3251 1413 3392 1467 duo,

1819 1500 1918 1553 bus
1951 1501 2183 1569 regibus,
2217 1499 2529 1554 Ahimeledi
2557 1515 2620 1554 ac
2665 1500 2949 1568 Pharaoni,
2995 1502 3220 1558 diversis
3259 1513 3395 1559 tem-

1816 1591 2031 1661 poribus
2055 1590 2243 1645 Saram
2278 1591 2554 1662 conjugem
2601 1607 2751 1646 suam
2802 1607 3042 1648 sororem
3087 1594 3392 1662 mentitum,

1817 1684 1938 1752 quia
1965 1693 2078 1736 erat
2101 1682 2480 1752 pulcherrima,
2531 1683 2583 1737 in
2609 1684 2947 1738 concubitum
2977 1687 3168 1739 asserit
3209 1686 3396 1740 vendi-

1819 1784 1995 1840 tassc;
2026 1791 2129 1829 non
2162 1792 2254 1830 ore
2281 1774 2515 1830 veridico
2557 1791 2587 1830 a
2633 1776 2956 1848 turpitudine
2985 1786 3195 1846 separat
3221 1777 3393 1832 bone-

1818 1875 2030 1930 statem,
2056 1865 2148 1920 sed
2165 1882 2258 1920 ore
2276 1865 2536 1921 maledico
2562 1873 2728 1920 totum
2769 1867 2930 1921 vertit
2959 1867 3009 1920 in
3026 1867 3250 1922 crimen.
3282 1867 3393 1922 lloc

1821 1959 1960 2012 enim
2014 1959 2238 2012 Ahraha:
2283 1957 2476 2012 factum
2534 1959 2798 2014 lenocinio
2839 1959 3012 2013 simile
3055 1960 3396 2024 videtur,scd

1825 2062 1930 2101 non
1956 2047 2254 2101 valentibus
2303 2063 2366 2101 cx
2413 2048 2552 2102 illius
2581 2058 2796 2103 mtcrnze
2823 2049 2955 2118 legis
2998 2049 3198 2104 lumine
3230 2066 3258 2102 a
3283 2066 3406 2120 pec-

1824 2143 1954 2194 catis
2001 2149 2144 2194 recte
2184 2139 2317 2194 facta
2360 2139 2703 2204 discernere,
2758 2141 2948 2208 quibus
2981 2149 3035 2193 et
3081 2142 3401 2203 constantia,

1829 2231 2113 2300 pertinacia
2148 2229 2310 2284 videri
2347 2238 2554 2298 potest;
2583 2240 2638 2284 et
2656 2231 2821 2283 virtus
2853 2230 3073 2294 fiducita,
3102 2231 3283 2284 vitium
3314 2247 3410 2299 pu-

1827 2331 1968 2377 tatur
1993 2320 2226 2377 audacia:
2254 2341 2267 2384 ;
2300 2330 2354 2374 ct
2403 2336 2754 2390 quarcuutque
2807 2320 3054 2374 similiter
3087 2319 3409 2390 objiciuntur

1828 2413 1976 2482 quasi
2002 2427 2108 2466 non
2149 2422 2292 2466 recte
2321 2411 2598 2480 agentibus
2644 2427 2672 2462 a
2717 2426 2822 2464 non
2867 2421 3011 2464 recte
3045 2411 3407 2465 cernentibus.

1828 2505 2012 2574 Neque
2075 2503 2215 2557 enim
2281 2501 2546 2557 Abraham
2620 2501 2819 2571 flagitio
2862 2501 3134 2555 consensit
3200 2502 3403 2566 uxoris,

1832 2594 2051 2662 ejusque
2079 2591 2313 2646 vendidit
2339 2591 2655 2645 adulterium
2692 2609 2705 2642 :
2735 2590 2828 2644 sed
2867 2591 3005 2644 sicut
3037 2591 3121 2644 illa
3160 2590 3407 2644 fatnulant
3491 2641 3497 2647 .

1835 2700 1982 2739 suam
2026 2701 2127 2737 non
2156 2683 2356 2738 libidini
2386 2683 2561 2737 mariti
2597 2682 2857 2751 permisit,
2890 2681 2982 2735 scd
3015 2681 3194 2735 ofiicio
3248 2697 3414 2752 gene-

1835 2776 1982 2830 randi
2033 2776 2172 2830 ultro
2217 2773 2412 2839 intulit,
2435 2790 2763 2843 nequaquam
2795 2774 3003 2827 turbato
3033 2775 3222 2828 ordine
3269 2785 3421 2828 natu-

1836 2866 1953 2932 rali,
1981 2865 2068 2919 ubi
2107 2865 2222 2934 ejus
2271 2874 2502 2934 potestas
2531 2875 2646 2919 crat
2669 2865 2865 2934 jnbcns
2922 2867 3096 2934 potius
3127 2865 3416 2928 obedicnli,

1836 2971 1994 3025 quam
2037 2955 2233 3009 cedens
2272 2955 2712 3024 concupiscenti;
2767 2955 2844 3008 sic
2878 2965 2931 3008 et
2977 2954 3090 3023 ipse
3133 2955 3414 3024 conjugem

1833 3057 2058 3110 castam,
2113 3054 2167 3100 et
2209 3055 2354 3099 casto
2413 3045 2575 3099 corde
2614 3046 2712 3099 sibi
2741 3045 3121 3110 colurreutcm,
3154 3045 3220 3100 de
3268 3046 3420 3116 cujus

1839 3136 2051 3198 animo,
2082 3136 2173 3189 ubi
2211 3136 2476 3204 pudicitia:
2513 3138 2677 3188 virtus
2719 3135 2939 3197 habitat,
2971 3137 3114 3189 nullo
3145 3135 3305 3190 modo
3322 3138 3419 3190 du-

1841 3227 2060 3290 bitabat,
2089 3226 2250 3278 tacuit
2277 3239 2521 3287 uxorem,
2563 3225 2696 3278 dixit
2749 3242 3010 3288 sororem,
3057 3243 3122 3280 ne
3150 3241 3210 3280 se
3247 3228 3426 3280 occiso

1841 3319 1909 3372 ab
1954 3317 2264 3387 alienigenis
2312 3326 2470 3385 atque
2517 3317 2692 3386 impiis
2752 3318 2958 3385 captiva
3014 3319 3424 3386 possideremr;

1841 3423 2020 3467 certus
2043 3409 2110 3465 de
2135 3411 2243 3463 Deo
2273 3423 2372 3463 suo
2411 3407 2551 3478 quod
2580 3407 2712 3462 nihil
2744 3424 2859 3462 eam
2894 3418 3045 3477 turpe
3087 3424 3150 3462 ac
3200 3407 3430 3478 ﬂagitio-

1843 3519 1960 3558 sum
1993 3502 2193 3573 perpeti
2243 3501 2459 3555 sineret.
2489 3498 2600 3554 Nec
2645 3515 2766 3552 eum
2796 3497 2927 3553 tides
2956 3515 3017 3551 ac
3059 3514 3182 3567 spes
3221 3499 3426 3554 fefellit.

1843 3594 2082 3663 Namque
2101 3592 2307 3646 Pharao
2333 3590 2842 3652 territusmonstris,
2887 3590 3173 3659 multisque
3217 3601 3432 3660 propter

1846 3703 1962 3742 eam
1992 3686 2144 3740 malis
2161 3683 2410 3748 afflictus,
2461 3683 2546 3738 ubi
2575 3683 2690 3752 ejus
2736 3698 2853 3737 esse
2891 3698 3113 3737 uxorem
3169 3681 3430 3738 divinitus

1846 3779 2053 3845 didicit,
2083 3777 2298 3831 illtesam
2335 3791 2456 3830 cum
2479 3776 2678 3830 honore
2704 3776 2956 3830 rcStituit:
2984 3775 3291 3832 Abimclech
3332 3794 3430 3830 au-

1849 3883 1954 3929 tem
1977 3872 2184 3926 somnio
2221 3871 2573 3926 commonitus
2601 3881 2654 3926 et
2699 3871 2940 3937 edoctus,
2973 3872 3216 3926 similiter
3258 3873 3380 3928 fecit
3408 3892 3427 3925 ι

1854 3964 1871 4032 (
1898 3962 2086 4020 Contra
2112 3961 2357 4016 Faustum
2385 3961 2472 4015 (ib.
2494 3960 2584 4015 29..
2617 3979 2756 4031 cap.,
2786 3962 2855 4016 55

1850 4058 2066 4126 ρωεδτ.
2095 4055 2225 4110 Vill.
2247 4086 2319 4095 ——
2344 4054 2571 4126 Denique
2595 4057 2657 4107 de
2678 4054 2876 4125 Spiritu
2901 4052 3004 4107 Dei
3027 4057 3111 4122 qui
3137 4072 3290 4122 super
3303 4059 3436 4127 [ere-

1947 4150 2095 4203 batur
2116 4165 2268 4218 super
2285 4164 2489 4218 aquam,
2533 4165 2599 4200 an
2630 4147 2737 4215 ipse
2756 4149 2821 4200 sit
2845 4147 3070 4218 Spiritus
3116 4159 3339 4202 sanctus.

1925 4240 1976 4293 1.
1998 4238 2301 4293 Novissime
2331 4238 2699 4305 esponendum
2724 4238 2896 4307 poscis
2918 4239 2985 4292 de
3015 4240 3200 4308 spiritu
3234 4239 3322 4292 Dei
3351 4241 3438 4310 qui

1854 4330 2284 4402 super-ferebatur
2309 4345 2471 4398 super
2495 4345 2706 4399 aquarii.
2745 4348 2764 4380 ι
2791 4330 3016 4396 Quidam
3061 4332 3201 4383 enim
3225 4347 3440 4386 asseve-

1856 4434 1994 4486 rant,
2029 4421 2220 4491 inquis,
2245 4421 2498 4489 Spiritum
2528 4429 2802 4484 sanctum;
2833 4422 2922 4474 alii
2955 4421 3282 4475 mundanum
3323 4425 3436 4492 spi-

1857 4516 2015 4570 ritum
2043 4513 2244 4577 dicunt,
2287 4513 2526 4564 dicentes
2554 4511 2674 4581 quia
2724 4528 2827 4564 non
2890 4512 3059 4581 potuit
3097 4511 3443 4582 historiograc

1855 4608 1997 4679 phus
2022 4622 2142 4661 cum
2172 4604 2433 4660 creaturis
2471 4619 2789 4659 enumerare
2820 4605 3150 4671 Creatorem,
3191 4622 3288 4661 nec
3325 4606 3447 4663 huic

1859 4701 2032 4752 locum
2055 4697 2283 4768 aliquem
2308 4696 2584 4765 deputare,
2629 4696 2719 4764 qui
2749 4697 2945 4766 ubique
2991 4696 3060 4750 sit
3115 4706 3279 4764 totus,
3325 4713 3444 4752 cum

1859 4789 2016 4844 Patre
2045 4788 2296 4843 videlicet
2323 4798 2483 4857 atque
2508 4787 2664 4841 Filio.
2700 4805 2720 4838 ι

1929 4881 1983 4936 2.
2013 4879 2148 4946 Quid
2180 4895 2306 4950 ergo
2337 4879 2560 4933 istorum
2589 4893 2687 4946 ego
2716 4879 3000 4944 senserim,
3028 4895 3089 4933 ex
3116 4880 3287 4949 primo
3315 4881 3449 4935 libro

1863 4987 2048 5026 eorum
2078 4986 2212 5040 quos
2232 4969 2299 5024 de
2329 4969 2520 5024 Genesi
2548 4968 2850 5034 duodecim,
2885 4970 3020 5024 sicut
3043 4972 3209 5041 potui,
3241 4988 3344 5025 non
3364 4987 3448 5024 se-

1863 5063 2094 5118 cundum
2123 5061 2426 5132 allegorias,
2465 5063 2558 5116 sed
2605 5060 2900 5116 secundum
2949 5077 3126 5117 rerum
3180 5075 3447 5132 gestarum

1865 5158 2024 5212 fidem
2067 5155 2280 5225 scripsi,
2332 5155 2384 5209 in
2426 5154 2530 5210 hoc
2578 5155 2890 5225 opusculum
2936 5156 3198 5209 transtuli.
3239 5174 3255 5205 ι
3290 5157 3450 5223 locst,

1862 5331 1976 5390 duo,
2001 5326 2291 5380 Celitichius.
2313 5329 2619 5390 Corbcieusts
2642 5334 2693 5380 et
2719 5328 3045 5388 Floriacensls,
3064 5329 3303 5381 (claritas.
3337 5341 3454 5382 cer-

1864 5388 2111 5456 maneusis
2132 5391 2366 5456 denique,
2390 5388 2621 5456 Cletituts.
2643 5398 2696 5456 tu
2717 5392 3109 5456 cardiagineusis
3129 5395 3320 5442 Concilii
3353 5399 3458 5456 epi-

1864 5453 1996 5567 stolai
2025 5451 2455 5564 agnatis-tinum,
2478 5453 2764 5504 undecimus
2787 5451 2914 5504 iuter
2939 5455 3192 5516 episcopos
3227 5451 3456 5506 Ceiticius

1867 5529 1978 5566 noni
1999 5527 2060 5564 na
2143 5551 2156 5564 .

1867 5523 2156 5566 nominatur.

1931 5578 1947 5643 ξ
1973 5579 2047 5643 sic
2065 5575 2248 5640 aliquot
2263 5575 2479 5643 Mss._Ali_i
2499 5589 2608 5643 cum
2631 5575 2790 5643 editis,
2813 5572 3160 5643 indignamque
3177 5573 3376 5636 διψία-ἰ.

1930 5641 1952 5673 ³
1975 5626 2048 5689 sic
2069 5626 2167 5688 Mss'.
2202 5626 2257 5686 At
2279 5626 2420 5699 editi,
2439 5626 2730 5690 iitdtrinwuii
2749 5626 2822 5686 siti
2840 5626 3455 5701 L-tﬁimosiskt'numtuundi-

1866 5709 2078 5753 natarent
2102 5702 2365 5754 appellato.
