3942 6416
563 275 662 329 167

561 401 801 459 mquam,
833 385 943 439 Deo
971 380 1271 450 benignitas
1298 392 1526 441 summa,
1554 387 1608 430 et
1630 384 1839 440 sancta,
1886 384 1940 429 et
1960 375 2135 442 jus-ta;

559 493 610 537 et
635 478 868 552 quidam,
900 492 1001 528 non
1029 490 1093 530 ex
1124 472 1424 539 indigentia.
1460 469 1552 525 sed
1583 485 1647 524 ex
1689 467 2035 522 beneficentia
2055 482 2142 520 ve-

529 600 532 604 ~
560 575 709 628 uicus
731 586 879 624 amor
908 569 960 621 in
990 581 1150 633 Opera
1190 580 1302 618 sua.
1331 563 1615 631 Pr0pterea
1659 561 1963 629 priusquam
2005 558 2139 611 scri-

560 664 789 727 beretur,
822 661 960 714 Dixit
1021 659 1168 720 Deus,
1203 656 1320 709 Fiat
1373 656 1494 717 lux,
1540 654 1810 717 praecessit
1847 653 2135 718 Scriptura,

555 758 758 817 dicens,
804 751 867 804 Et
898 745 1103 820 spiritus
1150 747 1244 799 Dei
1287 744 1689 814 superferebatur
1724 759 1874 811 super
1931 756 2134 809 aquam.

554 848 689 915 Quia
719 847 831 899 sive
867 859 1017 911 aqum
1051 843 1265 895 nomine
1290 838 1559 908 appellare
1577 835 1739 888 voluit
1766 845 1926 886 totam
1948 848 2055 898 cur;
2079 851 2137 880 o-

558 939 723 991 ralcm
757 936 1051 994 materiam,
1081 941 1140 991 ut
1159 946 1222 984 eo
1248 928 1407 983 modo
1438 927 1731 979 insinuaret
1759 925 1899 977 unde
1921 923 2054 977 facta
2082 933 2137 978 et

553 1014 773 1084 formata
804 1030 906 1080 sint
933 1025 1129 1088 omnia,
1158 1039 1276 1091 qua)
1300 1024 1347 1073 iu
1372 1021 1483 1074 suis
1520 1017 1921 1089 generilutsjam
1947 1017 2135 1082 digno-

553 1138 701 1175 scere
734 1114 1334 1187 possumus;appellans
1369 1126 1581 1179 aquam,
1635 1109 1754 1177 quia
1809 1124 1871 1160 ex
1918 1104 2132 1159 lnuuida

553 1218 736 1264 natura
760 1208 996 1262 videmus
1020 1205 1195 1259 munia
1224 1204 1273 1256 in
1298 1212 1438 1256 terra
1472 1201 1787 1269 p’crspecies
1814 1198 1984 1249 varias
2024 1196 2131 1249 for-

557 1311 687 1363 mari
718 1317 875 1376 atque
896 1290 1269 1363 enuere-socru;
1290 1300 1399 1353 sive
1418 1296 1743 1366 Spiritualem
1768 1294 1924 1345 vitam
1951 1308 2134 1362 quant-

553 1400 673 1452 dam
697 1408 819 1450 ante
847 1396 1068 1448 formam
1096 1388 1463 1445 conversionis
1498 1386 1646 1456 quasi
1679 1384 1968 1437 “niualem
1997 1400 2007 1434 :
2041 1398 2133 1436 su-

556 1488 919 1557 perferehatur
948 1488 1137 1553 utique
1154 1481 1391 1555 Spiritus
1413 1479 1524 1550 Dei;
1548 1477 1675 1545 'quia
1702 1474 2005 1544 sultjacebat
2029 1475 2133 1527 sci-

532 1583 675 1636 ‘Iicet
707 1581 857 1632 bona:
886 1576 1139 1629 voluntati
1180 1572 1468 1632 Creatoris,
1518 1568 1771 1639 quidquid
1818 1566 1944 1620 illtnl
1994 1576 2125 1628 erat,

546 1674 690 1739 quod
739 1669 1072 1725 fol-mandatu
1114 1664 1602 1736 perficiendumque
1668 1660 2008 1714 inchoaverat
2035 1676 2048 1712 :
2076 1669 2131 1739 ut

548 1766 755 1819 dicente
786 1763 893 1815 Deo
920 1762 970 1814 iu
999 1754 1172 1813 Verbo
1198 1772 1313 1821 suo,
1352 1754 1466 1808 Fiat
1497 1753 1619 1816 lux;
1648 1753 1699 1806 in
1753 1752 1887 1805 bona
1942 1751 2129 1804 volun-

549 1864 675 1919 tate,
707 1856 804 1907 hoc
823 1861 924 1918 est,
953 1852 1004 1904 in
1037 1832 1366 1917 beneplaeito
1385 1846 1522 1915 ejus,
1552 1848 1651 1912 pro
1670 1842 1827 1895 modo
1857 1841 1937 1894 sui
1962 1857 2126 1909 gene-

548 1949 623 2001 ris
655 1954 893 1999 maneret
920 1943 1059 2014 quod
1081 1944 1273 1995 factum
1296 1950 1405 2003 est;
1428 1948 1481 1992 et
1503 1938 1619 1991 ideo
1646 1944 1848 1990 rectum
1873 1944 1954 1988 est
1984 1933 2124 2009 quod

539 2036 808 2107 placuerit
836 2037 965 2099 Deo,
994 2029 1266 2100 Scriptura
1295 2031 1528 2090 dicente,
1561 2025 1626 2079 Et
1657 2027 1791 2095 facta
1833 2034 1904 2078 est
1926 2024 2055 2086 lux;
2082 2033 2127 2075 et

534 2131 667 2182 'ritlit
698 2130 830 2181 Deus
854 2130 1013 2181 lucem
1042 2126 1159 2195 quia
1205 2125 1332 2178 bona
1364 2131 1453 2175 est.
1488 2120 1556 2176 Ut
1585 2118 2030 2188 quetnadmmlum
2074 2117 2123 2170 itt

546 2221 660 2290 ipSU
694 2220 911 2274 exordio
938 2217 1198 2272 inchoata:
1226 2224 1515 2285 creaturaa,
1537 2229 1655 2281 qua:
1693 2210 1811 2264 cudi
1864 2218 1920 2263 et
1971 2217 2126 2262 terra:

544 2317 777 2376 nomine,
833 2321 1046 2383 pr0pter
1073 2310 1123 2364 id
1163 2309 1302 2378 quod
1341 2308 1408 2360 de
1437 2307 1523 2359 illa
1577 2303 1953 2373 perficiendum
1988 2310 2121 2365 erat,

541 2411 961 2459 eummenmrata
1032 2391 1449 2462 est‘,"1‘riuitas
1519 2395 1815 2449 insinuatur
1859 2392 2125 2446 Creatoris

537 2498 564 2567 ‘(
592 2514 709 2550 nam
741 2496 949 2550 dicente
970 2494 1261 2559 Scriptura.
1297 2489 1359 2542 la
1398 2488 1645 2555 principio
1687 2487 1803 2556 fecit
1850 2484 1986 2538 Deus
2017 2500 2121 2537 cae-

552 2591 655 2642 lmu
682 2598 727 2642 et
755 2600 957 2650 terram,
995 2584 1330 2651 intelligimus
1350 2581 1563 2653 Patrem
1588 2580 1640 2632 in
1667 2579 1763 2632 Dei
1807 2578 2041 2641 nomine,
2071 2585 2125 2632 et

544 2682 727 2734 Filium
752 2681 801 2731 in
836 2675 1073 2746 principii
1102 2674 1335 2736 natuine,
1365 2671 1450 2740 qui
1491 2687 1594 2722 non
1627 2668 1791 2733 Patri,
1815 2668 1907 2722 sed
1930 2684 2023 2736 per
2063 2683 2121 2721 se

543 2772 711 2842 ipsum
740 2766 930 2823 ιϊισιιιςιὲ
960 2766 1219 2835 primitus,
1251 2780 1311 2817 ac
1333 2764 1661 2832 potissimum
1691 2761 1946 2828 Spiriluali
1972 2776 2123 2813 crea-

538 2862 693 2929 ἰιιικιι,
721 2873 770 2916 et
794 2869 1181 2929 consequenter
1211 2858 1369 2910 etiam
1404 2857 1664 2908 universa:
1689 2863 1945 2906 creatura:
1973 2854 2120 2920 priu-

537 2956 732 3023 cipium
761 2963 839 3007 est
876 2970 886 3002 :
915 2951 1123 3004 dit-cute
1142 2958 1314 3001 autem
1345 2947 1639 3013 Scriptura,
1670 2944 1894 3013 Spiritus
1924 2942 2011 2995 Dei
2033 2960 2122 2996 su-

539 3048 884 3119 perferebatur
923 3060 1075 3111 super
1110 3056 1312 3110 aquam,
1370 3037 1687 3105 completam
1728 3051 2119 3089 Commemora-

538 3143 735 3194 tionem
763 3128 1037 3191 Trinitatis
1067 3131 1445 3203 agnoscimus):
1490 3130 1559 3182 ita
1592 3137 1642 3181 ct
1675 3129 1725 3180 iu
1769 3126 2119 3181 conversione

534 3243 693 3303 atque
717 3229 1041 3301 perfectione
1079 3234 1360 3283 creatum,
1395 3230 1451 3274 ttt
1477 3236 1653 3274 rerum
1706 3219 1913 3286 Species
1965 3218 2116 3295 digef

535 3310 738 3389 rantur,
766 3320 949 3376 eadem
971 3316 1201 3371 Trinitas
1229 3315 1525 3367 insinuetur
1556 3329 1568 3364 :
1607 3310 1835 3364 Verbum
1870 3310 1962 3363 Dei
2008 3310 2115 3383 sci-5

533 3413 676 3478 licet,
698 3400 756 3466 et.
786 3392 946 3464 Verbi
981 3392 1299 3469 chcrator,
1350 3418 1469 3456 cum
1515 3401 1728 3465 dicitur,
1765 3400 1901 3452 Dixit
1948 3400 2116 3461 Deus;

531 3517 586 3563 et
611 3513 793 3561 sancta
816 3493 1064 3561 Bonitas:
1097 3500 1148 3553 in
1186 3513 1287 3567 qua
1327 3496 1433 3549 Deo
1455 3495 1627 3563 placet
1667 3490 1919 3562 quidquid
1944 3494 1988 3544 ei
2019 3508 2114 3560 pro

530 3614 642 3650 sua:
673 3605 874 3649 natura:
903 3591 1119 3645 modulo
1143 3588 1434 3659 perfectum
1480 3585 1674 3654 placet,
1727 3598 1848 3635 cum
1900 3582 2111 3645 dicitur,

541 3688 676 3741 Vidit
706 3686 842 3738 Deus
866 3683 985 3754 quia
1014 3683 1197 3735 bonum
1223 3689 1313 3734 est.

602 3781 655 3835 '5.
685 3798 703 3829 ι
735 3776 838 3832 Sed
866 3790 959 3828 cur
980 3764 1397 3839 cnnunemnrata
1420 3768 1585 3838 prius,
1627 3766 1869 3837 quamvis
1918 3766 2113 3834 imper-

529 3850 663 3927 fecta
689 3876 954 3931 creatura,
1004 3874 1185 3934 postea
1215 3867 1668 3916 commemoratur
1711 3858 1943 3926 Spiritus
1992 3858 2108 3921 Dei,

528 3960 676 4034 prius
702 3961 911 4015 dicente
954 3956 1249 4024 Scriptura,
1292 3951 1449 4005 Terra
1489 3961 1657 4003 autem
1703 3958 1808 4003 erat
1852 3948 2112 4002 invisibilis

529 4066 575 4109 et
631 4050 981 4122 incomposita,
1026 4057 1071 4102 et
1122 4043 1333 4099 tenebra:
1366 4053 1509 4099 erant
1548 4059 1700 4113 super
1731 4042 2003 4113 abyssum;
2049 4057 2111 4095 ac

527 4145 720 4201 deinde
743 4144 1019 4205 inferente,
1047 4138 1113 4193 Et
1141 4138 1349 4209 spiritus
1376 4137 1468 4190 Dei
1508 4135 1914 4205 supcrferebatur
1959 4150 2111 4204 super

526 4254 709 4307 aquam
733 4235 881 4305 (Gen.
906 4250 943 4300 ι,
988 4232 1137 4301 1-4)?
1185 4232 1265 4284 An
1305 4231 1553 4300 quoniatn
1596 4242 1796 4298 egenus
1839 4222 1997 4297 athe
2026 4227 2109 4281 in-

526 4329 681 4398 digus
708 4343 860 4381 alltttl‘
888 4327 953 4379 ita
1002 4323 1190 4393 diligit,
1214 4312 1273 4375 ut
1298 4322 1457 4391 rebus
1480 4335 1613 4390 quas
1640 4319 1811 4390 diligit
1855 4318 2107 4389 subjicia—

528 4435 642 4487 tur;
679 4430 957 4491 propterea
1001 4433 1123 4473 cum
1166 4423 1678 4470 commemoraretur
1718 4413 1947 4483 Spiritus
1992 4412 2105 4477 Dei,

525 4514 581 4569 in
608 4529 713 4582 quo
738 4521 919 4565 sancta
948 4510 1066 4577 ejus
1102 4506 1480 4562 benevolentia
1511 4504 1834 4573 dilectioque
1862 4504 2109 4573 intelligi—

524 4616 630 4667 tur,
658 4602 945 4670 superferri
968 4600 1140 4654 dictus
1164 4608 1269 4664 est,
1303 4615 1367 4651 ue
1399 4597 1635 4651 facienda
1662 4612 1822 4666 Opera
1852 4611 1968 4661 sua,
2006 4612 2106 4666 per

524 4695 829 4765 indigentia:
860 4693 1232 4746 necessitatem
1276 4691 1450 4759 potius
1501 4704 1659 4757 quam
1696 4706 1789 4757 per
1832 4689 2106 4743 abundau-

525 4780 1051 4843 tiautbenelicentizc
1082 4782 1220 4836 Deus
1262 4796 1441 4835 amare
1472 4781 1781 4850 putaretur?
1823 4780 1984 4851 Cujus
2030 4782 2104 4834 rei

525 4895 732 4935 tuemur
775 4876 1056 4946 Apostolus
1104 4874 1343 4929 dicturus
1371 4873 1438 4928 de
1483 4871 1763 4939 eharitate,
1817 4876 2107 4942 superemi-

524 4980 737 5026 nentem
769 4969 906 5022 viam
938 4967 1422 5020 dotttttttsll‘allll'tltlt
1453 4980 1511 5018 se
1530 4967 1605 5018 ait
1641 4964 1681 5036 (l
1708 4964 1824 5020 Cor.
1850 4982 1942 5030 xu,
1976 4967 2063 5036 51)
2090 4985 2103 5022 :

452 5044 453 5047 Ἴ
524 5073 577 5119 et
605 5064 710 5117 alio
734 5063 872 5127 loco,
902 5060 1390 5130 Supereminentem,
1417 5058 1606 5128 inquit,
1636 5059 1855 5123 scientiis
1879 5060 2104 5113 charito-

524 5164 620 5208 tem
642 5152 828 5207 Christi
855 5149 1067 5220 (Eplies.
1099 5165 1176 5215 ut,
1210 5147 1322 5219 19).
1353 5148 1487 5202 Cum
1532 5164 1659 5219 ergo
1705 5150 1783 5205 sic
1825 5160 2098 5220 oporteret

523 5245 776 5299 insinuari
806 5242 1062 5313 Spiritum
1092 5243 1204 5306 Dei,
1235 5252 1292 5295 ut
1312 5240 1603 5311 superferri
1636 5242 1924 5309 diceretur,
1952 5259 2103 5301 com-

525 5338 735 5415 modius
761 5336 954 5392 factum
994 5344 1094 5399 est,
1126 5344 1183 5389 ut
1210 5334 1357 5403 prius
1396 5334 1757 5389 insinuaretur
1801 5336 1997 5406 aliquid
2024 5337 2107 5391 in-

521 5433 795 5492 choatum,
819 5429 905 5484 cui
933 5427 1219 5497 superferri
1242 5428 1544 5494 diceretur;
1596 5443 1702 5483 non
1743 5439 1919 5485 autem
1961 5430 2101 5499 loco,

521 5524 617 5579 sed
648 5523 824 5577 nntnia
852 5530 1135 5592 superante
1159 5534 1221 5574 ac
1239 5519 1578 5589 prmecllente
1601 5520 1979 5595 potentiaiwe
2001 5521 2103 5578 Ge-

521 5617 626 5674 nesi
656 5615 722 5669 ad
750 5615 986 5682 litteram,
1016 5612 1103 5668 lib.
1132 5613 1182 5680 1,
1207 5628 1322 5683 cap.
1355 5611 1470 5681 5-7,
1497 5628 1550 5667 ιι.
1578 5612 1792 5685 11-15).

2036 5740 2057 5763 κ

1374 5800 1379 5805 -
1451 5777 1469 5819 Ι

1581 5847 1722 5855 -..τι-ο
1762 5849 1771 5855 .

1308 262 1393 318 DE
1433 260 1611 317 θεΤο
1650 257 1939 316 DULCITII
1981 253 2515 324 QWESTIDNIDUS,
2551 260 2607 317 S.
2652 262 3013 321 AUCUSTINI
3707 283 3800 349 ἐκ

2252 370 2462 467 QII/EST.
2493 376 2531 430 V
2562 377 2602 467 Ι(
2624 395 2736 447 qute
2774 384 3043 467 parissimo
3105 387 3211 467 loco
3266 390 3551 467 tractatur).
3577 422 3646 436 -
3673 396 3797 467 Quo-

2322 448 2493 527 modo.
2528 448 2710 527 electus
2766 451 2928 505 David
2982 458 3252 508 secundum
3290 476 3375 511 eor
3404 448 3526 514 Dei:
3581 448 3789 527 Carisius

2331 516 2493 569 David
2521 523 2827 589 appellatus.

2323 607 2374 660 1.
2403 608 2519 662 Jam
2550 627 2688 673 nunc
2741 614 2865 667 illud
2907 616 3048 685 quod
3076 617 3441 674 disserendum
3481 621 3784 696 distuleram,

2251 700 2516 769 patdisper
2544 703 2777 759 intende.
2820 706 3023 774 Quaeris
3072 710 3215 765 euim’
3247 731 3264 763 ι
3288 712 3462 779 Quare
3497 716 3679 773 dixerit
3705 723 3795 778 Do-

2247 790 2442 858 minus,
2492 795 2737 849 nimirum
2784 800 3037 865 pra-scius
3088 804 3401 861 futurorum.
3448 806 3587 877 Elogi
3647 812 3792 869 David

2245 886 2516 938 secundum
2563 904 2649 940 cor
2705 906 2867 943 nteant
2914 892 3016 959 (Ill
3069 894 3193 965 Reg.
3244 914 3353 963 vm,
3386 881 3493 963 tu);
3522 918 3636 955 cum
3683 908 3792 962 talia

2248 984 2493 1044 tantaque
2524 978 2633 1045 ipse
2662 979 2818 1033 homo
2844 985 3188 1039 commiserit.
3220 1006 3237 1037 ι

2314 1067 2366 1118 2.
2400 1068 2548 1133 Quod
2576 1069 2812 1138 quidem,
2842 1073 2886 1126 si
2927 1076 2992 1127 de
3028 1077 3142 1145 ipso
3172 1077 3333 1132 David
3355 1120 3367 1141 ,
3400 1082 3486 1148 qui
3529 1085 3790 1151 reprobate

2241 1155 2400 1213 Suule
2429 1170 2480 1212 et
2506 1163 2767 1216 exstincto
2798 1166 2892 1218 fuit
2944 1183 3033 1221 rex
3075 1168 3256 1232 lsraél,
3292 1170 3501 1226 ‘dietum
3549 1177 3787 1241 intelliga-

2244 1266 2393 1313 mus;
2428 1253 2593 1319 magis
2615 1256 2732 1321 quia
2769 1255 2905 1309 Deus
2933 1261 3181 1324 pnescius
3220 1260 3514 1316 futurorum
3545 1276 3641 1326 est,
3671 1285 3787 1334 prta.

2214 1341 2368 1399 .vidit
2405 1342 2455 1394 iu
2483 1358 2549 1396 eo
2581 1352 2778 1398 tantam
2811 1349 3054 1414 pietatem
3109 1352 3320 1422 tamque
3355 1370 3596 1408 veracem
3640 1360 3789 1426 poeni-

2243 1434 2479 1497 tentiam,
2513 1448 2570 1489 ut
2614 1448 2751 1490 esset
2796 1438 2846 1491 iu
2877 1456 3058 1494 eorum
3113 1459 3333 1498 numero
3373 1445 3440 1501 de
3477 1449 3667 1517 quibus
3694 1452 3792 1520 ipse

2237 1524 2362 1577 dicit
2392 1542 2404 1576 :
2438 1525 2579 1579 Beati
2607 1546 2819 1598 quorum
2848 1533 3066 1585 remissa!
3090 1544 3203 1587 sunt
3240 1537 3542 1605 iniquitates,
3598 1550 3644 1594 et
3684 1558 3794 1613 qna-

2236 1634 2349 1670 rmn
2377 1628 2503 1670 tecta
2527 1630 2639 1672 sunt
2662 1633 2883 1689 pecmln.
2929 1622 3111 1677 Beatus
3154 1625 3251 1692 vir,
3281 1628 3363 1680 cui
3410 1646 3509 1681 non
3547 1630 3793 1699 imputavit

2216 1708 2483 1763 lhnuinus
2514 1724 2769 1778 peccatum
2794 1712 2961 1783 (Psal.
2995 1732 3139 1779 xx“,
3163 1718 3214 1783 1,
3242 1719 3319 1788 2).
3352 1722 3480 1773 Cum
3511 1736 3641 1791 ergo
3667 1738 3793 1791 pra:-

2234 1798 2393 1857 sciret
2414 1819 2533 1857 eum
2569 1805 2704 1858 Deus
2736 1816 3094 1873 peccaturum,
3124 1819 3176 1864 et
3197 1820 3411 1881 peccata
3439 1827 3532 1865 sua
3582 1813 3665 1882 pia
3706 1814 3793 1865 ltu-

2235 1899 2456 1953 militate
2476 1907 2529 1952 et
2551 1898 2757 1953 sincera
2787 1903 3089 1968 ptenitentia
3119 1903 3435 1977 deleturum,
3462 1921 3557 1958 cur
3587 1923 3688 1958 non
3718 1907 3789 1958 di-

2234 1999 2400 2054 ceret,
2460 1989 2640 2044 lnveni
2690 1990 2857 2044 David
2901 1992 3177 2047 secundum
3222 2009 3308 2047 cor
3333 2011 3531 2061 meum;
3582 1994 3669 2050 cui
3706 2013 3796 2051 non

2232 2092 2347 2135 erat
2374 2082 2724 2151 imputaturus
2752 2095 3021 2153 peccatum
3053 2095 3158 2139 tam
3188 2086 3350 2140 multa
3397 2088 3529 2141 bona
3578 2089 3795 2154 facienti,

2220 2179 2286 2227 ‘ct
2314 2190 2431 2226 cum
2461 2184 2598 2227 tanta
2633 2177 2823 2243 pietate
2846 2177 3065 2243 viventi,
3094 2187 3146 2231 et
3176 2179 3284 2247 ipsa
3316 2179 3515 2249 pietate
3541 2197 3645 2250 pro
3683 2198 3796 2251 pee-

2222 2267 2364 2317 catis
2390 2266 2499 2318 suis
2530 2267 2844 2322 sacrificium
2875 2271 3086 2322 enutriti
3126 2272 3342 2338 spiritus
3366 2274 3649 2328 offerenti?
3681 2276 3798 2329 ιντο.

2234 2366 2347 2422 pter
2372 2355 2483 2409 haec
2509 2359 2686 2411 omnia
2732 2360 3008 2413 verissime
3035 2362 3231 2415 dictum
3280 2372 3383 2425 est,
3422 2365 3604 2419 Inveni
3651 2365 3796 2419 David

2230 2447 2509 2499 secundum
2542 2465 2629 2501 cor
2659 2448 2847 2501 meum.
2893 2452 3023 2517 Quia
3071 2453 3191 2506 licet
3245 2456 3533 2509 secundum
3583 2472 3677 2511 eor
3718 2458 3797 2513 Dei

2230 2551 2332 2588 non
2364 2549 2525 2602 esset,
2556 2540 2695 2608 quod
2722 2541 2809 2594 ille
2859 2545 3119 2610 peccarit;
3169 2554 3343 2599 tamen
3395 2549 3689 2602 secundum
3717 2565 3799 2603 cor

2231 2627 2322 2681 Dei
2352 2629 2464 2692 fuit,
2509 2631 2648 2699 quod
2681 2647 2776 2701 pro
2812 2636 3038 2701 peccatis
3078 2637 3189 2690 suis
3218 2652 3448 2707 congrua
3495 2642 3795 2708 pmnitentia

2227 2719 2497 2774 satisfecit.
2533 2723 2643 2777 lloc
2672 2726 2839 2777 solum
2889 2742 3016 2795 ergo
3039 2727 3090 2781 in
3121 2728 3211 2781 illo
3253 2731 3542 2784 secundum
3597 2749 3689 2787 cor
3719 2733 3798 2786 llci

2228 2827 2330 2865 non
2365 2812 2479 2878 fuit,
2508 2816 2646 2883 quod
2675 2816 2747 2870 illi
2802 2818 2937 2871 Deus
2986 2835 3091 2873 non
3148 2820 3445 2890 imputavit.
3480 2824 3595 2879 lloc
3637 2826 3798 2894 itaque

2225 2903 2419 2967 ablato,
2447 2905 2495 2957 id
2529 2915 2611 2959 est
2638 2922 2739 2960 non
2774 2909 3051 2975 imputata,
3086 2911 3213 2979 quid
3248 2914 3517 2977 remansit,
3549 2916 3653 2970 nisi
3672 2916 3798 2969 unde

2227 2999 2499 3051 \‘crissiute
2521 2999 2802 3061 diceretur,
2824 3001 2997 3055 Inveni
3024 3002 3186 3057 David
3210 3007 3482 3059 secundum
3506 3025 3599 3062 cor
3618 3008 3797 3063 meum?

2295 3093 2343 3145 5.
2378 3090 2430 3145 Si
2462 3107 2635 3146 autem
2670 3093 2769 3146 hnc
2800 3095 3102 3163 prophetice
3130 3098 3327 3152 dictum
3355 3099 3420 3152 de
3449 3100 3668 3155 Christo
3706 3117 3793 3155 re-
3838 3120 3839 3127 η

2224 3179 2381 3239 limus
2428 3184 2686 3251 accipere.
2734 3186 2907 3239 nullus
2952 3187 3477 3256 nodosqurestiouis
3523 3203 3793 3255 occurret;

2224 3271 2321 3325 nisi
2355 3274 2487 3327 forte
2533 3283 2588 3326 ut
2627 3285 2893 3343 qua-ratur
2937 3292 2965 3329 a
3024 3279 3176 3332 nobis
3216 3281 3481 3347 quomodo
3528 3284 3793 3337 Christum

2222 3374 2365 3416 recte
2405 3364 2504 3415 isto
2537 3366 2747 3417 nomine
2779 3382 2969 3421 vocare
3016 3370 3261 3435 poluerit.
3284 3370 3389 3425 Sed
3418 3374 3796 3441 respondemus

2222 3446 2436 3522 propter
2488 3470 2673 3509 semen
2708 3456 2890 3524 David,
2940 3475 3003 3511 ex
3032 3476 3137 3528 quo
3172 3475 3385 3514 carnem
3433 3460 3682 3517 Christus
3718 3479 3797 3517 as-

2220 3546 2461 3612 sumpsit.
2488 3544 2594 3599 Nec
2620 3547 2732 3599 sine
2763 3550 3006 3616 exetnplo
3038 3551 3295 3605 rationem
3326 3550 3481 3619 hujus
3516 3554 3569 3606 in
3592 3554 3797 3608 Christo

2222 3638 2449 3691 nominis
2476 3638 2765 3691 reddimus.
2798 3640 3100 3695 Invenimus
3127 3644 3320 3712 quippe
3350 3640 3792 3711 apertissitne‘Je-

2218 3747 2333 3783 sunt
2360 3731 2627 3784 Christum
2646 3733 2780 3800 apud
2806 3735 3113 3803 prophetam
3142 3737 3469 3790 Ezechieletn
3494 3738 3659 3792 David
3683 3754 3796 3794 esse

2217 3822 2558 3889 appellatum,
2591 3822 2676 3874 ubi
2718 3822 2909 3890 legitur
2958 3840 3021 3879 ex
3070 3840 3290 3894 persona
3339 3827 3429 3881 Dei
3481 3828 3703 3883 Patris:
3736 3827 3796 3881 Et

2216 3915 2465 3967 suscitabo
2486 3932 2636 3985 super
2665 3933 2843 3983 perora
2869 3935 2976 3971 mea
3020 3930 3271 3987 pastorem
3297 3937 3451 3973 unum
3498 3924 3590 3991 qui
3630 3932 3799 3993 pascat

2217 4022 2293 4065 ea.
2323 4022 2517 4059 servum
2540 4024 2700 4060 meum
2733 4008 2931 4073 David;
2962 4021 3007 4063 et
3038 4012 3145 4077 ipse
3173 4023 3339 4080 pascet
3368 4031 3448 4076 ea,
3478 4023 3523 4068 et
3569 4017 3683 4085 ipse
3710 4016 3798 4069 erit

2218 4097 2294 4149 Itis
2322 4098 2372 4149 in
2400 4108 2648 4167 pastorem
2674 4116 2691 4153 :
2716 4118 2806 4170 ego
2831 4112 2997 4154 autent
3025 4102 3272 4157 Dominus
3297 4121 3381 4158 ero
3405 4107 3477 4160 eis
3514 4108 3568 4159 in
3613 4107 3797 4170 Deum,

2215 4201 2261 4243 et
2289 4207 2457 4245 servus
2504 4209 2641 4245 meus
2666 4192 2828 4246 David
2880 4196 3110 4264 princeps
3158 4197 3212 4249 in
3259 4199 3420 4252 medio
3445 4215 3655 4262 eorum;
3705 4216 3794 4268 ego

2216 4281 2466 4338 Dominus
2491 4285 2683 4338 locutus
2725 4304 2857 4339 sunt.
2896 4288 2960 4340 Et
3004 4288 3110 4341 alio
3149 4289 3266 4344 loco
3297 4307 3310 4339 τ
3342 4290 3412 4343 Et
3436 4309 3546 4355 rex,
3603 4294 3793 4362 inquit,

2217 4392 2344 4428 unus
2373 4376 2468 4429 erit
2505 4376 2735 4430 omnibus
2763 4378 3036 4446 imperans,
3069 4389 3114 4432 et
3161 4397 3259 4433 nou
3307 4392 3448 4435 erunt
3495 4385 3636 4437 ultra
3689 4385 3805 4437 dum

2214 4477 2404 4536 gentes,
2430 4483 2517 4519 nec
2541 4467 2824 4520 dividentur
2851 4470 3069 4538 amplius
3090 4470 3140 4523 in
3170 4471 3271 4524 duo
3290 4488 3462 4541 regna,
3497 4490 3660 4545 neque
3690 4476 3803 4543 pol-

2215 4563 2415 4610 luentur
2442 4558 2576 4610 ultra
2597 4560 2646 4610 in
2673 4559 2822 4611 idolis
2848 4562 2951 4611 suis
2975 4579 2998 4610 κ
3038 4562 3497 4617 abontiuationibus
3525 4567 3636 4617 suis
3677 4576 3723 4618 et
3752 4566 3804 4618 itt

2213 4648 2400 4700 cunctis
2420 4647 2763 4715 iniquitatibus
2783 4650 2884 4701 suis
2912 4660 2995 4703 :et
3042 4652 3207 4705 salvos
3232 4668 3314 4705 eos
3341 4655 3525 4722 faciant
3567 4657 3634 4709 de
3678 4657 3803 4707 uui-

2215 4740 2366 4793 versis
2390 4739 2587 4791 sedibus
2608 4740 2713 4793 suis
2744 4741 2756 4770 ί
2781 4741 2832 4792 iu
2856 4741 3031 4808 quibus
3072 4755 3417 4809 peccaverunt,
3448 4755 3493 4797 et
3539 4746 3798 4798 ntumlulto

2213 4846 2315 4882 eos.
2347 4829 2411 4883 Et
2440 4842 2584 4883 erunt
2608 4832 2725 4907 milii
2755 4834 2993 4901 populus,
3026 4843 3071 4885 et
3102 4850 3190 4902 ego
3214 4850 3298 4888 ero
3328 4836 3397 4888 eis
3429 4834 3586 4898 Deus;
3616 4847 3667 4890 et
3698 4855 3803 4890 ser-

2211 4937 2301 4975 vus
2347 4939 2485 4975 meus
2532 4921 2697 4975 David
2724 4940 2813 4976 rea:
2859 4940 3013 4993 super
3057 4941 3160 4990 eos,
3210 4935 3257 4979 et
3301 4938 3475 4997 pastor
3518 4944 3657 4980 unus
3712 4930 3806 4980 erit

2213 5014 2437 5077 omnium
2499 5031 2669 5067 eorum
2724 5012 2959 5083 (Ezeclt.
2993 5031 3171 5082 xxxw,
3219 5015 3311 5082 25,
3356 5016 3445 5082 2i,
3512 5028 3557 5071 et
3595 5035 3806 5075 χχχι-ιι.

2213 5105 2444 5175 22-25).
2473 5105 2609 5160 Osce
2661 5122 2872 5175 quoque
2918 5110 3194 5175 propheta,
3252 5123 3371 5162 cum
3418 5109 3809 5177 przeuuntiaret

2215 5211 2421 5267 tempus
2444 5198 2767 5262 Judzeorum,
2799 5201 2952 5268 quale
2993 5215 3130 5254 nunc
3178 5201 3391 5264 habent,
3438 5214 3491 5256 et
3529 5204 3576 5255 iu
3639 5202 3809 5256 Chri-

2213 5301 2351 5346 stum
2383 5308 2477 5346 eos
2502 5302 2684 5362 postea
2720 5294 3042 5357 credituros,
3073 5296 3320 5349 euuulem
3376 5296 3646 5349 Christum
3691 5297 3808 5365 Da-

2211 5383 2297 5437 vid
2328 5383 2540 5438 nomine
2570 5386 2918 5453 prophetavit,
2943 5386 3124 5439 dicens
3154 5404 3165 5439 :
3195 5387 3445 5454 Quoniam
3468 5388 3641 5441 diebus
3668 5390 3810 5442 mul—

2215 5478 2276 5529 tis
2303 5476 2539 5529 sedebant
2570 5477 2665 5544 lilii
2708 5477 2866 5530 Israel
2894 5481 3001 5532 sine
3051 5497 3183 5547 rege,
3234 5481 3343 5533 sine
3390 5483 3635 5550 principe,
3700 5484 3807 5533 sine

2213 5570 2483 5638 sacriﬁcio,
2512 5570 2619 5623 sine
2638 5570 2805 5631 altari,
2830 5572 2937 5624 sine
2974 5572 3268 5635 sacerdotio,
3302 5575 3408 5628 sine
3433 5576 3814 5626 ttt'tnt'ft'staliu-

2283 5715 2299 5747 ι
2336 5718 2463 5763 Unus
2478 5725 2508 5764 e
2534 5714 2676 5763 Vatic.
2701 5721 2826 5776 Mss.,
2850 5713 3088 5765 sordibus.
3114 5712 3245 5777 Apud
3269 5721 3379 5768 LXX
3394 5725 3484 5778 est,
3498 5715 3743 5767 mtomidn.
