3956 6586
224 541 292 600 ΠΒ

229 651 426 714 nilu'Sie
455 662 753 709 nuncesse
841 649 1088 714 Iudaeos
1136 649 1362 721 ambigit
1431 664 1607 706 nemo.
1665 650 1771 707 Sed

229 749 382 825 quodsi:
412 742 683 815 apostolus
726 747 981 812 Paulus,
1028 745 1297 803 Gentibus
1335 741 1582 817 loquens,
1627 747 1777 803 Sicut

221 841 674 913 atinmaliquando
714 859 836 896 non
885 840 1202 896 credidistis
1249 839 1376 907 Deo,
1424 858 1554 894 nunc
1605 851 1777 896 autem

219 937 511 993 uiuritordiam
535 935 827 990 consecuti
857 934 996 989 estis
1027 935 1087 986 in
1126 933 1335 987 illorum
1379 932 1774 999 incredulitate;

219 1040 306 1084 acet
323 1030 378 1082 isti
397 1045 523 1082 nunc
551 1045 667 1082 non
701 1026 1068 1082 crediderunt
1099 1026 1156 1079 in
1197 1034 1362 1080 vestra
1404 1025 1774 1092 misericordia,

222 1135 256 1176 at
271 1124 372 1192 ctipsi
383 1121 793 1175 misericordiam
809 1125 1212 1190 consequantur
1229 1117 1404 1187 (Rom.
1423 1133 1495 1182 ιι,
1515 1117 1585 1172 50
1601 1127 1644 1171 et
1663 1119 1720 1172 3i
1737 1118 1776 1187 );

226 1216 293 1269 hoc
310 1217 510 1285 propheta
537 1214 652 1269 iste
685 1220 857 1268 tanto
888 1220 1025 1267 ante
1055 1210 1384 1281 praedicens,
1416 1218 1632 1266 secutus
1685 1208 1811 1265 ad-'

221 1308 347 1377 junrit,
368 1304 422 1360 Et
446 1316 625 1376 postea
656 1314 1008 1360 revertentur
1052 1303 1155 1372 ﬁlii
1197 1301 1385 1367 Israel,
1432 1311 1479 1356 et
1530 1303 1780 1371 inquirent

223 1399 412 1452 Dominam
444 1397 606 1451 Deum
632 1413 810 1451 suum
845 1405 896 1449 et
923 1393 1102 1448 David
1121 1411 1288 1465 regem
1313 1410 1484 1459 suum,
1516 1404 1564 1448 et
1605 1405 1779 1466 stupe-

222 1502 317 1544 tt‘tttl
333 1493 370 1544 in
386 1489 596 1543 Domino
629 1495 681 1543 et
709 1489 770 1542 in
801 1483 959 1542 bonis
1001 1487 1170 1558 ipsius
1198 1487 1251 1539 in
1281 1485 1562 1541 novissimis
1585 1485 1778 1540 diebus.

219 1584 329 1655 (05cc
345 1599 404 1646 ιιι,
432 1583 488 1649 l,
521 1580 601 1654 5).
634 1581 791 1636 Ecce
841 1590 900 1635 et
931 1579 1026 1633 hic
1071 1593 1171 1650 per
1214 1578 1381 1634 David
1429 1591 1781 1648 nomenpro-

216 1677 400 1746 pbetatus
417 1684 498 1730 est
519 1673 819 1738 Christus;
857 1671 1122 1743 quoniam
1168 1670 1381 1741 quando
1409 1669 1509 1725 ista
1547 1671 1782 1740 prophe-

213 1770 423 1833 tabantur,
452 1767 547 1822 ille
579 1765 763 1821 David
789 1781 896 1820 rex
942 1763 1113 1820 Israel
1151 1765 1264 1835 jam
1306 1763 1432 1818 olim
1487 1771 1611 1818 ante
1657 1762 1784 1818 dor-

211 1862 364 1915 mierat
384 1879 397 1913 :
419 1860 684 1915 Dominus
708 1869 902 1914 autem
932 1857 1096 1912 Jcsus
1115 1867 1192 1912 "ex
1212 1857 1327 1926 ejus
1352 1857 1568 1912 'semine
1604 1855 1781 1912 fuerat

209 1953 250 2006 in
275 1967 412 2007 carne
435 1961 739 2016 venturus;
771 1960 1001 2020 propter
1026 1949 1170 2019 quod
1191 1948 1499 2020 prophetico
1528 1948 1784 2018 loquendi

208 2043 348 2099 modo
372 2044 735 2114 appellabatur
784 2041 974 2097 David.
1021 2041 1245 2096 Videtur
1283 2050 1460 2097 autem
1502 2042 1782 2112 apostolus

208 2133 512 2189 Paulusboc
532 2132 892 2188 testimonium
919 2133 991 2186 ita
1015 2131 1264 2202 posuisse
1295 2132 1348 2186 in
1370 2133 1593 2188 Actibus
1632 2133 1784 2204 Apo-

215 2224 492 2289 stolorum,
518 2230 579 2276 ut
608 2238 714 2277 non
761 2224 859 2277 nisi
894 2223 954 2279 de
988 2225 1083 2278 illo
1106 2238 1234 2294 rege
1277 2224 1442 2279 David
1498 2225 1588 2296 qui
1636 2225 1785 2281 Sauli

203 2316 464 2370 successit
510 2315 678 2384 possit
727 2315 962 2386 intelligi.
1033 2315 1166 2370 Nam
1237 2315 1373 2372 inter
1430 2324 1647 2384 caetera,
1716 2316 1784 2372 Et

191 2409 394 2471 exinde,
422 2406 610 2477 inquit,
644 2407 1026 2476 postulaverunt
1051 2425 1241 2480 regem,
1274 2418 1319 2461 et
1345 2408 1482 2464 dedit
1505 2396 1613 2463 illis
1641 2407 1783 2464 Deus

187 2500 321 2556 Sail
343 2501 513 2571 [ilium
538 2499 640 2564 Cis,
664 2501 831 2554 virum
857 2500 921 2554 de
959 2500 1090 2554 tribu
1118 2499 1410 2572 Benjamin,
1457 2503 1604 2556 annis
1654 2518 1785 2572 qua-

182 2592 442 2662 draginta.
473 2590 543 2645 Et
592 2600 765 2646 amoto
805 2590 901 2645 illo
945 2591 1202 2646 suscitavit
1249 2592 1351 2646 illis
1398 2591 1567 2645 David
1593 2609 1783 2662 regem,

179 2685 336 2737 cui'et
352 2684 693 2738 testimonium
722 2683 996 2756 perhibens
1022 2683 1170 2752 dixit,
1199 2683 1379 2738 Inveni
1405 2683 1575 2738 David
1614 2685 1781 2753 filium

178 2771 352 2843 Iesu,
381 2777 544 2831 cirum
567 2777 851 2832 secundum
879 2793 968 2832 cor
993 2793 1179 2846 meum,
1208 2777 1289 2848 qui
1315 2778 1464 2849 faciet
1488 2794 1659 2833 omnes
1688 2773 1778 2832 vo-

1103 526 1477 590 ADMONITIO
1515 522 1580 588 ΙΝ
1618 525 2172 600 SUBSEQUENTEM
2204 529 2484 589 LIBRUM.

3340 537 3448 596 I70

1885 653 2099 708 luntates
2121 667 2278 706 meas.
2307 650 2413 707 Sed
2439 649 2692 722 quoniam
2710 649 2928 708 secutus
2954 650 3194 725 adjungit
3217 659 3273 710 et
3295 653 3463 722 dicit,

1887 745 2057 816 Hujus
2084 743 2221 800 Deus
2244 761 2306 798 ea:
2348 745 2553 808 semine,
2598 742 2871 798 secundum
2920 746 3321 816 promissionem,
3366 746 3436 801 ad
3446 775 3464 788 -

1885 835 2028 890 duxit
2057 834 2222 890 Israel
2247 833 2564 892 Salvatorem
2581 834 2757 890 Iesum
2777 833 2911 908 (Act.
2934 851 3050 904 χιιι,
3077 837 3291 907 21-25);
3311 837 3469 893 altius

1886 926 2199 996 signiﬁcavit
2251 927 2302 981 in
2355 927 2582 982 Domino
2619 927 2746 983 Jesu
2789 928 2966 998 potius
3012 943 3133 984 esse
3166 929 3474 999 intelligen-

1885 1020 2010 1075 dum
2042 1020 2173 1075 illud
2197 1021 2578 1086 testimonium,
2610 1022 2848 1091 quivere
2896 1021 3020 1076 fecit
3050 1037 3236 1077 omnes
3283 1023 3474 1078 volun-

1887 1119 2021 1167 tates
2048 1111 2144 1166 Dei
2164 1112 2356 1177 Patris,
2390 1129 2548 1183 quam
2585 1112 2640 1168 in
2663 1111 2755 1166 illo
2797 1128 2921 1184 rege
2958 1113 3122 1168 David
3165 1132 3177 1168 :
3211 1114 3301 1184 qui
3349 1114 3478 1170 licet

1886 1203 2178 1258 secundum
2221 1205 2551 1274 superiorem
2591 1206 3026 1275 disputatidnem,
3065 1207 3305 1264 remissis
3345 1221 3478 1276 pec-

1885 1297 2020 1352 catis
2043 1305 2221 1351 etnon
2270 1297 2564 1368 imputatis,
2605 1309 2824 1369 propter
2865 1300 3034 1369 ipsam
3069 1315 3279 1371 quoque
3330 1300 3478 1371 piam

1888 1389 2278 1460 pmnitentiam,
2310 1406 2414 1445 non
2443 1391 2713 1446 immerito
2741 1392 2846 1446 dici
2873 1394 3041 1462 possit
3087 1393 3332 1447 inventus
3387 1408 3474 1448 se-

1887 1481 2114 1536 cundum
2128 1496 2222 1536 cor
2241 1483 2352 1549 Dei;
2379 1493 2553 1539 tamen
2570 1469 2756 1539 omnes
2772 1484 3070 1540 voluntates
3096 1485 3190 1540 Dei
3205 1484 3478 1556 quomodo

1888 1573 2170 1648 fecitiQui
2201 1591 2340 1652 cum
2377 1576 2830 1632 excellentissime
2877 1576 3209 1644 laudaretur,
3260 1577 3478 1647 quando

1888 1669 2004 1739 ejus
2030 1677 2266 1740 tempora
2293 1678 2348 1725 et
2377 1669 2515 1726 facta
2535 1671 2812 1740 Scriptura
2835 1673 3094 1738 narravit,
3141 1678 3354 1725 notatus
3394 1675 3482 1725 est

1890 1771 2065 1818 tamen
2091 1764 2233 1834 quod
2263 1779 2370 1818 non
2419 1763 2685 1819 destruxit
2725 1763 2955 1828 excelsa,
3002 1762 3092 1818 ubi
3139 1762 3480 1817 sacrificabat

1840 1856 1843 1858 ’
1887 1858 2112 1928 populus
2182 1858 2276 1913 Dei
2324 1860 2509 1913 contra
2553 1865 2874 1928 prazccptum
2921 1855 3039 1922 Dei,
3089 1856 3178 1925 qui
3240 1863 3475 1910 tantum-

1888 1950 2048 2004 modo
2074 1950 2126 2004 in
2152 1950 2494 2006 tabernaculo
2517 1949 2805 2006 testimonii
2832 1949 2936 2004 sibi
2976 1947 3270 2004 sacrificari
3296 1948 3482 2017 jusse-

1889 2051 2005 2109 rat;
2035 2045 2280 2114 quamvis
2309 2052 2364 2099 et
2395 2044 2445 2097 in
2486 2043 2687 2098 eisdem
2727 2043 2962 2117 excelsis
3007 2042 3180 2097 cidem
3217 2039 3489 2096 sacriﬁca-

1890 2143 2041 2190 retur
2069 2134 2180 2189 Deo
2205 2151 2218 2186 :
2243 2150 2362 2204 qua:
2387 2133 2730 2204 postmodum
2757 2134 2971 2188 excelsa
2996 2148 3062 2187 ex
3101 2134 3269 2204 ipsius
3314 2130 3486 2187 David

1891 2226 2096 2281 semine
2147 2233 2467 2295 propagatus
2516 2240 2611 2279 rex
2657 2225 2955 2301 Ezechias,
2984 2241 3105 2292 cum
3179 2223 3486 2280 testimonio

1891 2333 2099 2390 magnae
2123 2332 2234 2373 sure
2255 2317 2427 2373 laudis
2455 2317 2648 2373 evertit
2671 2316 2759 2389 (ιν
2786 2316 2914 2387 Reg.
2948 2332 3092 2380 xvm,
3124 2315 3204 2387 li).

1965 2413 2020 2467 4.
2052 2411 2201 2467 Sicut
2242 2411 2411 2482 potui,
2455 2409 2709 2482 respondi
2755 2407 3191 2476 inquisitionibus
3256 2407 3382 2461 tuis.
3424 2405 3487 2463 Si

1891 2503 2016 2575 quid
2063 2504 2130 2560 de
2163 2504 2280 2560 istis
2323 2505 2484 2559 rebus
2523 2502 2772 2559 invenisti
2815 2501 3024 2568 melius,
3077 2501 3189 2555 sive
3246 2500 3489 2557 invenire

1893 2597 2151 2666 potueris,
2177 2597 2537 2667 gratissimum
2558 2579 2874 2650 habebimus
2896 2594 2939 2648 si
2958 2607 3055 2648 nos
3080 2592 3272 2648 feceris
3298 2606 3490 2647 nosse.

1893 2687 2004 2758 Ego
2026 2689 2190 2756 enim,
2223 2671 2366 2759 quod
2395 2697 2448 2744 et
2475 2703 2635 2759 supra
2663 2687 2731 2743 de
2770 2703 2858 2744 me
2888 2674 3323 2753 commemoravi,
3366 2699 3487 2738 ma-

1889 2778 1971 2851 gis
1995 2794 2116 2834 amo
2145 2780 2350 2838 discere
2369 2797 2526 2852 quam
2551 2780 2769 2838 docere.

169 2937 3493 2997 W

1322 3102 2384 3313 ADMONITIO

1211 3475 1231 3498 η
1279 3385 1360 3448 ΙΝ
1403 3383 2031 3460 SUBSEQUENTEM
2070 3383 2398 3448 LIBRUM.

1691 3583 2058 3636 -οῢοοθέθ-

159 3776 166 3780 ‘
262 3769 573 3841 Amedine
594 3771 989 3830 restituendum
1019 3773 1323 3830 curavimus
1347 3773 1661 3844 opusculum
1687 3773 2036 3847 subsequens,
2068 3774 2209 3844 quod
2231 3774 2449 3846 quidem
2467 3789 2498 3832 a
2523 3771 2945 3833 Lovaniensibus
2971 3755 3256 3852 Theologis
3281 3773 3502 3850 abjudi-

150 3871 380 3917 catum
411 3864 533 3934 ipsi,
560 3877 608 3922 et
634 3867 978 3922 amandatum
1007 3866 1063 3920 in
1089 3866 1453 3938 Appendicem
1483 3866 1674 3930 fuerat,
1706 3867 1919 3937 praefixa
1954 3859 2064 3934 illa,
2089 3881 2246 3937 quam
2274 3869 2342 3923 ab
2369 3859 2593 3923 Erasmo
2619 3868 2840 3924 mutuati
2871 3877 3014 3937 sunt,
3037 3883 3294 3926 censura:
3324 3851 3518 3926 Lich

153 3957 258 4011 ius
313 3959 409 4011 Iric
452 3975 517 4012 ελ
559 3962 769 4016 diversis
806 3960 1080 4032 Augustini
1105 3960 1331 4030 epistolis
1357 3961 1736 4013 consarcinatus
1766 3968 1857 4024 est,
1887 3959 2104 4014 maxime
2131 3961 2268 4030 quod
2292 3961 2362 4015 ad
2389 3963 2659 4017 sententias
2688 3964 2883 4018 attinet.
2921 3947 3177 4020 ‘Addebat
3216 3965 3499 4034 Erasmus,

151 4049 473 4116 probabile
498 4053 661 4108 videri
689 4068 831 4123 opus
856 4067 977 4108 esse
1014 4051 1252 4122 liugonis
1279 4049 1536 4106 Victorini
1571 4069 1583 4105 :
1615 4066 1773 4121 quam
1801 4051 1916 4121 ejus
1945 4050 2304 4120 conjecturam
2332 4053 2526 4108 refellit
2551 4055 2635 4109 vel
2663 4045 2775 4110 sola
2805 4042 3045 4125 ejusdem
3071 4057 3190 4113 libri
3233 4058 3501 4129 scriptura

161 4141 228 4194 in
254 4142 681 4201 Gemmeticensi
713 4144 904 4201 codice
933 4155 1058 4200 ante
1087 4144 1326 4215 Hugonis
1355 4153 1564 4199 aetatem
1593 4152 1837 4210 exarata,
1862 4153 1916 4200 et
1942 4158 2135 4214 gerens
2171 4147 2223 4200 in
2271 4145 2447 4203 fronte
2487 4164 2682 4204 nomen
2719 4134 3020 4220 Augustini.
3071 4153 3179 4208 Res
3231 4155 3388 4209 etiam
3439 4167 3507 4213 ac

161 4235 407 4302 phrasis
433 4255 538 4294 non
563 4240 846 4310 Hugonem
877 4239 1063 4305 refert,
1093 4237 1188 4294 sed
1218 4253 1434 4308 prorsus
1476 4237 1857 4308 Augustinum;
1905 4237 1993 4307 qui
2033 4246 2302 4306 postremo
2323 4280 2338 4304 ,
2389 4224 2528 4309 quod
2571 4240 2852 4295 Erasmum
2889 4240 3142 4313 fugiebat,
3176 4226 3500 4317 in'Epistola

171 4327 325 4395 23!,
358 4332 423 4386 ad
456 4333 674 4387 Darium
706 4333 980 4398 comitem,
1011 4339 1133 4402 post
1181 4330 1566 4386 Frobeniauam
1620 4331 1908 4387 editionem
1953 4341 2185 4400 reperta,
2232 4340 2286 4386 et
2335 4332 2386 4385 in
2433 4333 2765 4388 Plantiniana
2810 4335 3222 4392 Lovaniensium
3266 4341 3500 4409 primum

183 4420 434 4489 vulgata,
455 4437 606 4477 suum
633 4438 758 4478 esse
779 4421 999 4478 Librum
1019 4430 1352 4478 contestatur
1378 4421 1463 4476 his
1493 4423 1693 4488 verbis,
1718 4422 1826 4504 11.4
1850 4439 1864 4476 :
1896 4421 2019 4476 Misi
2038 4431 2086 4474 et
2110 4422 2237 4475 alios
2264 4422 2436 4490 libros,
2461 4440 2710 4502 quosnon
2740 4427 2926 4496 petisti,
2951 4445 3014 4481 ne
3036 4429 3128 4482 hoc
3147 4434 3498 4489 tantummodo

194 4522 425 4589 [acerem
451 4526 579 4593 quod
623 4524 814 4596 petisti,
847 4522 912 4576 de
939 4521 1070 4576 Fide
1097 4539 1265 4576 rerum
1304 4538 1416 4594 qua:
1454 4537 1557 4575 non
1597 4520 1845 4587 videntur,
1892 4519 1956 4573 de
1986 4517 2263 4585 Patientia,
2291 4519 2353 4572 de
2393 4515 2732 4596 Continentia,
2765 4521 2829 4574 de
2852 4519 3202 4590 Providentia,
3253 4535 3314 4596 et.
3337 4544 3501 4585 unum

202 4618 452 4682 grandem
479 4620 538 4672 de
559 4618 689 4673 Fide
718 4627 769 4672 et
804 4617 911 4686 Spe
933 4626 980 4671 et
1004 4615 1278 4672 Cliaritate.
1310 4614 1362 4669 ls
1388 4613 1528 4669 haud
1559 4614 1720 4669 dubie
1747 4614 1894 4668 locus
1929 4611 2186 4684 praeteriit
2214 4611 2373 4666 etiam
2405 4611 2807 4678 Bellarminum,
2837 4614 3308 4691 quiLovanienses
3338 4635 3500 4677 seca-

210 4715 320 4774 tus,
345 4709 477 4766 hunc
497 4711 689 4767 librum
713 4710 914 4781 spuriis
942 4707 1337 4765 accensendum
1366 4721 1430 4762 co
1451 4706 1719 4761 lubentius
1746 4705 1984 4771 volebat,
2013 4704 2154 4774 quod
2186 4712 2396 4760 notatus
2423 4719 2530 4759 non
2556 4704 2855 4762 inveniatur
2881 4707 2933 4762 in
2966 4708 3457 4770 Retractationibus
3476 4705 3500 4774 ἐ

212 4797 379 4856 libros
406 4814 575 4859 tamen
597 4805 715 4874 ipse
745 4818 887 4858 nunc
912 4801 1174 4868 laudatos,
1203 4800 1270 4855 de
1288 4798 1546 4854 Patientia
1573 4806 1626 4852 et
1651 4797 1717 4852 de
1742 4783 2104 4864 Cvontinentia,
2134 4796 2373 4866 quamvis
2398 4796 2539 4850 nulla
2562 4795 2757 4852 ibidem
2791 4799 2925 4854 facta
2953 4799 3021 4853 sit
3049 4800 3115 4854 de
3141 4801 3246 4858 illis
3274 4809 3502 4873 mentio,

96 4954 100 4976 J
209 4913 310 4967 pro
337 4899 576 4966 genuinis
601 4898 825 4961 habens,
854 4897 975 4967 quia
995 4912 1026 4950 a
1051 4895 1294 4950 Possidio
1314 4902 1368 4948 et
1400 4908 1432 4947 a
1462 4875 1846 4962 Beda'vulgato
1872 4891 2121 4947 citantur.
2151 4891 2276 4946 llmc
2300 4890 2548 4945 nimirum
2571 4891 2824 4962 opuscula
2851 4894 3006 4971 exiis
3024 4877 3146 4974 sunt
3166 4894 3506 4958 Tractatibus

90 5017 100 5056 ι
211 4989 576 5057 p-qnzdaribus,
601 4988 691 5060 qui
722 4987 1042 5058 Augustino,
1093 4983 1248 5040 sicuti
1288 4983 1355 5038 ad
1385 4981 1812 5064 Quodvultdeum
1845 4981 1899 5035 in
1944 4981 2165 5050 cpistola
2193 4980 2319 5047 224,
2364 4999 2420 5036 ιι.
2447 4982 2503 5049 2,
2553 4983 2758 5049 scribit,
2806 4993 2925 5054 post
2970 4985 3209 5042 absoluta
3243 4989 3353 5058 jam
3397 4990 3505 5049 duo

64 5080 80 5134 ,Α
201 5083 268 5136 de
311 5083 571 5137 librorum
612 5097 829 5137 suorum
877 5079 1190 5135 recensione
1230 5076 1521 5138 volumina,
1578 5073 1912 5154 retractandi
1943 5089 2065 5128 cum
2110 5073 2362 5154 Epistolis
2405 5074 2696 5130 restabant.
2744 5075 3028 5132 Nobiscum
3071 5094 3199 5133 vero
3235 5084 3506 5137 consentit

198 5174 515 5230 Brrnardns
554 5174 848 5244 Vindingus
887 5173 940 5227 in
987 5171 1186 5226 Critico
1227 5167 1648 5239 Augustiniano;
1697 5175 1750 5220 et
1784 5165 2003 5242 titulum
2048 5166 2134 5236 qui
2172 5166 2222 5220 in
2271 5166 2428 5222 editis
2469 5167 2720 5238 prmfixus
2748 5156 2894 5236 erat,
2933 5170 2999 5226 de
3036 5171 3166 5226 Fide
3197 5161 3374 5228 rerum
3414 5176 3502 5229 in-

199 5271 528 5334 visibilinm,
556 5268 947 5324 emendandum
967 5266 1107 5320 haud
1137 5264 1405 5320 immerito
1431 5270 1642 5326 censet;
1674 5259 1884 5331 quando
1905 5259 1970 5314 de
2002 5259 2104 5315 fide
2131 5259 2216 5314 hie
2243 5259 2434 5329 agitur,
2463 5277 2569 5316 non
2592 5277 2776 5318 earum
2802 5249 3170 5319 tantummodo
3187 5281 3362 5321 rerum
3383 5284 3507 5338 quae

195 5366 484 5434 corporeis
514 5363 680 5419 oculis
703 5363 970 5432 attingere
990 5373 1260 5429 nunquam
1289 5358 1436 5424 licet,
1465 5355 1558 5412 sed
1586 5341 1934 5425 quarumdam
1965 5353 2123 5407 etiam
2153 5369 2269 5423 quae
2293 5353 2358 5408 iis
2382 5354 2426 5408 si
2449 5363 2737 5424 praesentes
2761 5356 3160 5425 exhiberentur,
3180 5357 3346 5413 videri
3379 5374 3508 5429 pos-

193 5467 352 5514 gent.
379 5453 702 5526 Opusculum
733 5462 858 5525 post
877 5465 1077 5506 annum
1105 5449 1228 5516 399,
1253 5463 1359 5520 quo
1389 5448 1533 5519 leges
1557 5446 1625 5502 ab
1647 5437 1883 5501 llonOrio
1904 5453 2089 5500 contra
2116 5443 2256 5501 idola
2285 5437 2431 5503 data:
2453 5455 2596 5517 sunt,
2625 5439 2995 5506 collocandum
3023 5464 3144 5508 esse
3189 5464 3254 5508 ex
3285 5451 3352 5506 iis
3380 5468 3507 5525 quae

191 5569 258 5609 ι.
289 5549 364 5606 10
384 5549 455 5606 de
479 5547 746 5606 idolorum
767 5541 1126 5604 subversione
1153 5529 1416 5613 leguntur,
1444 5529 1609 5596 nemo
1627 5553 1734 5594 non
1762 5545 2036 5609 agnoscet.
2283 5536 2286 5539 ’

444 6071 679 6141 Sacr.
726 6067 1038 6134 AUGUST.
1081 6061 1184 6132 VI.
