3942 6416
557 358 1068 421 ﬂ:

1295 541 2117 690 AURELII
2205 538 3302 694 AUGUSTINI

3302 365 3800 440 ἢ

1511 784 2274 871 HIPPONENSIS
2323 786 2852 877 EPISCOPI

995 951 1443 1175 [DE
1558 948 2202 1110 FIDE
2315 952 3287 1123 RERUM

1234 1214 1632 1386 eum
1681 1212 2066 1329 NON
2127 1214 3179 1371 vrnm'run,
3323 1301 3326 1303 _

1579 1430 2058 1544 LIBER

2220 1431 2575 1546 I’NU'S
2618 1437 2756 1550 (α).
3319 1467 3353 1497 ‘-

1847 1624 2001 1678 καθ-ἓ
2007 1621 2485 1677 κίταρις-ιθ»)

594 1735 775 1813 1ιὶφο
801 1745 1161 1798 demonstratur
1182 1752 1276 1796 nos
1307 1742 1360 1794 in
1391 1739 1650 1796 christiana
1671 1738 1938 1803 religione,
1959 1749 2059 1832 non
2079 1735 2306 1873 culpath
2331 1741 2631 1806 temeritate,
2657 1741 2747 1796 sed
2767 1741 2996 1799 laudabili
3016 1739 3114 1800 ﬁde
3135 1746 3345 1802 credere
3365 1759 3452 1804 res
3469 1761 3596 1817 quas
3613 1749 3764 1807 eam

1890 1831 2069 1873 nostris
2087 1834 2184 1872 non
2206 1825 2253 1873 vi
2290 1836 2446 1873 emus.

1890 1825 2069 1874 nostris
2087 1834 2184 1872 non
2206 1825 2446 1876 videmus.

599 1956 826 2015 CAPUT
845 1955 1131 2014 PRIMUM.
1148 1955 1270 2012 —-l.
1290 1952 1458 2008 Etiam
1477 1951 1529 2006 in
1547 1951 1695 2006 rebus
1719 1949 1955 2004 humanis
1972 1947 2131 2003 multa

529 2053 671 2108 credi
716 2067 830 2122 qua:
869 2064 974 2106 non
1002 2059 1274 2105 cernuntur
1308 2047 1486 2102 oculis.
1540 2043 1782 2100 Voluntas
1817 2043 1968 2098 amici
1998 2041 2129 2097 bona

525 2160 635 2201 non
665 2145 887 2213 videtur,
914 2143 1002 2198 sed
1035 2143 1272 2197 creditur.
1306 2139 1466 2194 Amici
1505 2137 1656 2193 etiam
1684 2135 1882 2208 probati
1913 2136 2125 2190 benevo-

524 2240 684 2295 lentia
722 2238 865 2292 nobis
915 2252 1017 2290 non
1072 2243 1267 2290 constat
1320 2234 1427 2288 sine
1470 2231 1643 2301 aliqua
1681 2230 1800 2298 ﬁde.
1855 2229 1987 2284 Sunt
2033 2228 2124 2298 qui

524 2340 717 2404 putant
763 2331 1103 2386 christianum
1147 2327 1462 2398 religionem
1514 2332 1800 2394 propterea
1847 2321 2124 2376 ridendum

518 2425 700 2494 potius
727 2437 886 2492 quam
915 2420 1196 2477 tenendam
1215 2459 1232 2488 ,
1263 2417 1384 2489 quia
1413 2417 1467 2471 in
1497 2431 1558 2474 ea
1580 2457 1595 2482 ,
1626 2429 1733 2468 non
1775 2428 1863 2470 res
1892 2428 2011 2483 quae
2040 2413 2121 2466 vi-

513 2515 711 2570 deatur
734 2512 1054 2578 ostenditur,
1087 2510 1179 2566 sed
1207 2509 1338 2565 ﬁdes
1363 2523 1539 2563 rerum
1571 2522 1690 2577 quae
1715 2521 1822 2560 non
1848 2504 2118 2573 videntur,

519 2604 829 2661 hominibus
868 2603 1177 2672 imperatur.
1218 2598 1326 2655 Nos
1364 2613 1492 2669 ergo
1528 2596 1595 2652 ad
1622 2597 1720 2651 hos
1759 2594 2118 2661 refellendos,

517 2695 614 2766 qui
640 2694 930 2767 prudenter
957 2693 1059 2748 sibi
1082 2691 1331 2747 videntur
1357 2689 1500 2744 nolle
1527 2687 1749 2744 credere
1774 2686 1916 2756 quod
1936 2686 2120 2742 videre

517 2801 629 2843 non
656 2794 907 2857 possunt,
960 2785 1065 2840 etsi
1108 2798 1216 2838 non
1252 2783 1489 2839 valemus
1530 2780 1776 2835 humanis
1816 2778 2118 2849 aspectibus

518 2886 821 2932 monstrare
839 2875 1018 2932 divina
1039 2889 1158 2947 quae
1182 2873 1470 2940 credimus,
1501 2882 1675 2927 tamen
1698 2870 1946 2925 humanis
1966 2885 2119 2926 men-

517 2966 663 3022 tibus
709 2967 871 3022 etiam
923 2966 1013 3021 illa
1061 2980 1181 3036 qua:
1228 2979 1333 3019 non
1385 2961 1629 3017 videntur
1678 2959 1944 3016 credenda
1995 2972 2118 3015 esse

516 3067 899 3113 monstramus.
931 3059 1007 3111 Ac
1035 3056 1263 3126 primum
1294 3054 1401 3121 isti,
1435 3067 1567 3122 quos
1596 3051 1766 3108 oculis
1794 3049 2006 3106 carneis
2038 3049 2117 3106 sic

515 3151 742 3208 stultitia
771 3149 896 3206 fecit
921 3148 1203 3213 obnoxios,
1232 3155 1290 3202 ut
1318 3145 1459 3216 quod
1486 3160 1580 3214 per
1605 3159 1700 3199 eos
1725 3158 1833 3198 non
1863 3151 2112 3207 cernunt,

515 3259 628 3300 non
658 3244 759 3300 sibi
785 3243 1090 3300 existiment
1118 3255 1236 3296 esse
1264 3237 1611 3304 credendum,
1631 3236 1952 3292 admonendi
1991 3244 2119 3292 sunt

514 3349 676 3406 quam
703 3337 867 3390 multa
896 3348 1004 3389 non
1032 3331 1204 3388 solum
1231 3330 1452 3386 credant
1470 3371 1484 3396 ,
1515 3343 1704 3384 verum
1731 3328 1891 3381 etiam
1921 3327 2112 3394 sciant,

515 3441 636 3496 qua:
668 3425 862 3481 talibus
888 3423 1056 3480 oculis
1093 3421 1261 3477 videri
1291 3436 1397 3475 non
1427 3428 1667 3490 possunt.
1700 3417 1830 3485 Quae
1859 3432 1981 3471 cum
2009 3418 2116 3472 sint

513 3517 921 3573 innumerabilia
949 3516 1002 3570 in
1033 3515 1150 3584 ipso
1178 3513 1357 3568 animo
1396 3518 1579 3566 nostro
1600 3549 1614 3572 ,
1644 3508 1796 3576 cujus
1834 3506 2111 3561 invisibilis

514 3619 600 3666 est
626 3619 810 3663 natura
830 3650 845 3675 ,
877 3616 935 3662 ut
963 3607 1065 3660 alia
1103 3615 1306 3660 taceam
1326 3645 1340 3670 ,
1373 3602 1504 3658 lides
1533 3603 1644 3672 ipsa
1675 3616 1779 3670 qua
1806 3600 2074 3656 credimus
2094 3642 2110 3668 ,

516 3700 632 3758 sive
671 3699 918 3771 cogitatio
959 3712 1062 3768 qua
1089 3711 1186 3750 nos
1229 3694 1311 3750 vel
1337 3692 1558 3748 credere
1599 3691 1834 3762 aliquid,
1879 3691 1960 3746 vel
2006 3706 2112 3746 non

514 3793 738 3849 credere
765 3790 1040 3854 novimus,
1068 3802 1190 3842 cum
1218 3800 1432 3857 prorsus
1472 3784 1641 3840 aliena
1681 3785 1751 3839 sit
1793 3783 1861 3838 ab
1890 3783 2112 3839 istorum

515 3882 888 3952 conspectibus
927 3879 1238 3946 oculorum,
1274 3875 1401 3947 quid
1440 3886 1546 3930 tam
1590 3873 1826 3942 nudum,
1863 3882 1969 3929 tam
2000 3875 2111 3930 cla-

515 3989 665 4039 rum,
699 3971 824 4043 quid
860 3981 966 4026 tam
1004 3978 1210 4025 eertum
1252 3976 1332 4023 est
1377 3966 1718 4022 interioribus
1758 3964 1963 4021 visibus
1997 3965 2112 4020 ani-

516 4064 766 4120 morum?
791 4062 1070 4131 Quomodo
1094 4076 1222 4133 ergo
1241 4059 1564 4116 credendum
1590 4073 1696 4115 non
1722 4068 1804 4115 est
1828 4059 1970 4130 quod
1991 4074 2112 4115 cor-

513 4157 695 4226 poreis
724 4155 891 4211 oculis
921 4168 1027 4210 non
1061 4152 1330 4218 videmus,
1360 4166 1481 4207 cum
1507 4151 1590 4205 vel
1619 4150 1840 4207 credere
1865 4165 1962 4207 nos
1981 4192 1996 4219 ,
2027 4150 2109 4208 vel

514 4265 627 4307 non
657 4250 896 4318 credere,
928 4248 1018 4304 ubi
1047 4261 1335 4317 corporeos
1365 4245 1549 4302 oculos
1575 4244 1830 4302 adhibere
1857 4260 1963 4301 non
1987 4259 2109 4316 pos-

515 4359 722 4410 sumus,
756 4342 871 4399 sine
897 4341 1002 4397 ulla
1028 4339 1359 4397 dubitatione
1387 4337 1699 4394 videamus?

587 4438 640 4491 2.
684 4436 826 4503 Sed,
859 4435 1137 4506 inquiunt,
1179 4431 1277 4488 ista
1316 4447 1434 4502 qute
1477 4431 1533 4485 in
1579 4429 1758 4485 animo
1787 4437 1944 4496 sunt,
1987 4443 2106 4484 cum

491 4507 785 4602 .possimus
811 4529 927 4598 ipso
953 4529 1132 4582 animo
1161 4539 1400 4589 cernere,
1432 4539 1538 4577 non
1567 4537 1700 4591 opus
1728 4521 1984 4576 habemus
2016 4537 2108 4590 per

515 4625 701 4680 oculos
726 4623 966 4691 corporis
994 4634 1153 4674 nosse
1182 4636 1194 4670 :
1223 4633 1340 4685 qua:
1368 4625 1544 4670 autem
1577 4612 1750 4668 dicitis
1776 4629 1869 4668 vos
1901 4623 1957 4668 ut
1985 4629 2105 4668 cre-

515 4718 727 4784 damus,
760 4730 858 4770 nec
881 4712 1012 4769 foris
1037 4711 1336 4776 ostenditis,
1368 4718 1423 4763 ut
1448 4724 1508 4762 ea
1536 4723 1632 4778 per
1660 4707 1846 4762 oculos
1867 4707 2105 4778 corporis

515 4810 856 4874 noverimus;
881 4823 979 4863 nec
1007 4807 1145 4860 intus
1177 4805 1228 4858 in
1258 4803 1433 4857 animo
1464 4808 1646 4855 nostro
1673 4809 1814 4868 sunt,
1843 4810 1897 4854 ut
1929 4815 1990 4854 ca
2017 4814 2107 4854 co-

517 4903 732 4976 gitando
779 4900 1072 4957 videamus.
1115 4899 1202 4953 Sic
1232 4897 1329 4951 ista
1373 4895 1587 4960 dicunt,
1636 4894 1784 4963 quasi
1827 4893 2104 4962 quisquam

513 4996 738 5051 credere
757 4993 1056 5065 iuberetur,
1084 4991 1129 5046 si
1155 4990 1264 5060 jam
1291 4987 1386 5041 sibi
1415 4994 1790 5057 praesentatum
1819 4994 1998 5055 posset
2024 4986 2103 5041 vi-

519 5089 645 5146 dere
689 5088 830 5160 quod
877 5085 1130 5141 creditur.
1178 5082 1299 5136 ideo
1351 5080 1534 5150 utique
1583 5078 1838 5134 debemus
1885 5078 2105 5135 credere

519 5182 767 5237 nonnulla
809 5180 969 5236 etiam
1017 5175 1361 5248 temporalia,
1406 5189 1524 5244 quae
1575 5188 1681 5227 non
1730 5173 1998 5240 videmus,
2050 5182 2107 5228 ut.

519 5285 716 5331 aeterna
743 5285 902 5331 etiam
934 5287 1233 5329 mereamur
1268 5270 1482 5336 videre,
1533 5283 1653 5340 qua:
1682 5267 1966 5324 credimus.
1997 5267 2102 5324 Sed

2234 1952 2474 2023 quisquis
2500 1967 2588 2022 es,
2615 1957 2706 2027 qui
2733 1972 2837 2015 non
2861 1959 2942 2017 vis
2966 1961 3188 2019 credere
3209 1963 3311 2020 nisi
3337 1963 3478 2034 quod
3505 1963 3678 2031 vides,
3701 1979 3814 2024 eoeo

2235 2049 2518 2114 praesentia
2547 2063 2772 2120 corpora
2808 2055 3080 2124 corporeis
3108 2057 3279 2112 oculis
3313 2057 3497 2127 vides,
3529 2068 3816 2130 praesentes

2233 2135 2535 2194 voluntates
2574 2149 2627 2195 et
2668 2144 3016 2214 cogitationes
3055 2154 3204 2214 tuas,
3247 2148 3368 2219 quia
3416 2149 3469 2203 in
3512 2150 3699 2208 animo
3737 2158 3816 2206 tuo

2231 2237 2388 2293 sunt,
2419 2229 2534 2298 ipso
2563 2231 2742 2285 animo
2768 2233 2914 2289 vides
2940 2249 2954 2286 :
2985 2234 3072 2289 dic
3098 2235 3245 2301 mihi,
3277 2235 3501 2292 obsecro
3531 2245 3622 2303 te;
3671 2239 3815 2294 amici

2231 2319 2306 2372 tui
2328 2334 2451 2389 erga
2481 2327 2531 2376 te
2554 2323 2877 2379 voluntatem
2899 2326 3088 2396 quibus
3107 2327 3277 2383 oculis
3300 2327 3488 2386 vides?
3511 2330 3668 2388 nulla
3689 2333 3818 2388 enim

2227 2410 2471 2466 voluntas
2496 2415 2769 2484 corporeis
2792 2416 2960 2471 oculis
2985 2417 3154 2473 videri
3183 2427 3375 2489 potest.
3403 2422 3484 2476 An
3508 2437 3643 2477 vero
3668 2423 3817 2480 etiam

2227 2500 2330 2557 hoc
2355 2503 2503 2560 vides
2540 2506 2718 2562 animo
2751 2516 2872 2575 tuo,
2901 2509 3042 2579 quod
3073 2510 3128 2566 in
3166 2511 3345 2568 animo
3388 2514 3561 2584 agitur
3604 2515 3817 2572 alieno?

2225 2594 2379 2663 Quod
2415 2598 2457 2652 si
2487 2613 2594 2653 non
2631 2599 2784 2656 vides
2807 2643 2821 2665 ,
2849 2603 3118 2671 quomodo
3147 2603 3356 2659 amicali
3388 2606 3401 2636 ¹
3435 2604 3818 2664 benevolentia:

2226 2684 2398 2741 vicem
2425 2689 2693 2757 rependis,
2717 2691 2760 2746 si
2785 2691 2926 2763 quod
2952 2708 3057 2748 non
3080 2701 3230 2764 potes
3255 2695 3454 2763 videre,
3481 2712 3588 2753 non
3618 2698 3822 2756 credis?

2223 2777 2306 2831 An
2355 2779 2490 2835 forte
2527 2781 2766 2838 dicturus
2804 2798 2895 2851 es,
2942 2785 3163 2841 alterius
3205 2786 3530 2844 voluntatem
3573 2805 3675 2860 per
3710 2790 3817 2862 ejus

2222 2881 2383 2937 opera
2417 2879 2468 2926 te
2511 2871 2732 2928 videre?
2755 2873 2898 2944 Ergo
2926 2874 3063 2930 facta
3093 2876 3301 2932 visurus
3320 2919 3334 2942 ,
3365 2886 3419 2934 et
3442 2880 3611 2937 verba
3642 2896 3702 2937 es
3728 2896 3819 2936 au-

2221 2959 2429 3017 diturus
2449 3002 2466 3027 ,
2497 2962 2566 3018 de
2595 2963 2751 3019 amici
2780 2974 2957 3020 autem
2997 2966 3267 3024 voluntate
3307 2968 3360 3023 id
3401 2970 3546 3039 quod
3571 2971 3745 3028 videri
3770 2979 3819 3028 et

2221 3051 2392 3107 audiri
2431 3068 2537 3108 non
2569 3063 2745 3124 potest
2771 3056 3087 3114 crediturus.
3120 3058 3234 3115 Non
3265 3060 3408 3116 enim
3439 3063 3696 3119 voluntas
3735 3064 3819 3119 illa

2220 3143 2368 3198 color
2389 3153 2470 3200 est
2492 3154 2584 3200 aut
2607 3146 2790 3218 ﬁgura,
2822 3157 2878 3203 ut
2905 3151 3073 3205 oculis
3099 3151 3398 3221 ingeratur;
3427 3153 3511 3208 vel
3541 3169 3716 3211 sonus
3734 3164 3818 3210 aut

2219 3237 2481 3292 cantilena
2501 3278 2514 3303 ,
2546 3247 2604 3292 ut
2630 3240 2846 3297 auribus
2875 3241 3149 3309 illabatur;
3180 3252 3274 3298 aut
3309 3258 3439 3300 vero
3484 3252 3580 3300 tua
3622 3255 3741 3313 est,
3770 3254 3822 3303 ut

2221 3329 2296 3382 tui
2323 3328 2502 3383 cordis
2536 3327 2818 3386 affectione
2863 3333 3142 3393 sentiatur.
3183 3335 3368 3391 Restat
3402 3337 3589 3408 itaque
3619 3347 3683 3395 ut
3729 3352 3821 3395 nec

2219 3419 2351 3484 visa,
2383 3434 2480 3475 nec
2504 3419 2708 3487 audita,
2741 3437 2841 3478 nec
2866 3425 3004 3493 apud
3032 3433 3082 3481 te
3102 3427 3245 3483 intus
3267 3438 3559 3499 conspecta
3585 3432 3606 3464 ί
3633 3431 3819 3488 creda-

2220 3516 2333 3576 tur,
2375 3526 2443 3566 ne
2475 3519 2560 3565 tua
2603 3513 2707 3566 vita
2747 3513 2959 3570 deserta
2997 3517 3113 3573 sine
3137 3518 3242 3573 ulla
3278 3521 3511 3577 amicitia
3539 3524 3817 3597 relinqua-

2218 3608 2324 3669 tur,
2355 3602 2440 3657 vel
2467 3602 2706 3673 impensa
2737 3605 2828 3660 tibi
2853 3605 3066 3663 dilectio
3092 3609 3328 3666 vicissim
3354 3612 3449 3668 abs
3492 3623 3550 3672 te
3590 3631 3709 3674 non
3735 3630 3817 3673 re-

2216 3691 2494 3762 pendatur.
2524 3693 2622 3750 Ubi
2649 3703 2730 3750 est
2758 3711 2885 3768 ergo
2920 3697 3061 3768 quod
3085 3699 3330 3771 dicebas,
3363 3711 3414 3759 te
3449 3706 3689 3765 credere
3715 3722 3815 3764 non

2217 3782 2440 3851 debere,
2486 3785 2587 3840 nisi
2616 3787 2758 3857 quod
2803 3787 3011 3846 videres
3049 3799 3140 3846 aut
3175 3793 3509 3852 extrinsecus
3550 3812 3816 3874 corpore,

2215 3885 2305 3931 aut
2331 3876 2650 3935 intrinsecus
2670 3880 2866 3937 corde?
2887 3882 3024 3939 Ecce
3045 3895 3111 3939 ex
3133 3884 3297 3942 corde
3319 3894 3431 3952 tuo,
3454 3891 3650 3948 credis
3675 3890 3817 3948 cordi

2215 3984 2322 4024 non
2352 3977 2473 4037 tuo;
2504 3980 2558 4026 et
2585 3987 2690 4042 quo
2719 3987 2817 4028 nec
2844 3975 3018 4031 carnis
3048 3991 3148 4032 nec
3174 3977 3368 4032 mentis
3397 3977 3593 4052 dirigis
3626 3983 3816 4048 aciem,

2214 4061 2588 4117 accommodas
2608 4062 2786 4118 tidem.
2813 4064 2981 4120 Amici
3011 4063 3198 4123 faciem
3225 4067 3402 4124 cernis
3425 4084 3669 4142 corpore
3695 4081 3815 4140 tuo,

2216 4152 2373 4210 ﬁdem
2405 4161 2547 4209 tuam
2573 4157 2747 4212 cernis
2772 4159 2950 4214 animo
2981 4169 3108 4215 tuo:
3140 4162 3294 4217 amici
3322 4177 3449 4220 vero
3489 4180 3608 4222 non
3641 4167 3742 4223 abs
3771 4176 3817 4223 te

2214 4255 2423 4302 amatur
2449 4247 2582 4303 ﬁdes
2605 4290 2620 4317 ,
2666 4249 2710 4304 si
2742 4265 2845 4305 non
2877 4251 2928 4305 in
2960 4259 3012 4308 te
3048 4262 3230 4309 mutuo
3268 4253 3358 4309 illa
3387 4255 3458 4310 sit
3502 4255 3684 4326 fides,
3717 4270 3815 4330 qua

2213 4339 2402 4395 credas
2434 4341 2574 4411 quod
2605 4342 2656 4396 in
2684 4342 2775 4397 illo
2810 4357 2913 4397 non
2945 4343 3112 4401 vides.
3154 4345 3404 4415 Quamvis
3447 4347 3621 4405 homo
3650 4349 3816 4423 possit

2212 4439 2267 4485 et
2295 4429 2478 4486 fallere
2504 4431 2752 4502 tingendo
2779 4433 3226 4504 benevolentiam,
3250 4438 3480 4509 tegendo
3502 4441 3775 4496 malitiam
3799 4455 3813 4495 :

2211 4531 2302 4577 aut
2346 4523 2390 4577 si
2428 4538 2624 4579 nocere
2660 4539 2764 4578 non
2799 4527 3028 4596 cogitat,
3063 4537 3240 4583 tamen
3285 4531 3660 4600 exsiiectando
3705 4547 3736 4586 a
3768 4540 3815 4586 te

2211 4615 2440 4684 aliquam
2461 4616 2914 4684 commoditatem,
2941 4618 3174 4688 simulat,
3203 4620 3325 4691 quia
3346 4619 3680 4679 charitatem
3704 4636 3811 4679 non

2212 4706 2388 4763 habet

2283 4802 2335 4856 5.
2379 4799 2483 4856 Sed
2513 4800 2645 4856 dicis
2665 4843 2680 4870 ,
2715 4801 2834 4858 ideo
2863 4811 2915 4859 te
2939 4803 3158 4861 credere
3196 4805 3372 4862 amico
3394 4849 3410 4875 ,
3437 4807 3600 4878 cujus
3633 4809 3815 4866 videre

2186 4909 2303 4976 lcor
2324 4910 2426 4950 non
2450 4903 2618 4965 potes,
2647 4896 2770 4966 quia
2795 4896 2846 4951 in
2871 4898 2972 4952 tuis
2995 4898 3374 4956 tentationibus
3394 4915 3517 4957 eum
3542 4901 3811 4973 probasti,

2210 4995 2264 5043 et
2283 4986 2582 5058 cujusmodi
2602 4989 2836 5044 animum
2857 5003 2981 5058 erga
3005 4999 3054 5045 te
3076 4989 3296 5047 haberet
3319 4991 3370 5048 iu
3399 4993 3502 5048 tuis
3525 4995 3812 5065 periculis,

2213 5081 2300 5136 ubi
2336 5089 2386 5136 te
2416 5095 2520 5136 non
2559 5080 2835 5150 deseruit,
2865 5083 3178 5154 cognovisti.
3221 5084 3490 5156 Numquid
3534 5102 3714 5160 ergo,
3761 5096 3817 5143 ut

2209 5175 2499 5230 amicorum
2537 5174 2793 5245 probetur
2832 5189 2957 5246 erga
3001 5190 3102 5231 nos
3144 5177 3402 5243 charitas,
3450 5177 3680 5235 videtur
3725 5179 3815 5235 tibi

2212 5276 2393 5323 nostra
2412 5266 2640 5338 optanda
2657 5267 2966 5324 calamitas?
2984 5266 3093 5325 Nec
3112 5269 3390 5341 quiSquam
3406 5269 3508 5350 erit
3529 5284 3605 5327 ex
3627 5270 3818 5326 amicis

1707 5399 1996 5441 ADIONITIO
2033 5402 2113 5442 PP.
2154 5369 2635 5443 BENEDICTINORUI.

578 5484 868 5535 Emendatus
912 5487 990 5532 est
1012 5477 1391 5546 (uberdejide
1410 5488 1580 5528 rerum
1597 5488 1711 5546 quae
1731 5489 1834 5546 non,
1849 5475 2094 5546 videntur)
2119 5476 2179 5527 ad
2197 5481 2307 5546 Mss.
2329 5474 2612 5546 S_orbonieos
2639 5472 2780 5536 duos,
2818 5472 2880 5523 ad
2910 5473 3184 5526 vaticanum
3198 5487 3367 5537 unum,
3389 5480 3442 5526 et
3457 5473 3519 5525 ad
3542 5475 3817 5527 Gemmeu-

500 5559 746 5619 _oonsem;
770 5539 1110 5609 pratereaque
1129 5541 1191 5592 ad
1215 5542 1455 5592 editiones
1468 5539 1780 5600 Amerbaehii,
1810 5541 1986 5588 Erasmi
2009 5547 2059 5590 et
2079 5539 2459 5589 Lovaniensium.

627 5628 1127 5709 Comparavimus
1152 5632 1454 5706 prwterea
1477 5643 1579 5688 eas
1609 5641 1812 5686 omnes
1839 5623 2140 5690 editiones
2162 5621 2352 5687 initio
2382 5619 2554 5680 Retr.
2576 5625 2639 5680 et
2659 5618 2943 5683 Confess.
2987 5629 3033 5682 t.
3066 5622 3126 5702 1,
3154 5628 3548 5685 mmoratas.
3642 5622 3739 5686 Μ.

587 5751 660 5816 (α)
687 5754 897 5815 scriptus
916 5758 1023 5814 post
1047 5762 1226 5803 annum
1245 5749 1356 5800 599.

2274 5746 2292 5776 ι
2319 5741 2506 5805 Aliquot
2525 5748 2656 5804 uss...
2679 5743 2939 5798 mnia.

2276 5807 2300 5839 ί
2319 5805 2393 5856 sic
2410 5812 2512 5855 MSS.
2538 5806 2655 5856 Editi
2673 5821 2810 5869 vero,
2833 5808 3118 5874 conscripta.
