3942 6416
143 279 240 342 173

142 357 444 458 certissimis
482 388 641 460 felix,
686 385 791 442 nisi
837 384 994 439 fuerit
1035 381 1269 437 adversis
1303 381 1462 436 rebus
1490 380 1710 435 infelix:

144 499 202 544 ut
236 461 474 541 videlicet
511 477 791 550 explorato
838 475 1060 530 alterius
1102 488 1285 528 amore
1329 487 1434 526 non
1467 471 1674 526 fruatur
1696 512 1712 538 ,

143 580 246 635 nisi
287 592 378 632 suo
404 574 578 630 dolore
608 569 694 626 vel
728 569 919 623 timore
945 566 1228 622 crucietur.
1261 564 1324 619 Et
1364 563 1633 635 quomodo
1661 563 1713 618 in

143 670 387 726 habendis
423 666 560 723 veris
596 663 785 718 amicis
813 659 986 731 Optari
1033 674 1117 724 ea,
1143 674 1246 712 non
1296 656 1470 726 potius
1517 655 1712 724 timeri,

143 763 347 817 felicitas
386 765 600 830 potest,
648 767 805 825 quam
855 751 1083 822 probare
1135 749 1236 804 nisi
1284 747 1561 804 infelicitas
1609 763 1712 803 non

142 851 343 925 potest?
379 849 446 904 Et
487 857 666 903 tamen
707 858 892 900 verum
935 850 1019 897 est
1056 839 1242 896 haberi
1289 854 1444 909 posse
1483 839 1715 894 amicum

143 945 286 997 ριίπιιι
311 942 360 995 in
386 939 548 996 rebus
571 935 862 1008 prosperis,
885 931 1102 1008 probari
1127 938 1304 986 autem
1331 931 1530 987 certius
1556 930 1609 984 in
1631 945 1716 986 re-

142 1036 234 1088 bus
263 1032 514 1088 adversis.

208 1123 416 1180 CAPUT
455 1122 524 1178 ll.
548 1150 622 1164 —
643 1117 777 1174 Fide
803 1118 866 1172 de
888 1116 1034 1171 rebus
1061 1115 1294 1171 humanis
1317 1114 1538 1181 sublata,
1565 1129 1712 1184 quam

141 1216 371 1269 horrendo
394 1212 634 1284 confusio
663 1217 968 1281 sequeretur.
997 1205 1103 1262 Sed
1134 1206 1314 1277 utique
1344 1214 1401 1260 ut
1428 1220 1551 1260 eum
1588 1218 1714 1274 pro-

137 1309 237 1373 ὺιε,
257 1305 508 1378 periculis
529 1303 632 1359 tuis
647 1317 752 1358 nec
771 1309 824 1355 te
835 1298 1212 1364 committeres,
1229 1297 1329 1352 nisi
1352 1297 1631 1352 crederes:
1653 1309 1716 1351 ac

135 1416 224 1472 per
249 1402 346 1454 hoc
372 1413 495 1454 cum
521 1405 574 1452 te
601 1391 896 1450 committis
923 1401 981 1445 ut
1004 1389 1215 1460 probes,
1239 1388 1415 1445 credis
1434 1396 1714 1460 antequam

136 1490 340 1563 probes.
371 1489 533 1544 Certe
563 1487 707 1542 enim
750 1484 794 1539 si
834 1481 994 1538 rebus
1030 1495 1134 1535 non
1177 1480 1305 1536 visis
1346 1478 1569 1534 credere
1610 1493 1716 1533 non

134 1581 384 1637 debemus
404 1622 419 1643 ,
449 1574 882 1652 quandoquidem
915 1581 969 1629 et
996 1573 1229 1628 nondum
1259 1571 1458 1628 certius
1483 1568 1717 1642 probatis

133 1673 420 1728 amicorum
447 1670 698 1726 cordibus
725 1667 996 1724 credimus
1023 1666 1037 1697 ¹
1061 1682 1076 1730 ;
1104 1671 1158 1720 et
1185 1680 1306 1720 cum
1335 1679 1395 1719 ea
1439 1663 1592 1718 malis
1620 1677 1719 1717 uo-

134 1766 252 1819 stris
271 1764 412 1834 bona
437 1748 838 1836 probaverimus
855 1799 871 1825 ,
897 1757 1059 1814 etiam
1102 1766 1227 1812 tunc
1255 1771 1440 1811 eorum
1467 1770 1591 1826 erga
1619 1769 1719 1810 nos

132 1837 553 1916 benevolentiam
581 1852 847 1908 credimus
878 1850 1052 1921 potius
1072 1890 1088 1916 ,
1119 1863 1276 1920 quam
1304 1848 1583 1903 videmus:
1615 1845 1718 1901 nisi

131 1921 253 2018 quia
283 1955 430 2000 tanta
457 1945 589 2000 fides
621 1951 722 2009 est,
751 1952 808 1998 ut
832 1957 937 1996 non
965 1941 1375 2012 iucongruenter
1403 1937 1718 2011 quibusdam

131 2035 313 2096 Oculis
341 2037 453 2108 eius
473 2050 574 2109 nos
594 2034 880 2106 iudicemus
897 2030 1081 2087 videre
1106 2029 1247 2102 quod
1267 2029 1569 2094 credimus;
1599 2044 1720 2084 cum

133 2137 427 2204 propterea
440 2128 658 2185 credere
668 2125 1086 2196 debeamus,quia
1104 2123 1285 2180 videre
1297 2138 1402 2178 non
1414 2137 1717 2194 possumus.

205 2225 261 2279 4.
302 2222 365 2278 Si
390 2221 661 2276 auferatur
695 2219 802 2274 haec
827 2217 954 2274 ﬁdes
991 2217 1060 2273 de
1082 2216 1240 2272 rebus
1270 2214 1517 2270 humanis
1538 2254 1555 2282 ,
1601 2213 1720 2286 quis

132 2329 237 2369 non
265 2312 510 2368 attendat
533 2319 727 2382 quanta
755 2323 937 2364 earum
964 2305 1309 2378 perturbatio,
1336 2312 1391 2361 et
1411 2319 1568 2376 quam
1596 2303 1722 2359 hora

135 2407 294 2465 renda
321 2405 567 2463 confusio
593 2399 989 2473 subsequatur?
1015 2399 1144 2468 Quis
1167 2398 1308 2454 enim
1336 2405 1519 2452 mutua
1543 2396 1715 2452 chari~

135 2511 239 2559 tate
268 2500 518 2572 diligetur
547 2497 614 2554 ab
636 2495 816 2568 aliquo
837 2537 852 2564 ,
881 2509 1002 2549 cum
1036 2493 1104 2547 sit
1130 2491 1414 2560 invisibilis
1445 2491 1557 2561 ipsa
1583 2490 1720 2546 dile-

133 2593 257 2656 ctio,
301 2592 345 2647 si
373 2588 517 2662 quod
560 2603 666 2643 non
706 2584 898 2653 video,
926 2582 1144 2669 credere
1191 2598 1297 2637 non
1341 2580 1548 2636 debeo?
1587 2579 1722 2636 Tota

135 2685 308 2756 itaque
337 2681 538 2756 peribit
575 2677 832 2744 amicitia,
875 2676 998 2747 quia
1038 2690 1142 2730 non
1173 2673 1272 2729 nisi
1312 2682 1497 2728 mutuo
1541 2687 1722 2728 amore

136 2757 357 2831 constat.
386 2771 524 2841 Quid
553 2770 702 2827 enim
718 2769 837 2839 ejus
863 2767 1060 2839 poterit
1086 2767 1152 2823 ab
1180 2765 1360 2836 aliquo
1390 2765 1649 2835 recipere,
1677 2763 1722 2819 si

136 2865 263 2925 nihil
303 2865 420 2935 ejus
463 2862 727 2919 creditum
768 2859 926 2914 fuerit
970 2857 1204 2913 exhiberi
1223 2857 1251 2912 ?.
1289 2857 1457 2912 Porro
1491 2855 1722 2912 amicitia

132 2971 414 3044 pereunte,
442 2974 616 3032 neque
643 2954 1038 3012 connubiorum
1073 2967 1243 3023 neque
1274 2951 1646 3024 cognationum
1670 2958 1725 3044 et

131 3042 447 3110 afﬁnitatum
478 3048 690 3106 vincula
717 3049 770 3102 in
797 3045 976 3101 animo
1015 3043 1395 3109 servabuntur;
1440 3042 1561 3114 quia
1590 3050 1645 3098 et
1670 3042 1724 3098 in

132 3144 214 3217 his
247 3146 428 3217 utique
465 3145 639 3198 amica
681 3136 968 3195 consensio
992 3143 1092 3192 est.
1121 3134 1238 3190 Non
1277 3148 1404 3205 ergo
1445 3133 1722 3205 conjugcm

129 3207 320 3310 coniux
337 3207 580 3291 vicissim
605 3231 830 3304 diligere
854 3227 1068 3300 poterit,
1091 3225 1300 3299 quando
1326 3240 1384 3281 se
1409 3225 1576 3296 diligi,
1602 3225 1723 3296 quia

129 3311 296 3404 ipsam
317 3328 669 3385 dilectionem
695 3339 803 3380 non
830 3330 1003 3393 potest
1024 3321 1205 3377 videre
1221 3363 1238 3389 ,
1271 3334 1380 3375 non
1404 3319 1590 3375 credit.
1613 3318 1724 3375 Nec

128 3424 263 3478 ﬁlios
293 3420 503 3476 habere
544 3413 950 3478 desiderabunt,
978 3428 1110 3483 quos
1148 3411 1381 3468 vicissim
1410 3411 1511 3466 sibi
1549 3411 1727 3467 reddi-

125 3525 278 3572 turos
293 3517 316 3547 ³
341 3527 469 3569 esse
489 3526 594 3566 non
616 3508 865 3565 credunt.
885 3506 984 3574 Qui
1011 3505 1054 3560 si
1077 3514 1360 3561 nascantur
1385 3513 1437 3562 et
1459 3514 1720 3573 crescant,

122 3608 299 3666 multo
350 3606 538 3661 minus
573 3603 671 3673 ipsi
707 3607 958 3671 parentes
992 3613 1118 3653 suos
1156 3597 1444 3666 amabunt,
1499 3612 1723 3670 quorum

119 3718 252 3774 erga
285 3716 349 3756 se
377 3712 613 3752 amorem
652 3697 703 3750 in
733 3709 919 3749 eorum
955 3691 1203 3748 cordibus
1223 3733 1237 3757 ,
1267 3692 1387 3763 quia
1427 3699 1510 3748 est
1537 3691 1724 3748 invisi-

118 3796 262 3862 bilis,
298 3809 418 3850 non
451 3789 727 3854 videbunt;
760 3788 805 3843 si
828 3802 890 3842 ea
913 3802 1033 3858 qua:
1054 3802 1156 3840 non
1183 3785 1448 3851 videntur,
1478 3800 1584 3840 non
1612 3785 1724 3839 lau-

120 3888 282 3946 dabili
317 3883 432 3941 ﬁde
455 3925 470 3950 ,
501 3882 596 3938 sed
633 3878 882 3951 culpabili
912 3877 1210 3934 temeritate
1237 3875 1545 3932 creduntur.
1587 3874 1724 3944 Quid

114 3953 224 4057 iam
251 3983 324 4038 de
348 3977 563 4035 exteris
589 3971 1072 4031 necessitudinibus
1092 3971 1285 4038 dicam,
1308 3970 1552 4040 fratrum,
1576 3986 1726 4028 soro-

120 4091 270 4140 rum,
317 4084 653 4145 generorum
679 4076 838 4139 atque
865 4080 1206 4131 socerorum,
1239 4073 1293 4120 et
1317 4064 1554 4135 qualibet
1593 4079 1723 4120 con-

117 4167 491 4242 sanguinitate
521 4171 578 4219 et
622 4161 884 4216 afﬁnitate
914 4159 1260 4232 iunctorum,
1293 4158 1337 4213 si
1376 4158 1606 4213 charitas
1645 4159 1726 4215 in-

119 4271 288 4329 certa,
321 4258 688 4325 voluntasque
710 4261 955 4324 suspecta
982 4259 1083 4315 est,
1113 4260 1167 4306 et
1196 4249 1318 4304 ﬁliis
1347 4260 1646 4320 parentum,
1675 4258 1728 4306 et

117 4354 444 4428 parentibus
475 4347 740 4410 ﬁliorum,
770 4344 895 4399 dum
934 4342 1301 4399 benevolentia
1343 4357 1447 4397 non
1491 4342 1728 4398 redditur

121 4447 303 4503 debita
330 4444 352 4476 ³
377 4459 395 4510 ;
423 4443 546 4514 quia
573 4454 672 4494 nec
699 4437 878 4493 deberi
902 4442 1144 4506 putatur,
1169 4434 1382 4506 quando
1404 4434 1456 4489 in
1478 4435 1582 4490 alio
1608 4451 1728 4506 qua:

120 4556 227 4598 non
270 4537 526 4596 videtur.
554 4547 674 4588 esse
711 4546 816 4586 non
853 4528 1118 4585 creditur?
1145 4527 1312 4582 Porro
1351 4527 1394 4582 si
1435 4543 1536 4582 non
1577 4527 1726 4597 inge-

120 4634 298 4699 niosa,
331 4627 432 4684 sed
462 4625 765 4697 odiosaest
793 4621 890 4679 ista
917 4619 1122 4677 cautela
1141 4660 1158 4688 ,
1190 4618 1277 4674 ubi
1306 4634 1403 4675 nos
1431 4618 1598 4673 aniari
1624 4634 1727 4674 non

120 4724 435 4786 credimus,
483 4716 628 4789 quod
671 4729 905 4770 amorem
951 4711 1238 4767 amantium
1285 4727 1390 4766 non
1444 4711 1726 4782 videmus,

115 4788 412 4885 'vicetnque
432 4788 542 4866 non
565 4806 922 4878 rcpendimus,
945 4803 1135 4876 quibus
1159 4818 1274 4859 eam
1299 4817 1396 4858 nos
1417 4802 1608 4858 debere
1624 4819 1731 4858 mu-

125 4921 274 4965 tuam
305 4922 418 4963 non
451 4912 744 4976 putamus:
776 4912 940 4970 usque
969 4897 1103 4952 adeo
1127 4910 1216 4953 res
1247 4895 1491 4950 humanm
1519 4904 1730 4966 pertur-

122 5002 364 5062 lzantur,
410 4996 458 5052 si
505 4992 648 5067 quod
695 5007 801 5046 non
848 4990 1125 5055 videmus,
1169 5004 1274 5043 non
1314 4986 1629 5055 credamus,
1675 4996 1732 5043 ut

126 5093 355 5150 omnino
382 5087 627 5146 funditus
652 5089 978 5150 evertautur,
1001 5081 1044 5136 si
1067 5078 1236 5136 nullas
1258 5078 1539 5136 credamus
1563 5078 1734 5135 homi-

197 5250 216 5281 ι
239 5252 319 5297 ει,
343 5243 498 5302 lngd.
524 5249 644 5290 ven.
667 5245 778 5289 Im.
797 5237 868 5288 sic
887 5233 1062 5302 legunt
1074 5233 1206 5286 hunc
1230 5231 1387 5302 locum
1410 5245 1423 5282 :
1446 5237 1586 5302 certe
1608 5229 1736 5302 enim

125 5311 172 5365 ἀ
187 5295 336 5370 rebus
467 5304 538 5370 vis
553 5303 774 5370 credere,
793 5312 888 5351 non
903 5295 1130 5370 άὲὺςῃηιε

126 5353 575 5434 anavibus;
893 5357 1116 5434 ερναειηιξ
1147 5353 1734 5434 saeuissime:

126 5417 397 5506 afre-
543 5423 1226 5506 sesiegnmese.
1239 5417 1738 5506 aerem

384 5471 966 5556 administrandi.
991 5471 1226 5556 imo
1249 5487 1304 5556 9',
1318 5481 1532 5556 ηοηάιθπ

129 5541 358 5626 ῖνέινᾙ
376 5541 648 5626 sessim
663 5549 897 5626 ρονάίδῐιξ
909 5541 1738 5626 ἒίεὲὶιῐτξυξὶεέξτρὶὲενέίιέρηὲ·

1311 5617 1527 5718 am
1542 5603 1737 5658 δαισιν

206 5682 338 5746 Isim
369 5674 617 5732 credamus
661 5674 1281 5746 ροιίαενρυωηυίάθππυδτ
1341 5674 1399 5718 Μ’

206 5746 226 5776 ²
248 5744 407 5793 00(ch
431 5743 702 5806 Vaticanus,
724 5737 1033 5806 credam-"053,
1142 5802 1156 5806 λ
1299 5790 1313 5806 .

209 5807 233 5842 ο
587 5790 718 5856 dmi:
733 5790 1079 5855 benevolentia
1099 5802 1195 5848 non
1225 5790 1446 5848 redditur
1469 5790 1703 5847 άεωιωη.

623 270 718 328 DE
751 266 915 330 FIDE
950 260 1185 340 ΗΕΒοΜ
1220 258 1385 334 ρυλε
1422 263 1559 322 NON
1603 260 1966 333 VIDENTUR,
2005 263 2062 326 S.
2103 262 2469 350 AUGUSTINI
2506 271 2710 334 LIBER
2745 272 2947 336 UNUS.

3276 283 3295 339 'l
3307 287 3376 344 ⁸14

1820 395 1944 434 num
1987 381 2317 453 voluntates,
2349 401 2478 458 quas
2510 389 2688 462 utique
2731 393 2910 464 videre
2946 410 3051 466 non
3091 411 3397 468 possumus.

1819 469 2016 529 Omitto
2043 474 2220 534 dicere
2244 493 2401 548 quam
2428 480 2593 536 multa
2613 483 2721 551 isti,
2750 485 2837 556 qui
2859 501 2955 542 nos
2979 489 3394 561 reprehendunt,

1820 564 1942 634 quia
1983 565 2248 624 credimus
2279 584 2398 642 qua:
2440 588 2546 626 non
2582 573 2844 646 videmus,
2890 578 3107 635 credant
3135 579 3292 638 fama:
3338 591 3398 641 et

1823 653 2075 726 historiae,
2098 661 2182 717 vel
2203 660 2269 718 de
2289 662 2419 719 locis
2443 664 2532 720 ubi
2555 666 2653 736 ipsi
2674 682 2778 722 non
2807 665 3053 738 fuerunt;
3077 687 3175 729 nec
3195 672 3396 743 dicant,

1819 746 1934 816 Non
1966 752 2250 822 credimus,
2295 756 2416 826 quia
2460 772 2567 813 non
2605 759 2850 818 vidimus.
2899 763 3158 832 Quoniam
3203 766 3249 822 si
3295 767 3398 826 hoc

1819 839 2031 912 dicant,
2080 854 2343 916 coguntur
2384 846 2534 904 fateri
2585 849 2815 908 incertos
2853 852 2955 909 sibi
2991 869 3110 911 esse
3150 868 3398 927 parentes

1820 950 1947 992 suos
1971 955 1983 990 :
2016 939 2135 1015 quia
2163 949 2216 996 et
2243 941 2366 998 hinc
2392 943 2509 998 aliis
2541 947 2912 1016 narrantibus,
2941 963 3044 1006 nec
3069 959 3246 1008 tamen
3275 954 3400 1024 quia

1816 1025 1925 1098 jam
1956 1031 2280 1100 prarteritum
2308 1043 2387 1088 est
2419 1033 2470 1088 id
2499 1035 2780 1093 ostendere
2806 1038 3126 1106 valentibus,
3155 1042 3398 1098 credide-

1819 1111 1977 1189 runt,
2018 1114 2219 1178 nullum
2258 1125 2551 1183 retinentes
2595 1126 2734 1184 illius
2785 1131 3039 1201 temporis
3081 1147 3314 1201 sensum,
3347 1147 3403 1192 et

1822 1221 1996 1268 tamen
2025 1213 2146 1269 aliis
2175 1214 2296 1270 inde
2317 1215 2652 1287 loquentibus
2676 1219 2988 1277 adhibentes
3017 1223 3134 1279 sine
3163 1225 3268 1280 ulla
3297 1225 3400 1280 du-

1820 1302 2076 1360 bitatione
2115 1320 2466 1374 consensum;
2499 1309 2638 1380 quod
2669 1311 2769 1366 nisi
2808 1309 2925 1379 ﬁat,
2969 1313 3270 1371 incurratur
3307 1332 3403 1374 ne-

1820 1407 1971 1450 cesse
2003 1404 2086 1452 est
2126 1396 2382 1453 adversus
2412 1394 2657 1470 parentes
2696 1401 2926 1460 inﬁdelis
2969 1404 3242 1476 impietas,
3272 1405 3402 1463 dum

1822 1487 1971 1558 quasi
1992 1487 2184 1544 vitatur
2204 1489 2257 1544 in
2280 1490 2360 1546 his
2379 1507 2495 1564 qua:
2519 1492 2697 1550 videre
2717 1510 2821 1551 non
2842 1511 3125 1578 possumus
3143 1499 3401 1558 credendi

1823 1577 2112 1634 temeritas.

1894 1669 2122 1728 CAPUT
2160 1671 2246 1727 ΙΙΙ.
2267 1702 2339 1712 -
2357 1672 2562 1730 Indicia
2585 1692 2700 1749 qua:
2727 1680 3028 1750 confirmant
3054 1682 3228 1753 ﬁdem.
3267 1682 3406 1739 Pro-

1825 1759 2008 1830 poetic:
2035 1758 2099 1816 de
2124 1759 2354 1818 Ecclesia
2400 1765 2639 1838 ἱηιριεεω.
2689 1765 2748 1824 Si
2778 1784 2906 1844 ergo
2931 1785 3036 1839 non
3063 1772 3405 1831 credentibus

1823 1846 1978 1907 nobis
2003 1867 2124 1924 quae
2145 1853 2326 1911 videre
2351 1871 2457 1912 non
2497 1873 2800 1929 possumus,
2826 1861 2939 1932 ipsa
2971 1861 3203 1920 humana
3228 1867 3404 1922 socie—

1825 1951 1928 2010 tas,
1968 1944 2252 2000 concordia
2291 1956 2570 2018 pereunte,
2617 1966 2724 2006 non
2762 1952 2924 2008 stabit
2955 1972 2968 2009 :
3001 1965 3199 2026 quanto
3238 1957 3408 2029 magis

1823 2044 1907 2092 est
1947 2035 2114 2105 ﬁdes,
2156 2039 2398 2108 quamvis
2437 2057 2556 2111 qua:
2595 2059 2699 2097 non
2739 2043 3009 2118 videntur,
3049 2048 3217 2106 rebus
3252 2048 3405 2105 adhi-

1825 2126 1995 2185 bendo
2034 2129 2266 2194 divinis;
2304 2147 2423 2203 qua:
2461 2133 2507 2196 si
2548 2149 2653 2188 non
2679 2135 3011 2205 adhibeatur,
3043 2154 3146 2195 non
3177 2141 3409 2198 amicitia

1824 2218 2182 2292 quorumlibet
2209 2218 2506 2290 hominum,
2547 2222 2643 2278 sed
2683 2225 2795 2294 ipsa
2838 2240 3044 2284 summa
3072 2229 3258 2302 religio
3296 2232 3409 2286 vio-

1826 2310 1990 2388 latur,
2039 2322 2094 2366 ut
2135 2326 2342 2367 summa
2384 2313 2598 2370 miseria
2637 2319 3040 2388 consequatur?

1829 2385 1832 2393 ’
1896 2402 1950 2459 5.
1978 2400 2084 2459 Sed
2106 2403 2260 2459 amici
2291 2403 2544 2474 hominis,
2569 2405 2796 2478 inquies,
2821 2385 2950 2481 erga
2971 2424 3061 2467 me
3083 2411 3412 2476 benevolen-

1827 2493 1953 2550 tiam
1997 2510 2300 2566 quanquam
2337 2495 2518 2553 videre
2560 2513 2672 2554 non
2712 2514 2967 2571 possum,
3013 2502 3195 2560 multis
3235 2514 3414 2565 tamen

1830 2585 2038 2642 indiciis
2074 2586 2328 2660 indagare
2356 2603 2571 2661 possum
2602 2607 2616 2644 :
2654 2606 2750 2646 vos
2787 2599 2963 2647 autem
3003 2609 3122 2664 quae
3162 2595 3324 2652 vultis
3353 2606 3415 2653 ut

1829 2694 1934 2734 non
1955 2682 2068 2735 visa
2091 2679 2394 2749 credamus,
2424 2682 2582 2737 nullis
2611 2683 2820 2739 indiciis
2852 2685 3078 2756 potestis
3103 2687 3410 2747 ostendere.

1827 2769 2045 2827 Interim
2093 2787 2196 2828 non
2224 2788 2425 2846 parum
2475 2783 2590 2843 est,
2632 2775 2774 2847 quod
2823 2775 3008 2834 fateris
3059 2781 3415 2860 quorumdam

1828 2863 2142 2921 indiciorum
2173 2867 2549 2938 perspicuitate
2577 2883 2664 2925 res
2691 2869 2898 2942 aliquas
2918 2912 2935 2939 ,
2967 2873 3126 2930 etiam
3154 2890 3274 2946 qua:
3303 2891 3416 2933 non

1827 2955 2093 3026 videntur,
2137 2958 2285 3015 credi
2331 2971 2586 3030 oportere
2623 2978 2635 3014 :
2682 2961 2841 3017 etiam
2877 2964 2955 3019 sic
2999 2965 3142 3022 enim
3183 2955 3433 3047 constat,

1828 3062 1934 3104 non
1965 3051 2140 3104 omnia
2181 3066 2300 3121 quae
2347 3068 2452 3108 non
2487 3052 2769 3122 videntur,
2803 3069 2908 3126 non
2948 3070 3069 3113 esse
3109 3057 3413 3128 credenda;

1827 3139 2071 3212 jacetque
2101 3141 2231 3196 illud
2259 3142 2524 3213 abjectum
2549 3152 2709 3218 atque
2737 3147 3038 3204 convictum
3061 3190 3076 3216 ,
3105 3149 3248 3222 quod
3277 3151 3434 3226 dici-i

1831 3231 1949 3300 tur,
1981 3249 2044 3288 ea
2083 3249 2200 3306 qua:
2231 3252 2335 3289 non
2367 3236 2608 3292 videmus
2628 3279 2642 3304 ,
2675 3252 2783 3294 non
2822 3239 3018 3314 debere
3046 3256 3145 3298 nos
3169 3242 3434 3314 credere;

1829 3323 2050 3380 Multum
2083 3332 2262 3381 autem
2290 3324 2546 3382 falluntur
2584 3328 2674 3400 qui
2706 3338 2891 3399 putant
2915 3346 3014 3387 nos
3042 3331 3159 3389 sine
3189 3333 3309 3408 ullis
3345 3333 3417 3389 de

1829 3414 2047 3474 Christo
2075 3418 2282 3473 indiciis
2309 3417 2530 3486 credere
2573 3419 2624 3488 in
2650 3417 2944 3477 Christum.
2985 3421 3116 3478 Nam
3145 3440 3262 3496 quae
3289 3433 3416 3481 sunt

1831 3507 2025 3564 indicia
2072 3509 2336 3575 clariora,
2368 3515 2526 3584 quam
2668 3526 2787 3582 qua:
2831 3527 2973 3568 nunc
3003 3495 3244 3586 videmus
3274 3532 3414 3586 pra:-

1829 3599 1967 3657 dicta
1999 3612 2053 3657 et
2099 3601 2354 3671 impleta?
2401 3601 2626 3657 Proinde
2653 3591 2755 3674 qui
2783 3603 2979 3673 putatis
3009 3605 3153 3660 nulla
3183 3621 3303 3662 esse
3335 3607 3415 3663 ius

1829 3693 1967 3766 dicia
2009 3707 2105 3749 cur
2132 3692 2200 3749 de
2235 3693 2449 3749 Christo
2477 3694 2697 3751 credere
2723 3695 2965 3751 debeatis
2994 3713 3112 3768 quae
3142 3714 3246 3753 non
3276 3701 3414 3756 vidi-

1830 3786 1926 3842 stis
1949 3785 1988 3853 ι,
2029 3787 2285 3844 attendite
2327 3803 2446 3858 quae
2485 3787 2694 3844 videtis.
2743 3787 2859 3860 Ipsa
2899 3804 2996 3846 vos
3039 3791 3274 3848 Ecclesia
3318 3809 3414 3852 ore

1834 3888 2088 3938 materna:
2113 3880 2414 3937 dilectionis
2441 3880 2760 3952 alloquitur:
2793 3881 2927 3953 Ego,
2957 3898 3114 3954 quam
3145 3889 3414 3943 miramini

1832 3989 1928 4047 per
1976 3973 2284 4030 universum
2335 3973 2588 4030 mundum
2633 3972 3041 4032 fructiﬁcantem
3085 3985 3244 4051 atque
3289 3995 3410 4035 cre-

1831 4073 2106 4133 scentem,
2133 4066 2345 4137 qualem
2387 4081 2474 4121 me
2515 4066 2822 4137 εοιιερίιτίιὶε
2864 4067 3148 4138 aliquando
3179 4085 3285 4126 non
3317 4071 3411 4146 fui.

1832 4157 1972 4226 Sed,
2001 4157 2068 4213 In
2095 4159 2284 4213 semine
2323 4167 2408 4212 tuo
2450 4158 2799 4213 benedicentur
2839 4175 3009 4214 omnes
3048 4171 3214 4233 gentes
3257 4163 3412 4234 (Gen.

1831 4268 1982 4320 xxu,
2011 4249 2135 4323 18).
2184 4250 2406 4318 Quando
2436 4251 2578 4306 Deus
2623 4251 2854 4306 Abrahte
2899 4252 3280 4319 benedicebat,
3327 4273 3414 4310 me

1833 4344 2176 4415 promittebat
2208 4360 2220 4397 :
2257 4358 2349 4413 per
2378 4357 2565 4397 omnes
2595 4343 2736 4397 enim
2779 4351 2966 4412 gentes
3007 4344 3057 4396 in
3087 4343 3284 4399 Christi
3313 4335 3436 4402 be?

1834 4437 2136 4493 nedictione
2166 4432 2452 4490 diﬁ'undor.
2487 4433 2685 4489 Semen
2715 4432 2944 4488 Abralne
2972 4432 3247 4489 Christum
3288 4451 3416 4492 suco

1833 4527 2135 4585 cedentium
2187 4525 2590 4598 generationum
2660 4524 2792 4580 ordo
2856 4532 3098 4580 testatur.
3153 4525 3308 4596 Quod
3361 4527 3440 4583 ut

1833 4619 2069 4676 breviter
2091 4618 2358 4690 colligam,
2381 4616 2648 4673 Abraham
2673 4616 2856 4688 genuit
2879 4616 3043 4682 Isaac,
3069 4616 3215 4674 Isaac
3236 4622 3420 4690 genuit

1834 4712 2020 4780 Jacob,
2048 4711 2213 4768 Jacob
2244 4710 2429 4782 genuit
2461 4707 2743 4766 duodecim
2770 4707 2931 4776 ﬁlios,
2958 4725 3022 4766 ex
3048 4711 3239 4782 quibus
3266 4722 3419 4768 ortus

1837 4817 1917 4862 est
1947 4805 2174 4878 populus
2202 4803 2385 4860 Israel.
2429 4803 2596 4860 Jacob
2625 4804 2822 4875 quippe
2853 4805 2968 4876 ipse
3005 4805 3301 4876 appellatus
3336 4818 3420 4863 est

1838 4899 2021 4957 Israel.
2072 4898 2130 4954 in
2171 4896 2253 4952 his
2297 4896 2577 4952 duodecim
2624 4896 2746 4952 ﬁliis
2785 4896 2965 4967 genuit
3009 4895 3235 4966 Judam,
3278 4898 3419 4954 unde

1840 5006 2034 5049 nomen
2081 4997 2164 5046 est
2210 4988 2515 5046 Judteorum
2543 5030 2561 5057 ,
2610 5004 2676 5044 ex
2724 4987 2917 5062 quibus
2967 4999 3091 5045 nata
3143 5001 3224 5046 est
3271 4992 3419 5062 virgo

1839 5084 2023 5153 Maria,
2053 5097 2173 5154 quae
2203 5081 2405 5152 peperit
2430 5077 2720 5137 Christum.
2762 5081 2828 5137 Et
2855 5095 2982 5138 ecce
3009 5081 3062 5138 iu
3093 5082 3325 5148 Christo,
3367 5084 3419 5140 id

1840 5177 2001 5235 estin
2027 5177 2229 5232 semine
2251 5171 2505 5242 Abrahae,
2527 5171 2773 5230 benedici
2797 5187 2989 5231 omnes
3013 5184 3198 5246 gentes
3229 5177 3420 5232 videtis

1841 5280 1895 5329 et
1920 5268 2176 5341 stupetis;
2200 5275 2255 5324 et
2273 5265 2446 5321 adhuc
2467 5265 2520 5321 in
2543 5280 2663 5322 eum
2689 5265 2913 5322 credere
2941 5265 3160 5335 timetis,
3183 5268 3236 5324 in
3262 5284 3418 5341 quem

1845 5378 1947 5418 non
1969 5358 2190 5417 credere
2213 5358 2386 5430 potius
2409 5357 2597 5413 timere
2617 5355 2876 5412 debuistis
2893 5357 2908 5414 ι
2927 5357 3012 5414 An
3031 5357 3255 5416 credere
3275 5361 3405 5416 dubi

1844 5455 1968 5511 tatis
2002 5452 2086 5508 vel
2127 5448 2385 5507 recusatis
2417 5449 2638 5520 virginis
2674 5457 2906 5520 partum,
2952 5465 3075 5506 eum
3104 5453 3273 5521 magis
3302 5467 3423 5507 cre-

1843 5549 1972 5606 dere
1995 5545 2257 5614 debeatis,
2284 5544 2363 5600 sic
2384 5542 2630 5601 decuisse
2658 5543 2806 5600 nasci
2836 5543 3111 5600 hominem
3127 5543 3331 5600 Deum?
3354 5542 3425 5600 Et

1844 5727 1972 5844 “(id
1951 5724 2140 5840 1?:un
2176 5727 2304 5784 uss,
2327 5726 2451 5785 post,
2475 5713 2916 5783 quanam,
2959 5714 3161 5783 addant,
3195 5720 3283 5771 aut
3332 5728 3429 5773 non
