3942 6416
581 374 686 436 175

578 495 688 550 hoc
709 499 936 558 namque
955 481 1179 553 accipite
1200 492 1294 548 per
1309 472 1627 544 prophetam
1651 466 1812 521 fuisse
1832 458 2167 533 praedictum:

584 584 719 640 Ecce
745 556 883 649 virgo
913 574 1121 644 accipiet
1161 572 1214 624 in
1241 577 1383 622 utero
1409 607 1424 632 ,
1468 572 1515 617 et
1543 559 1700 632 pariet
1728 556 1925 625 ﬁlium,
1956 558 2000 604 et
2027 563 2175 602 voca-

586 677 707 729 bunt
738 647 918 726 nomen
958 667 1068 736 ejus
1108 656 1445 720 Emmanuel,
1478 652 1612 725 quod
1655 657 1725 703 est
1771 647 2171 712 interpretatum,

587 767 869 824 Nobiscum
895 730 1031 815 Dens
1061 754 1225 825 (Isai.
1255 768 1348 818 vu,
1382 745 1504 818 M).
1556 743 1672 798 Non
1711 753 1838 809 ergo
1869 730 2176 791 dubitabilis

583 860 846 930 virginem
875 853 1192 923 parientem,
1224 845 1268 899 si
1299 841 1471 897 velitis
1498 829 1723 892 'credere
1750 831 1920 885 Deum
1950 837 2175 880 nascen-

590 961 697 1006 tem
722 967 736 1014 ;
769 943 950 1001 mundi
980 940 1218 1011 regimen
1247 950 1353 990 non
1381 931 1770 999 relinquentem
1791 964 1805 986 ,
1834 929 1887 975 et
1916 917 1980 972 ad
2009 913 2179 969 homi-

586 1057 688 1098 nes
717 1039 770 1094 in
796 1051 957 1092 carne
986 1030 1289 1086 venientem
1316 1041 1331 1091 ;
1361 1021 1520 1078 matri
1547 1015 1923 1073 fecunditatem
1952 1004 2182 1063 alieren-

591 1141 737 1196 tem,
792 1126 1155 1196 integritatem
1213 1133 1318 1173 non
1367 1113 1720 1168 auferentem.
1776 1104 1865 1159 Sic
1910 1100 2180 1155 hominem

592 1222 739 1279 nasci
787 1217 1083 1290 oportebat,
1137 1212 1237 1267 etsi
1283 1222 1496 1276 semper
1543 1213 1659 1258 erat
1701 1200 1844 1254 Deus
1875 1197 1914 1260 ¹,
1963 1209 2032 1248 ex
2079 1204 2182 1259 quo

592 1312 863 1371 nascendo
910 1310 1058 1363 ﬁeret
1108 1303 1265 1359 nobis
1309 1300 1472 1354 Deus.
1523 1295 1659 1350 l-linc
1703 1291 1771 1345 de
1823 1302 1887 1341 co
1934 1296 2122 1338 rursus
2161 1281 2182 1311 ³

593 1407 855 1481 propheta
892 1401 1021 1456 dicit
1049 1417 1062 1452 :
1094 1396 1330 1451 Thronus
1356 1402 1504 1456 tuus,
1536 1386 1706 1450 Dens,
1737 1383 1790 1434 in
1819 1375 2058 1433 steculunt
2085 1387 2183 1426 ste-

597 1500 699 1556 culi
715 1517 733 1564 ;
773 1498 912 1566 virga
940 1489 1225 1546 directionis
1245 1529 1260 1553 ,
1292 1485 1434 1554 virga
1458 1479 1598 1550 regni
1637 1475 1727 1529 tui.
1757 1467 1995 1525 Ditexisti
2024 1465 2184 1536 justi-

599 1594 755 1656 tiam,
789 1599 835 1642 et
874 1585 1022 1641 odisti
1052 1581 1408 1651 iniquitatem;
1455 1579 1719 1644 prapterea
1755 1563 1899 1618 unxit
1943 1570 1989 1614 te
2023 1558 2183 1623 Deus,

600 1684 739 1738 Deus
769 1689 883 1733 tuus
913 1677 1021 1730 oleo
1050 1648 1398 1727 exsultationis
1428 1679 1534 1735 pra:
1564 1657 1892 1733 participibus
1924 1653 2041 1706 tuis.
2081 1648 2187 1703 Ista

599 1776 780 1831 unctio
810 1765 1103 1841 spiritualis
1145 1770 1258 1828 est,
1299 1774 1401 1829 qua
1446 1757 1588 1810 Deus
1615 1751 1765 1806 unxit
1794 1749 1958 1801 Deum
1980 1785 1994 1809 ,
2029 1742 2190 1796 Pater

601 1864 808 1919 scilicet
829 1833 1019 1914 Filium
1045 1875 1057 1909 :
1087 1853 1230 1908 unde
1256 1848 1582 1920 appellatum
1608 1859 1638 1897 a
1664 1840 1970 1900 chrismate,
2004 1833 2056 1886 id
2083 1839 2186 1898 est,

599 1955 668 2013 ab
715 1950 967 2010 unctione
1008 1944 1254 2001 novimus
1289 1937 1582 1994 Christum.
1632 1933 1744 2002 Ego
1789 1943 1908 1983 sum
1950 1921 2191 1979 Ecclesia

603 2050 672 2104 de
713 2061 815 2117 qua
861 2040 939 2098 illi
986 2039 1040 2094 in
1089 2035 1278 2090 eodem
1327 2029 1534 2101 psalmo
1583 2025 1798 2089 dicitur,
1845 2028 1900 2074 et
1941 2027 2190 2086 tanquam

602 2104 801 2194 facttim
849 2132 993 2205 quod
1039 2130 1274 2184 futurum
1317 2121 1493 2178 fuerat
1543 2112 1930 2188 pramuntiatur
1968 2127 1983 2163 :
2024 2104 2194 2160 Astitit

602 2230 777 2301 regina
806 2244 837 2280 a
867 2223 1058 2278 dextris
1089 2220 1210 2285 tuis,
1241 2217 1296 2270 in
1321 2214 1502 2270 vestitu
1529 2208 1795 2274 deaurato,
1822 2198 2196 2256 circumamicta

601 2324 862 2383 varietate,
907 2317 963 2372 id
1006 2323 1108 2378 est,
1140 2314 1194 2366 in
1226 2304 1611 2373 sacramento?
1657 2294 1958 2372 sapientiat,
1989 2293 2198 2364 lingua-
2282 2359 2286 2364 .

605 2432 722 2471 rum
752 2412 1009 2466 varietate
1034 2407 1305 2461 decorata.
1355 2400 1429 2454 lbi
1457 2395 1587 2452 mihi
1617 2393 1810 2448 dicitur
1829 2432 1845 2458 ,
1875 2388 2026 2452 Audi,
2062 2386 2194 2455 ﬁlia,

606 2515 652 2560 et
681 2504 792 2557 vide
810 2543 823 2566 ,
858 2509 902 2554 et
933 2496 1123 2551 inclina
1151 2507 1325 2546 aurem
1351 2497 1490 2542 luant
1510 2528 1525 2554 ,
1552 2493 1602 2538 et
1631 2481 1918 2536 obliviscere
1955 2475 2200 2548 pupulum

611 2606 773 2660 tuum,
799 2601 842 2647 et
865 2591 1070 2644 dontum
1099 2584 1257 2657 patris
1283 2581 1354 2636 tui
1378 2596 1395 2634 :
1417 2579 1536 2650 quia
1561 2572 1849 2643 concupivit
1872 2585 1963 2623 rea:
1982 2566 2200 2638 speciem

609 2698 748 2744 luant
771 2701 789 2750 ;
819 2682 1054 2756 quoniam
1080 2679 1189 2747 ipse
1216 2684 1288 2730 est
1315 2673 1567 2727 Dominus
1591 2665 1730 2720 Deus
1755 2672 1868 2717 tuus
1887 2703 1900 2728 ,
1932 2669 1977 2714 et
2009 2658 2199 2712 adora-

612 2781 734 2834 bunt
773 2750 884 2830 euin
915 2773 1035 2843 ﬁlia:
1058 2769 1184 2840 Tyri
1209 2768 1263 2820 in
1289 2760 1596 2822 muneribus,
1625 2756 1819 2811 vultum
1849 2762 1985 2806 tuum
2016 2750 2199 2818 depre-

612 2869 860 2924 cabuntur
889 2839 1059 2919 omnes
1102 2839 1278 2914 divites
1313 2855 1491 2928 plebis.
1542 2848 1719 2905 Omnis
1749 2845 1909 2918 gloria
1940 2845 2048 2914 ejus
2079 2839 2203 2910 ﬁliae

612 2962 748 3032 regis
770 2958 1088 3020 intrinsecus,
1118 2953 1172 3006 in
1199 2947 1410 3020 ﬁmbriis
1439 2943 1607 2998 aureis
1636 2935 2012 2993 circumamicta
2040 2932 2204 2986 uarie-

618 3063 738 3106 tate.
770 3049 1099 3103 Adducentur
1134 3041 1240 3112 regi
1270 3038 1483 3108 virgines
1509 3041 1618 3106 post
1652 3047 1796 3094 eam,
1830 3026 2074 3099 proxima:
2099 3023 2208 3092 ejus

615 3145 931 3200 adducentur
956 3137 1041 3191 tibi
1069 3153 1087 3190 :
1116 3133 1432 3188 adducentur
1469 3131 1523 3181 in
1552 3126 1726 3180 laetitia
1767 3132 1814 3176 et
1853 3118 2203 3182 exsultatione,

616 3237 935 3293 adducentur
977 3227 1030 3284 in
1063 3227 1304 3297 templum
1344 3223 1495 3294 regis.
1546 3218 1651 3272 Pro
1693 3215 1918 3288 patribus
1961 3213 2059 3266 tuis
2102 3209 2210 3263 nati

617 3338 736 3386 sunt
774 3327 861 3381 tibi
901 3324 1035 3394 ﬁlii,
1076 3319 1344 3375 constitues
1389 3331 1472 3368 eos
1517 3309 1770 3383 principes
1817 3321 1968 3376 super
2013 3317 2211 3357 omnem

619 3425 824 3478 terram.
859 3417 1108 3472 Memores
1153 3419 1299 3466 erunt
1342 3404 1559 3461 nominis
1595 3397 1700 3467 tui,
1735 3400 1791 3453 in
1830 3397 1967 3452 omni
1996 3409 2211 3466 genera-

621 3515 755 3570 tione
792 3520 835 3565 et
884 3505 1222 3582 generatione.
1277 3498 1559 3568 Pmpterea
1615 3489 1793 3563 populi
1843 3484 2214 3554 conﬁtebuntur

622 3606 710 3660 tibi
746 3605 800 3657 in
841 3577 1114 3663 saeculum,
1159 3601 1205 3648 et
1255 3592 1310 3644 in
1339 3586 1578 3644 saeculum
1624 3581 1798 3636 saeculi
1850 3577 2034 3652 (Psal.
2063 3591 2211 3640 Iuv,

623 3691 840 3763 7-18»

698 3787 752 3841 6.
785 3757 842 3838 Si
871 3779 1009 3834 hanc
1052 3774 1291 3846 reginam
1321 3785 1427 3826 non
1458 3766 1684 3833 videtis,
1724 3763 1836 3833 jam
1875 3761 2037 3817 etiam
2069 3757 2214 3828 regia

624 3877 779 3950 prole
809 3869 1112 3927 fecundam.
1142 3865 1200 3920 Si
1228 3878 1338 3918 non
1366 3860 1511 3915 videt
1539 3857 1818 3927 impletum
1846 3851 1988 3924 quod
2015 3848 2218 3904 audivit

629 3983 753 4026 esse
780 3962 1121 4037 promissum,
1153 3955 1238 4011 cui
1265 3954 1466 4008 dictum
1497 3957 1599 4017 cst,
1631 3947 1802 4012 Audi,
1836 3944 1978 4014 ﬁlia,
2009 3951 2054 3996 et
2085 3940 2214 3994 vide.

630 4060 688 4117 Si
716 4033 822 4112 non
851 4051 1062 4123 reliquit
1091 4047 1221 4102 ritus
1248 4043 1502 4115 pristinos
1528 4037 1744 4102 mundi,
1773 4037 1862 4090 cui
1886 4033 2085 4089 dictum
2114 4038 2216 4096 est,

636 4150 937 4205 Obliviscere
964 4141 1206 4213 populum
1234 4148 1396 4202 tuum,
1419 4141 1467 4188 et
1491 4132 1697 4186 domum
1724 4129 1882 4199 patris
1911 4127 2001 4180 tui.
2034 4125 2091 4180 Si
2111 4138 2218 4178 non

630 4243 828 4313 ubique
873 4237 1145 4293 Christum
1201 4229 1483 4286 Dominum
1532 4223 1839 4286 conﬁtetur,
1888 4218 1974 4274 cui
2020 4216 2221 4270 dictum

633 4344 718 4392 est
738 4376 752 4401 ,
786 4329 1081 4400 Concupivit
1107 4341 1198 4380 rea:
1225 4322 1441 4394 speciem
1468 4331 1636 4385 tuam,
1665 4315 1784 4386 quia
1812 4315 1921 4384 ipse
1949 4319 2020 4365 est
2050 4309 2222 4362 Domi-

635 4443 731 4482 nus
763 4423 898 4478 Deus
931 4430 1066 4474 tuus.
1097 4417 1152 4473 Si
1180 4430 1284 4471 non
1307 4412 1452 4467 videt
1482 4410 1724 4465 civitates
1749 4404 1985 4476 gentium
2011 4401 2224 4456 Christo

635 4529 824 4587 preces
853 4511 1097 4575 fundere,
1123 4515 1177 4561 et
1205 4517 1424 4559 munera
1451 4499 1666 4565 oﬁerre,
1690 4496 1757 4550 de
1786 4509 1891 4564 quo
1923 4493 1995 4546 illi
2024 4492 2223 4547 dictum

636 4583 755 4670 est,
786 4603 1081 4656 Atlorabunt
1124 4613 1236 4650 eum
1275 4595 1397 4664 ﬁliae
1426 4591 1551 4661 Tyri
1580 4590 1631 4642 in
1671 4584 1980 4640 muneribus.
2027 4583 2084 4637 Si
2117 4597 2226 4636 non

637 4696 800 4752 etiam
844 4689 1091 4760 superbia
1141 4684 1426 4754 deponitur
1472 4680 1718 4745 divitum,
1769 4683 1824 4730 et
1871 4675 1937 4730 ab
1985 4671 2225 4728 Ecclesia

641 4789 1000 4858 deprecantur
1029 4779 1317 4841 auxilium,
1350 4774 1435 4830 cui
1477 4773 1678 4827 dictum
1707 4778 1809 4837 est,
1846 4767 2055 4822 Vultum
2083 4777 2226 4820 tuum

641 4882 1042 4952 deprecabuntur
1071 4891 1242 4929 omnes
1289 4872 1463 4925 divites
1512 4867 1688 4939 plebis.
1740 4865 1798 4920 Si
1843 4880 1950 4919 non
1987 4863 2229 4934 agnoscit

639 4977 802 5031 tiliam
836 4973 994 5042 regis,
1025 4970 1109 5024 cui
1140 4967 1319 5022 dicere
1355 4965 1501 5034 jussa
1532 4969 1633 5024 est,
1659 4959 1814 5013 Pater
1844 4966 2032 5025 noster,
2065 4957 2148 5028 qui
2177 4972 2228 5010 es

639 5070 694 5123 in
723 5067 858 5120 caelis
890 5062 1104 5136 (Matth.
1133 5076 1209 5126 v1,
1241 5059 1332 5129 9);
1366 5065 1420 5111 ct
1449 5056 1499 5109 in
1530 5053 1729 5109 sanctis
1755 5052 1865 5107 suis
1892 5051 1944 5105 in
1973 5048 2228 5105 interiore

640 5159 858 5215 homine
900 5161 1188 5211 renovatur
1225 5151 1291 5205 de
1335 5148 1422 5202 die
1465 5148 1517 5200 in
1561 5145 1700 5199 diem
1747 5145 1825 5214 (ll
1856 5140 1974 5198 Cor.
2001 5158 2074 5209 tv,
2104 5138 2226 5213 16),

640 5255 708 5309 de
738 5268 840 5323 qua
881 5251 1078 5305 dictum
1113 5255 1228 5311 est,
1278 5243 1455 5298 Omnis
1486 5241 1647 5313 gloria
1690 5240 1798 5311 ejus
1829 5239 1949 5307 ΙίΙίιιι
1979 5237 2108 5307 regis
2151 5236 2232 5290 in-

641 5346 925 5399 trinsecus:
956 5339 1206 5411 quamvis,
1237 5346 1293 5392 et
1333 5335 1518 5390 oculos
1548 5340 1921 5387 extraneorum
1968 5329 2230 5399 fulgentes

644 5438 721 5514 (α)
750 5438 890 5492 fama
919 5433 1327 5505 praedicatorum
1360 5442 1575 5484 suorum
1605 5427 1656 5480 in
1689 5425 1994 5480 diversitate
2023 5423 2232 5493 lingua-

705 5576 724 5607 ι
750 5580 801 5622 lu
817 5581 944 5623 Mss:
989 5568 1067 5621 sic
1094 5566 1334 5620 honriuem
1369 5562 1507 5616 nasci
1540 5561 1813 5629 oportebat,
1834 5560 1879 5614 si
1904 5573 2092 5626 semper
2127 5565 2233 5612 erat
2323 5593 2326 5596 «

642 5645 942 5761 De’usliliquot
961 5702 1091 5745 Mss:
1118 5691 1244 5744 Huic
1267 5699 1367 5742 Deo
1388 5702 1576 5742 rursus.

703 5761 727 5792 ι
747 5767 808 5792 Im
835 5769 921 5792 nec
964 5766 1009 5792 Al
1037 5757 1167 5792 aditi,
1199 5753 1433 5792 malisin-

745 5750 1433 5817 ttaitss./ltediti,sacrario.
1848 5757 1874 5770 η
1932 5751 2084 5807 ·
2139 5750 2152 5778 ι

703 5803 1404 5887 (irrisas;'ruig}ate:“"”
1651 5818 1698 5851 τί
2011 5803 2041 5855 ’.
2080 5824 2103 5856 .-.
2145 5807 2203 5887 ,ΣΞ

3294 280 3328 310 ii

1256 356 1344 413 on
1379 349 1536 412 non
1571 341 1816 406 RERUM
1851 335 2018 409 eum
2056 327 2192 389 NON
2231 321 2600 393 VIDENTUR,
2641 282 2718 379 s.‘
2741 281 3119 380 aucusrmt
3743 296 3826 390 ἠδ

2276 460 2397 500 rum
2424 443 2567 498 velut
2605 441 2658 496 in
2705 439 2926 495 ﬁmbriis
2955 438 3135 496 aureis
3177 443 3232 492 et
3258 432 3422 491 vestis
3446 433 3697 496 varietate
3720 455 3825 512 per.

2280 537 2524 606 stringat.
2559 534 2614 588 Si
2643 548 2748 588 non
2781 540 3124 602 posteaquam
3154 528 3457 583 dill'amatur
3497 528 3550 582 in
3595 546 3827 600 quocum-

2281 645 2382 700 que
2407 629 2524 681 loco
2549 625 2713 681 odore
2737 625 2876 677 bono
2897 624 3032 691 ejus,
3056 621 3216 675 etiam
3237 619 3609 676 consecranda:
3629 622 3831 694 virgines

2282 720 2623 775 adducuntur
2669 715 2737 770 ad
2780 713 3083 779 Christum,
3135 711 3201 766 de
3245 725 3350 782 quo
3397 710 3622 779 dicitur,
3672 721 3724 767 et
3763 717 3833 770 cui

2285 811 2502 876 dicitur,
2535 807 2867 879 Adducentur
2904 805 3011 876 regi
3048 803 3262 874 virgines
3304 809 3412 872 post
3451 818 3591 869 eam,
3621 806 3834 874 proxian

2287 905 2397 974 ejus
2427 900 2743 954 adducentur
2774 898 2879 951 tibi.
2930 897 2994 949 Et
3025 911 3092 950 ne
3123 894 3273 964 quasi
3301 892 3526 964 captiva:
3556 893 3609 947 in
3635 893 3836 964 aliquem

2285 995 2432 1050 velut
2477 1006 2751 1047 carcerem
2798 987 3106 1043 viderentur
3135 985 3367 1050 adduci,
3399 984 3746 1050 Adducentur,
3773 987 3839 1040 in-

2288 1086 2437 1156 quit,
2466 1084 2519 1136 in
2547 1082 2721 1136 lwtitia
2751 1089 2798 1133 et
2823 1077 3175 1143 exsultatione,
3207 1076 3527 1129 adducentur
3553 1075 3606 1127 in
3634 1076 3840 1145 templum

2290 1175 2444 1246 regis.
2474 1173 2530 1228 Si
2571 1186 2677 1226 non
2707 1170 2844 1241 parit
2874 1168 3039 1235 ﬁlios,
3083 1182 3149 1222 ex
3177 1166 3368 1236 quibus
3408 1164 3602 1219 habeat
3625 1173 3840 1236 tanquam

2290 1275 2495 1336 patres,
2525 1278 2660 1334 quos
2685 1261 2976 1316 constituat
3005 1258 3107 1313 sibi
3133 1257 3332 1328 ubique
3354 1263 3615 1323 rectores,
3634 1255 3714 1310 cui
3738 1255 3843 1310 dici-

2291 1365 2397 1422 tur,
2432 1355 2538 1410 Pro
2569 1354 2795 1425 patribus
2825 1354 2922 1405 tuis
2957 1350 3061 1405 nati
3090 1359 3208 1404 sunt
3237 1349 3325 1403 tibi
3355 1349 3471 1418 ﬁlii,
3504 1347 3759 1402 constitues
3779 1363 3845 1403 eos

2293 1449 2546 1520 principes
2569 1463 2724 1527 super
2753 1461 2951 1499 omnem
2996 1452 3180 1497 terram
3208 1458 3228 1495 :
3255 1455 3480 1512 quorum
3522 1454 3582 1496 se
3620 1439 3845 1495 orationi-

2294 1541 2395 1596 bus
2433 1547 2604 1594 matcr
2644 1547 2697 1594 ct
2724 1537 2942 1608 praelata
2971 1544 3026 1591 et
3065 1534 3303 1604 subjecta
3333 1531 3706 1598 commendat;
3732 1529 3847 1586 unde

2295 1633 2637 1703 snbjunctum
2680 1639 2797 1698 est,
2827 1628 3078 1683 Memores
3118 1635 3262 1681 erunt
3289 1624 3506 1678 nominis
3534 1623 3639 1692 tui,
3667 1622 3717 1675 in
3739 1621 3848 1676 omni

2296 1727 2617 1797 generatione
2666 1731 2711 1777 et
2759 1721 3094 1794 generatione.
3153 1717 3209 1774 Si
3251 1731 3358 1773 non
3409 1725 3629 1788 propter
3667 1726 3847 1770 eorum-

2296 1817 2420 1873 dem
2470 1825 2682 1887 patrum
2733 1812 3185 1884 prmdicationem,
3238 1810 3291 1864 in
3341 1823 3445 1880 qua
3495 1806 3718 1864 nominis
3758 1803 3850 1874 ejus

2297 1909 2415 1963 sine
2458 1903 2852 1960 intermissione
2907 1902 3287 1965 meminerunt,
3339 1907 3448 1953 tam
3496 1894 3771 1967 magnaain
3801 1906 3849 1947 ea

2299 1998 2670 2054 multitudines
2698 2003 3111 2066 congregantur,
3140 1994 3295 2063 eique
3321 1989 3536 2048 laudem
3564 1986 3738 2058 gratia:
3760 1984 3849 2038 sine

2303 2093 2410 2146 line
2460 2091 2651 2160 linguis
2699 2088 2930 2159 prepriis
2974 2087 3329 2150 confitentur,
3376 2083 3462 2138 cui
3509 2075 3849 2145 dicitur,Pro-

2302 2192 2474 2253 pterea
2504 2182 2680 2254 p0puli
2708 2182 3075 2250 conﬁtebuntur
3104 2178 3191 2232 tibi
3217 2179 3270 2231 in
3296 2176 3558 2245 saxulum,
3587 2185 3635 2228 et
3659 2173 3710 2227 in
3729 2184 3850 2227 sacu-

2303 2274 2409 2328 lum
2453 2273 2648 2327 swculi.

2375 2364 2603 2421 CAPUT
2642 2363 2732 2419 IV.
2764 2393 2835 2403 -—
2862 2362 2942 2417 Ad
2971 2361 3222 2417 credenda
3260 2376 3372 2433 quae
3399 2376 3502 2414 non
3541 2357 3748 2413 uidimus
3768 2366 3851 2406 mo-

2302 2474 2416 2513 vere
2445 2457 2624 2511 debent
2651 2470 2764 2526 quae
2792 2471 2925 2508 nunc
2949 2452 3157 2524 impleta
3186 2452 3543 2522 conspicimus.
3577 2448 3634 2504 Si
3660 2459 3758 2502 non
3779 2442 3852 2497 ista

2305 2552 2376 2606 ita
2408 2551 2845 2606 demonstrantur
2872 2562 2990 2604 esse
3025 2546 3304 2618 perspicua
3328 2587 3344 2612 ,
3371 2554 3430 2600 ut
3471 2558 3582 2600 non
3624 2535 3854 2597 inveniant

2307 2643 2446 2699 oeuli
2487 2642 2827 2697 inimicorum
2874 2640 2926 2694 in
2973 2654 3130 2709 quam
3177 2647 3382 2708 partem
3431 2621 3855 2695 avertantur,uhi

2309 2750 2415 2789 non
2460 2733 2645 2789 eadem
2695 2731 3071 2803 perspicuitate
3114 2730 3405 2795 feriantur,
3436 2736 3495 2783 ut
3533 2742 3601 2783 ex
3639 2737 3702 2780 ea
3739 2713 3856 2774 fateri

2313 2827 2595 2884 manifeste
2625 2829 2640 2858 ³
2691 2836 2994 2898 cogantur:
3031 2823 3225 2879 merito
3272 2823 3502 2878 fortasse
3544 2815 3714 2874 dicitis
3749 2804 3858 2881 quod

2314 2921 2459 2975 nulla
2489 2919 2640 2974 vobis
2669 2916 3017 2974 ostendantur
3042 2915 3260 2982 indicia,
3287 2913 3480 2984 quibus
3509 2909 3637 2966 visis
3665 2899 3856 2961 credatis

2312 3013 2474 3068 etiam
2500 3012 2587 3065 illa
2619 3027 2738 3080 qua:
2764 3024 2871 3064 non
2898 3007 3110 3063 videtis.
3154 3006 3212 3061 Si
3241 3020 3369 3061 vero
3399 3004 3517 3059 hazc
3544 3014 3660 3072 quze
3686 2991 3856 3055 videtiS,

2313 3114 2367 3160 et
2394 3105 2550 3174 longe
2586 3111 2710 3156 ante
2745 3099 2997 3172 praedicta
3023 3107 3168 3167 sunt,
3199 3103 3252 3152 et
3281 3104 3425 3151 tanta
3472 3083 3860 3149 manifestatione

2315 3197 2697 3267 complentur;
2757 3195 2804 3248 si
2854 3209 2913 3248 se
2966 3193 3079 3262 ipsa
3132 3190 3330 3245 veritas
3379 3196 3434 3244 et
3485 3173 3861 3258 praecedentibus

2315 3290 2470 3345 vobis
2513 3296 2566 3342 et
2609 3261 3057 3355 consequentibus
3099 3281 3336 3338 declarat
3376 3276 3684 3340 eﬁ'ectibus,
3711 3283 3740 3324 o
3764 3261 3861 3320 reli-

2317 3381 2456 3451 quia:
2498 3351 2858 3442 inﬁdelitatis,
2891 3383 2949 3430 ut
2994 3373 3226 3430 credatis
3275 3386 3395 3443 quae
3439 3385 3548 3426 non
3575 3360 3783 3425 videtis,
3815 3351 3861 3407 iis

2318 3472 2618 3529 erubescite
2645 3485 2763 3540 qua:
2789 3462 2984 3524 videtis
3011 3469 3026 3522 ί

2390 3567 2443 3618 7.
2475 3563 2555 3618 Mc
2598 3560 2874 3626 attendite,
2906 3559 3057 3614 vobis
3102 3557 3233 3613 dicit
3279 3556 3565 3622 Ecclesia;
3611 3562 3694 3606 me
3730 3547 3861 3598 atten-

2319 3656 2427 3712 dite
2451 3695 2466 3720 ,
2496 3667 2654 3723 quam
2684 3650 2874 3706 videtis
2893 3692 2909 3719 ,
2942 3650 3148 3705 etiamsi
3177 3649 3360 3704 videre
3389 3646 3591 3702 nolitis.
3629 3638 3725 3708 Qui
3755 3629 3861 3689 enim

2322 3747 2651 3818 temporibus
2698 3744 2802 3800 illis
2846 3743 2902 3798 in
2925 3742 3108 3799 Iudaea
3153 3749 3296 3798 terra
3341 3740 3527 3796 ﬁdeles
3573 3735 3861 3794 fuerunt,ex

2321 3840 2529 3910 virgine
2559 3837 2895 3893 nativitatem
2927 3834 3248 3900 mirabilem,
3281 3847 3344 3887 ac
3373 3833 3695 3904 passionem,
3723 3828 3864 3877 resur-

2321 3934 2615 3990 rectionem
2637 3973 2653 3998 ,
2683 3928 3052 3985 ascensionem
3087 3925 3317 3994 Christi,
3357 3926 3536 3981 omnia
3568 3919 3735 3979 divina
3761 3910 3863 3965 dicit

2325 4030 2440 4098 ejus
2484 4036 2538 4082 et
2587 4027 2722 4080 facta
2763 4031 3055 4095 prtesentes
3102 4020 3385 4091 praesentia
3427 4018 3738 4074 didicerunt.
3774 4001 3864 4058 Hac

2325 4139 2424 4180 vos
2465 4137 2570 4177 non
2603 4120 2829 4187 vidistis,
2870 4127 3152 4188 propterea
3182 4115 3405 4170 credere
3448 4107 3720 4169 recusatis.
3760 4096 3864 4160 Erg°

2328 4216 2444 4271 lucc
2489 4213 2746 4284 aspicite,
2794 4212 2846 4265 in
2895 4211 3010 4264 haec
3051 4207 3348 4272 intendite,
3395 4206 3511 4260 hcce
3558 4213 3670 4272 qua:
3696 4179 3866 4248 cernitis

2329 4309 2577 4379 cogitate,
2627 4320 2748 4376 qua:
2789 4302 2944 4358 vobis
2993 4315 3098 4356 non
3149 4299 3416 4370 prteterita
3464 4296 3755 4351 narrantur,
3795 4283 3866 4330 110°

2330 4401 2504 4455 futura
2535 4395 2961 4469 praenuntiantur
2981 4437 2995 4462 ,
3025 4393 3118 4448 sed
3147 4390 3429 4463 praesentia
3465 4377 3865 4443 demonstrantur-

2335 4495 2416 4547 An
2444 4491 2594 4546 vobis
2637 4489 2794 4543 inane
2822 4487 2904 4542 vel
2950 4486 3068 4540 leve
3095 4483 3323 4548 videtur,
3355 4490 3409 4535 et
3448 4477 3646 4534 nullum
3671 4465 3747 4523 vel
3776 4467 3868 4529 ΡΜ·

2333 4601 2456 4641 vum
2490 4583 2687 4654 putatis
2730 4596 2849 4637 esse
2894 4578 3210 4634 miraculum
3256 4577 3515 4644 divinum,
3544 4565 3679 4643 quod
3719 4560 3767 4614 in
3798 4561 3868 4605 "0‘

2332 4679 2479 4733 mine
2519 4676 2676 4729 unius
2718 4672 2953 4728 cruciﬁxi
2997 4672 3305 4726 universum
3335 4683 3502 4740 genus
3541 4657 3700 4720 currit
3722 4653 3868 4706 huma'

2334 4767 2512 4824 num?
2562 4765 2678 4820 Non
2728 4764 2935 4819 vidistis
2986 4763 3126 4833 quod
3183 4760 3496 4832 praedictum
3545 4765 3596 4813 et
3645 4742 3868 4815 impletum

2336 4869 2419 4915 est
2444 4859 2512 4914 de
2536 4857 2767 4911 humana
2797 4854 3000 4910 Christi
3029 4853 3330 4918 nativitate,
3361 4852 3490 4906 Ecce
3516 4850 3651 4917 uirgo
3686 4838 3731 4891 in
3768 4833 3870 4880 utero

2336 4952 2568 5023 accipiet,
2598 4959 2644 5004 et
2672 4949 2831 5020 pariet
2858 4949 3023 5018 ﬁlium
3051 4963 3069 5001 :
3098 4946 3194 5002 sed
3223 4946 3415 5001 videtis
3441 4941 3581 5016 quod
3611 4924 3870 5007 prrcdiclum

2338 5060 2391 5102 et
2418 5045 2691 5115 impletum
2728 5051 2808 5099 est
2843 5041 2910 5097 ad
2936 5040 3205 5096 Abraham
3249 5040 3342 5094 Dei
3371 5009 3610 5097 verbum,
3637 5026 3700 5082 In
3730 5009 3873 5115 sentiat

2337 5146 2423 5194 tuo
2462 5138 2814 5192 benedicentur
2843 5151 3013 5188 omnes
3042 5141 3229 5204 gentes.
3275 5131 3391 5186 Non
3426 5095 3630 5184 vidistis
3666 5095 3873 5204 QUOd'de

2339 5230 2672 5286 mirabilibus
2716 5227 2913 5282 Christi
2956 5190 3266 5296 prdidictum
3309 5230 3410 5286 est,
3450 5218 3638 5278 Venite,
3677 5214 3720 5260 et
3749 5190 3874 5296 videto

2340 5340 2494 5394 Opera
2518 5320 2746 5387 Domini,
2775 5335 2889 5391 qua:
2918 5276 3082 5389 pbsuit
3109 5316 3342 5389 prodigia
3368 5331 3518 5386 super
3542 5276 3716 5364 terram
3734 5276 3872 5389 (Pfal‘

2341 5432 2475 5483 XLV,
2499 5415 2598 5488 9):
2631 5413 2728 5470 scd
2754 5379 2945 5467 videtis
2993 5379 3132 5481 quod
3180 5379 3491 5481 prmdiclljm
3531 5410 3637 5465 εει,
3676 5379 3872 5446 Dominus

2343 5511 2472 5566 dixit
2511 5509 2577 5563 ad
2623 5525 2729 5575 me,
2766 5505 2928 5560 Filius
2966 5522 3103 5560 meus
3141 5473 3197 5559 es
3240 5515 3314 5571 tu,
3348 5519 3440 5575 ego
3485 5495 3628 5555 hodie
3660 5474 3791 5558 genui
3813 5473 3874 5575 (εἰ

2343 5601 2545 5676 postulo
2570 5617 2602 5653 a
2626 5615 2704 5653 me
2725 5640 2740 5667 ,
2769 5607 2814 5652 et
2841 5597 2970 5652 dabo
3001 5597 3086 5651 tibi
3113 5608 3283 5668 gentes
3302 5558 3649 5650 ’lttgreditatetn
3674 5558 3872 5676 uigili-aa?

2344 5648 2543 5676 r""""
2572 5648 2600 5653 "
2627 5648 2698 5653 ην*
2725 5648 2740 5667 ι
2774 5648 2809 5652 ν
2946 5648 2960 5652 ν
3002 5648 3081 5651 -τνέ
3113 5648 3277 5668 σ“·’⁷““
3427 5648 3436 5650 ~

2341 5693 2706 5766 possessionem
2761 5699 2898 5743 tuam
2949 5689 3186 5744 terminos
3235 5698 3382 5743 terra:
3428 5681 3593 5760 (Psal.
3624 5688 3687 5741 II:
3716 5648 3842 5719 ⁷⁸⁸8

2366 5849 2371 5854 .
2408 5809 2429 5844 ¹
2445 5814 2499 5860 In
2517 5813 2647 5874 Mss,
2669 5805 2935 5874 manifesta.
