3942 6416
179 413 253 475 m
751 457 756 461 _
862 459 868 462 ,
1475 452 1482 458 .
1599 407 1815 502 LIBER.
1841 383 2042 466 vivus.

189 539 286 598 Non
324 532 518 591 Vidistis
560 529 706 602 quod
756 528 1106 601 prmdictum
1161 530 1244 581 est
1287 532 1336 580 et
1380 521 1649 594 impletum
1693 519 1762 578 de

190 630 408 702 passione
429 624 636 690 Christi,
665 619 715 676 Γ
720 622 954 676 oderunt
982 635 1178 674 manus
1204 632 1330 670 meas
1351 625 1397 671 et
1425 615 1571 687 pedes
1602 631 1760 681 meos,

137 735 143 756 λ
191 726 596 779 dinmnerarerunt
638 717 822 770 omnia
850 732 968 770 ossa
1001 731 1118 768 mea
1140 729 1164 778 ;
1207 711 1300 782 ipsi
1329 727 1438 765 vero
1468 710 1758 765 considera-

189 825 337 870 renmt
361 822 404 868 et
445 817 832 880 conspexerunt
862 823 984 873 me;
1032 805 1308 861 diviserunt
1351 804 1443 858 sibi
1471 803 1762 857 vestimenta

192 925 300 971 mea,
324 913 365 960 et
391 920 542 973 super
565 910 755 957 vestem
782 917 947 954 meam
971 899 1222 952 miserunt
1243 905 1423 951 sortem
1452 911 1470 950 :
1495 896 1591 951 sed
1615 894 1763 950 vide-

188 1001 244 1054 tis
269 997 404 1069 quod
438 997 493 1051 in
528 995 727 1050 eodem
773 992 982 1064 psalmo
1025 989 1342 1061 praedictum
1371 995 1453 1044 cst
1475 1029 1490 1053 ,
1539 995 1593 1042 ct
1620 1001 1762 1042 nunc

184 1100 389 1162 apparet
421 1089 693 1159 impletum
720 1129 737 1154 ,
772 1083 1309 1140 Commemorabuntur
1336 1091 1384 1137 et
1411 1091 1763 1162 convertentur,

178 1185 241 1237 ad
263 1182 527 1236 Dominum
555 1180 785 1233 universi
812 1179 940 1246 ﬁnes
970 1188 1146 1245 terrte,
1173 1187 1219 1232 et
1245 1175 1529 1231 adorabunt
1555 1177 1608 1230 in
1634 1192 1758 1230 con-

175 1284 332 1343 spectu
358 1267 473 1344 ejus
495 1274 746 1326 universa
773 1271 956 1341 patria:
983 1270 1206 1342 gentium
1228 1285 1248 1333 ;
1286 1269 1526 1340 quoniam
1550 1268 1759 1323 Domini

173 1376 240 1420 est
282 1381 527 1436 regnum,
558 1374 608 1418 et
647 1364 756 1433 ipse
802 1347 1144 1416 dominabitur
1185 1361 1406 1432 gentium
1439 1358 1609 1432 (Psal.
1641 1376 1752 1427 ut,

173 1458 352 1522 £749,
385 1457 476 1523 28,
506 1455 624 1525 29).
675 1455 795 1510 Non
822 1454 1030 1509 vidistis
1073 1453 1213 1524 quod
1257 1453 1324 1508 de
1364 1453 1756 1508 resurrectione

166 1551 360 1606 Christi
407 1550 723 1621 prmdictum
767 1559 928 1619 atque
963 1548 1286 1617 completum
1333 1555 1455 1614 est,
1504 1547 1755 1617 loquente

163 1644 373 1700 Psalmo
400 1660 467 1699 ex
509 1659 743 1715 persona
787 1643 902 1712 ejus
945 1642 1090 1712 prius
1127 1629 1207 1696 de.
1235 1639 1492 1695 traditore
1536 1648 1588 1694 et
1625 1654 1753 1708 per-

159 1738 495 1793 secutoribus
524 1736 643 1807 cjus
672 1755 686 1790 :
719 1732 1126 1806 Egrediebantur
1153 1737 1311 1805 foras,
1349 1744 1395 1788 et
1425 1733 1756 1803 loquebantur

156 1830 309 1883 simul
352 1830 406 1883 in
444 1844 653 1892 unum;
702 1829 971 1882 adversum
1018 1843 1098 1881 me
1149 1825 1536 1880 insusurrabant
1583 1840 1754 1879 omnes

154 1924 353 1978 inimici
393 1924 516 1989 mei,
546 1923 813 1976 adversum
850 1939 930 1976 me
966 1920 1255 1991 cogitabant
1284 1919 1420 1973 mala
1451 1919 1576 1972 mihi
1592 1935 1612 1983 ;
1640 1935 1752 1973 ver-

149 2013 278 2070 bum
297 2015 535 2084 iniquum
561 2015 904 2084 disposuerunt
928 2013 1195 2067 adversum
1220 2029 1315 2066 me.
1344 2011 1462 2079 Ubi,
1493 2020 1550 2066 ut
1574 2018 1756 2066 osten-

151 2103 326 2160 deret
369 2103 507 2158 nihil
554 2119 649 2159 eos
691 2103 910 2158 valuisse
955 2102 1249 2159 occidendo
1298 2111 1750 2167 resurrecturum,

146 2196 400 2266 subjecit
434 2206 599 2266 atque
631 2195 707 2249 ait
733 2212 748 2248 :
777 2193 1028 2264 Numquid
1051 2194 1140 2264 qui
1176 2194 1382 2260 dormit,
1413 2209 1516 2246 non
1549 2192 1753 2264 adjiciat

146 2300 206 2341 ιιι
232 2296 478 2358 resurgat
495 2286 525 2339 .’
563 2287 629 2340 Et
656 2286 812 2356 paulo
836 2293 954 2355 post
979 2300 1101 2340 cum
1128 2285 1197 2341 de
1226 2286 1353 2356 ipso:
1372 2301 1470 2341 suo
1497 2284 1753 2342 traditore

147 2393 245 2449 per
271 2377 522 2433 eamdem
556 2376 889 2448 prephetiam
921 2376 1287 2447 praedixisset,
1317 2377 1460 2448 quod
1490 2377 1545 2432 in
1571 2377 1750 2433 Evan-

143 2473 291 2547 gelia
319 2487 536 2543 quoque
565 2472 824 2542 scriptum
872 2479 975 2538 est,
1022 2470 1122 2536 Qui
1165 2471 1340 2526 edebat
1383 2487 1539 2542 panes
1588 2487 1748 2540 meos,

142 2568 408 2637 ampliavit
447 2583 610 2635 super
637 2581 717 2619 me
753 2565 1086 2630 calcaneum;
1124 2564 1226 2620 hoc
1264 2572 1368 2631 est,
1415 2563 1752 2620 conculcavit

140 2674 234 2714 me
265 2677 280 2712 :
325 2658 582 2713 continuo
609 2657 883 2722 subdidit,
918 2655 997 2710 Tu
1023 2666 1222 2722 autem,
1254 2656 1492 2725 Domine,
1520 2657 1752 2712 miserere

141 2754 267 2817 mei,
301 2762 346 2806 et
371 2753 621 2806 resuscita
650 2768 731 2804 me
750 2792 766 2816 ,
800 2759 848 2804 et
886 2749 1099 2804 reddam
1126 2751 1230 2806 illis
1262 2750 1433 2822 (Psal.
1462 2767 1558 2814 ιι,
1584 2752 1706 2806 7—H
1733 2769 1748 2819 ;

139 2843 302 2898 Joan.
335 2859 453 2909 xm,
485 2840 601 2914 18).
629 2842 915 2912 Impletum
943 2851 1026 2897 est
1054 2841 1176 2907 hoc,
1205 2841 1460 2898 dormivit
1482 2842 1747 2911 Christus,

139 2942 198 2989 et
225 2919 494 3004 evigilavit
519 2974 534 2996 ,
569 2934 674 2988 hoc
703 2943 820 2999 est,
853 2933 1144 2988 resurrexit
1176 2951 1190 2987 :
1223 2933 1315 3004 qui
1362 2949 1460 3003 per
1506 2933 1750 2990 eamdem

139 3024 485 3096 prophetiam
515 3027 567 3079 in
610 3025 720 3079 alio
751 3025 960 3094 psalmo
1001 3025 1095 3092 ait,
1129 3023 1242 3096 Ego
1268 3025 1501 3092 dormivi,
1533 3036 1579 3080 et
1616 3043 1753 3080 som-

137 3133 272 3170 num
316 3117 455 3185 cepi;
497 3125 544 3170 et
590 3117 877 3181 exsurrexi,
924 3117 1163 3185 quoniam
1207 3115 1460 3173 Dominus
1510 3119 1752 3190 suscipiet

137 3226 222 3264 me
265 3208 439 3278 (Psal.
467 3207 582 3280 ιιι).
616 3209 816 3263 Verum
861 3207 965 3262 hoc
1004 3225 1108 3264 non
1145 3209 1371 3276 vidistis,
1421 3209 1517 3266 sed
1559 3211 1750 3267 videtis

139 3302 263 3372 ejus
288 3302 616 3369 Ecclesiam,
649 3302 719 3356 de
747 3317 849 3371 qua
881 3302 1128 3358 similiter
1156 3303 1357 3358 dietum
1391 3313 1445 3358 et
1472 3304 1749 3375 impletum

136 3403 222 3449 est
243 3436 260 3461 ,
292 3393 515 3447 Domine
539 3392 679 3448 Deus
707 3411 846 3448 meus
872 3437 886 3460 ,
929 3397 995 3447 ad
1033 3404 1079 3448 te
1123 3405 1295 3465 gentes
1321 3397 1516 3450 venient
1554 3397 1617 3451 ab
1655 3414 1746 3452 ea:-

135 3495 303 3540 tremo
334 3496 511 3552 terrm,
539 3497 585 3538 et
611 3486 797 3553 dicent,
835 3485 961 3540 Vere
994 3487 1257 3542 mendacia
1285 3489 1546 3544 coluerunt
1581 3500 1748 3560 patres

132 3577 306 3631 nostri
339 3577 651 3642 simulacra,
679 3587 726 3631 et
758 3593 854 3630 non
889 3585 962 3630 est
995 3578 1046 3631 in
1076 3578 1182 3632 illis
1218 3580 1432 3634 utilitas.
1461 3580 1572 3636 Hoc
1602 3591 1749 3638 certe

131 3669 260 3726 sive
299 3669 486 3722 velitis
526 3683 622 3723 seu
663 3669 860 3734 nolitis,
889 3669 1127 3739 aspicitis
1156 3688 1168 3723 :
1202 3679 1260 3724 ut
1301 3671 1346 3726 si
1390 3671 1564 3727 adhuc
1594 3673 1610 3703 ¹
1645 3673 1747 3727 ali-

129 3775 306 3830 quam
337 3759 544 3828 putatis
565 3773 682 3813 esse
713 3760 796 3813 vel
827 3759 992 3815 fuisse
1020 3761 1072 3814 in
1100 3761 1402 3817 simulacris
1434 3764 1744 3832 utilitatem;

130 3862 288 3908 certe
335 3860 523 3906 tamen
554 3851 864 3907 innumeros
907 3853 1143 3922 gentium
1173 3855 1398 3924 populos
1429 3856 1632 3911 relictis
1662 3857 1748 3913 vel

127 3945 372 4014 abjectis
402 3945 485 3998 vel
515 3945 805 3998 confraclis
835 3945 1141 4014 hujusmodi
1168 3948 1490 4003 vanitatibus
1520 3948 1745 4006 audistis

129 4037 346 4099 dicere,
385 4036 512 4090 Vere
553 4039 816 4091 mendacia
859 4039 1119 4093 coluerunt
1155 4049 1322 4111 patres
1380 4042 1540 4095 nostri
1581 4044 1745 4097 simu-

129 4130 307 4196 lacra,
339 4140 390 4184 et
416 4147 522 4184 non
553 4139 626 4184 est
672 4132 723 4184 in
748 4132 849 4185 illis
879 4133 1067 4186 utilitas
1096 4149 1114 4187 :
1157 4134 1202 4188 si
1246 4135 1394 4205 faciet
1423 4134 1571 4190 homo
1601 4136 1744 4204 deos,

127 4233 180 4278 et
225 4240 347 4278 ecce
389 4225 493 4294 ipsi
520 4240 623 4279 non
663 4233 781 4279 sunt
828 4227 900 4279 dii
935 4225 1156 4297 (Jerem.
1188 4245 1308 4294 τινι,
1343 4229 1432 4297 19,
1461 4227 1590 4302 20).
1637 4230 1746 4286 Nec

128 4319 342 4388 putetis
388 4328 569 4372 autem
611 4318 678 4372 ad
725 4334 887 4373 unum
934 4321 1164 4389 aliquem
1194 4321 1288 4376 Dei
1336 4323 1511 4377 locum
1557 4332 1746 4394 gentes

127 4410 434 4479 praedictas
478 4409 645 4465 fuisse
679 4422 960 4475 venturas,
993 4412 1243 4481 quoniam
1285 4413 1483 4467 dictum
1511 4424 1596 4469 est
1619 4456 1635 4483 ,
1661 4414 1744 4468 Ad

128 4510 182 4553 te
211 4512 397 4572 gentes
425 4503 621 4555 venient
644 4500 708 4554 ab
735 4511 960 4555 extremo
989 4513 1152 4556 terra).
1185 4501 1484 4573 Intelligitc,
1519 4505 1563 4559 si
1594 4514 1744 4575 pote-

127 4595 234 4649 stis
259 4637 277 4660 ,
313 4595 384 4648 ad
415 4595 586 4650 Deum
618 4594 1064 4663 Christianorum,
1097 4597 1187 4664 qui
1230 4613 1478 4653 summus
1507 4607 1559 4654 ct
1584 4615 1742 4655 verus

135 4698 216 4742 est
245 4689 437 4754 Deus,
483 4702 592 4743 non
633 4688 952 4744 ambulando
980 4691 1161 4745 venire
1206 4690 1443 4761 gentium
1494 4692 1738 4761 populos,

135 4780 229 4835 sed
261 4779 567 4836 credendo.
600 4779 731 4834 Nam
763 4796 848 4836 res
877 4782 1063 4837 eadem
1107 4782 1174 4837 ab
1213 4783 1319 4838 alio
1363 4781 1624 4853 propheta
1667 4785 1745 4839 sic

134 4873 506 4944 prenuntiata
546 4881 630 4928 est
662 4890 676 4926 :
709 4871 1035 4942 Prtevalebit,
1066 4874 1256 4944 inquit,
1286 4873 1540 4929 Dominus
1568 4875 1744 4929 adver-

132 4982 220 5018 sus
252 4981 344 5018 eos
367 5007 384 5030 ,
430 4973 479 5018 et
527 4964 876 5018 exterminabit
905 4981 1076 5020 omnes
1129 4966 1248 5020 deos
1292 4965 1514 5035 gentium
1556 4974 1703 5018 terra:
1724 4949 1748 5029 ;i

133 5069 178 5111 et
209 5058 508 5111 adorabunt
538 5073 656 5112 eum
695 5059 1036 5128 unusquisque
1074 5059 1136 5112 de
1183 5056 1294 5134 loco
1333 5073 1424 5111 suo
1469 5073 1639 5111 omnes
1668 5058 1747 5111 in-

133 5151 272 5204 sula:
321 5150 548 5221 gentium
577 5149 834 5220 (Sep/wn.
868 5167 936 5217 ιι,
969 5148 1078 5222 il).
1125 5149 1276 5216 Quod
1320 5150 1395 5204 ait
1435 5149 1557 5214 illc,
1587 5148 1668 5202 Ad
1698 5159 1745 5204 te

133 5259 321 5296 onmes
360 5253 531 5314 gentes
583 5243 819 5306 venient;
862 5241 963 5296 hoc
1005 5243 1080 5296 ait
1122 5243 1242 5308 iste,
1293 5242 1587 5295 Adornbunt
1630 5257 1745 5296 eum

135 5339 496 5408 unusquisque
539 5336 602 5390 de
645 5337 755 5390 loco
801 5353 912 5391 suo.
960 5336 1103 5407 Ergo
1130 5336 1350 5391 venient
1388 5335 1454 5390 ad
1484 5350 1607 5390 eum
1638 5350 1742 5390 non

134 5429 464 5489 recedentes
488 5429 557 5484 de
585 5429 704 5485 loco
731 5444 850 5495 suo,
893 5430 1014 5500 quia
1042 5429 1329 5485 credentes
1357 5430 1408 5484 in
1438 5443 1560 5484 eum
1590 5428 1742 5484 inve-

134 5524 298 5578 nient
324 5537 448 5577 eum
477 5523 534 5576 in
563 5520 726 5576 corde
750 5536 867 5576 suo.
896 5520 1012 5575 Non
1034 5520 1239 5575 vidistis
1266 5519 1407 5590 quod
1433 5519 1744 5589 praedictum

132 5627 194 5672 et
219 5616 508 5686 impletum
536 5622 620 5668 est
646 5613 714 5669 de
743 5613 1059 5668 ascensione
1081 5611 1300 5678 Christi,
1325 5611 1570 5666 Exaltare
1593 5628 1745 5682 super

131 5711 318 5777 catos,
351 5708 494 5762 Deus
535 5724 554 5762 :
600 5707 694 5762 sed
741 5707 934 5762 videtis
988 5706 1132 5778 quod
1184 5707 1436 5761 continuo
1483 5705 1742 5776 sequitur,

135 5801 213 5858 Et
263 5820 420 5872 super
479 5818 679 5855 omnem
724 5809 911 5854 terram
953 5799 1116 5870 gloria
1159 5809 1244 5854 tua
1288 5798 1459 5870 (Psal.
1491 5813 1628 5868 (:th,
1656 5795 1742 5874 6).

199 5919 220 5950 ι
235 5920 315 5967 Sic
338 5917 627 5970 Sorbonicus
645 5919 731 5968 Its.
762 5911 926 5978 [etiam
948 5911 991 5967 si
1007 5910 1205 5976 adiuta]

3355 427 3464 490 178

1879 521 1971 577 llla
1999 522 2067 580 de
2091 522 2303 582 Christo
2323 525 2434 597 jam
2472 529 2607 586 facta
2633 539 2794 603 atque
2831 541 3099 594 transacta
3131 539 3311 596 omnia
3349 558 3462 602 non

1875 614 2119 682 vidistis;
2167 616 2261 672 sed
2291 618 2390 674 ista
2435 623 2715 690 prmsentia
2759 623 2814 679 in
2857 625 2972 696 ejus
2999 627 3240 688 Ecclesia
3276 632 3462 690 videre

1875 723 1974 764 vos
2001 726 2106 766 non
2147 714 2370 784 negatis.
2425 714 2656 787 Utraque
2686 717 2837 772 vobis
2883 721 3137 790 prtedicta
3184 735 3460 783 monstra-

1871 818 1990 858 mus
2016 821 2029 857 :
2055 813 2276 876 utraque
2302 815 2482 864 autem
2504 810 2652 864 vobis
2679 811 2897 882 impleta
2923 823 3204 885 propterea
3230 818 3460 876 demon-

1869 904 2040 951 strare
2065 897 2289 953 videnda
2318 915 2424 955 non
2451 916 2755 973 possumus,
2785 905 2910 975 quia
2951 921 3203 965 revocare
3232 912 3285 966 in
3318 926 3454 969 con-

1868 997 2109 1058 spcctum
2141 992 2408 1060 praeterita
2447 1009 2555 1049 non
2593 997 2852 1052 valemus.

1957 1073 2181 1137 CAPUT
2231 1082 2298 1137 ν.
2359 1115 2430 1125 -
2489 1085 2542 1141 8.
2601 1085 2939 1144 Prtesentium
2983 1093 3221 1149 exbibitio
3278 1097 3459 1151 astruit

1866 1169 2020 1238 ﬁdem
2085 1175 2453 1242 praeteritorum
2505 1187 2551 1232 et
2608 1181 2918 1251 futurorum.
2962 1195 2964 1197 ‘
3012 1182 3121 1239 Sed
3184 1188 3452 1258 quemad-

1865 1264 2086 1321 modum
2143 1269 2437 1325 voluntates
2499 1273 2793 1330 amicorum
2845 1290 2966 1346 quae
3013 1292 3123 1332 non
3177 1279 3447 1349 videntur,

1865 1360 2155 1416 creduntur
2204 1378 2299 1433 per
2343 1363 2534 1420 indicia
2587 1383 2706 1437 quae
2750 1367 3029 1436 videntur;
3087 1371 3166 1426 sic
3213 1371 3454 1430 Ecclesia

1865 1468 1984 1524 quae
2035 1471 2177 1510 nunc
2231 1455 2476 1523 videtur,
2531 1459 2769 1515 omnium
2819 1477 2940 1532 qua:
2991 1477 3100 1518 non
3153 1463 3443 1532 videntur,

1862 1547 1956 1602 sed
2007 1547 2060 1602 in
2109 1549 2185 1603 eis
2225 1549 2414 1606 litteris
2466 1551 2557 1606 ubi
2610 1562 2663 1608 et
2699 1554 2812 1623 ipsa
2859 1563 2942 1610 est
2989 1545 3240 1626 praedidta
3289 1573 3449 1614 mon-

1860 1648 2122 1708 strantur,
2174 1649 2227 1696 et
2274 1641 2433 1697 index
2480 1652 2560 1699 est
2610 1645 3037 1715 praeteritorum,
3096 1656 3150 1703 et
3197 1664 3454 1720 praenun-

1863 1728 1934 1782 tia
1964 1729 2279 1786 futurorum.
2319 1732 2452 1800 Quia
2480 1741 2534 1788 et
2575 1737 2844 1804 praeterita
2870 1752 2988 1806 quae
3029 1736 3138 1807 jam
3168 1753 3275 1793 non
3320 1754 3452 1809 pos-

1861 1831 1985 1877 sunt
2027 1823 2230 1891 videri,
2281 1833 2336 1880 ct
2380 1828 2660 1896 praesentia
2707 1844 2824 1899 qua:
2871 1845 2970 1885 nec
3009 1839 3234 1901 possunt
3276 1831 3452 1889 videri

1859 1913 2036 1969 omnia
2069 1917 2118 1981 ί,
2150 1931 2271 1972 cum
2314 1921 2827 1989 praenuntiarentur,
2860 1922 2990 1977 nihil
3020 1923 3211 1979 horum
3239 1934 3452 1995 poterat

1860 2013 1985 2060 tunc
2040 2007 2226 2062 videri.
2305 2009 2440 2065 Cum
2488 2027 2616 2083 ergo
2672 2013 2784 2070 fieri
2841 2017 3097 2086 praedicta
3147 2026 3452 2089 coeperunt,

1857 2113 1922 2154 ex
1966 2099 2071 2154 illis
2110 2117 2227 2171 quae
2264 2101 2403 2158 facta
2432 2115 2555 2160 sunt
2583 2121 2750 2176 usque
2778 2108 2845 2162 ad
2888 2110 2986 2164 ista
3013 2126 3133 2180 qua:
3170 2111 3337 2178 ﬁunt,
3380 2111 3450 2167 de

1858 2190 2068 2246 Christo
2095 2200 2148 2246 et
2175 2193 2414 2250 Ecclesia
2441 2211 2560 2265 quae
2597 2197 2851 2267 praedicta
2876 2209 3000 2255 sunt
3037 2201 3278 2257 ordinata
3306 2203 3447 2258 serie

1857 2294 2206 2341 cucurrerunt
2235 2286 2338 2341 :ad
2364 2303 2524 2358 quam
2563 2288 2757 2344 seriem
2784 2291 3055 2358 pertinent
3079 2291 3144 2346 de
3174 2291 3261 2346 die
3299 2292 3450 2361 judi-

1857 2373 1946 2440 cii,
1974 2373 2041 2430 de
2071 2378 2457 2433 resurrectione
2482 2387 2833 2448 mortuorum,
2862 2381 2927 2436 de
2945 2382 3226 2451 impiorum
3248 2391 3450 2438 acterna

1857 2463 2199 2522 damnatione
2231 2483 2353 2523 cum
2394 2467 2642 2538 diabolo,
2684 2470 2838 2526 etde
2876 2472 3084 2541 piorum
3127 2483 3326 2528 aeterna
3367 2489 3454 2529 re-

1857 2559 2229 2615 muneratione
2273 2576 2394 2615 cum
2441 2560 2692 2628 Christo,
2750 2578 2869 2634 quae
2907 2564 3153 2619 similiter
3196 2565 3452 2636 praedicta

1856 2659 2079 2707 ventura
2128 2661 2266 2708 sunt.
2323 2652 2430 2709 Cur
2481 2671 2608 2727 ergo
2651 2671 2738 2712 res
2785 2658 2984 2726 primas
3030 2668 3085 2713 et
3132 2660 3450 2713 novissimas

1855 2759 1986 2814 quas
2025 2760 2132 2800 non
2161 2746 2400 2803 videmus
2443 2765 2546 2803 non
2593 2748 2908 2816 credamus,
2941 2765 3061 2804 cum
3103 2759 3264 2805 testes
3303 2760 3452 2805 utra-

1855 2853 2081 2907 rumque
2125 2854 2213 2894 res
2249 2840 2453 2894 medias
2477 2855 2610 2911 quas
2647 2841 2891 2896 videmus
2921 2841 3209 2898 habeamus
3232 2884 3248 2910 ,
3290 2850 3450 2914 atque

1855 2929 1911 2984 in
1942 2931 2264 3000 propheticis
2295 2933 2444 2988 libris
2468 2943 2520 2988 et
2539 2939 2735 3004 primas
2755 2943 2807 2990 ct
2829 2935 3030 2990 medias
3053 2944 3106 2991 et
3125 2936 3444 2992 novissimus

1855 3023 1940 3077 vel
1967 3024 2242 3079 audiamus
2283 3028 2662 3096 praenuntiatas
2686 3038 2969 3100 antequam
3010 3028 3225 3094 ﬁerent,
3257 3029 3342 3084 vel
3368 3031 3448 3084 le-

1855 3117 2085 3186 gamus?
2126 3117 2236 3171 Nisi
2283 3118 2420 3174 forte
2463 3121 2789 3176 arbitrantur
2838 3122 3079 3178 homines
3129 3121 3373 3178 inﬁdeles
3411 3137 3444 3177 a

1855 3205 2176 3262 Christianis
2203 3208 2291 3262 illa
2322 3224 2442 3264 esse
2469 3213 2770 3281 conscripta
2794 3254 2808 3279 ,
2842 3222 2899 3266 ut
2928 3213 3027 3266 ista
3053 3229 3173 3283 qua:
3195 3214 3302 3282 jam
3330 3228 3450 3267 cre-

1854 3297 2051 3353 debant
2087 3298 2260 3369 majus
2296 3300 2555 3354 baberent
2585 3301 2791 3371 pondus
2816 3303 3145 3358 auctoritatis
3167 3345 3181 3370 ,
3216 3303 3263 3358 si
3290 3311 3447 3357 antc«

1853 3406 2012 3462 quam
2041 3393 2311 3458 venirent,
2340 3401 2649 3462 putarentur
2669 3407 2788 3447 esse
2821 3393 3102 3462 promissa.

1877 3487 1880 3491 ’
1925 3482 2149 3539 CAPUT
2190 3483 2276 3539 Vl.
2315 3514 2388 3523 —
2430 3483 2483 3539 9.
2523 3483 2822 3538 Iudaeorum
2869 3484 3065 3539 codices
3091 3485 3211 3554 ﬁdei
3258 3495 3446 3539 nostra:

1859 3578 2223 3647 astipulantur.
2279 3577 2581 3632 Judworum
2613 3589 2748 3632 secta
2785 3594 2939 3650 quare
2973 3593 3074 3632 non
3119 3593 3325 3648 prorsus
3352 3577 3446 3631 de-

1857 3671 1976 3725 leta.
2032 3670 2185 3737 Quod
2236 3671 2282 3726 si
2322 3673 2690 3741 suspicantur,
2743 3671 3077 3727 inimicorum
3135 3681 3444 3728 nostrorum

1852 3763 2158 3818 Judaeorum
2189 3763 2402 3820 codices
2432 3772 2850 3835 perscrutentur.
2884 3765 2960 3819 lbi
2998 3765 3174 3836 legant
3199 3766 3298 3821 ista
3325 3782 3446 3836 qua:

1853 3856 2386 3911 commemoravimus
2407 3898 2420 3922 ,
2465 3858 2814 3926 praenuntiata
2840 3856 2906 3912 de
2940 3855 3153 3912 Christo
3196 3857 3249 3911 in
3281 3872 3444 3927 quem

1853 3945 2123 4001 credimus
2147 3989 2160 4014 ,
2195 3955 2245 4002 et
2277 3947 2516 4003 Ecclesia
2543 3964 2702 4020 quam
2730 3950 2999 4004 cernimus
3028 3949 3096 4004 ab
3120 3949 3270 4005 initio
3295 3949 3446 4006 labo-

1851 4041 1996 4095 rioso
2014 4041 2134 4096 ﬁdei
2157 4045 2176 4074 ²
2201 4059 2365 4112 usque
2386 4045 2450 4099 ad
2469 4047 2846 4129 sempiternam
2869 4046 3249 4101 beatitudinem
3269 4047 3443 4115 regni.

1805 4187 1819 4198 ,
1851 4130 1958 4188 Sed
1984 4149 2104 4188 cum
2136 4134 2347 4204 legunt,
2388 4152 2494 4190 non
2523 4138 2783 4192 mirentur
2807 4137 2948 4206 quod
2974 4138 3073 4190 ista
3115 4136 3192 4190 illi
3215 4151 3445 4207 quorum

1851 4223 2065 4279 codices
2092 4233 2246 4290 sunt,
2280 4235 2496 4296 propter
2523 4227 2921 4282 inimicitiarum
2956 4228 3202 4282 tenebras
3227 4242 3334 4282 non
3361 4227 3445 4281 in-

1851 4317 2113 4387 telligunt.
2157 4317 2289 4372 Nam
2331 4333 2424 4373 eos
2450 4335 2558 4375 non
2600 4320 2966 4375 intellecturos
2990 4320 3056 4374 ab
3080 4320 3279 4375 eisdem
3307 4321 3445 4376 Pro-

1849 4409 2026 4480 phctis
2073 4419 2197 4463 ante
2239 4409 2547 4478 pra-dictum
2595 4421 2677 4465 est
2711 4429 2722 4464 :
2756 4411 2898 4480 quod
2930 4419 2985 4464 ut
3013 4418 3204 4464 caetera
3229 4420 3446 4480 oporte-

1848 4503 1939 4557 bat
1984 4502 2191 4572 impleri
2219 4544 2232 4567 ,
2265 4511 2320 4557 et
2348 4503 2560 4557 occulto
2594 4502 2846 4572 justeque
2886 4502 3088 4574 judicio
3114 4503 3211 4562 Dei
3237 4504 3444 4559 meritis

1848 4610 2033 4664 eorum
2067 4610 2277 4666 poenam
2309 4595 2540 4650 debitam
2568 4594 2741 4650 reddi.
2775 4595 2870 4650 Ille
2899 4596 3093 4666 quippe
3122 4612 3282 4667 quem
3314 4612 3442 4651 cru-

1847 4687 2150 4754 cilixcrunt,
2182 4697 2234 4742 et
2259 4687 2344 4742 cui
2386 4686 2454 4741 fel
2480 4695 2532 4742 et
2557 4696 2766 4743 acetum
2791 4687 3086 4756 dederunt,
3119 4688 3360 4760 quamvis
3387 4689 3444 4746 in

1848 4778 1992 4849 ligno
2023 4779 2262 4848 pendens
2282 4821 2297 4847 ,
2345 4789 2562 4850 propter
2590 4795 2684 4835 eos
2719 4795 2854 4850 quos
2892 4779 3062 4835 fuerat
3090 4781 3142 4835 in
3169 4783 3341 4836 lucem
3374 4781 3444 4836 de

1850 4872 2084 4926 tenebris
2111 4872 2398 4927 educturus
2419 4913 2435 4939 ,
2491 4872 2684 4928 dixerit
2722 4871 2901 4938 Patri,
2929 4870 3145 4942 Ignosce
3168 4873 3290 4938 illis,
3323 4875 3443 4944 quia

1848 4961 2074 5014 nesciunt
2101 4962 2222 5032 quid
2250 4963 2446 5032 faciunt
2474 4962 2626 5034 (Luc.
2661 4979 2794 5018 χχιιι
2816 5004 2830 5029 ,
2859 4963 2949 5034 54)
2975 4980 2989 5028 ;
3021 4971 3200 5019 tamen
3225 4974 3443 5036 propter

1848 5061 2094 5120 cmtcros,
2136 5067 2272 5122 quos
2297 5053 2677 5110 occultioribus
2706 5053 2882 5111 causis
2907 5053 3081 5110 fuerat
3107 5055 3442 5126 deserturos,
3512 5045 3516 5073 ί

1848 5159 1944 5214 per
1971 5145 2283 5214 prophetam
2309 5154 2456 5200 tanto
2471 5157 2595 5201 ante
2617 5145 2883 5216 praedixit,
2924 5145 3185 5202 Dederunt
3209 5148 3261 5202 in
3277 5165 3442 5203 escam
3507 5212 3512 5217 τ

1849 5254 2011 5291 meam
2058 5238 2162 5308 fel,
2213 5248 2258 5291 et
2305 5238 2358 5292 in
2399 5238 2481 5292 siti
2522 5255 2632 5292 mea
2679 5248 2972 5309 potaverunt
3019 5257 3098 5295 me
3139 5250 3279 5296 aceto
3307 5256 3326 5295 .'
3349 5241 3443 5310 ﬁat

1848 5346 2016 5384 mensa
2041 5345 2216 5383 eorum
2242 5346 2413 5383 coram
2439 5330 2564 5400 ipsis
2589 5331 2642 5384 in
2664 5332 3000 5402 muscipulam
3019 5374 3031 5398 ,
3063 5343 3111 5387 et
3138 5334 3190 5387 in
3221 5333 3441 5387 retribu-
3509 5365 3514 5369 -

1850 5421 2034 5474 tionem
2064 5430 2110 5474 et
2138 5422 2191 5474 in
2221 5421 2557 5488 scandalum;
2598 5422 2926 5478 obscurentur
2967 5425 3102 5479 oculi
3139 5442 3346 5491 eorum,
3379 5442 3442 5480 no

1848 5514 2066 5579 videant,
2099 5525 2145 5568 et
2172 5514 2377 5568 dorsum
2397 5516 2812 5587 illorumsemper
2830 5518 3039 5571 incurva
3060 5516 3228 5590 (Psal.
3254 5532 3436 5581 vaut,
3507 5531 3515 5547 '-

1851 5609 2066 5679 22-24).
2097 5607 2229 5666 Cum
2256 5624 2430 5665 causa:
2465 5610 2640 5681 itaque
2669 5620 2866 5667 nostrae
2905 5607 3330 5680 praeclarissimis
3360 5614 3441 5661 te-

1916 5793 1932 5823 ι
1958 5795 2085 5848 Mss,
2118 5799 2228 5852 qua:
2245 5801 2369 5852 nunc
2385 5793 2577 5852 possunt
2599 5785 2773 5852 sideri,
2791 5785 2951 5838 omnia
2973 5799 3098 5845 cum,
3123 5793 3218 5838 etc.

1915 5855 1935 5921 ξ
1955 5860 2064 5921 pass.
2091 5848 2298 5921 Vaticani
2319 5848 2772 5921 et.'Gal.lican.t'_,_/i_dei
2791 5863 2932 5915 quam
2950 5856 3182 5906 amemus.
3200 5855 3256 5903 Et
3277 5860 3343 5903 ex
3364 5848 3447 5902 his

1852 5913 2062 5979 quidam,
2087 5909 2148 5964 ab
2168 5909 2304 5966 initio
2320 5909 2713 5978 laborioswﬁdei.
2803 5909 2812 5915 ’
2995 5975 3004 5981 ,
