3942 6416
607 565 873 632 ἑὶίηιοηίἱε
908 563 1325 645 circumquaque
1363 563 1638 628 ambulant
1664 571 1830 630 oculis
1871 573 2190 642 obscuratis,

608 677 664 724 ut
688 682 901 740 pereas
925 665 1040 724 haec
1075 667 1368 740 probentur
1391 709 1406 736 ,
1453 666 1543 723 ubi
1583 675 1638 723 et
1675 667 1773 738 ipsi
1819 667 2188 739 reprobantur.

601 756 732 815 Ideo
757 755 956 816 factum
983 769 1066 816 est
1085 801 1101 827 ,
1151 776 1219 816 ne
1248 761 1325 816 sic
1351 759 1659 818 delerentur
1679 803 1694 827 ,
1747 771 1805 817 ut
1832 761 2020 817 eadem
2046 771 2192 819 secta

608 850 830 906 eninino
868 850 1010 906 nulla
1041 859 1183 908 esset
1213 851 1230 884 ί
1258 867 1273 918 ;
1309 852 1403 907 sed
1431 851 1671 924 dispersa
1698 862 1780 909 est
1809 869 1970 924 super
1999 863 2188 922 terras,

609 951 666 996 ut
693 951 914 1012 portans
959 944 1014 999 in
1053 959 1151 1001 nos
1177 945 1386 1000 eollatm
1411 946 1597 1016 gratia:
1627 946 1932 1016 prophetias
1961 946 2028 1002 ad
2065 962 2193 1002 con-

527 1072 532 1078 .
607 1036 893 1110 rincendos
933 1039 1136 1094 ﬁrmius
1174 1038 1436 1106 infideles,
1469 1039 1622 1095 nobis
1653 1039 1846 1110 ubique
1891 1041 2190 1113 prodesset.

603 1123 673 1182 Et
713 1126 815 1184 hoc
859 1129 1032 1200 ipsum
1079 1129 1223 1202 quod
1267 1130 1426 1201 dico,
1476 1132 1700 1202 accipite
1741 1133 2190 1204 quemadmodum

602 1219 762 1278 fuerit
808 1222 1179 1294 prophetatum
1221 1245 1235 1281 :
1277 1224 1358 1281 Ne
1411 1226 1652 1282 occideris
1701 1243 1816 1294 eos,
1869 1227 2076 1298 inquit,
2129 1244 2194 1282 ne

606 1314 805 1383 quando
844 1316 1200 1373 obliviscantur
1229 1319 1388 1389 legem
1428 1329 1600 1388 tuam;
1635 1317 1868 1392 disperge
1895 1337 1978 1376 eos
2004 1321 2057 1375 in
2083 1320 2190 1376 vir-

601 1415 704 1458 tute
729 1415 816 1460 tua
844 1405 1014 1480 (Psal.
1042 1425 1172 1464 Lvm
1195 1450 1209 1475 ,
1240 1409 1350 1483 η).
1377 1409 1494 1466 Νοη
1521 1420 1644 1466 sunt
1667 1425 1797 1482 ergo
1825 1411 2010 1480 occisi,
2043 1413 2095 1466 in
2125 1427 2192 1468 eo

599 1497 743 1567 quod
772 1511 1031 1562 nomsunt
1057 1518 1176 1574 qua:
1201 1503 1338 1573 apud
1366 1518 1458 1560 eos
1489 1504 1799 1576 legebantur
1826 1515 1881 1561 et
1903 1505 2192 1563 audieban-

601 1599 690 1645 tur
724 1591 896 1647 obliti.
933 1593 991 1650 Si
1034 1595 1176 1650 enim
1218 1594 1518 1665 Scripturas
1543 1605 1754 1652 sanctas
1777 1639 1792 1666 ,
1833 1599 2074 1670 quamvis
2099 1613 2191 1654 eas

595 1693 709 1736 non
736 1682 1067 1756 intelligant,
1099 1687 1309 1756 penitus
1335 1687 1778 1744 obliviscerentur
1799 1732 1812 1757 ,
1849 1691 1902 1745 in
1943 1691 2061 1762 ipso
2091 1691 2188 1748 Ju-

597 1769 752 1829 daico
791 1776 896 1831 ritu
921 1777 1329 1848 occiderentur;
1377 1776 1500 1851 quia
1532 1797 1656 1837 cum
1683 1783 1838 1855 Legis
1865 1795 1920 1840 et
1947 1785 2189 1856 Prophe-

598 1874 774 1921 tarum
822 1866 955 1924 nihil
999 1879 1220 1926 nossent
1263 1871 1432 1927 Judtei
1458 1915 1472 1940 ,
1526 1873 1779 1946 prodesse
1806 1891 1910 1930 non
1947 1888 2188 1948 possent.

596 1956 742 2029 Ergo
766 1959 927 2015 occisi
968 1975 1075 2016 non
1113 1972 1272 2031 sunt,
1327 1964 1420 2020 sed
1463 1965 1693 2036 dispersi
1726 1987 1738 2022 :
1768 1977 1824 2022 ut
1865 1970 2107 2039 quamvis
2136 1969 2190 2024 in

596 2051 707 2109 iide
737 2053 781 2120 ²,
810 2055 950 2112 unde
973 2056 1104 2113 salvi
1133 2058 1345 2126 ﬁerent,
1377 2076 1482 2115 non
1506 2061 1799 2129 haberent;
1830 2069 2009 2119 tamen
2051 2065 2193 2122 unde

601 2162 703 2203 nos
752 2148 1168 2219 adjuvaremur,
1217 2153 1476 2208 memoria
1530 2154 1864 2222 retinerent,
1915 2157 1968 2212 in
2016 2156 2193 2214 Libris

597 2238 978 2311 suifragatores
1001 2285 1016 2310 ,
1055 2242 1110 2299 in
1136 2244 1390 2302 cordibus
1419 2247 1589 2303 nostri
1632 2247 1816 2307 hostes
1839 2289 1857 2318 ,
1898 2249 1952 2305 in
1988 2251 2190 2307 codici-

591 2331 699 2388 bus
723 2340 908 2390 testes.

668 2425 894 2482 CAP-UT
917 2426 1032 2484 VII.
1049 2430 1219 2486 ~10.
1238 2429 1414 2486 Totius
1433 2433 1607 2489 mundi
1623 2435 1750 2502 ﬁdes
1765 2437 1818 2490 in
1834 2435 2087 2492 Christum
2104 2439 2192 2493 mi-

499 2507 509 2517 ”
594 2514 823 2570 rabiliter
833 2518 1119 2577 conciliata.
1144 2520 1456 2592 Quanquam
1470 2523 1630 2579 etiam
1651 2526 1694 2580 si
1717 2526 1783 2582 de
1795 2526 2007 2584 Christo
2019 2538 2072 2585 et
2089 2530 2192 2587 Ec-

595 2607 756 2667 clesia
777 2609 1078 2665 testimonia
1093 2613 1234 2667 nulla
1254 2616 1643 2686 prtecedereut,
1663 2633 1820 2688 quem
1847 2636 1953 2676 non
1974 2636 2192 2681 movere

595 2695 820 2755 deberet
844 2708 902 2755 ut
920 2701 1185 2771 crederet,
1203 2716 1423 2775 repente
1445 2708 1682 2766 illuxisse
1701 2709 1932 2767 divinam
1958 2713 2191 2771 humano

595 2790 782 2862 generi
819 2792 1137 2866 claritatem,
1165 2797 1378 2869 quando
1399 2800 1638 2858 videmus
1664 2803 1860 2861 relictis
1886 2805 1990 2864 diis
2020 2807 2186 2878 falsis,

595 2891 654 2938 et
677 2898 861 2939 eorum
885 2885 1174 2945 eonfractis
1221 2905 1600 2965 usquequaque
1625 2896 1946 2968 simulacris,
1977 2901 2191 2971 templis

595 2974 901 3045 subversis,
943 2979 1057 3035 sive
1085 2979 1138 3036 in
1179 2998 1308 3038 usus
1349 2985 1485 3043 alios
1523 2991 1897 3056 commutatis,
1942 3001 2100 3063 atque
2123 2993 2192 3049 ab

594 3064 828 3123 humana
859 3073 1291 3130 vetcrnosissima
1317 3080 1701 3137 consuetudine
1725 3091 1804 3138 tot
1828 3083 1981 3140 vanis
1999 3086 2190 3146 ritibus

595 3159 924 3232 exstirpatis,
950 3181 1116 3220 unum
1137 3183 1324 3224 verum
1353 3169 1518 3226 Deum
1547 3171 1616 3228 ab
1637 3174 1886 3232 omnibus
1916 3177 2192 3237 invocari?

594 3250 665 3306 Et
693 3251 794 3308 hoc
821 3268 942 3312 esse
965 3255 1161 3314 factum
1185 3275 1282 3331 per
1305 3278 1465 3318 unum
1497 3264 1767 3322 hominem
1790 3269 1858 3324 ab
1886 3268 2191 3329 hominibus

593 3343 834 3415 illusum,
857 3350 1326 3421 comprehensum,
1356 3355 1610 3424 vinctum,
1637 3357 1979 3431 ﬁagellatum,
2008 3365 2190 3435 expal-

594 3445 798 3494 matum
828 3439 869 3508 ³,
902 3442 1304 3513 exprobratum,
1329 3448 1663 3516 cruciﬁxum,
1697 3453 1934 3508 occisum
1970 3471 1983 3508 :
2015 3455 2180 3511 disci-

592 3528 734 3598 pulis
758 3527 895 3602 ejus,
936 3548 1072 3603 quos
1096 3536 1288 3593 idiotas
1312 3580 1327 3605 ,
1359 3549 1415 3594 et
1456 3541 1764 3610 imperitos,
1790 3554 1844 3597 ct
1873 3545 2186 3613 piscatores,

594 3629 653 3675 et
679 3621 987 3691 publicanos
1009 3668 1026 3696 ,
1075 3644 1171 3698 per
1196 3645 1330 3700 quos
1359 3631 1474 3701 ejus
1517 3633 1880 3704 magisterium
1907 3652 2185 3696 commen-

594 3709 846 3781 daretur,
886 3715 1088 3787 elegit,
1118 3722 1552 3780 annuntiantibus
1576 3725 1691 3796 ejus
1717 3729 2184 3802 resurrectionem,

591 3803 962 3860 ascensionem
987 3849 1001 3874 ,
1045 3823 1204 3878 quam
1235 3826 1294 3866 se
1325 3811 1520 3870 vidisse
1560 3815 1842 3888 dixerunt,
1887 3829 1942 3876 et
1981 3821 2186 3894 impleti

593 3893 792 3967 Spiritu
814 3907 1016 3966 sancto,
1039 3900 1139 3956 hoc
1164 3901 1510 3974 Evangelium
1540 3908 1733 3980 linguis
1759 3913 2026 3985 omnibus,
2051 3893 2186 3988 quas

587 3984 701 4042 nan
731 3987 1043 4058 didicerant,
1076 4005 1390 4051 sonuerunt.
1422 3997 1567 4064 Quos
1591 4003 1679 4070 qui
1710 3984 2026 4075 audierunt,
2056 3984 2183 4079 par-

592 4077 690 4132 tim
716 4078 1079 4150 erediderunt,
1109 4085 1301 4154 partim
1330 4103 1435 4143 non
1462 4091 1741 4149 credentes
1769 4077 2184 4165 prtedicantibus

590 4169 845 4226 ferociter
886 4174 1218 4231 restiterunt.
1264 4177 1338 4234 [ta
1378 4179 1622 4239 ﬁdelibus
1651 4200 1820 4258 usque
1849 4189 1914 4245 ad
1951 4201 2183 4251 mortem

591 4275 691 4332 pro
722 4263 943 4321 veritate
963 4307 976 4332 ,
1007 4283 1111 4323 non
1139 4270 1275 4325 mala
1297 4271 1642 4343 rependendo
1665 4319 1678 4343 ,
1709 4279 1805 4335 sed
1835 4286 2184 4354 perpetiendo

592 4355 949 4428 certantibus,
993 4377 1092 4417 nec
1117 4363 1412 4422 occidendo
1435 4409 1450 4436 ,
1484 4368 1579 4424 sed
1601 4373 1883 4431 moriendo
1917 4378 2182 4436 vincenti-

589 4444 731 4514 bus;
772 4447 850 4506 sic
894 4451 946 4506 in
988 4453 1143 4510 istam
1175 4455 1492 4528 religionem
1529 4471 1762 4520 mutatus
1805 4475 1886 4522 est
1929 4471 2180 4542 mundus,

589 4539 669 4597 sic
701 4539 768 4596 ad
810 4541 912 4598 hoc
954 4543 1302 4618 Evangelium
1345 4551 1507 4608 corda
1551 4568 1810 4612 conversa
1851 4539 2178 4633 mortalium,

589 4631 820 4685 marium
841 4643 895 4686 et
916 4633 1231 4694 feminarum
1249 4682 1263 4707 ,
1297 4643 1640 4711 parvulorum
1665 4654 1824 4718 atque
1844 4665 2180 4723 magnorum,

590 4720 870 4778 doctorum
897 4734 950 4781 et
978 4727 1309 4787 indoctorum
1330 4775 1344 4799 ,
1374 4737 1690 4805 sapientium
1716 4749 1771 4795 et
1795 4720 2179 4815 insipientium,

589 4815 889 4882 potentium
920 4827 974 4872 et
997 4819 1349 4893 inﬁrmorum,
1379 4825 1635 4884 nobilium
1655 4839 1709 4885 et
1731 4831 2060 4902 ignobilium,
2091 4852 2184 4892 cx-

589 4904 858 4963 celsorum
883 4918 936 4965 et
959 4909 1235 4971 humilium
1255 4958 1271 4986 ,
1313 4926 1368 4974 et
1397 4935 1492 4991 per
1519 4936 1705 4979 omnes
1727 4932 1917 4995 gentes
1941 4924 2181 4986 Ecclesia

589 5057 773 5174 ego
793 5063 1010 5124 potiores
1026 5073 1132 5120 Mss.
1158 5076 1216 5123 At
1233 5071 1372 5138 editi,
1395 5081 1450 5129 ut
1469 5078 1640 5132 eadem
1673 5082 1803 5145 facta
1836 5087 2027 5142 mmtino
2043 5092 2179 5146 nulla

653 5160 856 5262 ἵᾷξίέεέκ
877 5175 1142 5262 limatius,
1165 5201 1218 5248 ut
1246 5201 1460 5262 qumvis

849 5241 1273 5338 ξξερρζίξᾴξξξιξᾼῖ
1281 5241 1803 5335 ἶέἐῖξηεῶἷᾶίῖἶαωηυ
1823 5275 1953 5338 quod
1970 5279 2177 5334 verbum

587 5305 831 5363 familiare
848 5321 925 5364 est
940 5305 1226 5381 Augustino.

1055 453 1146 512 nr:
1183 452 1339 512 FIDE
1375 451 1621 513 RERUM
1655 453 1822 524 Qum
1859 455 1995 514 NON
2033 441 2399 526 VIDENTUB,
2440 456 2495 515 s.
2538 457 2904 518 AUGUSTINI
2947 462 3151 522 LIBER
3185 445 3390 526 unus.
3746 455 3837 539 isti

2300 572 2490 629 ditiusa
2531 573 2608 630 sic
2644 575 2841 642 crevit,
2874 586 2931 632 ut
2956 578 3116 634 etiam
3147 589 3333 636 contra
3374 581 3539 653 ipsam
3565 585 3836 651 catholicam

2301 664 2461 720 ﬁdem
2489 666 2634 722 nulla
2681 676 2824 723 secta
2854 684 3103 740 perversa
3124 713 3139 739 ,
3179 671 3380 728 nullum
3417 690 3578 745 genus
3609 679 3832 743 exoriatut

2300 756 2523 823 erroris,
2549 757 2690 828 quod
2719 759 2787 813 ita
2815 761 3117 830 reperiatur
3137 763 3439 819 christiana:
3463 771 3662 826 veritati
3681 773 3836 831 adver-

2299 849 2445 913 sari,
2493 857 2551 905 ut
2595 866 2700 904 non
2745 850 2956 908 aﬁ‘eetet
2996 863 3156 926 atque
3194 857 3393 912 ambiat
3433 859 3621 916 Christi
3659 871 3838 928 nomine

2300 940 2518 1011 gloriari
2555 957 2568 996 :
2599 941 2740 1012 quod
2780 944 2996 1014 quidem
3045 962 3149 1001 non
3190 947 3454 1004 sineretur
3501 953 3738 1022 pullulare
3769 975 3841 1029 per

2302 1039 2518 1098 terram,
2551 1033 2652 1089 nisi
2684 1045 2961 1091 exerceret
2982 1051 3166 1093 sanam
3193 1047 3245 1094 et
3277 1039 3388 1111 ipsa
3414 1045 3741 1103 contradictio
3779 1051 3840 1105 tli-

2300 1122 2600 1192 sciplinam.
2640 1125 2864 1194 Quando
2890 1135 3092 1182 tantum
3138 1130 3425 1187 cruciﬁxus
3470 1133 3560 1189 ille
3600 1139 3837 1206 potuisset,

2302 1213 2405 1268 nisi
2449 1214 2588 1270 Deus
2639 1215 2911 1274 hominem
2959 1220 3319 1291 suscepisset,
3367 1224 3574 1280 etiamsi
3619 1228 3745 1284 nulla
3771 1246 3841 1300 per

2299 1305 2596 1378 PrOphetas
2644 1308 2816 1366 futura
2865 1312 2986 1367 talia
3034 1313 3406 1383 praedixisset?
3450 1317 3581 1375 Cum
3617 1337 3735 1378 vero
3759 1332 3840 1379 tam

2300 1415 2552 1472 magnum
2579 1403 2790 1473 pietatis
2811 1415 3203 1463 sacramentum
3244 1408 3489 1466 habuerit
3513 1415 3840 1473 antecedentes

2299 1504 2450 1552 vates
2475 1512 2601 1553 suos
2631 1499 2646 1530 ί
2675 1506 2835 1569 atque
2854 1513 3132 1570 praecones
3151 1544 3164 1568 ,
3198 1517 3428 1572 quorum
3457 1505 3642 1562 divinis
3663 1509 3841 1566 vocibus

2301 1595 2387 1642 est
2413 1589 2821 1656 praenuntiatum
2847 1633 2862 1657 ,
2894 1598 2950 1646 et
2986 1591 3064 1647 sic
3094 1593 3301 1649 venerit
3329 1596 3756 1666 quemadmodum
3779 1610 3842 1657 cst

2298 1682 2735 1749 praenuntiatum,
2767 1683 2884 1752 quis
2914 1684 2982 1739 ita
3012 1684 3076 1740 sit
3113 1685 3334 1743 demens
3355 1728 3369 1757 ,
3397 1697 3455 1744 ut
3490 1689 3625 1747 dicat
3652 1694 3842 1764 Aposto-

2299 1771 2382 1827 los
2408 1773 2475 1829 de
2495 1775 2707 1830 Christo
2734 1775 2896 1832 fuisse
2920 1779 3192 1846 mentitos,
3218 1795 3378 1851 quem
3409 1783 3486 1839 sic
3511 1783 3709 1840 venisse
3732 1801 3840 1858 prac-

2299 1862 2642 1934 dicavcrunt,
2673 1869 3121 1937 quemadmodum
3154 1886 3276 1928 eum
3307 1883 3586 1930 venturum
3608 1876 3844 1948 Propheta

2298 1965 2425 2011 ante
2472 1958 2867 2026 praedixerunt,
2921 1963 3011 2033 qui
3057 1979 3154 2020 nec
3182 1965 3249 2021 de
3294 1967 3423 2037 ipsis
3454 1968 3712 2040 Apostolis
3749 1987 3843 2027 vera

2297 2045 2473 2102 t‘utura
2502 2051 2823 2105 tacuerunt?
2861 2051 2938 2108 De
2971 2053 3054 2109 his
3079 2057 3275 2127 quippe
3302 2058 3549 2116 dixerant
3581 2079 3594 2117 :
3627 2061 3739 2117 Non
3756 2068 3845 2117 sunt

2299 2139 2511 2210 loquelw
2536 2157 2694 2211 neque
2726 2159 3013 2212 sermones,
3058 2165 3274 2218 quorum
3314 2169 3414 2207 non
3452 2154 3718 2210 audiantur
3740 2173 3845 2210 τοίας

2299 2246 2473 2285 eorum
2491 2251 2510 2299 ;
2529 2234 2582 2287 in
2609 2251 2805 2290 omnem
2832 2245 3017 2292 terram
3044 2242 3196 2296 exivit
3216 2259 3372 2299 sonus
3397 2262 3590 2314 eorum,
3614 2260 3657 2303 et
3683 2249 3729 2302 in
3751 2249 3846 2318 ﬁnes

2298 2323 2432 2378 orbis
2454 2333 2601 2380 terra
2627 2328 2775 2382 verba
2799 2346 2970 2386 eorum
2998 2331 3168 2403 (Psal.
3186 2351 3336 2402 xvnt,
3355 2339 3540 2409 4915).
3570 2339 3713 2408 Quod
3736 2349 3846 2397 certe

2297 2412 2353 2468 in
2388 2414 2518 2470 orbe
2567 2417 2807 2474 videmus
2848 2421 3160 2491 impletum,
3210 2427 3309 2481 etsi
3351 2428 3406 2484 in
3450 2445 3609 2487 carne
3651 2432 3843 2487 nondum

2298 2507 2527 2564 vidimus
2553 2509 2846 2567 Christum.
2879 2515 3008 2583 Quis
3035 2505 3212 2588 itaque
3237 2519 3341 2575 nisi
3369 2522 3598 2578 mirabili
3627 2523 3846 2580 dementia

2297 2610 2526 2656 emeatus
2550 2642 2564 2667 ,
2613 2610 2706 2657 aut
2751 2603 2980 2661 mirabili
3021 2607 3312 2676 pertinacia
3360 2611 3527 2669 durus
3561 2629 3622 2669 ac
3663 2615 3846 2681 l’erreus,

2298 2691 2431 2747 nolit
2455 2691 2653 2750 habere
2695 2699 2862 2753 sacris
2905 2697 3125 2757 Litteris
3154 2701 3315 2758 ﬁdem
3343 2744 3358 2770 ,
3402 2721 3522 2777 quae
3551 2708 3704 2765 totius
3733 2706 3846 2765 orbis

2300 2785 2669 2854 praedixerunt
2697 2787 2896 2845 ﬁdem?

2370 2875 2594 2934 CAPUT
2612 2877 2746 2934 VIII.
2763 2910 2836 2922 —
2861 2881 2947 2937 Η.
2970 2883 3050 2936 Ad
3072 2883 3192 2954 ﬁdei
3208 2886 3516 2944 immobilem
3532 2889 3849 2945 obseruantiam

2297 2967 2599 3023 cohortatio.
2630 2969 2738 3026 Vos
2757 2980 2957 3041 autem,
2982 2974 3303 3043 charissimi,
3335 2980 3427 3051 qui
3451 2980 3589 3038 hanc
3614 2981 3757 3037 ﬁdem
3781 2980 3848 3035 ha-

2297 3058 2457 3128 betis,
2475 3063 2558 3118 vel
2578 3064 2668 3134 qui
2685 3081 3026 3122 nuncnovam
3051 3069 3247 3126 habere
3267 3074 3531 3145 cmpistis,
3554 3076 3794 3132 nutriatur
3810 3080 3850 3129 et

2299 3159 2506 3207 crescat
2525 3152 2580 3208 in
2601 3154 2771 3212 vobis.
2800 3156 2948 3213 Sicut
2972 3160 3114 3215 enim
3137 3174 3400 3221 venerunt
3419 3167 3720 3238 temporalia
3738 3174 3850 3222 tanto

2298 3255 2422 3299 ante
2447 3244 2698 3315 prmdicta
2715 3250 2758 3315 ’,
2790 3251 3004 3306 venient
3031 3263 3085 3308 et
3113 3256 3438 3327 sempiterna
3465 3261 3735 3330 promissa.
3765 3257 3850 3314 Nec

2297 3349 2392 3390 vos
2423 3336 2689 3407 decipiant
2725 3341 2813 3396 vel
2851 3343 2972 3397 vani
3001 3344 3231 3417 Pagaui,
3273 3350 3363 3406 vel
3409 3351 3527 3409 falsi
3570 3352 3761 3417 Judtei,
3786 3349 3848 3406 vel

2296 3425 2508 3482 fallaces
2534 3425 2787 3496 hmretici,
2816 3448 2916 3487 nec
2936 3450 3042 3490 non
3065 3437 3117 3491 in
3148 3439 3262 3509 ipsa
3287 3439 3561 3499 Catholica
3583 3443 3700 3499 mali
3726 3441 3850 3499 Chri-

2295 3517 2483 3583 stiani,
2515 3527 2660 3575 tanto
2685 3524 3021 3581 nocentiores
3051 3570 3065 3596 ,
3099 3541 3297 3600 quanto
3340 3533 3626 3592 interiores
3667 3533 3848 3590 inimici.

2295 3609 2432 3676 Quia
2476 3619 2532 3667 et
2575 3610 2698 3668 hinc
2736 3630 2806 3672 ne
2848 3619 3289 3688 perturbarentur
3334 3626 3566 3698 inﬁrmi,
3614 3627 3848 3700 prophetia

2293 3698 2472 3756 divina
2500 3718 2609 3758 non
2639 3707 2834 3774 tacuit,
2866 3709 2953 3764 ubi
2981 3701 3206 3782 loquens
3228 3715 3279 3770 in
3306 3715 3529 3774 Cantica
3563 3698 3846 3776 canticorum

2293 3805 2523 3862 sponsus
2551 3795 2618 3852 ad
2659 3812 2908 3867 sponsam
2934 3842 2949 3869 ,
3000 3803 3052 3858 id
3096 3816 3210 3870 est,
3255 3807 3502 3866 Christus
3541 3812 3781 3868 Dominus
3798 3807 3848 3865 ad

2292 3883 2588 3943 Ecclesium
2618 3907 2633 3943 :
2667 3889 2810 3944 Sicut
2839 3892 3035 3962 lilium,
3067 3897 3269 3966 inquit,
3301 3899 3354 3953 in
3380 3903 3549 3958 medio
3595 3906 3844 3976 spinarum,

2290 3975 2365 4030 ita
2398 3979 2631 4047 proxima
2670 3997 2781 4034 mea
2805 3983 2858 4036 in
2888 3984 3050 4038 medio
3073 3987 3299 4054 ﬁliarum
3340 3991 3514 4061 (Cant.
3544 4011 3581 4050 lt
3607 3975 3721 4070 ,2).
3757 3993 3847 4050 Non

2291 4069 2456 4138 dixit,
2489 4073 2542 4127 in
2569 4073 2746 4130 medio
2767 4083 3176 4149 extranearum;
3211 4084 3326 4152 sed,
3359 4085 3412 4140 in
3436 4091 3603 4145 medio
3633 4069 3843 4160 ﬁliarum.

2293 4164 2396 4231 Qui
2442 4165 2589 4221 habet
2633 4184 2782 4224 aures
2828 4170 3103 4242 audiendi,
3160 4178 3384 4236 audiat:
3413 4189 3467 4257 et
3518 4183 3642 4239 dum
3687 4195 3845 4254 sagena

2290 4273 2409 4328 quae
2435 4258 2599 4315 missa
2627 4271 2711 4316 est
2740 4262 2794 4317 in
2823 4279 2970 4321 mare
2990 4307 3004 4332 ,
3045 4278 3098 4322 et
3138 4282 3430 4344 congregat
3475 4277 3651 4333 omnia
3686 4287 3844 4349 genera

2290 4351 2517 4424 piscium
2542 4396 2558 4423 ,
2603 4356 2738 4411 sicut
2775 4369 3015 4416 sanctum
3045 4362 3280 4433 loquitur
3306 4367 3650 4442 Evangelium
3672 4413 3685 4437 ,
3715 4366 3846 4426 trabiv

2291 4454 2379 4502 tur
2406 4447 2473 4503 ad
2513 4449 2659 4506 littus
2679 4492 2694 4518 ,
2724 4451 2776 4506 id
2812 4463 2926 4521 est,
2965 4455 3032 4510 ad
3055 4460 3235 4516 saeculi
3272 4461 3434 4518 ﬁnem
3457 4508 3472 4533 ,
3501 4474 3736 4522 secernat
3755 4475 3844 4519 sea

2292 4539 2528 4610 piscibus
2569 4543 2759 4610 malis,
2801 4546 2996 4615 corde,
3049 4565 3156 4607 non
3190 4567 3457 4626 corpore;
3499 4575 3672 4616 mores
3706 4556 3846 4614 malos

2291 4631 2574 4699 mutando,
2622 4648 2728 4689 non
2775 4636 2908 4692 retia
2949 4649 3130 4696 sancta
3157 4648 3503 4716 rumpenda:
3535 4666 3602 4706 ne
3626 4649 3711 4722 qui
3733 4659 3846 4704 nunc

2293 4721 2497 4790 probati
2536 4723 2776 4794 reprobis
2805 4727 3056 4786 videntur
3093 4747 3212 4790 esse
3242 4740 3532 4810 permixti,
3562 4721 3665 4798 non
3690 4741 3843 4801 vitam.

2289 4813 2383 4868 sed
2413 4828 2621 4883 pennam
2650 4817 2672 4848 ⁸
2701 4821 2969 4890 reperiant
3001 4825 3376 4897 sempiternam
3405 4875 3419 4899 ,
3469 4850 3588 4891 eum
3620 4831 3844 4907 eruperint

2289 4902 2344 4958 in
2375 4903 2552 4962 littore
2579 4911 2815 4980 separari
2838 4911 3052 4986 (Matth.
3083 4930 3180 4975 xm
3205 4961 3220 4986 ,
3247 4920 3303 4991 9,
3335 4924 3556 5000 47-50).

2559 5176 2575 5187 Α
2586 5113 2732 5187 atque
2759 5111 3007 5166 credentes
3027 5121 3157 5168 vate:
3186 5131 3313 5170 suos.
3354 5122 3657 5187 Castigantur
3686 5119 3844 5172 auxilio

2203 5180 2212 5186 κ
2283 5170 2734 5231 manuscriptortim.

2349 5227 2371 5258 ί
2394 5227 2980 5347 διεδηήιῃιοιέἕηεάὶειω
3002 5243 3197 5312 omisso,
3219 5249 3360 5296 ante.

2349 5289 2370 5322 ³
2402 5293 2619 5343 Nonnulli
2730 5299 2847 5347 iccs.
2871 5307 2924 5347 ut
2947 5315 3029 5347 am
3049 5315 3176 5347 num:
3199 5306 3360 5347 nrnhnt

2347 5289 2847 5378 ξῗίῗῗὲἓξδξρθδίθθδρ
2871 5307 2924 5350 ηε
2947 5289 3030 5378 (liti
3049 5289 3384 5378 ηὶῖᾖῖῃῖὸῖάιί
3401 5305 3618 5372 reprobis
3652 5305 3842 5359 tidentar

2279 5363 2382 5404 esse
2402 5354 2659 5420 permixti,
2683 5373 2776 5411 non
2811 5354 3029 5425 pm,
3048 5365 3133 5416 sed
3156 5354 3317 5418 vitam.

3537 5510 3548 5516 _
3560 5508 3757 5517 ...ἠ-.-
3775 5504 3806 5510 νο

637 5639 1385 5760 ἶριηῡξρςξιφῃᾶςῂξξςείςῐ
1405 5651 1712 5760 Symbolo
1739 5660 1882 5760 uide
1910 5659 2429 5760 lib.‘1,nea‘p.A17,
2467 5674 3039 5760 Retractationum,
3075 5689 3221 5744 tam.
3254 5683 3312 5760 1,
3346 5684 3467 5747 col.
3496 5681 3637 5758 612,
3667 5700 3702 5742 a
3729 5696 3840 5741 w-

586 5715 703 5795 bis,
733 5722 853 5784 Per
880 5723 1048 5788 idem
1089 5730 1368 5812 tempus,
1403 5715 1596 5818 usque
1619 5715 1707 5802 id
1729 5715 2062 5808 uerbaucol.
2622 5715 3269 5838 léﬁﬁidzﬁuéétfwiti

531 5983 581 6018 .⁶
1415 5960 1422 5962 π
1487 5961 1490 5964 .
1673 5956 1676 5958 -
1825 5951 1860 6009 η’
1902 5955 2002 6009 ¹¹¹¹¹
2057 5955 2134 6010 "ﬁ
2191 5991 2294 6013 --
2429 5992 2442 6016 ¹
3535 5965 3546 5970 ⁵
