3942 6416
470 501 569 557 sed
598 499 758 556 etiam
783 506 843 555 ut
882 498 1104 571 pulchra
1149 513 1266 557 esse
1315 498 1482 569 possit
1524 496 1781 553 attribuit.
1811 495 2052 565 Quapro-

469 602 592 663 pter
620 592 913 648 rectissime
959 575 1227 648 credimus
1249 592 1429 647 omnia
1457 590 1625 645 Deum
1661 589 1850 644 fecisse
1870 587 1936 641 de
1968 587 2054 640 ni-

469 684 581 740 hilo
614 704 628 741 :
658 687 781 756 quia
794 688 951 741 etiam
974 686 1019 741 si
1046 686 1113 741 de
1137 686 1310 756 aliqua
1336 685 1557 740 materia
1583 684 1757 740 factus
1777 690 1864 739 est
1892 696 2054 736 mun-

469 776 591 843 dus,
616 776 801 834 eadem
851 777 976 848 ipsa,
999 777 1224 833 materia
1251 776 1318 832 de
1362 775 1531 831 nihilo
1568 774 1707 830 facta
1736 781 1850 839 est,
1880 781 1940 828 ut
1966 788 2054 827 0r-

467 866 802 925 dinatissimo
832 869 928 924 Dei
970 884 1193 925 munere
1219 868 1392 940 prima
1423 869 1441 900 ¹
1463 867 1727 937 capacitas
1758 865 2051 920 formarum

466 960 642 1027 ﬁeret,
690 974 754 1015 ac
791 959 984 1016 deinde
1023 961 1382 1016 formarentur
1431 973 1778 1029 quaecumque
1829 957 2055 1013 formata

467 1061 613 1110 sunt.
646 1051 760 1108 [ioc
806 1060 983 1108 autem
1006 1052 1258 1120 diximus,
1288 1066 1356 1107 nc
1384 1051 1507 1122 quis
1533 1050 1813 1127 existimet.
1843 1058 2056 1104 contra-

464 1146 576 1202 rias
613 1142 715 1199 sibi
782 1159 902 1199 esse
945 1142 1245 1198 divinarum
1300 1142 1694 1211 Scripturarum
1739 1140 2050 1206 sententias,

466 1239 721 1309 quoniam
770 1245 823 1293 et
880 1237 1057 1292 omnia
1111 1237 1277 1291 Deum
1342 1235 1535 1291 fecisse
1587 1234 1654 1290 de
1701 1234 1869 1290 nihilo
1916 1234 2052 1288 scri-

467 1340 619 1402 ptum
667 1314 784 1399 est,
838 1330 913 1386 et
952 1328 1212 1386 mundum
1271 1342 1394 1386 esse
1450 1328 1647 1384 factum
1706 1326 1774 1383 de
1841 1325 2054 1381 informi

464 1422 711 1478 materia.

540 1516 596 1571 5.
621 1514 916 1573 Credentes
942 1516 1122 1587 itaque
1162 1516 1217 1571 in
1266 1515 1433 1571 Deum
1462 1513 1675 1570 Patrem
1712 1510 2072 1585 omnipoten;

467 1616 600 1673 tem,
656 1608 855 1663 nullam
906 1618 1206 1664 creaturam
1254 1622 1377 1663 esse
1411 1622 1532 1678 quae
1582 1607 1650 1662 ab
1692 1608 2055 1677 omnipotente

464 1718 573 1758 non
602 1711 780 1759 creata
825 1704 912 1770 sit,
975 1704 1284 1759 existimare
1308 1702 1585 1758 debemus.
1616 1700 1686 1756 Et
1712 1700 1835 1771 quia
1875 1700 2054 1756 omnia

466 1808 566 1864 per
594 1794 829 1850 Verbum
872 1796 1094 1864 creavit,
1124 1795 1267 1867 quod
1295 1794 1532 1851 Verbum
1557 1802 1612 1849 et
1634 1792 1842 1849 Veritas
1866 1793 2057 1848 dicitur

430 1884 435 1893 ’
470 1885 671 1957 (Juan.
700 1904 806 1950 xw.
841 1888 874 1942 6
905 1886 947 1960 ),
975 1896 1031 1945 et
1084 1887 1268 1944 Virtus
1310 1897 1365 1943 et
1398 1887 1668 1959 Sapientia
1715 1887 1807 1942 Dei
1833 1885 1890 1958 (Ι
1929 1886 2048 1941 Cor.

464 1991 509 2042 ι,
537 1976 609 2031 24
632 1976 673 2047 ),
700 1978 989 2048 multisque
1005 1978 1124 2033 aliis
1145 1979 1448 2033 insinuatur
1484 1977 1756 2034 vocabulis
1784 1978 1878 2047 qui
1908 1979 1929 2009 ²
1958 1993 2058 2032 no-

467 2076 597 2123 strae
635 2068 755 2123 ﬁdei
799 2069 953 2126 Jesus
980 2070 1228 2126 Christus
1257 2070 1512 2125 Dominus
1538 2069 1961 2137 commendatur,
1994 2068 2057 2123 li-

467 2160 688 2217 berator
730 2162 935 2219 scilicet
967 2172 1151 2219 noster
1199 2172 1255 2219 et
1306 2162 1517 2218 rector’
1547 2161 1716 2217 Filius
1762 2162 1895 2228 Dei;
1946 2176 2051 2216 non

465 2254 613 2309 enim
648 2254 884 2310 Verbum
931 2255 1063 2311 illud
1106 2270 1203 2327 per
1241 2255 1383 2326 quod
1425 2264 1551 2311 sunt
1591 2257 1769 2333 omnia
1822 2255 2054 2322 condita,

467 2360 726 2415 generare
778 2347 950 2418 potuit
1001 2348 1105 2404 nisi
1154 2349 1242 2405 ille
1296 2349 1384 2419 qui
1439 2355 1535 2420 per
1593 2350 1765 2420 ipsum
1820 2349 2058 2405 condidit

466 2438 671 2492 omnia.

541 2529 772 2586 CAPUT
800 2529 887 2585 ΙΙΙ.
917 2561 988 2572 --
1017 2531 1236 2588 Verbum
1254 2550 1410 2602 quare
1450 2536 1636 2590 dictum
1663 2536 1726 2591 de
1772 2536 1908 2592 Filio
1938 2537 2053 2591 Dei.

472 2621 626 2689 Quod
654 2619 875 2678 Verbum
903 2625 968 2678 sit
991 2625 1213 2697 idipsum
1237 2628 1374 2698 quod
1397 2628 1571 2684 Pater.
1596 2630 1876 2685 Credimus
1893 2632 2057 2686 etiam

473 2713 532 2769 in
559 2714 742 2771 Iesum
790 2715 1059 2772 Christum
1109 2719 1303 2775 Filium
1334 2722 1449 2787 Dei,
1479 2723 1650 2779 Patris
1700 2725 2053 2795 unigenitum,

470 2804 527 2859 id
556 2812 641 2861 est
662 2807 898 2875 unicum,
932 2809 1213 2865 Dominum
1242 2822 1503 2868 nostrum.
1535 2813 1686 2880 Quod
1720 2824 1897 2872 tamen
1928 2817 2059 2872 Ver-

472 2895 601 2951 bum
628 2912 736 2952 non
771 2898 909 2954 sicut
932 2902 1095 2981 verba
1124 2912 1306 2959 nostra
1350 2904 1605 2962 debemus
1634 2907 1901 2977 accipere,
1933 2926 2055 2981 qua:

472 3002 608 3043 voce
642 2997 802 3069 atque
829 3004 926 3046 ore
970 2980 1185 3062 prolata
1241 2994 1523 3052 verberato
1574 3013 1698 3054 acre
1754 3010 2054 3069 transeunt,

469 3095 573 3135 nec
589 3081 786 3137 diutius
806 3094 1024 3139 manent
1064 3101 1221 3155 quam
1272 3097 1482 3143 sonant.
1543 3089 1721 3145 Manet
1753 3092 1893 3146 enim
1926 3093 2059 3149 illud

468 3168 705 3227 Verbum
734 3173 1239 3233 incommutabiliter
1275 3196 1288 3232 :
1318 3194 1439 3234 nam
1467 3180 1535 3236 de
1570 3181 1685 3251 ipso
1727 3182 1921 3239 dictum
1953 3195 2056 3253 est,

470 3270 595 3319 cum
639 3264 707 3319 de
729 3264 997 3336 Sapientia
1023 3267 1308 3333 diceretur,
1340 3268 1409 3325 In
1451 3289 1505 3326 se
1528 3273 1640 3343 ipsa
1668 3291 1876 3331 manens
1905 3277 2058 3332 inno-

468 3361 555 3405 vat
574 3354 743 3408 omnia
771 3352 792 3428 (
817 3354 948 3426 Sap.
976 3373 1069 3423 vn,
1120 3358 1189 3414 27
1212 3360 1253 3430 ).
1278 3360 1513 3417 Verbum
1539 3373 1716 3420 autem
1742 3366 1914 3443 Patris
1937 3369 2060 3425 ideo

469 3441 670 3499 dictum
699 3454 801 3513 est,
845 3449 966 3519 quia
1008 3464 1102 3520 per
1134 3452 1306 3521 ipsum
1356 3454 1639 3513 innotescit
1682 3441 1859 3513 Pater.
1910 3459 2059 3516 Sicut

468 3547 599 3606 ergo
623 3537 803 3592 verbis
826 3534 1027 3595 nostris
1055 3541 1108 3596 id
1126 3544 1354 3614 agimus,
1383 3560 1502 3600 cum
1532 3562 1715 3602 verum
1766 3549 2054 3621 loquimur,

467 3632 530 3679 ut
555 3634 737 3681 noster
760 3630 970 3684 animus
997 3622 1296 3690 innotescat
1332 3636 1592 3705 audienti,
1616 3649 1671 3693 et
1698 3640 1953 3712 quidquid
1980 3658 2059 3700 sc-

469 3724 676 3772 cretum
704 3718 757 3772 in
780 3721 944 3777 corde
990 3724 1245 3793 gerimus,
1298 3741 1395 3796 per
1442 3729 1592 3799 signa
1640 3731 1947 3803 hujusmodi
1990 3738 2058 3793 ad

467 3810 827 3879 cognitionem
867 3813 1085 3869 alterius
1147 3816 1482 3887 proferatur:
1509 3821 1587 3877 sic
1632 3822 1720 3877 illa
1756 3823 2052 3898 Sapientia,

466 3917 628 3972 quam
660 3903 800 3958 Deus
826 3904 982 3960 Pater
994 3907 1195 3976 genuit,
1223 3912 1475 3978 quoniam
1513 3927 1609 3982 per
1650 3913 1819 3984 ipsam
1850 3916 2059 3975 innote-

466 3993 570 4047 scit
620 3992 791 4071 dignis
841 3995 1034 4051 animis
1077 4000 1466 4057 secretissimus
1517 4003 1677 4060 Pater
1706 4004 1749 4074 ⁸,
1806 4006 2037 4069 Verbum

467 4083 587 4151 ejus
601 4076 1104 4145 convenientissima
1133 4088 1458 4148 nominatur.
2036 4114 2039 4115 '

440 4196 447 4201 -
539 4176 593 4229 4.
625 4175 769 4230 Inter
813 4179 1049 4235 animum
1101 4191 1280 4237 autem
1320 4192 1559 4242 nostrum
1581 4195 1637 4244 et
1660 4190 1820 4247 verba
1851 4202 2053 4263 nostra,

465 4265 661 4335 quibus
689 4268 935 4325 eumdem
966 4272 1203 4328 animum
1248 4276 1533 4335 ostendere
1581 4294 1859 4351 conamur,
1892 4284 2057 4356 pluri-

366 4396 411 4431 κεν
463 4372 614 4415 mum
635 4360 813 4418 distat.
838 4362 946 4419 Nos
985 4367 1180 4438 quippe
1206 4383 1312 4425 non
1349 4370 1616 4443 gignimus
1656 4377 1897 4432 sonantia
1937 4394 2057 4435 ver-

463 4452 556 4520 ba,
598 4453 695 4508 sed
731 4455 991 4524 facimus;
1021 4460 1213 4529 quibus
1262 4461 1519 4520 faciendis
1551 4468 1776 4524 materia
1814 4469 2057 4541 subjacet

461 4561 681 4619 corpus.
717 4551 1011 4609 Plurimum
1048 4566 1226 4611 autem
1273 4557 1499 4615 interest
1532 4560 1671 4617 inter
1712 4563 1952 4619 animum
1999 4575 2056 4621 et

462 4653 679 4708 corpus.
713 4640 854 4697 Deus
882 4659 1012 4724 vero
1039 4661 1158 4701 cum
1198 4647 1433 4703 Verbum
1462 4653 1666 4721 genuit,
1714 4653 1768 4708 id
1808 4656 1951 4724 quod
1970 4666 2055 4713 est

463 4728 577 4799 ipse
602 4733 814 4801 genuit;
847 4750 1019 4806 neque
1044 4737 1111 4792 de
1130 4738 1316 4807 nihilo,
1336 4756 1508 4812 neque
1535 4742 1602 4798 de
1638 4743 1814 4816 aliqua
1842 4747 1952 4818 jam
1975 4749 2055 4806 fa-

461 4833 546 4880 cta
582 4826 901 4898 conditaque
953 4832 1211 4897 materia;
1244 4833 1337 4888 sed
1367 4833 1435 4890 de
1475 4837 1653 4907 seipso
1704 4839 1757 4894 id
1786 4841 1929 4910 quod
1972 4852 2055 4899 est

461 4918 595 4987 ipse.
623 4918 733 4977 lloc
747 4920 889 4975 enim
918 4931 971 4977 et
995 4937 1094 4978 nos
1113 4938 1389 4993 conamur,
1416 4942 1538 4982 cum
1582 4928 1870 5000 loquimur,
1897 4934 1943 4989 si
1973 4934 2053 4991 di-

460 5006 688 5078 ligenter
711 5011 1110 5070 consideremus
1150 5024 1349 5071 nostra:
1372 5018 1663 5075 voluntatis
1712 5025 2046 5094 appetitum;

460 5117 571 5159 non
597 5118 721 5159 cum
748 5107 1056 5177 mentimur,
1092 5108 1187 5166 sed
1216 5124 1339 5165 cum
1364 5126 1552 5168 verum
1590 5113 1881 5186 loquimur.
1907 5120 2046 5187 Quid

457 5197 603 5261 enim
628 5198 771 5256 aliud
794 5200 1063 5274 molimur,
1085 5202 1190 5261 nisi
1228 5204 1465 5263 animum
1492 5206 1666 5279 ipsum
1704 5219 1969 5287 nostrum,
2000 5212 2047 5270 si

520 5382 542 5450 ξ
573 5387 683 5432 Mss.
708 5389 933 5450 quatuor,
957 5387 1129 5450 primo.

518 5445 542 5513 ξ
574 5451 679 5513 μεε-
705 5445 940 5513 quinque.
957 5445 1152 5513 ηιιίιηιε-

520 5506 544 5570 ἒ
572 5510 656 5556 Ms.
681 5506 1003 5570 conseruatis,
1028 5517 1237 5562 creator.

518 5569 541 5600 ’⁸
560 5576 883 5642 βηλβῐιιρογ.
910 5569 1158 5642 inualescit
1188 5573 1728 5631 (minuissecretissimus
1746 5580 1921 5642 Patris.
1947 5589 2040 5642 Er.,

452 5628 881 5704 igutotescitsignis
916 5635 1263 5704 secretissima;
1300 5644 1462 5690 Pater.
1502 5628 1761 5704 ageses;
1795 5628 2044 5695 ementiti

453 5691 614 5756 dignis
636 5691 809 5746 annuis
831 5696 1179 5750 secretissimae
1205 5706 1363 5751 Pater.
1391 5710 1518 5752 Hanc
1534 5691 2041 5756 lectionemcsseﬁve;

450 5755 651 5826 riorcin,
676 5756 723 5805 id
747 5760 918 5826 partim
944 5764 1184 5822 j‘ei‘suasit
1206 5763 1334 5825 quod
1358 5764 1590 5826 inferius,
1618 5779 1665 5812 n.
1692 5765 1740 5820 4,
1773 5755 1970 5826 dicitur,
1991 5782 2043 5820 se

449 5814 668 5889 iudicare
900 5814 1026 5889 _eie,
1043 5814 1438 5889 partimiquodin
1460 5814 1775 5889 czcte'risals's.
1803 5814 2042 5889 postibi:

447 5874 586 5941 3mm,
613 5874 877 5947 ama-sca;
899 5874 1123 5949 habetur,
1144 5874 1272 5948 ignis
1291 5885 1438 5945 (επὶιηὶ
1451 5874 1479 5951 ;⁷
1493 5874 1597 5951 aut,
1616 5874 1949 5955 sustenta;

1463 382 1551 438 DE
1589 379 1745 438 FIDE
1784 378 1874 436 ET
1910 375 2241 446 SYMBOLO,
2282 369 2347 434 S.
2383 375 2752 437 AUGUSTINI

3634 365 3750 468 Li“

2164 492 2280 553 ﬁeri
2302 501 2496 563 potest,
2539 492 2970 567 cognoscendum
3010 501 3065 551 et
3100 492 3531 566 perspiciendum
3565 495 3747 555 animo

2161 585 2415 641 auditoris
2444 585 2641 642 inferre
2670 604 2685 644 :
2718 587 2847 642 utin
2878 585 3030 641 nobis
3050 586 3151 656 ipsi
3170 586 3384 658 quidem
3404 601 3737 658 maneamus,

2163 693 2263 733 nec
2287 679 2599 736 recedamus
2632 683 2673 749 a,
2692 680 2866 747 nobis,
2898 689 2954 736 et
2981 680 3155 735 tamen
3183 682 3287 736 tale
3331 681 3607 752 indicium,
3638 700 3747 754 quo

2165 771 2258 826 ﬁat
2277 772 2331 827 in
2377 773 2545 829 altero
2581 783 2763 830 nostra
2800 775 3007 841 notitia,
3064 775 3425 845 proferamus;
3453 784 3531 843 ut,
3561 793 3738 848 quan-

2167 872 2275 917 tum
2291 863 2512 921 facultas
2540 866 2851 922 conceditur
2873 867 2914 934 ¹,
2942 867 3092 938 quasi
3120 868 3255 923 alter
3274 869 3484 925 animus
3512 870 3581 925 ab
3623 871 3746 926 ani-

2164 970 2252 1009 mo
2279 970 2372 1024 per
2416 973 2573 1028 quem
2602 972 2659 1013 se
2704 957 2898 1014 indicet
2951 957 3292 1030 proferatur?
3320 960 3375 1016 Id
3400 960 3625 1018 facimus
3654 978 3753 1020 co-

2164 1055 2353 1102 nantes
2392 1055 2447 1104 ct
2487 1048 2665 1104 verbis
2690 1051 2734 1117 ¹,
2764 1058 2819 1106 et
2870 1050 2985 1120 ipso
3027 1066 3161 1108 sono
3190 1053 3354 1121 vocis,
3385 1062 3440 1113 et
3484 1054 3659 1124 vultu,
3690 1063 3751 1112 et

2162 1147 2316 1206 gestu
2353 1141 2616 1210 corporis,
2662 1148 2740 1196 tot
2778 1141 2983 1199 scilicet
3011 1145 3455 1203 machinamentis
3500 1147 3554 1203 id
3600 1150 3750 1220 quod

2163 1231 2306 1287 intus
2354 1242 2436 1288 est
2489 1234 2857 1292 demonstrare
2899 1237 3216 1308 cupientes:
3248 1240 3371 1310 quia
3418 1240 3522 1298 tale
3547 1241 3753 1314 aliquid

2163 1323 2403 1394 proferre
2429 1340 2535 1381 non
2564 1341 2867 1396 possumus,
2889 1337 2945 1384 et
2970 1328 3092 1386 ideo
3136 1346 3243 1386 non
3264 1339 3440 1402 potest
3470 1332 3749 1405 loquentis

2163 1415 2373 1471 animus
2400 1417 2608 1487 penitus
2652 1419 3016 1488 innotescere;
3049 1422 3190 1478 unde
3238 1422 3399 1478 etiam
3447 1424 3752 1485 mendaciis

2163 1506 2310 1564 locus
2341 1518 2503 1579 patet.
2537 1510 2674 1566 Deus
2693 1518 2871 1568 autem
2910 1513 3087 1579 Pater,
3111 1514 3202 1585 qui
3225 1514 3505 1572 verissime
3525 1531 3585 1574 se
3617 1517 3757 1574 indi-

2168 1614 2291 1655 care
2310 1600 2501 1656 animis
2527 1603 2819 1672 cognituris
2842 1613 2898 1660 et
2917 1604 3086 1660 voluit
3109 1613 3162 1660 et
3190 1607 3381 1676 potuit,
3419 1607 3522 1664 hoc
3567 1607 3637 1663 ad
3686 1624 3757 1667 se

2169 1691 2342 1762 ipsum
2364 1692 2704 1749 indicandum
2728 1696 2930 1766 genuit,
2971 1696 3113 1767 quod
3143 1706 3224 1753 est
3249 1698 3363 1768 ipse
3393 1700 3483 1770 qui
3530 1702 3757 1772 genuit:

2165 1784 2255 1853 qui
2304 1785 2461 1840 etiam
2492 1785 2670 1842 Virtus
2719 1787 2833 1857 ejus
2879 1798 2931 1843 et
2965 1788 3235 1859 Sapientia
3260 1790 3471 1858 dicitur,
3502 1792 3625 1863 quia
3657 1809 3763 1864 per

2165 1874 2339 1946 ipsum
2371 1887 2619 1948 operatus
2666 1888 2750 1934 est
2779 1888 2835 1935 et
2853 1879 3115 1951 diSposuit
3143 1882 3356 1950 omnia;
3380 1883 3448 1941 dc
3475 1900 3582 1955 quo
3620 1902 3764 1957 pro-

2166 1975 2347 2036 pterea
2375 1967 2588 2036 dicitur,
2616 1970 2827 2043 Attingit
2853 1989 2885 2024 a
2912 1973 3015 2042 ﬁne
3050 1990 3207 2045 usque
3228 1975 3296 2029 ad
3339 1976 3492 2045 ﬁnem
3530 1979 3758 2049 fortiter,

2167 2069 2213 2113 et
2238 2061 2457 2130 disponit
2487 2063 2655 2117 omnia
2674 2065 2892 2119 suaviter
2920 2065 2939 2137 (
2967 2066 3099 2138 Sap.
3121 2083 3232 2136 vnn,
3265 2072 3292 2126 1
3315 2069 3359 2141 ).

2239 2151 2462 2209 CAPUT
2498 2154 2589 2209 IV.
2617 2186 2689 2196 —
2714 2157 2767 2214 5.
2801 2157 2850 2211 F
2852 2159 2969 2213 ilius
3006 2158 3100 2215 Dei
3132 2178 3234 2216 non
3273 2164 3438 2233 factus
3467 2182 3558 2222 nec
3587 2167 3766 2224 minor

2167 2261 2200 2298 α
2228 2243 2402 2299 Patre.
2432 2245 2614 2303 Creare
2642 2256 2686 2303 et
2713 2250 2928 2305 condere
2960 2252 3111 2307 idem.
3142 2253 3192 2308 F
3193 2255 3309 2311 ilius
3337 2255 3438 2312 Dei
3462 2275 3551 2313 cur
3586 2264 3767 2332 factus

2169 2338 2334 2390 homo.
2358 2335 2545 2393 Contra
2581 2338 3260 2409 Manic/zworumlueresim.
3304 2346 3459 2404 Totus
3485 2351 3637 2405 homo
3663 2368 3768 2407 su-

2066 2460 2067 2463 η
2166 2437 2364 2498 sceptus
2403 2446 2436 2483 a
2478 2428 2656 2485 Verbo.
2700 2430 2956 2489 Nativitas
2991 2434 3179 2491 Christi
3219 2454 3282 2494 ea:
3322 2441 3529 2511 femina.
3564 2440 3772 2499 Contra

2168 2520 2500 2578 Manichteos.
2540 2524 2895 2591 Quamobrem
2913 2529 3212 2600 unigenitus
3239 2531 3406 2589 Filius
3435 2534 3550 2602 Dei,
3581 2552 3775 2609 neque

2168 2609 2337 2667 factus
2365 2621 2447 2668 est
2473 2629 2504 2668 a
2533 2614 2692 2671 Patre
2723 2632 2738 2682 ;
2781 2618 2903 2689 quia
2933 2619 3070 2675 sicut
3097 2620 3226 2677 dicit
3253 2625 3597 2695 evangelista,
3630 2627 3774 2683 0m-

2167 2703 2255 2756 nia
2283 2720 2373 2773 per
2396 2705 2564 2775 ipsum
2590 2712 2725 2779 facta
2744 2719 2861 2764 sunt
2886 2709 3071 2782 (Joan.
3100 2728 3139 2781 ι,
3170 2714 3242 2785 5)
3272 2732 3285 2769 :
3315 2732 3486 2788 neque
3521 2734 3591 2775 ex
3618 2728 3774 2778 tem-

2168 2809 2299 2865 pore
2336 2798 2544 2867 genitus
2576 2818 2589 2854 :
2631 2802 2880 2872 quoniam
2923 2809 3246 2877 sempiterne
3275 2808 3297 2877 ἒ
3326 2810 3468 2868 Deus
3506 2814 3773 2886 sapiens,

2169 2887 2546 2956 sempiternam
2574 2906 2758 2949 secum
2780 2895 2953 2961 habet
2990 2899 3317 2971 sapientiam,
3348 2916 3498 2959 suam
3540 2922 3554 2959 :
3583 2920 3778 2979 neque

2168 2976 2342 3049 impar
2377 2991 2460 3037 est
2504 2983 2669 3053 Patri,
2702 2985 2754 3041 id
2796 2998 2897 3054 est,
2934 2989 2988 3043 in
3036 2989 3212 3060 aliquo
3251 2993 3425 3050 minor
3466 3011 3481 3062 ;
3538 2976 3780 3069 quia—et

2169 3071 2456 3141 Apostolus
2485 3075 2630 3145 dicit,
2668 3079 2770 3146 Qui
2795 3096 2907 3135 cum
2941 3081 3187 3150 informa
3225 3084 3323 3141 Dei
3360 3100 3486 3144 esset
3511 3093 3780 3149 constitu-

2172 3171 2272 3232 tus,
2304 3181 2404 3220 non
2426 3169 2660 3237 rapinam
2694 3171 2965 3227 arbitratus
2987 3183 3057 3228 est
3084 3191 3189 3230 esse
3211 3179 3419 3249 tequatis
3447 3179 3554 3236 Deo
3591 3181 3778 3254 (Plri-

2171 3252 2298 3328 lipp.
2324 3274 2379 3325 n,
2408 3258 2495 3329 6).
2517 3259 2627 3315 Hac
2643 3262 2802 3331 igitur
2823 3263 2929 3320 [ide
2951 3265 3208 3322 catholica
3228 3277 3283 3324 et
3309 3269 3384 3325 illi
3407 3252 3782 3334 excluduntur

2170 3349 2260 3417 qui
2301 3350 2547 3405 eumdem
2578 3353 2762 3409 dicunt
2789 3354 2980 3412 Filium
3008 3373 3127 3415 esse
3155 3361 3245 3431 qui
3267 3361 3425 3420 Pater
3459 3374 3540 3421 est
3567 3383 3583 3432 ;
3633 3370 3782 3440 quia

2171 3447 2225 3492 et
2264 3438 2366 3494 hoc
2416 3438 2651 3496 Verbum
2697 3444 2837 3513 apud
2888 3446 3053 3503 Deum
3104 3465 3223 3507 esse
3270 3468 3378 3507 non
3432 3464 3613 3525 posset
3660 3438 3783 3517 nisi

2170 3528 2308 3598 apud
2334 3528 2547 3586 Patrem
2571 3532 2758 3601 Deum,
2784 3544 2839 3590 et
2863 3538 2994 3592 nulli
3022 3549 3105 3595 est
3129 3544 3346 3614 aequalis
3374 3545 3465 3619 qui
3484 3547 3630 3602 solus
3663 3560 3781 3608 est.

2171 3618 2537 3678 Excluduntur
2581 3624 2738 3680 etiam
2794 3626 2870 3681 illi
2918 3631 3012 3699 qui
3063 3642 3362 3690 creaturam
3416 3653 3536 3694 esse
3576 3639 3786 3701 dicunt

2169 3710 2384 3779 Filium,
2415 3715 2657 3784 quamvis
2683 3732 2790 3772 non
2821 3718 3004 3785 talem,
3032 3723 3215 3793 quales
3240 3737 3364 3782 sunt
3386 3738 3596 3786 czetcra:
3610 3748 3786 3794 crea-

2170 3810 2323 3860 tura}.
2379 3805 2870 3881 Quantamcumque
2919 3813 3062 3870 enim
3110 3825 3406 3874 creaturam
3449 3822 3679 3894 dicant,
3735 3831 3785 3886 si

2169 3906 2412 3953 creatura
2443 3907 2553 3969 est,
2585 3901 2800 3957 condita
2826 3912 2880 3959 et
2903 3903 3042 3961 facta
3066 3914 3167 3964 est.
3197 3908 3332 3966 Nam
3366 3911 3507 3968 idem
3526 3926 3613 3972 est
3633 3934 3783 3978 con-

2169 3987 2297 4045 dere
2318 4030 2334 4057 ,
2363 3992 2505 4062 quod
2537 4008 2722 4051 creare
2751 4014 2764 4051 :
2793 4012 3093 4070 quanquam
3126 4001 3179 4058 in
3206 4003 3383 4060 latina:
3409 4005 3607 4079 linguae
3626 4027 3781 4070 con-

2168 4081 2451 4140 suetudine
2489 4084 2699 4173 dicatur
2726 4088 3012 4160 aliquando
3041 4107 3227 4151 creare
3249 4136 3265 4162 ,
3294 4110 3391 4166 pro
3421 4111 3486 4154 eo
3506 4103 3662 4174 quod
3693 4116 3784 4163 est

2167 4174 2383 4246 gignere
2405 4194 2420 4246 ;
2442 4178 2537 4235 sed
2559 4168 2732 4251 graeca
2758 4182 3029 4240 discernit.
3056 4188 3171 4244 Hoc
3194 4188 3337 4245 enim
3363 4168 3588 4250 dicimus
3607 4210 3782 4257 crea-

2168 4274 2340 4324 turam
2359 4311 2376 4339 ,
2407 4272 2549 4341 quod
2573 4274 2648 4329 illi
2673 4287 2848 4346 κτίσμα
2866 4264 2953 4334 vel
2979 4286 3130 4337 κτίσιν
3153 4291 3346 4339 vocant
3382 4302 3397 4339 :
3424 4293 3621 4344 etcum
3648 4293 3781 4352 sine

2166 4361 2511 4433 ambiguitate
2545 4365 2692 4436 loqui
2722 4369 2997 4437 volumus,
3051 4388 3160 4429 non
3207 4373 3465 4444 dicimus,
3522 4393 3775 4454 creare;

2168 4454 2285 4525 sed,
2313 4458 2561 4515 condere.
2590 4459 2731 4531 Ergo
2770 4463 2814 4518 si
2852 4474 3098 4521 creatura
3123 4476 3206 4524 est
3241 4468 3436 4538 Filius,
3463 4475 3777 4543 quamlibet

2168 4563 2358 4620 magna
2388 4551 2476 4620 sit,
2503 4551 2640 4609 facta
2668 4562 2769 4610 est.
2800 4556 2910 4612 Nos
2933 4568 3111 4616 autem
3136 4561 3190 4617 in
3216 4577 3340 4619 eum
3364 4564 3638 4625 credimus
3669 4586 3775 4643 per
3816 4614 3856 4633 ..

2168 4656 2327 4710 quem
2353 4642 2491 4698 facta
2519 4655 2641 4701 sunt
2664 4649 2841 4703 omnia
2861 4691 2876 4718 ,
2909 4666 3015 4707 non
3046 4652 3099 4708 in
3141 4669 3267 4711 eum
3305 4671 3401 4727 per
3429 4674 3589 4730 quem
3621 4642 3777 4723 facta

2169 4742 2293 4789 sunt
2320 4743 2514 4792 caetera
2555 4754 2569 4790 :
2609 4754 2783 4810 neque
2810 4743 2954 4798 enim
2982 4743 3072 4801 hic
3106 4746 3262 4803 aliter
3288 4749 3530 4822 accipere
3557 4769 3772 4826 possu-

2166 4839 2286 4880 mus
2306 4828 2481 4882 omnia
2502 4870 2518 4897 ,
2547 4830 2649 4885 nisi
2680 4848 3029 4906 quaecumque
3053 4848 3179 4895 sunt
3198 4839 3356 4898 facta.
3428 4904 3431 4907 ,

2237 4918 2290 4975 6.
2331 4919 2436 4977 Sed
2464 4924 2713 4993 quoniam
2750 4924 2966 4983 Verbum
2993 4946 3111 4987 cura
3141 4935 3333 5004 factum
3361 4946 3454 5005 est,
3484 4946 3531 4993 et
3559 4941 3775 4999 habita-

2136 5092 2137 5095 η
2164 5011 2232 5066 vit
2258 5012 2310 5066 in
2339 5013 2480 5068 nobis
2520 5012 2707 5087 (Joan.
2746 5033 2765 5072 ι
2788 5059 2803 5086 ,
2835 5017 2938 5092 id)
2969 5037 2984 5087 ;
3021 5021 3208 5080 eadem
3237 5024 3505 5097 Sapientia
3533 5047 3658 5101 qua:
3700 5037 3774 5093 de

2164 5105 2275 5161 Deo
2304 5107 2481 5178 genita
2508 5118 2611 5176 est,
2640 5109 2852 5182 dignata
2876 5121 2960 5170 est
2996 5115 3157 5171 etiam
3183 5117 3239 5173 in
3269 5118 3577 5179 hominibus
3602 5141 3772 5182 crea-

2161 5198 2209 5253 ri
2233 5197 2274 5252 ‘.
2307 5198 2424 5266 Quo
2453 5200 2685 5271 pertinet
2709 5201 2842 5260 illud
2865 5246 2879 5273 ,
2903 5203 3158 5264 Dominus
3183 5214 3369 5267 creavit
3389 5229 3469 5268 me
3492 5215 3545 5269 iu
3566 5219 3773 5287 princi-

2162 5293 2247 5363 pio
2271 5293 2466 5348 viarum
2506 5311 2715 5350 suarum
2767 5296 2959 5369 (Prov.
3004 5315 3097 5356 vui
3125 5344 3141 5371 ,
3183 5301 3314 5375 22).
3347 5304 3567 5363 Viarum
3612 5314 3772 5368 enim

2161 5383 2276 5455 ejus
2311 5386 2630 5459 principium
2660 5399 2821 5462 caput
2858 5399 2943 5450 est
2966 5392 3223 5453 Ecclesiae
3246 5438 3262 5467 ,
3305 5397 3448 5469 quod
3474 5407 3559 5457 est
3596 5401 3768 5459 Chri-

2222 5522 2241 5554 ι
2278 5522 2466 5586 Aliquot
2487 5533 2614 5586 Mss,
2639 5526 2871 5580 concedit.

2221 5586 2241 5615 ³
2273 5592 2380 5656 _Mss.
2431 5595 2533 5637 tres
2557 5589 2773 5656 melioris
2804 5596 2949 5656 notia,
2975 5600 3174 5656 conante
3211 5596 3311 5656 fetu
3340 5596 3488 5646 eerbi.
3516 5603 3657 5646 Forte
3690 5600 3767 5647 ιυο

2155 5648 2393 5721 gendum,
2407 5656 2628 5721 conmittes
2648 5652 2750 5721 fetu
2768 5652 2914 5703 verbi.
2934 5648 3167 5717 '—-Morel,
3192 5648 3338 5708 bilem.
3356 5661 3482 5721 erit,
3504 5673 3550 5721 p.
3569 5659 3650 5718 94,
3682 5661 3764 5710 le-

2156 5710 2255 5773 git:
2281 5716 2474 5760 sonante
2504 5712 2599 5772 feta
2620 5710 2763 5763 verbi.
2830 5721 2886 5763 Μ.
3153 5710 3164 5717 ’
3288 5766 3293 5773 .

2219 5772 2239 5841 ἓ
2270 5773 2407 5841 _Editi,
2423 5773 2752 5841 seirtpiternus.
2771 5782 2828 5826 At
2850 5785 2955 5841 Mss.
2982 5792 3171 5841 omnes,
3195 5779 3495 5832 seinniternc.

2217 5836 2244 5909 ξ
2270 5839 2351 5881 Ius.
2382 5837 2700 5909 nemigianus,
2719 5837 2771 5889 in
2791 5840 3005 5895 euntibus
3029 5855 3045 5895 .'
3069 5843 3116 5893 id
3146 5836 3239 5906 est,
3260 5846 3386 5897 inter
3435 5844 3591 5897 ouinia
3637 5858 3763 5909 qum

2157 5894 2278 5951 facta
2300 5902 2438 5960 sunt;
2462 5894 2556 5952 nec
2571 5894 2716 5953 male.
