3942 6416
198 370 286 443 \85
1297 385 1399 429 ξι..

217 508 318 558 stus
341 497 358 530 ‘
381 492 591 550 homine
615 490 862 548 indutus
883 533 899 559 ,
930 502 1039 563 per
1085 501 1248 561 quem
1275 488 1473 545 vivendi
1501 491 1805 560 exemplum

226 592 357 649 nobis
380 588 604 652 daretur,
643 584 761 640 hoc
801 593 895 640 est
933 585 1023 639 via
1055 591 1209 639 certa
1237 583 1256 614 ³
1282 599 1376 653 qua
1406 583 1806 653 perveniremus

225 688 282 742 ad
307 686 476 740 Demn.
506 681 624 737 Non
661 681 818 737 enim
844 679 1028 736 redire
1058 678 1326 750 potuimus
1361 679 1461 734 nisi
1488 679 1802 748 humilitate,

223 781 299 850 qui
318 777 552 847 superbia
585 775 731 846 lapsi
763 789 974 842 sumus,
1004 773 1151 829 sicut
1177 773 1369 828 dictum
1394 781 1476 829 est
1501 774 1684 844 primae
1710 789 1808 830 no-

225 881 329 926 stra:
347 877 628 936 creaturae,
660 865 898 931 Gustate,
928 873 978 920 et
1004 865 1151 919 eritis
1184 874 1417 935 tanquam
1445 865 1519 919 dii
1545 865 1696 937 (Gen.
1723 883 1801 936 ut,

222 964 302 1034 5).
330 961 487 1032 llujus
526 960 696 1030 igitur
743 957 1076 1013 humilitatis
1106 956 1409 1026 exemplum
1433 999 1446 1021 ,
1481 956 1533 1010 id
1569 965 1673 1025 est,
1703 957 1804 1014 viae

223 1073 316 1127 qua
339 1053 663 1110 redeundum
693 1051 814 1116 fuit,
843 1051 958 1120 ipse
985 1049 1285 1119 Reparator
1303 1056 1488 1104 noster
1518 1049 1573 1103 in
1603 1063 1663 1104 se
1685 1049 1803 1119 ipso

218 1147 568 1203 demonstrare
597 1143 849 1213 dignatus
876 1149 979 1207 est,
1007 1141 1098 1211 qui
1141 1156 1241 1195 non
1269 1141 1803 1210 rupinamarbitratus

216 1251 280 1297 est
301 1257 399 1295 esse
423 1238 639 1309 aequalis
658 1237 785 1301 Deo,
818 1235 906 1290 sed
929 1235 1252 1304 semetipsum
1271 1234 1552 1301 evacuavit,
1585 1238 1800 1305 formam

211 1315 588 1402 serviaccipiens
611 1329 630 1398 (
654 1327 888 1398 Philipp.
915 1341 980 1391 ιι,
1011 1325 1074 1392 6,
1107 1323 1176 1394 7)
1209 1341 1222 1391 ;
1253 1333 1309 1379 ut
1334 1333 1610 1381 crearetur
1629 1325 1793 1380 homo

205 1426 260 1482 in
278 1423 534 1495 principio
564 1420 771 1476 viarum
795 1419 931 1489 ejus,
962 1417 1196 1474 Verbum
1227 1432 1322 1488 per
1345 1417 1488 1489 quod
1511 1418 1648 1474 facta
1673 1428 1797 1475 sunt

207 1516 400 1572 omnia.
431 1513 769 1582 Quapmpter
794 1508 1087 1564 secundum
1113 1507 1167 1563 id
1196 1507 1339 1578 quod
1364 1508 1667 1579 unigenitus
1690 1518 1792 1578 est,

203 1622 306 1663 non
331 1605 488 1660 habet
512 1604 708 1659 fratres
739 1620 750 1656 :
783 1600 1078 1657 secundum
1127 1599 1178 1655 id
1207 1609 1386 1655 autem
1424 1600 1564 1671 quod
1597 1601 1794 1671 primo-

201 1698 406 1770 genitus
435 1705 546 1760 est,
595 1695 785 1750 fratres
817 1707 1016 1748 vocare
1063 1691 1311 1762 dignatus
1354 1701 1437 1747 est
1473 1687 1660 1749 omnes
1704 1695 1795 1764 qui

197 1800 318 1862 post
344 1792 462 1860 ejus
491 1799 544 1845 et
571 1805 667 1860 per
691 1788 806 1858 ejus
833 1787 1122 1856 primatum
1153 1785 1207 1840 in
1253 1785 1347 1840 Dei
1374 1787 1600 1856 gratiam
1630 1801 1791 1841 rena-

197 1893 414 1939 scuntur
440 1883 600 1953 ’pcr
637 1881 976 1951 adeptionem
1019 1878 1252 1934 ﬁliorum
1281 1878 1444 1949 (Luc.
1477 1896 1601 1947 Vlll,
1645 1879 1788 1954 21),

197 1977 341 2031 sicut
364 1975 656 2044 apostolica
677 1972 944 2041 disciplina
969 1969 991 2002 "
1022 1969 1361 2026 commendat
1389 1971 1570 2041 (Hebr.
1600 1987 1654 2040 ιι,
1677 1970 1787 2046 ll).

199 2067 479 2122 Naturalis
504 2081 631 2136 ergo
655 2063 813 2118 Filius
841 2064 904 2119 de
929 2064 1043 2133 ipsa
1067 2063 1242 2118 Patris
1271 2063 1570 2118 substantia
1597 2066 1788 2121 unicus

198 2169 367 2214 natus
388 2167 490 2220 est,
518 2156 570 2211 id
590 2155 816 2210 existens
841 2154 970 2225 quod
994 2155 1153 2210 Pater
1178 2163 1262 2210 est
1290 2155 1312 2187 ⁵
1341 2171 1356 2222 ;
1389 2155 1530 2210 Deus
1556 2155 1625 2211 de
1655 2157 1784 2225 Deo,

191 2252 407 2307 Lumen
437 2251 507 2306 de
533 2249 756 2304 Lumine
795 2267 809 2302 :
841 2263 936 2304 nos
963 2256 1144 2304 autem
1188 2264 1294 2303 non
1323 2249 1503 2305 lumen
1531 2250 1787 2305 naturali-

190 2357 274 2403 ter
302 2360 490 2400 sumus
512 2385 528 2410 ,
557 2343 651 2399 sed
681 2344 747 2398 ab
774 2343 864 2398 illo
903 2342 1132 2398 Lumine
1176 2343 1538 2401 illuminamur
1560 2386 1575 2411 ,
1608 2353 1666 2400 ut
1703 2359 1788 2400 sa-

186 2443 384 2511 pientia
423 2442 605 2498 lucere
647 2444 936 2512 possimus.
975 2441 1106 2498 Erat
1144 2443 1310 2511 enim,
1360 2443 1548 2514 inquit,
1593 2442 1787 2497 Lumen

183 2549 374 2600 rerum,
419 2538 559 2603 quod
603 2535 859 2589 illuminat
905 2551 1105 2590 onmem
1147 2534 1399 2588 hominem
1426 2534 1700 2588 venientem
1733 2534 1787 2588 in

184 2624 318 2677 hunc
341 2624 585 2678 mundum
615 2624 811 2695 (Joan.
842 2641 892 2691 ι,
921 2623 1013 2698 9).
1044 2625 1305 2680 Addimus
1334 2625 1511 2695 itaque
1551 2625 1674 2681 ﬁdei
1700 2641 1788 2680 re-

183 2731 304 2770 rum
353 2725 676 2772 :etemarum
722 2718 885 2773 etiam
933 2719 1280 2788 temporalem
1329 2716 1784 2787 dispensationem

182 2808 395 2862 Domini
423 2809 610 2876 nostri,
647 2826 808 2876 quam
835 2825 1022 2880 gerere
1048 2809 1203 2865 nobis
1248 2816 1304 2864 et
1346 2811 1650 2866 ministrare
1687 2826 1786 2880 pro

184 2910 368 2956 nostra
413 2903 584 2958 salute
623 2902 878 2973 dignatus
915 2913 1016 2959 est.
1047 2904 1180 2958 Nam
1226 2904 1520 2992 secpndum
1561 2905 1614 2960 id
1643 2905 1786 2975 quod

183 2995 486 3064 unigenitus
519 3005 602 3051 est
646 2996 738 3052 Dei
772 2997 976 3064 Filius,
1023 3012 1130 3052 non
1175 3007 1352 3068 potest
1394 2997 1498 3052 dici
1523 3039 1539 3065 ,
1581 2997 1704 3052 Fuit
1733 3007 1788 3053 et

184 3085 347 3152 Erit;
375 3089 465 3145 sed
495 3100 697 3145 tantum
725 3133 740 3157 ,
771 3091 865 3146 Est
894 3109 908 3144 :
946 3092 1069 3162 quia
1096 3101 1149 3148 et
1175 3092 1317 3162 quod
1364 3092 1495 3159 fuit,
1533 3093 1644 3163 jam
1678 3109 1784 3149 non

181 3189 271 3235 est
299 3198 314 3246 ;
342 3190 396 3236 et
439 3182 576 3252 quod
615 3183 739 3249 erit,
773 3183 1008 3238 nondum
1041 3193 1142 3240 est.
1187 3185 1280 3239 llle
1322 3200 1448 3255 ergo
1475 3194 1557 3241 est
1584 3186 1788 3242 incom-

181 3273 458 3328 mutabilis
479 3275 595 3329 sine
624 3275 934 3331 conditione
965 3286 1263 3347 temporum
1296 3286 1349 3333 et
1371 3279 1645 3333 varietate.
1679 3278 1788 3335 Nec

180 3366 402 3420 aliunde
431 3367 660 3421 arbitror
681 3384 903 3423 manare
928 3369 1056 3424 illud
1086 3370 1227 3439 quod
1251 3368 1454 3425 famulo
1489 3385 1587 3426 suo
1617 3371 1786 3442 Moysi

181 3461 294 3515 tale
323 3476 522 3516 nomen
551 3476 706 3516 suum
744 3462 1051 3517 insinuavit.
1082 3463 1212 3517 Nam
1240 3479 1360 3518 cum
1388 3464 1456 3519 ab
1484 3479 1549 3519 εο
1577 3480 1788 3535 quaere-

180 3561 305 3616 ret,
334 3553 382 3606 si
409 3568 468 3607 se
497 3552 722 3622 populus
750 3553 816 3607 ad
845 3569 1003 3623 quem
1042 3553 1353 3610 mittebatur
1394 3564 1781 3621 contemneret,

179 3657 217 3697 a
247 3657 360 3711 quo
397 3658 456 3698 se
495 3642 693 3698 diceret
735 3659 856 3697 esse
895 3644 1115 3698 missum
1153 3661 1168 3708 ;
1214 3659 1531 3714 responsum
1562 3645 1788 3700 dicentis

179 3734 423 3802 accepit,
457 3733 564 3802 Ego
589 3752 698 3788 sum
722 3737 807 3803 qui
829 3753 959 3790 sum.
1009 3737 1209 3792 Deinde
1229 3737 1526 3808 subjunxit,
1559 3737 1685 3793 Hazc
1714 3739 1786 3793 di-

180 3842 268 3880 ces
288 3826 422 3895 ﬁliis
439 3824 618 3891 IsraeI,
653 3827 756 3894 Qui
781 3837 870 3894 est,
890 3829 1024 3881 misit
1042 3845 1118 3882 me
1143 3830 1211 3882 ad
1237 3846 1322 3884 vos
1349 3829 1544 3900 (Exod.
1577 3846 1653 3897 ιιι,
1673 3831 1784 3902 14).

258 3919 314 3972 7.
349 3917 431 3971 Ex
458 3933 562 3987 quo
583 3919 692 3986 jam
722 3919 1085 3988 spiritualibus
1109 3921 1302 3975 animis
1329 3933 1513 3990 patere
1537 3922 1749 3977 conﬁdo
1768 3965 1783 3989 ,

181 4009 393 4063 nullam
418 4016 659 4062 naturam
691 4009 800 4063 Deo
834 4025 952 4064 esse
986 4025 1144 4079 posse
1173 4012 1518 4066 contrariam.
1553 4011 1611 4067 Si
1642 4013 1786 4068 enim

182 4100 280 4155 ille
316 4107 421 4164 est,
445 4099 588 4155 etde
613 4099 730 4155 solo
752 4100 858 4155 Deo
886 4102 1096 4170 proprie
1118 4101 1220 4157 dici
1242 4111 1420 4174 potest
1442 4104 1542 4159 hoc
1565 4105 1790 4160 verbum

184 4193 206 4259 (
231 4191 382 4261 quod
411 4192 556 4246 enim
583 4206 710 4246 vere
741 4200 853 4258 est,
879 4192 1387 4264 incommutabiliter
1419 4204 1621 4263 manet;
1655 4211 1790 4266 quo-

181 4286 334 4341 niam
367 4286 510 4355 quod
537 4293 789 4348 mutatur,
823 4285 920 4340 fuit
943 4285 1141 4354 aliquid
1168 4287 1309 4357 quod
1331 4287 1442 4358 jam
1465 4303 1568 4343 non
1601 4297 1704 4355 est,
1737 4297 1794 4344 et

183 4379 296 4432 erit
324 4377 486 4447 quod
511 4377 748 4433 nondum
773 4379 926 4448 εει),
959 4379 1090 4434 nihil
1132 4395 1260 4450 ergo
1289 4379 1450 4436 habet
1488 4381 1626 4437 Deus
1655 4396 1791 4437 con-

184 4470 442 4525 trarium.
489 4468 542 4524 Si
591 4471 734 4526 enim
777 4480 1108 4539 quaereretur
1133 4486 1165 4525 a
1194 4472 1350 4528 nobis
1393 4471 1518 4542 quid
1559 4473 1629 4528 sit
1669 4473 1793 4528 albo

183 4562 525 4616 contrarium
546 4603 561 4624 ,
601 4561 1049 4632 responderemus
1077 4563 1288 4632 nigrum
1333 4581 1346 4616 :
1391 4564 1436 4618 si
1465 4574 1794 4634 qumreretur

184 4651 321 4722 quid
355 4651 424 4706 sit
449 4651 622 4706 calido
647 4655 994 4718 contrarium,
1030 4653 1479 4722 responderemus
1505 4653 1789 4724 frigidum:

183 4745 230 4799 si
264 4755 604 4816 quassaretur
626 4744 754 4816 quid
778 4747 847 4799 sit
883 4745 1047 4800 veloci
1075 4746 1401 4802 contrarium
1425 4748 1466 4812 θ,
1495 4748 1791 4818 responde—

183 4855 379 4896 remus
422 4839 677 4904 tardum;
720 4849 775 4894 et
805 4855 1152 4911 quaecumque
1195 4840 1407 4894 similia.
1454 4841 1586 4895 Cum
1615 4850 1792 4896 autem

183 4934 459 5004 quaeritur
486 4933 614 5003 quid
643 4934 712 4987 sit
748 4934 1068 4989 contrarium
1110 4935 1160 4989 ei
1204 4934 1346 5006 quod
1386 4942 1500 5003 est,
1531 4944 1675 4991 recte
1703 4951 1792 4991 re.-

183 5017 494 5096 Spondetur
519 5025 661 5094 quod
687 5041 790 5079 non
814 5034 916 5081 est.

265 5121 326 5173 ξ.
366 5119 473 5176 Sed
497 5118 747 5190 quoniam
776 5134 868 5189 per
895 5120 1280 5191 temporalem,
1321 5127 1378 5176 ut
1401 5119 1548 5186 dixi,
1574 5117 1794 5190 dispen-

187 5411 234 5457 εἰ
261 5347 282 5376 ι
411 5351 517 5396 ιιςε.
546 5352 602 5397 At
623 5346 759 5407 editi,
775 5345 1065 5413 principium
1080 5353 1128 5399 et
1150 5353 1294 5412 caput
1318 5347 1545 5400 Ecclesiw
1566 5354 1636 5400 est
1656 5349 1794 5401 Chri-

237 5421 320 5457 us.
920 5447 921 5450 η

237 5421 320 5458 318.
920 5447 921 5450 η

261 5472 284 5499 ⁸
310 5472 456 5536 miti,
472 5469 576 5521 lucc
599 5477 671 5536 est
695 5468 770 5520 ria
788 5477 933 5522 certa.
961 5481 1065 5523 MSS.
1085 5486 1218 5534 vero,
1241 5472 1327 5524 hoc
1339 5479 1408 5524 est
1429 5473 1506 5525 ria
1515 5477 1663 5525 certa.
1677 5481 1798 5525 Tum

193 5544 258 5578 ex
288 5535 350 5580 iis
371 5541 595 5594 quatuor,
617 5535 696 5582 via
713 5540 862 5583 recta.

271 5596 292 5661 ἕ
321 5593 542 5661 ῇςλροει
555 5597 658 5661 ejus
678 5593 916 5658 primitias
937 5596 987 5646 in
1007 5596 1092 5647 Dei
1114 5597 1272 5661 gratia
1287 5597 1546 5661 nascimur.

267 5657 290 5725 ξ
456 5693 470 5709 .
496 5656 716 5707 doctrina
754 5670 781 5725 ς¹
805 5672 892 5725 pro
921 5674 1018 5721 quo
1051 5656 1180 5725 mss,
1206 5658 1483 5725 disciplina.

264 5721 290 5784 ξ
318 5725 392 5766 ste
532 5726 588 5784 at
606 5719 964 5784 vutgati,’ideni
980 5719 1187 5784 existens
1210 5719 1342 5784 quod
1362 5729 1504 5784 [inter
1522 5732 1668 5775 Deus.

265 5779 290 5809 ⁸
321 5787 369 5852 ιιι
408 5785 478 5837 8.,
501 5778 544 5830 si
561 5778 859 5852 qureret-etin
884 5781 998 5846 quid
1022 5781 1172 5836 veloci
1191 5778 1498 5838 contrarium,
1529 5792 1602 5839 Er.
1641 5784 1790 5852 Lugd.

192 5845 318 5893 Vsa.
347 5849 458 5894 ιω.
483 5844 642 5898 secuti
662 5856 844 5896 sumus.
898 5844 967 5895 ιι.

1639 372 1843 434 LIBER
1877 374 2077 436 UNUS.

3320 391 3503 466 _186

1915 494 2202 563 sationem,
2230 498 2298 554 ad
2322 505 2557 555 nostram
2586 498 2812 557 salutem
2837 508 2892 560 et
2908 512 3299 575 reparationem
3319 551 3334 579 ,
3363 527 3502 584 ope-

1913 595 2066 642 rante
2107 589 2201 644 Dei
2257 591 2621 664 benignitate,
2668 593 2736 650 ab
2786 595 2872 650 illa
2929 597 3347 660 incommutabili
3399 605 3496 665 Dei

1911 677 2180 750 Sapientia
2217 693 2404 740 natura
2431 685 2696 741 mutabilis
2727 697 2907 744 nostra
2935 701 3184 763 suscepta
3209 707 3323 764 est,
3353 706 3496 756 tem-

1911 775 2170 842 poralium
2198 793 2372 833 rerum
2397 780 2682 836 salubriter
2705 796 2803 851 pro
2828 783 2980 838 nobis
3007 794 3277 855 gestarum
3304 790 3496 862 adjun-

1910 865 2081 935 gimus
2119 867 2276 924 ﬁdem
2297 912 2312 934 ,
2343 871 2623 928 credentes
2658 873 2711 927 in
2739 888 2861 928 eum
2884 875 2978 930 Dei
3008 875 3199 932 Filium
3224 881 3313 950 qui
3339 893 3493 941 natus

1909 965 1992 1013 est
2037 975 2132 1029 per
2176 960 2428 1031 Spiritum
2473 973 2714 1020 sanctum
2757 980 2823 1020 ex
2865 967 3070 1037 virgine
3113 969 3296 1025 Maria.
3345 973 3524 1050 Dono;

1908 1052 2050 1106 enim
2082 1053 2209 1120 Dei,
2241 1055 2343 1110 hoc
2371 1066 2484 1124 est,
2513 1067 2695 1114 sancto
2721 1057 2924 1128 Spiritu
2949 1075 3206 1118 concessa
3232 1065 3387 1122 nobis
3407 1078 3490 1123 est

1906 1150 2049 1200 tanta
2080 1146 2345 1204 humilitas
2385 1151 2516 1206 tanti
2544 1151 2656 1218 Dei,
2700 1161 2756 1207 ut
2787 1160 2953 1209 totum
2998 1155 3271 1212 hominem
3317 1161 3490 1215 susci-

1904 1248 2032 1304 pere
2073 1235 2378 1308 dignaretur
2411 1242 2465 1295 in
2503 1250 2656 1298 utero
2688 1243 2941 1314 virginis,
2973 1255 3271 1304 maternum
3298 1263 3492 1320 corpus

1903 1325 2168 1398 integrum
2199 1329 2530 1400 inhabitans,
2562 1335 2827 1406 integrum
2855 1336 3110 1394 deserens
3138 1340 3177 1392 ³.
3219 1340 3317 1396 Cui
3359 1349 3492 1397 tem-

1901 1419 2069 1488 porali
2087 1419 2469 1491 dispensationi
2490 1426 2672 1498 multis
2694 1428 2866 1485 modis
2887 1429 3205 1486 insidiantur
3227 1431 3486 1489 literetici.

1899 1509 2008 1567 Sed
2050 1513 2095 1567 si
2133 1515 2249 1584 quis
2279 1518 2510 1572 tenuerit
2536 1518 2852 1576 catholicam
2875 1521 3033 1578 ﬁdem
3055 1564 3070 1591 ,
3102 1531 3157 1578 ut
3199 1532 3365 1579 totum
3390 1524 3490 1581 ho-

1898 1603 2096 1659 minem
2134 1606 2317 1662 credat
2353 1625 2383 1664 a
2419 1608 2594 1667 Verbo
2635 1611 2729 1668 Dei
2775 1627 2895 1670 esse
2933 1625 3236 1686 susceptum
3259 1659 3275 1681 ,
3319 1617 3373 1672 id
3408 1627 3492 1674 est

1897 1708 2110 1766 corpus,
2142 1700 2392 1769 animam,
2424 1703 2688 1772 spiritum,
2725 1707 2854 1762 satis
2888 1717 3072 1763 contra
3104 1709 3222 1764 illos
3250 1711 3490 1767 munitus

1895 1795 1995 1842 est.
2025 1788 2230 1860 Quippe
2254 1807 2374 1847 cum
2405 1794 2504 1850 ista
2534 1798 2800 1866 susceptio
2830 1813 2926 1866 pro
2966 1799 3135 1855 salute
3176 1809 3357 1858 nostra
3406 1803 3476 1858 sit

1894 1890 2061 1952 gesta,
2084 1884 2377 1941 cavendum
2401 1896 2564 1944 estne
2584 1903 2703 1943 cum
2718 1889 3009 1946 crediderit
3027 1892 3224 1962 aliquid
3246 1901 3487 1949 nostrum

1895 1988 2001 2029 non
2030 1977 2298 2045 pertinuere
2333 1979 2405 2033 ad
2442 1981 2597 2036 istam
2625 1983 3017 2054 susceptionem
3037 2025 3053 2051 ,
3085 2000 3191 2041 non
3216 1987 3485 2057 pertineat

1894 2066 1962 2122 ad
1999 2069 2245 2125 salutem.
2290 2071 2506 2128 Etcum
2542 2074 2702 2130 homo
2743 2085 2965 2146 excepta
3004 2076 3175 2132 forma
3211 2079 3487 2136 membro-

1892 2176 2008 2216 rum
2027 2203 2042 2228 ,
2075 2178 2192 2232 qua:
2211 2163 2436 2220 diversis
2455 2168 2739 2235 generibus
2768 2169 3117 2224 animantium
3147 2171 3358 2227 diversa
3389 2173 3490 2227 tri-

1891 2253 2016 2309 buta
2043 2262 2125 2311 est
2147 2297 2162 2323 ,
2212 2271 2318 2312 non
2349 2257 2508 2314 distet
2535 2275 2566 2314 a
2607 2273 2800 2329 pecore
2836 2262 2938 2315 nisi
2966 2262 3212 2317 rationali
3255 2265 3480 2333 spiritu,

1890 2361 2010 2416 quae
2036 2363 2187 2402 mens
2213 2349 2374 2404 etiam
2411 2351 2716 2406 nominatur
2743 2368 2758 2418 ;
2791 2353 3057 2422 quomodo
3087 2369 3214 2410 sana
3240 2365 3324 2412 est
3349 2357 3486 2414 ﬁdes

1891 2453 1992 2508 qua
2017 2439 2251 2494 creditur
2278 2440 2420 2511 quod
2444 2441 2497 2496 id
2519 2451 2758 2499 nostrum
2783 2445 3077 2513 susceperit
3097 2445 3190 2501 Dei
3216 2446 3488 2518 Sapientia

1890 2531 2031 2601 quod
2070 2531 2325 2588 habemus
2353 2549 2639 2589 commune
2681 2551 2804 2590 cum
2847 2550 3074 2606 pecore,
3125 2537 3258 2592 illud
3300 2548 3481 2595 autem

1889 2637 1998 2677 non
2049 2625 2344 2694 susceperit
2381 2625 2524 2696 quod
2575 2626 2869 2682 illustratur
2916 2629 3036 2684 lucc
3077 2630 3388 2699 sapientiae,
3433 2643 3488 2688 ct

1889 2715 2031 2784 quod
2062 2717 2294 2771 hominis
2326 2719 2599 2787 proprium
2627 2719 2749 2774 est?
3410 2794 3423 2798 _
3467 2794 3476 2806 .

1960 2806 2014 2862 9.
2059 2808 2369 2865 Detestandi
2395 2819 2577 2867 autem
2601 2812 2761 2867 etiam
2789 2813 2865 2868 illi
2903 2823 3054 2880 sunt,
3084 2815 3176 2886 qui
3201 2815 3487 2873 Dominum

1890 2908 2131 2954 nostrum
2167 2901 2351 2957 Jesum
2390 2901 2658 2960 Christum
2698 2914 2926 2961 matrem
2966 2907 3183 2962 Mariam
3235 2909 3287 2964 in
3331 2909 3487 2965 terris

1889 2989 2141 3048 habuisse
2192 3004 2430 3064 negant,
2487 3010 2611 3051 cum
2658 2997 2748 3052 illa
2802 2997 3130 3068 dispensatio
3199 3007 3487 3072 utrumque

1888 3094 2112 3149 sexum,
2154 3092 2207 3139 et
2251 3086 2602 3142 masculinum
2651 3097 2706 3143 et
2742 3087 3058 3144 femininum
3099 3091 3481 3160 honoraverit,

1891 3182 1946 3230 et
1987 3174 2055 3229 ad
2100 3188 2283 3230 curam
2327 3177 2420 3233 Dei
2463 3179 2732 3248 pertinere
2778 3183 3186 3251 monstraverit,
3228 3199 3332 3240 non
3380 3199 3485 3240 so-

1889 3267 2002 3322 lum
2027 3283 2186 3338 quem
2211 3269 2466 3338 suscepit,
2509 3271 2604 3325 sed
2632 3272 2781 3326 illum
2809 3273 2972 3328 etiam
3005 3289 3102 3344 per
3151 3291 3309 3345 quem
3357 3291 3486 3333 sus-

1890 3359 2049 3428 cepit,
2078 3359 2247 3414 virum
2283 3359 2520 3429 gerendo
2541 3402 2555 3428 ,
2592 3362 2860 3417 nascendo
2882 3363 2950 3418 de
2991 3363 3207 3420 femina.
3234 3365 3345 3422 Nec
3383 3381 3485 3422 nos

1890 3449 1958 3520 ad
1991 3451 2285 3522 negandum
2314 3451 2512 3507 Christi
2541 3461 2770 3508 matrem
2803 3455 2974 3525 cogit,
3020 3457 3165 3526 quod
3207 3457 3276 3512 ab
3311 3473 3377 3512 eo
3403 3459 3487 3512 di-

1890 3551 2033 3600 ctum
2055 3554 2157 3611 est,
2192 3544 2329 3612 Quid
2358 3545 2483 3600 mihi
2507 3553 2552 3600 et
2583 3547 2671 3601 tibi
2695 3556 2770 3603 est
2793 3589 2808 3615 ,
2837 3547 3018 3602 mulier
3043 3550 3069 3604 ?
3094 3550 3319 3604 nondum
3353 3553 3486 3606 venit

1892 3637 2019 3691 hora
2058 3652 2170 3691 mea
2205 3637 2395 3706 (Joan.
2424 3653 2481 3702 ιι,
2509 3639 2544 3693 4
2569 3639 2608 3708 ).
2637 3638 2742 3694 Sed
2766 3638 3018 3696 admonet
3047 3641 3220 3710 potius
3250 3649 3308 3696 ut
3330 3642 3487 3698 intel-

1892 3728 2118 3799 ligamus
2142 3729 2434 3784 secundum
2463 3730 2630 3785 Deum
2651 3745 2759 3786 non
2793 3747 2917 3786 eum
2947 3731 3199 3788 habuisse
3236 3742 3482 3801 matrem,

1892 3819 2045 3890 cujus
2087 3819 2382 3890 majestatis
2409 3835 2692 3890 personam
2729 3823 2950 3892 parabat
2983 3823 3266 3880 ostendere
3293 3839 3488 3895 aquam

1894 3911 1950 3966 in
1979 3912 2160 3970 vinum
2183 3910 2460 3968 vertendo.
2489 3913 2641 3980 Quod
2661 3922 2840 3970 autem
2865 3914 3150 3971 cruciﬁxus
3175 3924 3275 3982 εει,
3303 3927 3486 3972 εεειιιι-

1894 4002 2021 4058 dum
2050 4002 2322 4058 hominem
2351 4003 2633 4060 cruciﬁxus
2657 4014 2776 4071 est;
2807 4015 2864 4062 et
2903 4006 2992 4062 illa
3017 4015 3131 4062 erat
3160 4007 3288 4062 hora
3308 4048 3324 4074 ,
3365 4023 3486 4078 qua}

1895 4095 2129 4152 nondum
2157 4104 2408 4164 venerat,
2431 4097 2643 4167 quando
2666 4098 2865 4153 dictum
2891 4107 2992 4167 est,
3024 4098 3154 4154 Mihi
3177 4108 3224 4154 et
3247 4100 3335 4154 tibi
3361 4099 3487 4171 quid

1896 4199 1967 4245 est
1997 4189 2022 4242 ?
2059 4189 2284 4243 nondum
2327 4190 2457 4243 venit
2487 4191 2612 4244 liora
2640 4207 2751 4245 mea
2775 4233 2788 4257 ,
2836 4191 2888 4246 id
2916 4201 3017 4257 est,
3061 4208 3164 4262 qua
3207 4202 3257 4248 te
3286 4193 3487 4264 cogno-

1896 4295 2065 4336 scam.
2094 4280 2245 4335 Tunc
2270 4281 2412 4336 enim
2442 4291 2499 4336 ut
2528 4282 2688 4338 homo
2718 4283 3003 4339 cruciﬁxus
3038 4287 3285 4355 cognovit
3311 4285 3486 4342 homi-

1897 4389 2020 4430 nem
2057 4382 2282 4427 matrem
2310 4416 2325 4441 ,
2357 4382 2411 4428 et
2432 4373 2781 4430 dilectissimo
2805 4375 3065 4444 discipulo
3106 4376 3486 4432 humanissime

1897 4465 2290 4521 commendavit
2310 4464 2420 4534 (Id.
2452 4482 2564 4531 xux,
2583 4465 2674 4532 9.6,
2698 4466 2812 4536 27).
2833 4465 2944 4521 Νεε
2967 4466 3096 4520 illud
3127 4481 3224 4522 nos
3252 4477 3483 4536 moveat,

1897 4563 2038 4635 quod
2074 4579 2194 4619 cum
2242 4563 2292 4619 ei
2334 4563 2665 4618 nuntiaretur
2697 4571 2866 4619 mater
2888 4562 3038 4632 ejus,
3070 4569 3125 4617 et
3153 4562 3362 4629 fratres,
3402 4579 3490 4620 re-

1897 4656 2129 4727 spondit,
2165 4656 2294 4724 Qua:
2318 4656 2443 4712 mihi
2469 4663 2646 4722 mater,
2675 4664 2762 4708 aut
2791 4655 2876 4724 qui
2905 4655 3109 4724 fratres,
3139 4663 3244 4733 etc.
3270 4654 3486 4727 (Matth.

1899 4766 1988 4816 xu,
2023 4749 2129 4823 48)
2159 4750 2182 4802 't
2228 4749 2334 4806 Sed
2384 4750 2556 4819 potius
2584 4748 2774 4804 doceat
2811 4747 3168 4804 ministerium
3211 4759 3484 4818 nostrum,

1898 4856 2005 4912 quo
2033 4840 2252 4896 verbum
2281 4840 2372 4896 Dei
2398 4839 2652 4896 fratribus
2676 4839 3061 4907 ministramus,
3079 4851 3342 4910 parentes
3361 4858 3483 4899 cum

1897 4932 2228 5004 impediunt,
2252 4946 2359 4988 non
2394 4946 2488 4987 eos
2514 4931 2714 4988 debere
2738 4933 3006 5002 cognosci.
3035 4933 3168 4988 Nam
3199 4935 3245 4989 si
3276 4945 3494 5005 propte-

1899 5041 1991 5081 rea
2016 5023 2242 5096 quisque
2285 5023 2549 5094 putaverit
2589 5038 2695 5078 non
2721 5040 2843 5079 eum
2890 5023 3140 5081 habuisse
3177 5034 3406 5081 matrem
3439 5027 3490 5081 in

1900 5119 2056 5176 terris
2077 5161 2092 5185 ,
2125 5118 2246 5188 quia
2273 5116 2438 5185 dixit,
2477 5117 2605 5184 Qum
2627 5117 2750 5171 mihi
2779 5127 2940 5174 mater
2971 5119 2996 5172 ?
3020 5127 3240 5190 cogatur
3270 5135 3495 5175 necesse

1901 5219 1984 5268 est
2003 5218 2056 5265 et
2074 5209 2362 5280 Apostolus
2381 5223 2576 5279 negare
2599 5208 2850 5265 habuisse
2875 5210 3126 5280 patresin
3158 5211 3334 5275 terris,
3361 5226 3496 5279 quo-

1901 5304 2043 5358 niam
2071 5302 2325 5373 praacep-it
2360 5301 2438 5358 eis
2461 5301 2646 5356 dicens
2684 5318 2697 5353 :
2735 5300 2912 5356 Nolite
2937 5302 3074 5357 vobis
3099 5312 3293 5371 patrem
3328 5302 3496 5358 dicere

1900 5389 1954 5458 in
1991 5389 2179 5454 terris;
2223 5403 2355 5441 unus
2399 5395 2471 5443 est
2508 5387 2638 5442 enim
2666 5383 2824 5442 Pater
2847 5395 3011 5444 vester
3042 5387 3130 5458 qui
3161 5388 3217 5442 in
3248 5388 3385 5443 caelis
3425 5396 3496 5443 ίδι

1902 5480 2026 5552 (ιιι.
2055 5494 2224 5535 xxxut
2239 5521 2254 5548 ,
2286 5479 2376 5552 9).

1966 5664 1983 5693 ί
2021 5661 2304 5730 Emmanuel
2320 5670 2378 5730 sa
2409 5662 2596 5730 putavit
2618 5660 2916 5723 legendum,
2940 5660 3179 5730 deferens.
3205 5665 3381 5730 verum
3406 5673 3486 5706 cm

1901 5723 2258 5796 eicewmees.
2290 5719 2503 5796 habent,
2545 5719 2807 5796 deciate;
2858 5719 3154 5796 qit°.-.t9¥b9
3178 5719 3491 5796 -είεηὲσςλεωτ

1899 5787 2073 5902 cura:
2095 5787 2348 5841 nativitate
2380 5785 2651 5842 detractum
2673 5785 2794 5840 nihil
2816 5795 2930 5837 esse
2953 5785 3157 5845 Virginis
3178 5785 3342 5837 matris
3368 5786 3491 5834 inte-

1903 5861 1979 5902 ειη
2072 5885 2085 5901 .

1903 5861 2085 5914 gntau.
