3896 6382
470 404 575 465 187

542 519 631 578 1ο.
662 516 768 575 Nec
797 514 948 572 nobis
976 511 1137 570 fidem
1164 511 1318 567 istam
1348 509 1552 565 minuat
1574 508 1827 579 cogitatio
1857 506 2047 562 mulie-

474 614 648 671 brium
692 611 987 675 viscerum,
1039 614 1095 661 ut
1142 613 1423 675 propterea
1465 600 1759 658 recusanda
1807 598 2052 655 videatur

473 707 593 762 talis
623 702 832 759 Domini
862 700 1025 756 nostri
1052 697 1325 769 generatio
1346 736 1361 763 ,
1399 694 1540 765 quod
1567 709 1684 749 eam
1711 692 1911 748 sordidi
1936 706 2053 747 sor-

470 798 647 853 didam
671 804 874 867 putant.
903 792 1035 860 Quia
1064 802 1117 847 et
1138 791 1345 846 stultum
1379 788 1475 842 Dei
1507 788 1784 857 sapientius
1814 802 1933 843 esse
1956 782 2051 840 lto-

472 891 685 945 minibus
711 888 760 962 (Ι
788 888 904 943 Cor.
933 902 983 953 ι,
1014 884 1120 945 25)
1142 927 1155 950 ,
1180 892 1233 940 et
1267 884 1434 937 omnia
1462 882 1649 935 mzmda
1680 882 1880 937 mundis
1907 881 1926 955 (
1949 882 2048 935 Tit.

472 999 509 1047 ι,
539 982 677 1052 15),
707 980 984 1035 verissime
1010 979 1298 1049 Apostolus
1341 976 1486 1031 dicit.
1517 976 1722 1031 Debent
1756 976 1911 1045 igitur
1966 976 2051 1029 iu-

472 1075 642 1142 tueri,
670 1074 758 1145 qui
782 1073 882 1128 hoc
908 1080 1122 1143 putant,
1150 1070 1279 1126 solis
1300 1070 1457 1139 hujus
1488 1068 1695 1133 radios,
1720 1082 1878 1139 quem
1905 1076 2051 1124 certe

472 1183 576 1224 non
628 1176 879 1236 tanquam
921 1173 1214 1221 creaturam
1247 1162 1339 1218 Dei
1380 1161 1611 1228 laudant,
1654 1160 1747 1216 sed
1797 1170 2049 1231 tanquam

471 1260 637 1315 Deum
654 1258 877 1315 adorant
896 1259 993 1331 (a),
1008 1272 1104 1328 per
1119 1257 1417 1312 cloacarum
1436 1254 1629 1310 fetorcs
1643 1263 1694 1308 et
1705 1268 2052 1324 quaecumque

470 1352 743 1408 horribilia
792 1364 1169 1421 usquequaque
1210 1348 1469 1414 diffundi,
1513 1355 1567 1402 et
1611 1347 1662 1400 in
1704 1346 1786 1400 his
1834 1345 2049 1416 cperari

468 1444 759 1501 secundum
814 1453 1056 1499 naturam
1096 1457 1245 1499 suam
1273 1483 1288 1509 ,
1339 1455 1437 1495 nec
1483 1450 1659 1495 tamen
1702 1438 1825 1494 inde
1875 1438 2051 1510 aliqua

465 1538 916 1595 contaminatione
944 1535 1285 1601 sordescere,
1314 1548 1433 1588 cum
1462 1531 1688 1588 visibilis
1716 1531 1807 1587 lux
1831 1530 2053 1587 visibili-

467 1631 566 1687 bus
606 1630 849 1687 sordibus
898 1631 968 1685 sit
1006 1638 1191 1684 natura
1233 1627 1607 1698 coniunctior:
1642 1634 1840 1697 quanto
1873 1625 2052 1680 minus

466 1723 627 1793 igitur
650 1730 857 1792 poterat
878 1722 1041 1793 pollui
1073 1720 1305 1776 Verbum
1330 1720 1447 1787 Dei,
1470 1734 1577 1774 non
1602 1733 1919 1789 corporeum
1956 1731 2053 1772 nc-

464 1828 567 1885 que
610 1813 849 1879 visibile,
899 1813 967 1869 de
1028 1812 1260 1868 femineo
1305 1825 1563 1883 corpore,
1619 1811 1705 1865 ubi
1760 1810 2046 1865 humanam

464 1919 678 1961 carnem
708 1905 942 1975 suscepit
974 1919 1096 1960 cum
1121 1904 1296 1959 anima
1321 1913 1373 1960 et
1396 1904 1581 1974 spiritu
1602 1944 1618 1971 ,
1650 1904 1843 1973 quibus
1882 1903 2047 1957 inter—

465 1999 794 2057 venientibus
818 1998 1021 2056 habitat
1047 1996 1298 2069 maicstas
1322 1996 1479 2052 Verbi
1509 1996 1575 2049 ab
1604 1995 1820 2049 humani
1850 2008 2045 2064 corpo-

464 2091 539 2146 ris
572 2090 850 2161 fragilitate
882 2091 896 2121 ¹
928 2088 1226 2144 secretius?
1250 2087 1402 2145 Unde
1427 2086 1767 2141 manifestum
1794 2093 1878 2141 est
1904 2085 2050 2141 nullo

463 2183 623 2239 modo
654 2181 886 2254 potuisse
911 2180 1145 2236 Verbum
1178 2180 1272 2235 Dei
1298 2179 1557 2234 maculari
1584 2178 1818 2233 humano
1854 2192 2048 2247 corpo-

461 2289 538 2340 rc,
569 2288 675 2344 quo
700 2287 797 2329 nec
836 2273 947 2342 ipsa
984 2271 1161 2326 anima
1205 2271 1433 2326 humana
1480 2272 1739 2326 maculata
1785 2278 1889 2326 est.
1932 2269 2049 2325 Non

461 2366 601 2421 enim
633 2380 754 2420 cum
784 2365 919 2435 regit
957 2377 1151 2433 corpus
1177 2372 1334 2433 atque
1362 2364 1621 2429 vivificat,
1651 2363 1743 2419 sed
1771 2378 1891 2418 cum
1934 2363 2051 2432 ejus

372 2434 381 2450 ’
460 2459 597 2513 bona
634 2456 876 2511 mortalia
903 2454 1264 2523 concupiscit,
1296 2455 1364 2509 de
1397 2470 1623 2526 corpore
1652 2456 1828 2510 anima
1867 2470 2051 2510 macu-

460 2549 615 2604 latur.
646 2546 797 2615 Quod
839 2549 883 2601 si
908 2546 1101 2600 animae
1126 2546 1362 2601 maculas
1394 2547 1471 2601 illi
1499 2547 1665 2602 vitare
1690 2546 1907 2614 vellent,
1935 2545 2053 2602 haec

462 2640 735 2696 mendacia
765 2640 941 2710 potius
972 2648 1026 2695 et
1051 2639 1325 2710 sacrilegia
1369 2641 1735 2697 formidarent.

530 2734 756 2791 CAPUT
794 2733 1055 2789 V.—H.
1096 2733 1280 2789 Passio
1322 2734 1510 2790 Christi
1556 2747 1601 2790 et
1639 2736 1918 2807 sepultura.
1948 2738 2051 2792 Re-

459 2828 700 2882 surrectio
750 2825 957 2882 Christi.
998 2826 1103 2883 Sed
1142 2841 1302 2897 parva
1342 2837 1458 2883 erat
1506 2844 1601 2898 pro
1643 2828 1799 2885 nobis
1838 2830 2049 2885 Domini

460 2920 628 2975 nostri
659 2920 926 2974 humilitas
963 2920 1015 2974 in
1053 2920 1321 2975 nascendo
1351 2937 1364 2973 :
1389 2921 1612 2976 accessit
1638 2921 1796 2977 etiam
1828 2932 1885 2977 ut
1913 2922 2051 2979 mori

457 3026 555 3082 pro
582 3011 895 3066 mortalibus
921 3012 1254 3081 dignaretur.
1284 3011 1583 3066 lIumiliavil
1606 3014 1749 3068 cnim
1775 3030 1847 3079 se,
1887 3018 2049 3087 factus

458 3104 686 3159 subditus
714 3120 872 3177 usque
908 3104 975 3157 ad
1014 3113 1220 3158 mortem
1241 3146 1255 3171 ,
1284 3114 1495 3158 mortem
1519 3115 1687 3160 autem
1720 3107 1881 3162 crucis
1905 3106 2052 3181 (Plii-

460 3194 587 3265 lipp.
630 3209 687 3260 u,
722 3193 786 3267 8)
815 3211 829 3261 ;
861 3210 928 3251 ne
966 3194 1245 3266 quisquam
1275 3204 1515 3252 nostrum
1560 3197 1769 3253 etiamsi
1818 3208 2049 3256 mortem

459 3297 639 3359 posset
654 3303 759 3343 non
781 3288 988 3353 timere,
1007 3288 1218 3359 aliquod
1235 3305 1399 3360 genus
1419 3292 1625 3359 mortis,
1648 3291 1789 3362 quod
1807 3292 2051 3350 homines

459 3379 1020 3449 ignominiosissimum
1060 3381 1384 3438 arbitrantur
1408 3424 1423 3449 ,
1471 3381 1729 3439 horreret.
1771 3384 2051 3441 Credimus

456 3472 637 3542 itaque
664 3472 716 3526 in
755 3460 876 3527 eum
916 3473 1005 3543 qui
1031 3473 1130 3529 sub
1184 3473 1375 3529 Pontio
1407 3473 1576 3527 Pilato
1618 3475 1901 3531 crucifixus
1930 3485 2047 3545 est,

457 3571 512 3618 et
564 3564 820 3634 sepultus.
862 3564 1178 3619 Addendum
1224 3566 1365 3619 enim
1405 3571 1520 3617 erat
1555 3563 1751 3632 iudicis
1812 3580 2045 3634 nomen,

460 3662 680 3724 propter
722 3664 1022 3724 temporum
1057 3654 1433 3725 cognitionem.
1474 3653 1757 3723 Sepultura
1797 3672 1925 3712 vero
1963 3658 2049 3713 illa

459 3757 579 3799 cum
600 3742 835 3798 creditur
854 3784 870 3811 ,
900 3745 959 3799 fit
998 3744 1296 3799 recordatio
1320 3745 1443 3799 novi
1472 3748 1809 3802 monumenti
1834 3750 1875 3814 ³,
1905 3751 2049 3819 quod

459 3843 829 3891 resurrecturo
880 3835 947 3889 ad
994 3834 1116 3890 vita:
1162 3836 1448 3892 novitatem
1488 3838 1757 3906 praeberet
1796 3842 2049 3897 testimo-

460 3928 637 3995 nium,
673 3928 810 3987 sicut
851 3928 1121 3983 nascituro
1171 3935 1354 3984 uterus
1403 3930 1696 4001 virginalis.
1736 3934 1870 3989 Nam
1911 3936 2051 3993 sicut

460 4021 515 4077 in
554 4021 645 4076 illo
669 4029 1016 4076 monumento
1045 4020 1221 4075 nullus
1253 4020 1388 4077 alius
1418 4031 1660 4079 mortuus
1698 4028 1940 4096 sepultus
1969 4040 2050 4085 est

464 4112 656 4185 (Joan.
690 4128 785 4168 χιχ
807 4155 821 4181 ,
853 4111 957 4186 41)
986 4153 1001 4178 ,
1032 4126 1131 4168 nec
1159 4120 1303 4178 ante,
1344 4129 1443 4169 nec
1472 4124 1655 4184 postea
1692 4133 1706 4183 ;
1752 4117 1832 4173 sic
1876 4119 1927 4174 in
1960 4120 2050 4176 illo

459 4216 616 4265 utero
656 4220 755 4263 nec
784 4215 939 4276 ante,
977 4220 1076 4263 nec
1102 4214 1308 4278 postea,
1340 4207 1630 4279 quidquam
1672 4212 1899 4269 mortale
1922 4226 2051 4269 con-

460 4308 672 4371 ceptum
699 4308 799 4355 cst.

534 4393 623 4448 i2.
652 4392 932 4449 Credimus
953 4392 1114 4449 etiam
1154 4392 1303 4449 illum
1331 4393 1490 4451 tertio
1517 4391 1603 4450 die
1626 4396 1991 4453 resurrexisse
2018 4412 2051 4454 a

461 4484 708 4551 mortuis,
736 4485 1151 4556 primogenitum
1192 4486 1560 4541 consecuturis
1596 4486 1883 4554 fratribus,
1916 4503 2050 4559 quos

459 4577 515 4631 in
561 4576 901 4646 adoptionem
952 4576 1183 4631 filiorum
1228 4578 1321 4632 Dei
1365 4578 1575 4633 vocavit
1618 4578 1839 4650 (Ep/tes.
1871 4596 1910 4649 t,
1956 4580 2045 4650 5),

461 4681 599 4739 quos
625 4668 1033 4738 comparticipes
1062 4676 1117 4724 et
1142 4668 1451 4724 cohaeredes
1488 4682 1614 4725 suos
1654 4684 1773 4726 esse
1800 4671 2050 4743 dignatus

461 4768 565 4816 08!.

532 4850 760 4908 CAPUT
808 4850 895 4906 Vl.
924 4880 994 4892 —
1038 4852 1126 4907 15.
1156 4850 1408 4908 Ascensus
1434 4854 1489 4907 in
1534 4854 1733 4907 caelum.
1766 4854 2049 4911 Credimus

462 4945 518 4999 in
544 4943 738 5000 caelum
760 4942 1095 5011 ascendisse,
1126 4958 1282 5014 quem
1312 4944 1656 5000 beatitudinis
1685 4946 1858 5000 locum
1886 4947 2048 5003 etiam

464 5036 621 5092 nobis
646 5036 929 5106 promisit,
977 5037 1198 5102 dicens,
1246 5036 1411 5091 Erunt
1453 5038 1582 5093 sicut
1617 5038 1798 5110 Angeli
1822 5041 1872 5095 in
1913 5044 2049 5098 cwlis

463 5125 683 5201 (Matth;
698 5142 826 5193 xxu,
843 5126 957 5198 50),
974 5128 1025 5181 in
1043 5128 1131 5182 illa
1148 5128 1378 5194 civitate,
1399 5145 1516 5200 qurc
1530 5138 1612 5185 est
1627 5140 1795 5185 mater
1814 5135 2047 5189 omnium

462 5227 706 5275 nostrum
737 5218 1031 5274 Jerusalem
1062 5230 1261 5275 aeterna
1302 5220 1354 5275 iu
1403 5222 1551 5277 ctelis
1598 5221 1793 5295 (Calat.
1833 5240 1905 5291 tv,
1929 5226 2046 5299 9.6).

462 5311 613 5368 Solet
654 5320 830 5367 autem
869 5311 1126 5383 quosdam
1167 5311 1436 5369 offendere
1466 5315 1547 5369 vel
1594 5315 1785 5386 impios
1811 5315 2052 5374 Gentiles

461 5404 552 5461 vel
578 5403 893 5472 hzereticos,
924 5404 1063 5475 quod
1086 5404 1364 5460 credamus
1404 5415 1733 5477 assumptum
1777 5416 2047 5464 terrenum

464 5512 663 5570 corpus
687 5497 741 5551 in
770 5496 986 5552 caelum.
1023 5496 1128 5552 Sed
1163 5496 1402 5553 Gentiles
1449 5498 1761 5569 plerumque
1808 5500 2051 5569 philoso-

466 5587 695 5657 phorum
723 5584 1051 5656 argumentis
1073 5585 1349 5641 nobiscum
1395 5599 1553 5655 agere
1590 5584 1840 5652 student,
1873 5596 1929 5642 ut
1958 5586 2048 5671 di:

534 5701 551 5730 ι
585 5700 657 5748 sic
676 5704 785 5748 Lov.
814 5703 865 5747 et
895 5695 1113 5748 nonnulli
1145 5704 1251 5747 Mss.
1278 5694 1363 5746 Alii
1381 5708 1500 5748 vero
1519 5710 1627 5747 cum
1642 5704 1739 5760 Er.,
1764 5696 1830 5750 ad
1853 5696 2053 5752 humani

534 5758 685 5807 moris
709 5758 1032 5807 fraailitalem.

1067 5823 1238 5873 verius
1258 5828 1389 5885 Mss,
1411 5821 1715 5873 monumenti.

531 5882 607 5945 (α)
641 5882 898 5934 Manichaei.

1402 394 1493 452 DE
1532 391 1690 451 FIDE
1729 393 1816 449 ET
1854 390 2191 459 SYMBOLO,
2232 391 2291 447 S.
2333 393 2698 449 AUGUSTINI

3644 404 3764 469 188

2159 514 2280 559 cant
2305 515 2573 561 terrenum
2604 508 2801 580 aliquid
2832 510 2883 564 in
2931 511 3067 567 ctelo
3108 527 3228 570 esse
3265 530 3371 572 non
3402 532 3579 588 posse.
3624 521 3753 580 No-

2158 607 2297 654 stras
2349 601 2491 655 enim
2541 601 2841 671 Scripturas
2899 618 3006 657 non
3053 617 3349 675 noverunt,
3401 624 3502 666 nec
3567 613 3759 672 sciunt

2158 691 2427 762 quomodo
2451 691 2649 747 dictum
2677 694 2765 762 sit,
2796 694 3089 750 Seminatur
3104 713 3286 767 corpus
3311 700 3551 769 animale,
3575 708 3757 777 surgit

2159 800 2340 854 corpus
2366 784 2646 854 spirituale.
2688 785 2805 841 Non
2855 788 2997 842 enim
3043 788 3114 842 ita
3167 789 3367 845 dictum
3418 805 3537 861 est,
3595 799 3758 867 quasi

2157 893 2351 948 corpus
2381 887 2617 933 vertatur
2644 880 2695 934 in
2722 880 2992 950 spiritum,
3022 890 3075 936 et
3104 883 3320 953 spiritus
3342 886 3470 953 fiat;
3513 889 3647 959 quia
3697 901 3755 947 et

2159 985 2299 1025 nunc
2316 986 2509 1040 corpus
2544 981 2782 1027 nostrum
2820 973 2960 1043 quod
2998 976 3228 1031 animale
3272 978 3498 1047 dicitur,
3536 996 3651 1036 nim
3695 984 3756 1040 in

2157 1065 2387 1119 animam
2417 1080 2627 1120 versum
2656 1074 2737 1121 est
2762 1076 2815 1122 et
2839 1067 3014 1123 anima
3044 1070 3262 1125 factum.
3308 1071 3416 1128 Sed
3460 1076 3751 1144 Spirituale

2157 1174 2351 1229 corpus
2377 1159 2706 1230 intelligitur,
2740 1160 2881 1231 quod
2909 1161 2978 1215 ita
3022 1161 3231 1232 spiritui
3275 1164 3543 1221 subditum
3576 1178 3666 1223 est
3695 1172 3711 1199 ⁸
3738 1208 3755 1236 ,

2159 1261 2215 1307 ut
2240 1253 2440 1307 caelesti
2473 1252 2789 1308 habitationi
2834 1255 3152 1325 conveniat,
3179 1259 3324 1312 omni
3369 1258 3665 1330 fragilitate
3695 1275 3761 1317 ac

2157 1346 2274 1401 labe
2302 1355 2508 1401 terrena
2543 1346 2595 1401 in
2642 1346 2914 1403 caelestem
2961 1348 3245 1417 puritatem
3294 1357 3348 1405 et
3398 1353 3757 1409 stabilitatem

2157 1449 2357 1495 mutata
2378 1450 2537 1511 atque
2565 1455 2844 1497 conversa.
2885 1439 3011 1497 Haec
3039 1450 3125 1498 est
3168 1443 3497 1515 immutatio,
3532 1445 3606 1502 de
3650 1462 3753 1518 qua

2156 1530 2283 1587 item
2334 1532 2462 1587 dicit
2508 1533 2835 1603 Apostolus:
2868 1532 3054 1589 Omnes
3103 1551 3463 1606 resin-gamus,
3514 1539 3613 1593 sed
3656 1556 3760 1595 non

2156 1639 2325 1678 omnes
2354 1625 2751 1679 immutabimur.
2786 1625 2953 1693 Quam
2983 1626 3407 1683 immutationem
3434 1645 3544 1685 non
3572 1631 3634 1687 in
3665 1633 3762 1689 de-

2158 1717 2320 1772 terius
2340 1760 2353 1783 ,
2384 1717 2479 1773 sed
2502 1719 2554 1771 in
2583 1718 2773 1773 melius
2800 1720 2916 1774 fieri
2941 1719 3097 1776 docet
3133 1720 3273 1776 idem
3292 1762 3306 1788 ,
3350 1738 3471 1778 cum
3498 1723 3663 1791 dicit,
3694 1725 3761 1780 Et

2157 1828 2247 1866 nos
2275 1812 2652 1865 immutabimur
2681 1812 2721 1883 (l
2750 1812 2865 1867 Cor.
2896 1828 2970 1867 xv
2995 1855 3010 1881 ,
3059 1815 3149 1881 44,
3181 1815 3271 1882 51,
3302 1813 3415 1887 52).
3444 1815 3553 1872 Sed
3582 1818 3679 1873 ubi
3708 1828 3761 1874 et

2156 1904 2422 1973 quomodo
2450 1904 2519 1957 sit
2547 1905 2598 1957 in
2628 1904 2764 1959 coelo
2805 1918 2999 1975 corpus
3030 1905 3369 1962 Dominicum
3390 1947 3406 1974 ,
3440 1910 3755 1965 curiosissi-

2155 2011 2301 2051 mum
2332 2004 2383 2049 ct
2412 2009 2867 2065 supervacaneum
2906 2004 2990 2051 est
3037 2012 3318 2066 quaerere;
3366 2002 3752 2057 tantummodo
3796 2003 3805 2011 ”

2156 2088 2207 2142 in
2237 2088 2371 2143 coelo
2400 2102 2521 2143 esse
2544 2086 2868 2143 credendum
2900 2097 3002 2142 est.
3034 2088 3149 2143 Non
3176 2090 3320 2144 enim
3365 2098 3451 2146 est
3489 2091 3760 2164 fragilita-

2154 2182 2224 2238 tis
2253 2190 2450 2237 nostra:
2466 2182 2723 2237 caelorum
2750 2190 2954 2236 secreta
2981 2181 3267 2249 discutere,
3308 2183 3401 2239 sed
3437 2194 3521 2239 est
3548 2194 3759 2242 nostra:

2156 2273 2277 2329 fidei
2304 2273 2369 2327 de
2399 2274 2659 2327 Dominici
2684 2274 2925 2344 corporis
2946 2273 3204 2344 dignitate
3245 2275 3495 2331 sublimia
3539 2284 3599 2334 et
3651 2279 3753 2338 ho-

2154 2374 2305 2421 nesta
2332 2366 2551 2421 sentire.

2225 2455 2451 2511 CAPUT
2481 2454 2669 2511 Vll.-——
2692 2455 2780 2510 M.
2809 2456 2984 2511 Sessio
3015 2456 3087 2511 ad
3106 2457 3367 2512 dexteram
3394 2458 3591 2515 Patris.
3631 2461 3763 2519 Cre-

2155 2547 2334 2603 dimus
2364 2548 2526 2603 etiam
2572 2548 2712 2618 quod
2763 2548 2917 2604 sedet
2959 2549 3028 2605 ad
3086 2549 3359 2607 dexteram
3412 2552 3615 2609 Patris.
3652 2554 3763 2612 Nec

2156 2638 2276 2693 ideo
2302 2646 2480 2693 tamen
2505 2640 2656 2710 quasi
2684 2639 2918 2694 humana
2943 2639 3115 2696 forma
3138 2642 3615 2715 circumscriptum
3638 2662 3763 2706 esse

2156 2730 2322 2785 Deum
2345 2730 2559 2786 Patrem
2594 2730 2961 2787 arbitrandum
3010 2742 3113 2801 est,
3153 2743 3211 2790 ut
3239 2734 3307 2791 de
3336 2736 3429 2791 illo
3461 2738 3762 2807 cogitanti-

2154 2821 2254 2876 bus
2293 2820 2538 2878 dcxtrum
2564 2832 2655 2877 aut
2684 2823 2959 2880 sinistrum
2986 2826 3129 2881 latus
3144 2828 3325 2883 animo
3346 2839 3635 2897 occurrat;
3664 2840 3759 2889 aut

2159 2913 2391 2984 idipsum
2430 2914 2573 2986 quod
2603 2915 2791 2972 sedere
2820 2916 2981 2973 Pater
3009 2917 3224 2986 dicitur,
3274 2917 3425 2976 flexis
3454 2922 3763 2992 poplitibus

2156 3005 2271 3061 fieri
2294 3007 2583 3076 putandum
2606 3017 2707 3074 est,
2738 3023 2807 3064 ne
2832 3009 2887 3063 in
2910 3008 3036 3064 illud
3058 3009 3357 3065 incidamus
3376 3012 3753 3085 sacrilegium,

2155 3096 2210 3152 in
2242 3112 2347 3167 quo
2371 3107 2683 3155 exsecratur
2719 3100 3010 3169 Apostolus
3034 3116 3130 3158 eos
3159 3104 3248 3172 qui
3276 3112 3761 3164 commutaverunt

2156 3188 2379 3259 gloriam
2420 3190 2840 3261 incorruptibilis
2886 3192 2983 3249 Dei
3030 3192 3085 3248 in
3126 3194 3535 3252 similitudinem
3561 3212 3760 3255 corru-

2158 3282 2354 3351 ptibilis
2383 3282 2615 3338 hominis
2647 3284 2828 3354 (Rom.
2856 3301 2893 3349 l,
2923 3284 3039 3357 25).
3074 3285 3202 3342 Tale
3227 3287 3371 3343 enim
3401 3288 3758 3348 simulacrum

2158 3376 2270 3431 Deo
2296 3376 2444 3431 nefas
2472 3387 2554 3432 est
2582 3376 2874 3432 christiano
2923 3378 2977 3432 in
3022 3380 3223 3449 templo
3248 3381 3546 3449 collocare;
3579 3387 3762 3442 multo

2156 3466 2325 3536 magis
2353 3465 2407 3519 in
2437 3466 2600 3521 corde
2631 3466 2895 3521 nefarium
2938 3476 3020 3523 est
3040 3510 3054 3535 ,
3098 3469 3188 3525 ubi
3216 3486 3344 3527 vere
3369 3482 3452 3528 est
3488 3476 3762 3546 templum

2156 3555 2251 3610 Dei
2271 3596 2287 3622 ,
2319 3556 2361 3609 si
2389 3570 2419 3609 a
2444 3564 2655 3611 terrena
2698 3556 2990 3627 cupiditate
3030 3569 3190 3631 atque
3219 3577 3405 3619 errore
3434 3565 3763 3623 muudetur.

2156 3648 2237 3701 Ad
2266 3646 2537 3703 dexteram
2563 3664 2692 3719 ergo
2715 3648 3121 3721 intelligendum
3148 3662 3230 3709 est
3267 3655 3348 3710 sic
3375 3655 3577 3712 dictum
3610 3674 3761 3727 esse,

2156 3739 2210 3793 in
2240 3754 2446 3794 summa
2471 3740 2829 3810 beatitudine,
2859 3744 2948 3798 ubi
2972 3744 3176 3814 iustitia
3205 3755 3260 3801 et
3285 3762 3386 3817 pax
3415 3757 3472 3804 et
3491 3751 3760 3821 gaudium

2155 3840 2275 3887 est:
2304 3831 2443 3886 sicut
2478 3831 2545 3887 ad
2593 3832 2865 3887 sinistram
2908 3834 3048 3889 hardi
3077 3838 3475 3894 constituuntur
3522 3841 3757 3910 (Matth.

2155 3938 2287 3985 xxv,
2320 3923 2409 3993 55)
2430 3965 2444 3987 ,
2474 3923 2527 3977 id
2552 3931 2633 3978 est
2664 3924 2717 3978 in
2748 3925 2963 3981 miseria
2982 3966 2995 3992 ,
3026 3937 3244 3996 propter
3287 3928 3630 4001 iniquitates,
3680 3934 3761 3989 la-

2154 4017 2313 4074 bores
2340 4020 2361 4051 ³
2402 4029 2560 4090 atque
2599 4021 2887 4076 cruciatus.
2930 4022 3131 4078 Sedere
3177 4037 3305 4094 ergo
3358 4025 3503 4094 quod
3551 4027 3761 4085 dicitur

2157 4111 2315 4173 Deus,
2346 4126 2453 4166 non
2483 4113 2848 4168 membrorum
2896 4114 3246 4184 positionem,
3277 4115 3373 4171 sed
3398 4115 3754 4187 iudiciariam

2156 4203 2418 4274 significat
2444 4214 2795 4277 potestatem,
2824 4222 2925 4277 qua
2959 4208 3049 4262 illa
3080 4207 3333 4278 maiestas
3354 4225 3638 4280 nunquam
3671 4228 3761 4271 ca-

2155 4304 2238 4351 rct
2259 4337 2274 4362 ,
2304 4311 2517 4367 semper
2539 4297 2700 4369 digna
2737 4297 2914 4368 dignis
2944 4298 3261 4367 tribuendo;
3294 4301 3538 4371 quamvis
3568 4304 3629 4358 in
3662 4319 3757 4360 ex-

2156 4396 2328 4445 tremo
2346 4389 2548 4461 iudicio
2574 4390 2745 4446 multo
2790 4390 3129 4448 manifestius
3167 4392 3310 4448 inter
3336 4392 3587 4449 homines
3628 4397 3757 4452 uni-

2156 4483 2317 4553 geniti
2345 4482 2464 4537 Filii
2513 4482 2609 4537 Dei
2655 4482 2853 4553 iudicis
2907 4484 3151 4541 vivorum
3190 4494 3352 4556 atque
3402 4494 3754 4544 mortuorum

2155 4575 2369 4630 claritas
2389 4574 2677 4629 indubitata
2696 4574 2873 4631 futura
2894 4576 2963 4631 sit
2979 4576 3021 4629 ³.

2227 4684 2450 4740 CAPUT
2472 4683 2772 4742 Vlli.—-15.
2802 4686 3057 4742 Adventus
3082 4686 3151 4741 ad
3163 4687 3441 4760 judicium.
3462 4687 3754 4748 Credimus

2153 4776 2315 4832 etiam
2342 4775 2463 4831 inde
2506 4786 2790 4833 venturum
2836 4779 3343 4835 convenientissimo
3382 4787 3662 4851 tempore,
3696 4790 3753 4839 et

2151 4870 2504 4940 iudicaturum
2546 4871 2700 4927 vivos
2727 4880 2783 4927 ct
2827 4880 3088 4929 mortuos.
3119 4873 3245 4930 Sive
3284 4872 3401 4929 istis
3440 4873 3749 4932 nominibus

2150 4961 2278 5031 justi
2306 4968 2359 5016 ct
2387 4970 2691 5031 peccatores
2712 4964 3112 5035 significentur;
3154 4965 3267 5021 sive
3293 4980 3427 5036 quos
3466 4974 3593 5021 tunc
3618 4976 3751 5024 ante

2155 5052 2425 5108 mortem"
2452 5054 2506 5109 in
2549 5056 2703 5111 terris
2751 5056 3062 5111 inventurus
3092 5064 3174 5112 est
3193 5057 3443 5127 appellati
3470 5056 3579 5113 sint
3604 5058 3745 5124 vivi,

2158 5152 2353 5207 mortui
2382 5166 2508 5207 vero
2535 5152 2625 5223 qui
2655 5152 2706 5206 in
2734 5152 2849 5221 eius
2892 5151 3122 5207 adventu
3170 5153 3522 5208 resurrecturi
3566 5163 3695 5208 sunt
3728 5169 3742 5206 :

2158 5246 2274 5301 haec
2315 5245 2640 5315 dispensatio
2672 5245 3013 5314 temporalis,
3047 5261 3153 5299 non
3200 5252 3406 5300 tantum
3450 5254 3560 5313 est,
3607 5244 3749 5301 sicut

2157 5337 2245 5393 illa
2271 5337 2543 5407 generatio
2572 5336 2865 5392 secundum
2887 5337 3073 5404 Deum;
3094 5337 3187 5393 sed
3214 5338 3373 5393 etiam
3395 5335 3512 5403 fuit,
3537 5346 3591 5393 et
3614 5338 3742 5392 erit.

2159 5428 2289 5484 Nam
2334 5429 2429 5485 fuit
2453 5428 2713 5485 Dominus
2754 5438 2935 5485 noster
2974 5431 3026 5485 in
3073 5430 3265 5495 terris,
3302 5439 3356 5485 et
3401 5446 3541 5487 nunc
3580 5439 3661 5485 est
3689 5431 3741 5485 in

2159 5522 2317 5591 caelo,
2348 5532 2401 5579 et
2429 5522 2531 5578 erit
2577 5522 2630 5577 in
2669 5521 2907 5578 claritate
2934 5522 3097 5593 iudex
3128 5522 3375 5577 vivorum
3403 5533 3567 5594 atque
3596 5536 3745 5577 mor-

2225 5700 2242 5732 ι
2277 5703 2350 5746 Er.
2372 5704 2424 5746 et
2447 5704 2551 5746 tres
2573 5704 2698 5754 uss,
2724 5696 2933 5761 quiaita
2948 5696 3271 5761 coaptaudum
3292 5700 3381 5747 est.

2224 5762 2245 5793 ί
2279 5767 2397 5823 Tres
2414 5765 2541 5817 Mss,
2566 5758 2761 5823 propter
2783 5758 3047 5823 iniquitatis
3072 5758 3275 5823 labores.

2226 5823 2248 5854 ⁸
2282 5827 2343 5868 tta
2363 5821 2412 5867 in
2428 5827 2533 5869 Mss.
2558 5828 2611 5869 At
2634 5822 2682 5867 in
2701 5821 2912 5882 excusis,
2936 5822 3124 5882 fulsura
3146 5821 3224 5873 sit.

2224 5883 2247 5917 ⁸
2277 5882 2361 5934 uie
2381 5881 2497 5933 editi
2520 5881 2719 5945 addunt,
2739 5881 2950 5937 twstrant
2974 5896 2990 5939 .'
3022 5884 3349 5938 renitentibus
3366 5888 3475 5936 Ms.
