3896 6382
313 616 545 663 tuorum.
588 597 670 656 Ita
711 597 869 653 enim
920 596 1132 664 veniet,
1183 593 1312 651 sicut
1335 592 1586 661 ascendit,
1616 593 1910 650 secundum

325 697 683 756 auctar‘tatem
709 710 839 766 quae
870 693 927 750 in
955 692 1192 749 Actibus
1215 690 1580 761 Apostolorum
1605 690 1909 746 continetur

323 792 448 864 (Act.
476 805 515 858 ι,
540 789 661 860 11).
693 789 778 844 Ex
822 788 926 842 hac
976 787 1164 857 itaque
1209 784 1473 854 temporali
1519 784 1914 855 dispensatione

327 882 552 953 loquitur
586 881 643 935 in
674 878 1006 950 Apecalypsi
1027 919 1044 944 ,
1077 876 1168 932 ubi
1196 876 1444 944 scriptutn
1473 882 1592 931 est:
1627 873 1751 929 Han:
1789 875 1911 929 dicit

321 978 401 1048 qui
429 984 527 1040 est,
549 982 600 1028 et
625 972 717 1041 qui
750 972 867 1039 fuit,
895 979 939 1025 et
963 971 1054 1042 qui
1078 979 1312 1023 venturus
1339 977 1409 1022 est
1436 969 1452 999 ί
1485 967 1671 1038 (Apoc.
1699 983 1738 1035 ι,
1766 966 1845 1039 8).

394 1065 613 1124 CAPUT
649 1063 746 1120 IX.
772 1093 841 1104 —
863 1061 948 1118 16.
983 1061 1066 1116 De
1116 1060 1219 1131 ﬁde
1259 1060 1312 1114 in
1357 1057 1611 1129 Spiritum
1658 1067 1906 1113 sanctum.

329 1158 580 1216 Trinitatis
601 1156 922 1228 mysterium.
952 1151 1384 1209 Similitudinibus
1421 1151 1722 1222 explicatur.
1771 1149 1910 1205 Pro-

322 1252 468 1320 fessio
517 1249 814 1303 christiana:
858 1246 996 1316 ﬁdei.
1034 1243 1112 1298 De
1157 1243 1357 1315 Spiritu
1380 1253 1556 1298 sancto
1591 1243 1762 1315 apinio
1785 1260 1911 1315 quo-

319 1344 576 1409 rumdam,
599 1340 735 1411 quod
755 1339 820 1394 sit
842 1339 950 1408 ipsa
974 1337 1131 1392 deitas
1150 1335 1322 1390 Patris
1347 1346 1393 1390 et
1411 1335 1540 1390 Filii
1561 1352 1581 1391 :
1599 1337 1857 1391 Sanctitas
1877 1353 1909 1391 a

320 1434 610 1490 sancimdo.
645 1433 858 1503 Digesta
892 1430 1071 1499 itaque
1098 1428 1328 1499 ﬁdeique
1348 1429 1722 1484 commendata
1749 1437 1803 1484 et
1829 1429 1911 1484 di-

319 1527 476 1580 vina’
501 1524 847 1596 generatione
875 1523 1084 1578 Domini
1123 1521 1291 1578 nostri
1335 1530 1389 1577 et
1431 1521 1662 1577 humana
1697 1521 1912 1592 dispen-

317 1618 545 1682 satione,
576 1615 882 1687 adjungitur
909 1612 1240 1670 confessioni
1268 1622 1468 1670 nostra;
1486 1656 1500 1680 ,
1532 1613 1598 1669 ad
1627 1613 1908 1684 perﬁcien-

317 1708 439 1764 dam
470 1707 633 1763 ﬁdem
660 1723 778 1778 qua:
806 1705 962 1762 nobis
989 1704 1057 1760 de
1086 1705 1196 1760 Deo
1223 1715 1338 1771 est,
1402 1705 1634 1777 Spiritus
1653 1715 1871 1762 sanctus
1889 1745 1906 1773 ,

317 1816 424 1856 non
453 1800 660 1856 minore
681 1799 702 1830 ³
732 1808 919 1855 natura
945 1812 1104 1870 quam
1126 1798 1284 1852 Pater
1309 1805 1362 1853 et
1391 1797 1582 1866 Filius,
1606 1798 1700 1853 sed
1720 1839 1735 1865 ,
1759 1807 1816 1852 ut
1837 1799 1908 1853 ita

317 1893 492 1949 dicam
518 1936 535 1962 ,
563 1891 1031 1948 eonsubstantialis
1057 1899 1112 1947 et
1140 1901 1475 1957 cozeternus;
1506 1893 1629 1962 quia
1660 1891 1761 1948 ista
1790 1891 1910 1948 Tri-

322 1985 463 2039 nitas
487 1999 625 2038 unus
643 1993 726 2040 est
766 1983 902 2039 Deus
929 2001 943 2038 :
969 1998 1077 2038 non
1121 1991 1180 2037 ut
1234 1982 1376 2038 idem
1415 1984 1483 2038 sit
1524 1983 1684 2040 Pater
1725 1985 1814 2054 qui
1854 1992 1910 2041 et

329 2075 502 2130 Filius
529 2085 584 2131 et
606 2074 827 2146 Spiritus
849 2083 1092 2140 sanctus;
1117 2073 1212 2129 sed
1242 2082 1299 2128 ut
1320 2074 1480 2129 Pater
1523 2075 1593 2130 sit
1631 2075 1810 2144 Pater,
1853 2083 1910 2133 et

333 2167 503 2224 Filius
526 2169 594 2224 sit
621 2167 784 2224 Filius
802 2209 819 2237 ,
844 2176 897 2224 et
917 2167 1146 2239 Spiritus
1173 2177 1391 2224 sanctus
1421 2169 1491 2224 sit
1519 2168 1748 2240 Spiritus
1773 2184 1901 2226 san-

322 2267 464 2325 ctus,
496 2269 550 2314 et
577 2258 692 2314 inec
720 2258 940 2315 Trinitas
970 2273 1108 2315 unus
1134 2260 1276 2315 Deus
1294 2301 1309 2326 ,
1334 2260 1472 2316 sicut
1493 2260 1750 2332 scriptum
1789 2270 1904 2331 est,

314 2349 472 2416 Audi,
497 2347 682 2416 Israel,
709 2347 955 2406 Dominus
980 2350 1120 2406 Deus
1141 2362 1272 2419 tuus,
1299 2351 1439 2406 Deus
1465 2369 1597 2408 unus
1618 2365 1690 2408 est
1722 2353 1900 2427 (Dent.

312 2455 386 2509 vt,
412 2441 491 2511 ι).
526 2441 727 2497 Tamen
751 2443 797 2497 si
823 2443 1215 2515 interrogemur
1241 2443 1308 2500 de
1334 2445 1557 2516 singulis
1580 2486 1595 2512 ,
1619 2453 1673 2502 et
1697 2445 1904 2504 dicatur

311 2534 497 2602 nobis,
545 2534 688 2591 Deus
734 2545 818 2592 est
863 2535 1062 2592 Pater?
1106 2536 1580 2606 respondebimus,
1632 2539 1793 2596 Deus.
1845 2539 1904 2597 Si

307 2633 576 2698 quaeratur
601 2638 778 2682 utrum
809 2628 951 2683 Deus
978 2627 1047 2683 sit
1074 2626 1241 2683 Filius
1261 2668 1276 2694 ,
1308 2627 1409 2684 hoc
1431 2629 1898 2699 respondebimus.

306 2719 452 2786 Nec,
482 2721 526 2776 si
562 2720 724 2776 fuerit
766 2720 835 2777 de
883 2721 1084 2792 Spiritu
1134 2730 1322 2777 saneto
1363 2723 1484 2779 talis
1529 2723 1902 2796 interrogatio,

305 2812 446 2867 aliud
477 2828 597 2868 eum
649 2827 771 2869 esse
815 2812 1073 2869 debemus
1119 2813 1445 2885 reSpondere
1485 2829 1643 2885 quam
1691 2815 1902 2873 Deum:

304 2905 653 2964 vehementer
678 2917 932 2963 caventes
952 2906 1029 2962 sic
1051 2907 1315 2978 accipere,
1332 2908 1600 2978 quomodo
1638 2908 1704 2965 de
1730 2908 1903 2966 homi-

312 2999 465 3056 nibus
492 3001 691 3056 dictum
720 3009 805 3057 est
833 3043 848 3065 ,
892 2999 981 3054 Dii
1026 3001 1146 3055 estis
1199 3000 1370 3072 (Psal.
1421 3017 1604 3070 um,
1661 3000 1740 3074 6).
1784 3001 1899 3058 Non

310 3078 448 3148 enim
475 3103 598 3147 sunt
626 3091 942 3148 naturaliter
962 3092 1067 3158 dii,
1097 3092 1421 3164 quicumque
1447 3101 1570 3148 sunt
1593 3093 1718 3149 lacti
1739 3101 1900 3166 atque

307 3183 506 3240 conditi
559 3201 622 3238 ex
667 3185 832 3240 Patre
878 3199 974 3254 per
1011 3184 1208 3240 Filium
1249 3183 1391 3240 dono
1427 3183 1654 3255 Spiritus
1707 3184 1897 3242 sancti.

303 3274 423 3348 Ipsa
450 3277 591 3334 enim
620 3276 953 3347 signiﬁcatur
983 3275 1218 3332 Trinitas
1237 3317 1252 3343 ,
1281 3290 1405 3332 cum
1429 3276 1717 3347 Apostolus
1745 3275 1897 3343 dicit,

308 3367 566 3438 Quoniam
591 3370 805 3441 tax-ipso,
828 3379 875 3423 et
904 3369 1108 3440 inipso,
1156 3379 1202 3424 ct
1242 3387 1332 3441 per
1371 3371 1539 3441 ipsum
1573 3381 1689 3426 sunt
1727 3372 1900 3426 omnia

306 3463 486 3532 (Rom.
516 3478 592 3528 ιι,
620 3462 733 3536 56).
763 3463 1076 3533 Quanquam
1104 3477 1232 3534 ergo
1259 3463 1326 3519 de
1372 3462 1596 3534 singulis
1623 3462 1645 3495 δ
1667 3463 1899 3520 interro-

301 3555 412 3626 gati
458 3554 875 3626 reSpondeamus
902 3555 1069 3610 Deum
1093 3569 1214 3611 esse
1256 3555 1325 3610 de
1353 3569 1458 3626 quo
1485 3556 1761 3626 quaeritur,
1783 3555 1899 3613 sive

307 3635 526 3703 Patrem
550 3691 565 3718 ,
594 3650 701 3705 sive
731 3648 959 3718 Filium,
1008 3648 1121 3704 sive
1168 3647 1426 3720 Spiritum
1463 3658 1746 3716 sanetum;
1787 3663 1897 3706 non

309 3747 494 3794 tamen
532 3748 636 3796 tres
680 3739 812 3798 deos
853 3755 885 3796 a
933 3739 1088 3796 nobis
1137 3740 1242 3797 coli
1287 3741 1570 3812 quisquam
1612 3742 1895 3799 existima-

302 3833 469 3889 verit.

376 3925 465 3980 17.
493 3923 604 3982 Nec
627 3926 824 3981 mirum
852 3925 993 3998 quod
1029 3926 1144 3982 haec
1182 3923 1251 3982 de
1279 3924 1535 3982 ineffabili
1577 3934 1766 3983 natura
1805 3926 1893 3985 di-

297 4027 519 4086 Cuntur,
547 4035 675 4075 cum
704 4020 760 4074 in
786 4019 851 4075 iis
888 4018 1048 4075 etiam
1077 4019 1239 4076 rebus
1267 4033 1400 4090 quas
1426 4020 1700 4091 corporeis
1724 4020 1893 4078 oculis

296 4114 593 4182 cernimus,
635 4120 691 4170 et
718 4127 980 4185 corporeo
1014 4129 1177 4170 sensu
1202 4113 1593 4186 dijudiramus,
1645 4115 1748 4173 tale
1787 4115 1889 4171 ali-

297 4204 428 4276 quid
450 4205 675 4261 accidat.
702 4204 837 4260 Nam
865 4220 986 4262 cum
1007 4205 1075 4262 de
1100 4206 1246 4263 fonte
1270 4206 1599 4278 interrogati,
1625 4223 1731 4264 non
1762 4223 1886 4282 pos-

294 4295 472 4354 simus
500 4295 682 4352 dicere
709 4295 850 4368 quod
892 4296 1008 4368 ipse
1053 4297 1124 4354 sit
1147 4296 1375 4366 ﬂuvius;
1402 4313 1505 4354 nec
1529 4297 1597 4355 de
1617 4298 1780 4356 ﬂuvio
1807 4302 1890 4358 in-

298 4391 556 4463 terrogati
577 4391 848 4462 possimus
897 4406 1018 4447 eum
1059 4390 1262 4448 fontem
1310 4406 1538 4460 vocare;
1583 4403 1640 4450 et
1679 4410 1890 4452 rursum

292 4484 574 4556 potionem
606 4499 728 4556 qua:
765 4483 834 4540 de
875 4483 1021 4540 fonte
1061 4485 1149 4542 vel
1193 4483 1357 4542 ﬂuvio
1384 4495 1508 4555 est,
1538 4500 1642 4542 nec
1667 4487 1889 4544 ﬂuvium

295 4575 567 4648 possimus
592 4575 864 4648 appellare
887 4591 987 4632 nec
1011 4575 1212 4634 fontem
1243 4596 1259 4635 :
1289 4588 1468 4636 tamen
1511 4579 1566 4634 in
1594 4579 1696 4636 bac
1734 4580 1889 4637 trini-

292 4675 409 4725 tate
433 4685 627 4741 aquam
653 4673 991 4728 nominamus
1009 4713 1023 4740 ,
1047 4679 1248 4730 etcum
1274 4673 1342 4729 de
1361 4673 1584 4745 singulis
1610 4673 1886 4745 quaeritur,

291 4760 604 4832 singillatim
633 4777 826 4833 aquam
852 4764 1256 4834 respondemus.
1277 4763 1412 4820 Nam
1434 4765 1478 4820 si
1498 4780 1681 4836 quaero
1709 4773 1888 4824 utrum

291 4867 434 4926 aqua
465 4853 519 4909 in
541 4852 687 4911 fonte
715 4855 806 4922 sit,
829 4855 1185 4926 respondetur
1212 4872 1384 4929 aqua;
1415 4866 1471 4914 et
1509 4858 1553 4914 si
1581 4874 1885 4930 quzeramus

290 4954 480 5001 utrum
504 4961 642 5016 aqua
668 4945 738 5002 sit
777 4947 832 5002 in
883 4946 1066 5017 ﬂuvio,
1094 4947 1226 5003 nihil
1256 4948 1401 5004 aliud
1429 4950 1804 5021 respondetur,
1833 4961 1889 5009 et

289 5034 353 5092 in
382 5035 472 5092 illa
517 5036 736 5108 potione
780 5052 886 5094 non
925 5039 1118 5108 poterit
1145 5055 1265 5096 esse
1289 5041 1391 5097 alia
1417 5043 1698 5113 responsio
1733 5061 1747 5100 :
1787 5058 1886 5102 nec

291 5137 480 5184 tamen
503 5143 597 5185 eas
623 5137 732 5186 tres
749 5145 935 5202 aquas,
963 5131 1057 5188 sed
1081 5148 1239 5188 unam
1259 5133 1506 5189 dicimus.
1532 5135 1674 5191 Sane
1693 5150 1887 5192 caven-

295 5219 422 5278 dum
455 5231 539 5277 est
583 5237 652 5294 ne
702 5223 982 5296 quisquam
1026 5224 1351 5282 ineﬂ‘abilem
1401 5227 1548 5283 illius
1590 5228 1886 5300 majestatis

296 5315 650 5373 substantiam
680 5317 818 5374 sicut
853 5317 1054 5376 fontem
1081 5320 1242 5377 istum
1274 5320 1539 5377 visibilem
1574 5330 1734 5394 atque
1758 5339 1881 5382 cor-

291 5425 514 5483 porcum
537 5412 621 5470 vel
647 5411 863 5469 ﬂuvium
891 5413 974 5470 vel
995 5414 1268 5486 potionem
1288 5415 1506 5488 cogitet.
1535 5415 1596 5472 In
1621 5415 1705 5474 his
1729 5418 1880 5477 enim

287 5516 429 5574 aqua
455 5503 547 5558 illa
568 5518 689 5576 qua:
713 5507 933 5560 nuncin
962 5503 1111 5563 fonte
1135 5514 1222 5562 est
1241 5547 1259 5576 ,
1286 5507 1396 5563 exit
1422 5507 1478 5564 in
1504 5507 1750 5580 ﬂuvium,
1777 5525 1879 5570 nec

351 5663 372 5696 ⁸
404 5663 989 5735 mmuﬂuttmest.
1014 5672 1215 5729 Attus,
1237 5665 1671 5732 manentia-tuest.
1694 5676 1878 5735 Graec,
1913 5669 1933 5688 ‘

283 5735 322 5777 θ
1696 5795 1877 5850 (θυίω-

343 5850 484 5943 ξεεη
501 5845 689 5943 me;
709 5845 1373 5926 Μῆοωείτοιῖίέιεεεξηόυω,
1397 5845 1492 5908 non

403 5911 590 5943 Qm‘ﬁm
627 5925 685 5943 ηε
729 5911 820 5943 hoc
884 5923 927 5943 η
973 5915 1089 5943 ml...
1171 5919 1506 5943 Ληηλμκμηηι.
1554 5934 1664 5943 υ.--
1705 5923 1761 5943 .1-
1789 5923 1826 5943 ,ι

373 5911 837 6042 Mss.
972 5913 1128 5979 editi,
1145 5911 1506 5986 'Quodauttque
1548 5934 1665 5988 ergo
1699 5923 1762 5977 de
1783 5923 1880 5979 εἰη.

1749 477 1946 535 LIBER
1985 477 2183 536 UNUS.

2021 591 2077 647 in
2101 605 2161 647 se
2187 601 2399 661 manet;
2431 601 2486 651 et
2513 609 2632 651 cum
2658 595 2726 654 de
2747 596 2908 656 ﬂuvio
2936 601 3020 658 vel
3044 601 3112 659 de
3148 601 3300 661 fonte
3342 604 3396 661 in
3427 607 3601 677 potio-

2019 699 2139 740 nem
2172 687 2390 753 transit,
2415 702 2520 741 nou
2550 688 2621 743 ibi
2650 702 2941 761 permanet,
2970 694 3112 750 unde
3134 695 3385 752 sumitur.
3414 694 3597 768 Itaque

2019 777 2130 833 ﬁeri
2158 788 2331 849 potest
2359 789 2413 834 ut
2439 780 2627 836 eadem
2653 798 2789 854 aqua
2817 799 2959 840 nunc
2985 785 3051 840 ad
3084 785 3248 842 fontis
3276 788 3593 859 appellatio-

2018 886 2139 926 nem
2180 871 2459 941 pertineat,
2490 890 2630 929 nunc
2675 875 2743 930 ad
2782 875 2960 944 ﬂuvii,
3017 893 3157 934 nunc
3197 880 3264 935 ad
3313 881 3546 950 potionis
3578 899 3594 938 :

2017 978 2136 1020 cum
2165 965 2218 1020 in
2260 965 2347 1020 illa
2394 966 2649 1022 Trinitate
2688 967 2976 1024 dixerimus
3024 985 3128 1025 non
3177 985 3336 1041 posse
3385 971 3500 1028 ﬁeri
3537 981 3594 1028 ut

2017 1055 2174 1113 Pater
2202 1057 2484 1127 aliquando
2507 1058 2577 1114 sit
2615 1059 2813 1128 Filius,
2864 1059 3152 1132 aliquando
3209 1063 3440 1132 Spiritus
3472 1080 3596 1120 san-

2016 1160 2161 1216 ctus;
2190 1152 2323 1206 sicut
2348 1153 2400 1205 in
2426 1153 2617 1209 arbore
2637 1170 2745 1209 non
2772 1163 2854 1210 est
2880 1155 3033 1211 radix
3055 1156 3155 1211 nisi
3179 1156 3350 1224 radix,
3381 1173 3479 1214 nec
3503 1172 3592 1215 ro-

2015 1241 2117 1297 bur
2144 1251 2226 1296 est
2253 1242 2392 1296 aliud
2418 1259 2572 1314 quam
2599 1245 2781 1312 robur,
2810 1262 2910 1302 nec
2932 1262 3112 1302 ramos
3137 1247 3239 1303 nisi
3266 1263 3444 1305 ramos
3475 1263 3596 1321 pose

2015 1351 2200 1392 sumus
2219 1337 2397 1393 dicere
2426 1357 2438 1392 :
2468 1355 2574 1394 non
2604 1341 2745 1396 enim
2776 1341 2914 1412 quod
2943 1342 3136 1398 dicitur
3176 1343 3326 1398 radix
3349 1385 3363 1410 ,
3410 1343 3460 1399 id
3500 1359 3597 1414 ρο-

2016 1436 2120 1484 test
2145 1428 2248 1485 dici
2271 1430 2432 1484 robur
2467 1440 2519 1485 et
2549 1433 2714 1499 rami;
2745 1448 2844 1490 nec
2873 1433 3073 1505 lignum
3102 1435 3243 1506 quod
3275 1436 3504 1506 pertinet
3529 1433 3597 1491 ad

2014 1525 2246 1581 radicem
2267 1568 2280 1593 ,
2311 1535 2485 1596 potest
2510 1528 2686 1598 aliquo
2708 1530 2934 1584 transitu
2962 1545 3107 1586 nunc
3133 1529 3185 1584 in
3214 1529 3395 1586 radice
3435 1544 3554 1585 esse
3575 1567 3590 1596 ,

2013 1633 2154 1675 nunc
2181 1619 2235 1674 in
2258 1620 2450 1676 robore
2471 1663 2486 1688 ,
2513 1636 2654 1676 nunc
2683 1622 2738 1676 in
2767 1623 2950 1690 ramis,
2999 1622 3092 1679 sed
3135 1622 3502 1678 tantummodo
3542 1621 3597 1677 in

1968 1721 1975 1726 '
2014 1711 2193 1768 radice
2217 1731 2230 1766 :
2254 1727 2374 1768 cum
2398 1713 2486 1768 illa
2516 1715 2698 1785 regula
2733 1715 2965 1771 nominis
2989 1725 3236 1782 maneat,
3267 1727 3325 1771 ut
3354 1716 3504 1772 radix
3530 1715 3598 1772 li-

2013 1817 2173 1874 gnum
2203 1804 2301 1871 sit,
2327 1806 2814 1877 etroburlignum,
2846 1817 2898 1862 et
2945 1807 3082 1862 rami
3109 1807 3346 1879 lignum;
3380 1821 3479 1862 nec
3516 1815 3596 1861 ta-

2013 1911 2136 1953 men
2164 1898 2261 1953 tria
2282 1898 2422 1969 ligna
2444 1899 2710 1968 dicantur,
2743 1900 2836 1956 sed
2866 1916 3048 1956 unum.
3069 1903 3174 1956 Aut
3193 1900 3239 1957 si
3261 1901 3374 1956 haec
3400 1899 3599 1956 habent

2012 1989 2242 2060 aliquam
2288 1989 2808 2061 dissimilitudinem,
2854 2004 2912 2049 ut
2958 1993 3162 2064 possint
3211 2008 3314 2048 non
3367 1991 3596 2048 absurde

2011 2080 2113 2136 tria
2140 2082 2280 2152 ligna
2318 2081 2440 2146 dici,
2473 2092 2690 2155 propter
2727 2085 2996 2140 ﬁrmitatis
3023 2085 3421 2150 diversitatem;
3462 2080 3595 2138 illud

2010 2180 2158 2228 certe
2191 2187 2378 2228 omnes
2402 2174 2732 2242 concedunt,
2762 2176 2807 2230 si
2833 2191 2899 2230 ex
2937 2192 3045 2230 uno
3085 2175 3232 2230 fonte
3263 2175 3363 2229 tria
3405 2173 3595 2246 pocula

2010 2265 2349 2336 impleantur,
2379 2280 2536 2336 posse
2555 2266 2657 2322 dici
2695 2267 2793 2321 tria
2826 2268 3010 2336 pocula
3031 2305 3046 2334 ,
3079 2276 3187 2321 tres
3215 2274 3394 2320 autem
3431 2279 3596 2336 aquas

2009 2371 2118 2412 non
2144 2369 2302 2426 posse
2321 2355 2425 2411 dici
2442 2397 2457 2422 ,
2489 2355 2584 2412 sed
2612 2357 2830 2412 omnino
2856 2371 3014 2411 unam
3043 2370 3265 2426 aquam;
3289 2368 3594 2425 quanquam

2009 2445 2077 2503 de
2121 2446 2342 2524 singulis
2370 2447 2575 2517 poculis
2613 2439 2970 2517 interrogatus
3009 2446 3064 2501 in
3114 2444 3354 2516 quolibet
3399 2445 3592 2500 horum

2008 2554 2198 2612 aquam
2229 2553 2349 2596 esse
2373 2538 2697 2610 reSpondeas
2723 2557 2736 2594 :
2771 2526 3014 2610 quamvis
3036 2539 3210 2595 nullus
3227 2539 3312 2594 hic
3337 2539 3595 2594 transitus

2008 2631 2118 2698 ﬁat,
2151 2633 2289 2688 sicut
2310 2631 2377 2688 de
2414 2633 2560 2688 fonte
2603 2632 2658 2687 in
2700 2630 2916 2687 ﬂuvium
2947 2631 3276 2688 dicebamus.
3325 2631 3431 2688 Sed
3475 2631 3591 2687 lucc

2007 2741 2115 2781 non
2149 2734 2364 2797 propter
2392 2726 2535 2782 illius
2569 2725 2766 2781 divina:
2799 2734 3002 2782 naturae
3037 2726 3438 2783 similitudinem
3461 2767 3474 2792 ,
3499 2724 3595 2781 sed

2008 2828 2225 2890 pr0pter
2251 2818 2537 2873 visibilium
2563 2819 2722 2876 etiam
2751 2818 3003 2875 unitatem
3026 2817 3326 2890 corporalia
3346 2817 3591 2889 exempla

2005 2907 2131 2964 data
2161 2918 2320 2978 sunt,
2346 2919 2406 2964 ut
2440 2910 2822 2982 intelligeretur
2848 2909 2961 2966 ﬁeri
3000 2925 3157 2982 posse
3195 2918 3255 2966 ut
3294 2909 3468 2981 aliqua
3497 2908 3594 2964 tria

2006 3017 2113 3058 non
2147 3011 2349 3057 tantum
2375 3002 2712 3074 singillatim,
2737 3003 2832 3060 sed
2867 3005 3030 3060 etiam
3075 3005 3234 3060 simul
3272 3019 3436 3060 unum
3478 3004 3595 3060 sin-

2004 3094 2186 3164 gulare
2210 3110 2405 3151 nomen
2432 3096 2742 3162 obtineant;
2790 3111 2890 3152 nec
2926 3097 3209 3167 quisquam
3267 3097 3490 3152 miretur
3536 3104 3593 3153 et

2005 3184 2292 3241 absurdum
2337 3196 2486 3256 putet
2527 3187 2670 3258 quod
2701 3188 2866 3244 Deum
2896 3187 3126 3245 dicimus
3152 3187 3386 3258 Patrem,
3425 3191 3593 3247 Deum

2005 3275 2234 3346 Filium,
2275 3277 2442 3333 Deum
2483 3277 2741 3348 Spiritum
2793 3288 3072 3346 sanetum,
3115 3295 3217 3337 nec
3265 3289 3442 3338 tamen
3486 3289 3594 3338 tres

2003 3366 2134 3424 deos
2163 3369 2214 3423 in
2241 3367 2341 3426 ista
2367 3369 2649 3438 Trinitate,
2673 3370 2768 3426 sed
2785 3386 2949 3426 unum
2971 3371 3140 3429 Deum
3168 3389 3434 3446 unamque
3458 3373 3590 3430 sub-

2002 3460 2250 3516 stantiam
2280 3462 2321 3516 ⁸.

2077 3554 2164 3609 18.
2195 3554 2263 3610 Et
2285 3553 2352 3611 de
2381 3555 2538 3613 Patre
2566 3556 2783 3628 quidem
2813 3572 2876 3613 ac
2905 3557 3044 3613 Filio
3083 3558 3264 3614 multis
3300 3558 3449 3616 libris
3474 3558 3588 3616 dis-

2001 3655 2286 3702 seruerunt
2332 3647 2478 3703 docti
2515 3657 2570 3704 et
2610 3649 2913 3720 spirituales
2939 3650 2960 3681 ²
2988 3649 3127 3718 viri,
3177 3649 3370 3720 quibus
3413 3665 3586 3722 quan-

2001 3745 2114 3794 tum
2138 3738 2380 3796 homines
2407 3739 2710 3798 hominibus
2739 3750 3015 3812 poterant,
3049 3750 3103 3798 et
3137 3741 3588 3812 quemadmodum

2000 3845 2108 3886 non
2129 3846 2264 3887 unus
2289 3841 2431 3888 esset
2456 3831 2612 3888 Pater
2631 3841 2687 3888 et
2714 3833 2916 3902 Filius,
2945 3832 3041 3888 sed
3070 3849 3232 3889 unum
3273 3841 3491 3899 essent;
3533 3842 3590 3890 et

1999 3925 2127 3997 quid
2148 3926 2359 3998 proprie
2381 3925 2541 3982 Pater
2563 3936 2739 3995 esset,
2756 3936 2810 3983 et
2835 3927 2962 3998 quid
2991 3923 3157 3983 Filius
3187 3927 3458 3983 insinuare
3497 3941 3592 3983 (ιο⁴

1999 4017 2112 4074 nati
2135 4025 2295 4074 sunt:
2327 4019 2469 4089 quod
2499 4019 2588 4075 ille
2611 4020 2838 4092 genitor,
2872 4020 2960 4076 hic
2986 4021 3230 4092 genitus;
3259 4021 3350 4077 ille
3386 4035 3494 4076 non
3520 4021 3589 4078 de

1999 4109 2156 4178 Filio,
2185 4109 2272 4167 hic
2296 4111 2363 4170 de
2378 4111 2536 4169 Patre
2559 4129 2573 4178 ;
2593 4111 2750 4185 hujus
2778 4113 2869 4170 ille
2893 4113 3235 4185 principium,
3255 4115 3397 4171 unde
3422 4123 3477 4171 et
3495 4129 3586 4171 ca-

1998 4211 2094 4274 put
2122 4201 2323 4257 Christi
2348 4203 2538 4258 dicitur
2578 4204 2630 4276 (l
2653 4205 2769 4260 Cor.
2803 4221 2880 4273 ιι,
2904 4203 2982 4278 3),
3011 4207 3251 4278 quamvis
3268 4216 3322 4264 et
3340 4207 3588 4266 Christus

1998 4292 2315 4364 principium
2345 4291 2520 4363 (Joan.
2552 4311 2647 4351 vm
2666 4337 2682 4364 ,
2715 4296 2829 4368 25),
2858 4297 2953 4353 sed
2980 4314 3085 4353 non
3105 4299 3310 4366 Patris;
3344 4300 3430 4356 hic
3459 4316 3589 4356 vero

1997 4382 2141 4438 illius
2168 4383 2341 4454 imago
2369 4383 2587 4454 (Coloss.
2624 4387 2674 4453 1,
2710 4387 2838 4458 l5),
2879 4389 3122 4458 quamvis
3147 4390 3291 4444 nulla
3321 4405 3389 4444 ex
3433 4379 3589 4459 parte

1995 4473 2270 4529 dissimilis
2297 4482 2350 4529 et
2380 4475 2600 4531 omnino
2619 4475 2987 4533 indiderenter
3008 4479 3247 4548 aequalis.
3270 4479 3588 4538 Tractantur

1996 4564 2112 4621 haec
2139 4565 2300 4622 latius
2327 4566 2394 4620 ab
2421 4567 2499 4621 eis
2524 4569 2612 4638 qui
2647 4583 2752 4623 non
2781 4578 2884 4625 tam
2915 4569 3151 4625 breviter
3177 4586 3332 4641 quam
3356 4586 3477 4638 nos,
3511 4583 3588 4628 to-

1995 4656 2100 4713 tius
2115 4657 2418 4714 Christianae
2434 4657 2557 4714 ﬁdei
2572 4658 2955 4729 professionem
2965 4663 3153 4718 volunt
3167 4663 3455 4734 explicare.
3490 4665 3588 4721 tta-

1994 4765 2099 4822 que
2125 4750 2180 4805 in
2199 4759 2458 4822 quantum
2474 4751 2639 4808 Filius
2655 4761 2756 4821 est,
2774 4752 2842 4809 de
2863 4753 3020 4811 Patre
3044 4755 3253 4826 accepit
3274 4766 3332 4812 ut
3351 4756 3441 4825 sit,
3456 4773 3582 4814 cum

1995 4840 2085 4896 ille
2114 4839 2181 4898 de
2205 4841 2342 4897 Filio
2361 4841 2413 4898 id
2433 4857 2543 4899 non
2559 4844 2827 4914 acceperit
2847 4862 2861 4900 :
2885 4845 3011 4901 etin
3031 4855 3286 4917 quantum
3305 4847 3582 4905 hominem

1993 4933 2304 4991 mutabilem
2318 4935 2526 4992 scilicet
2540 4946 2837 4994 creaturam
2854 4939 2909 4994 in
2926 4940 3116 4996 melius
3129 4942 3583 5014 commutandam,

1992 5024 2252 5084 ineﬂabili
2278 5028 2648 5086 misericordia
2672 5073 2688 5100 ,
2717 5032 2998 5103 temporali
3025 5032 3426 5105 dispensatione
3455 5051 3582 5094 sus-

1991 5119 2166 5192 cepit,
2199 5121 2367 5178 multa
2402 5121 2472 5178 de
2506 5122 2597 5178 illo
2626 5123 2679 5178 in
2710 5122 3002 5195 Scripturis
3029 5125 3372 5184 inveniuntur
3399 5128 3474 5184 ita
3503 5129 3585 5185 di-

1990 5219 2098 5278 cta,
2127 5220 2183 5268 ut
2208 5213 2397 5284 impias
2421 5211 2792 5270 haereticorum
2817 5226 3024 5273 mentes
3048 5220 3194 5288 prius
3218 5219 3459 5277 volentes
3489 5221 3586 5277 do-

1989 5318 2116 5363 cere
2153 5322 2314 5380 quam
2344 5323 2503 5365 nosse
2526 5349 2542 5377 ,
2581 5308 2636 5364 in
2665 5323 2905 5367 errorem
2941 5313 3220 5381 miserint,
3250 5321 3310 5369 ut
3338 5321 3589 5385 putarent

1989 5415 2114 5458 eum
2134 5417 2239 5458 non
2261 5402 2520 5474 aequalem
2541 5402 2706 5472 Patri,
2726 5420 2826 5462 nec
2848 5403 3088 5477 ejusdem
3109 5421 3226 5464 esse
3246 5407 3580 5475 substantiae,

1989 5499 2165 5571 qualia
2193 5507 2318 5554 sunt
2357 5497 2480 5568 illa,
2513 5498 2767 5567 Quoniam
2796 5500 2957 5558 Pater
2984 5505 3150 5574 major
3175 5519 3252 5556 me
3280 5512 3350 5556 est
3379 5500 3579 5574 (Joan.

1988 5607 2103 5659 xxv,
2135 5590 2244 5664 28)
2277 5609 2292 5660 ;
2323 5602 2406 5661 et,
2438 5592 2602 5667 Caput
2643 5597 2869 5652 mulieris
2889 5598 2965 5650 vir
2988 5637 3002 5660 ,
3034 5604 3184 5664 caput
3209 5593 3301 5646 viri
3325 5591 3579 5659 Christus,

1989 5696 2143 5758 caput
2161 5697 2330 5744 autem
2354 5687 2543 5746 Christi
2572 5689 2707 5745 Deus
2732 5689 2788 5758 (Ι
2816 5689 2934 5744 Cor.
2960 5703 3033 5753 ιι,
3051 5688 3085 5742 ’5
3109 5684 3129 5758 )
3159 5703 3174 5752 ;
3199 5695 3274 5755 et,
3306 5685 3451 5743 Tunc
3470 5689 3584 5759 ipsa

2053 5866 2069 5897 ί
2108 5872 2236 5924 Mss,
2251 5865 2336 5915 sed
2367 5878 2515 5916 unum
2547 5863 2758 5918 calanus
2791 5877 3028 5924 imamque
3060 5865 3389 5920 substantiam.

1985 5927 2072 6041 ma
2103 5933 2158 5977 ιιι
2194 5927 2441 5994 vulgatis,
2496 5927 2724 5996 religiosi.
2755 5928 2901 5992 cuius
2933 5926 3041 5982 loco
3087 5930 3139 5983 in
3180 5937 3311 5994 uss...
3353 5926 3584 5994 spiritua-
