3882 6396
73 321 185 377 597

77 434 382 501 Prophetas
430 432 765 502 reperiuntur
813 430 992 484 fuisse.
1051 429 1182 483 Nam
1235 428 1347 498 ipse
1402 426 1652 482 Socrates

74 522 450 588 Atheniensis,
480 522 729 591 magister
753 520 988 574 omnium
1016 519 1106 590 qui
1137 528 1261 574 tune
1288 518 1524 572 maxime
1549 516 1659 571 cla-

74 625 345 680 ruerunt,
395 624 581 670 tenens
609 615 663 668 in
689 628 750 668 ea
776 622 926 682 parte
944 653 961 679 ,
988 628 1105 682 qua:
1142 612 1356 668 moralis
1379 611 1461 665 vel
1489 610 1659 665 activa

72 705 309 771 dicitur,
356 705 705 775 principatum
730 745 746 770 ,
790 714 911 772 post
937 703 1160 758 Esdram
1199 703 1250 758 in
1273 701 1549 757 Cbronicis
1578 700 1660 754 in-

71 797 294 851 venitur
318 797 418 867 (a).
446 795 561 850 Non
584 795 749 850 multo
771 804 889 864 post
912 795 1072 849 etiam
1097 794 1245 849 Plato
1270 801 1424 848 natus
1442 800 1542 857 est,
1568 791 1658 860 qui

70 889 240 959 longe
272 898 499 945 caeteros
526 887 762 942 Socratis
799 885 1087 956 discipulos
1132 885 1358 941 anteiret
1386 882 1483 953 (ὁ).
1528 882 1659 950 Qui-

70 981 180 1036 bus
205 982 251 1037 si
282 980 536 1035 addamus
556 980 715 1035 etiam
748 979 1048 1048 superiores
1067 1018 1083 1045 ,
1113 978 1202 1047 qui
1228 976 1461 1032 nondum
1487 974 1661 1044 philo-

70 1072 234 1141 sophi
263 1071 826 1138 vocabantur,septem
852 1070 1051 1125 scilicet
1074 1068 1369 1138 Sapientes,
1388 1080 1450 1120 ac
1465 1064 1659 1121 deinde

70 1164 335 1236 physicos
371 1164 458 1233 qui
488 1162 698 1217 Thaleti
737 1168 1148 1227 successerunt,
1197 1160 1248 1214 in
1276 1157 1657 1230 perscrutanda

72 1266 273 1311 natura
304 1270 479 1310 rerum
520 1253 750 1308 studium
787 1252 902 1321 ejus
938 1251 1166 1317 imitati,
1198 1249 1657 1307 Anaximandrum

72 1349 284 1403 scilicet
308 1356 359 1402 et
376 1346 751 1401 Anaximenem
776 1353 829 1399 et
848 1346 1235 1413 Anaxagoram,
1261 1342 1497 1411 aliosque
1521 1356 1660 1394 non-

72 1439 295 1503 nullos,
341 1446 622 1507 antequam
669 1434 995 1505 Pythagoras
1040 1432 1413 1503 philosophum
1458 1431 1661 1501 primus

74 1531 461 1600 profiteretur,
516 1542 613 1582 nec
662 1526 737 1581 illi
790 1526 1082 1595 Prophetas
1124 1534 1339 1579 nostros
1383 1524 1660 1577 universos

73 1625 339 1693 temporis
361 1622 671 1691 antiquitate
702 1619 1038 1691 praecedunt:
1066 1616 1492 1688 quandoquidem
1520 1613 1663 1667 Tha-

69 1716 177 1781 les,
209 1723 330 1784 post
359 1729 514 1783 quem
545 1712 726 1768 caeteri
753 1711 1253 1781 fuerunt,regnante
1274 1708 1500 1762 Romulo
1525 1705 1658 1761 emi-

69 1801 266 1856 nuisse
296 1802 312 1832 ¹
338 1800 522 1867 fertur,
547 1798 757 1869 quando
776 1798 1105 1859 defontibus
1130 1796 1305 1853 Israel
1329 1797 1383 1850 in
1412 1797 1492 1850 eis
1516 1794 1661 1848 litte-

69 1893 172 1957 ris,
208 1908 329 1959 qu:e
356 1900 466 1946 toto
491 1890 620 1945 orbe
644 1897 921 1944 manarent
945 1930 960 1954 ,
992 1888 1287 1958 pr0phetia:
1314 1885 1511 1940 ﬂumen
1537 1898 1661 1938 eru-

66 1984 175 2052 pit.
220 1983 331 2039 Soli
362 1982 519 2053 igitur
548 1981 622 2037 illi
651 1981 879 2051 theologi
916 1990 1087 2050 poetae
1110 2020 1125 2045 ,
1154 1978 1398 2047 Orpbeus
1422 2018 1437 2041 ,
1466 1976 1652 2039 Linus,

67 2075 309 2130 Musazus
332 2117 347 2141 ,
391 2084 447 2130 et
483 2075 529 2129 si
560 2074 682 2144 quis
707 2073 841 2127 alius
871 2072 1008 2142 apud
1037 2072 1253 2127 Graecos
1280 2068 1394 2129 fuit,
1419 2067 1500 2121 his
1529 2067 1661 2119 Pro-

70 2166 255 2235 pbetis
278 2165 515 2220 Hebraeis
540 2206 553 2229 ,
579 2178 805 2233 quorum
836 2163 1033 2231 scripta
1067 2162 1118 2215 in
1149 2158 1460 2215 auctoritate
1492 2156 1659 2209 habe-

72 2274 202 2315 mus
226 2299 244 2326 ,
275 2259 427 2311 annis
451 2256 790 2326 reperiuntur
819 2253 1042 2324 priores.
1083 2250 1188 2307 Sed
1217 2264 1315 2304 nec
1346 2249 1442 2317 ipsi
1472 2260 1655 2301 verum

72 2352 386 2421 theologum
414 2358 654 2404 nostrum
681 2347 895 2419 Moysen
920 2387 935 2411 ,
964 2345 1056 2415 qui
1085 2359 1247 2399 unum
1276 2357 1456 2397 verum
1493 2341 1657 2394 Deum

72 2446 340 2499 veraciter
366 2441 692 2513 praedicavit,
722 2439 875 2509 cujus
902 2452 1042 2492 nunc
1068 2436 1261 2507 scripta
1296 2436 1346 2489 in
1376 2433 1660 2488 auctorita-

72 2538 147 2591 tis
172 2549 375 2591 canone
403 2534 569 2603 prima
599 2541 742 2598 sunt,
774 2542 1012 2602 tempore
1036 2536 1408 2601 prazvenerunt
1439 2544 1453 2580 :
1484 2540 1546 2579 ac
1563 2538 1659 2594 per

74 2625 182 2681 hoc
204 2634 459 2696 quantum
480 2622 546 2678 ad
572 2622 786 2678 Grmcos
806 2622 992 2676 attinet
1016 2662 1031 2687 ,
1054 2621 1109 2674 in
1134 2633 1238 2689 qua
1262 2617 1441 2687 lingua
1467 2615 1658 2669 litterae

74 2720 238 2788 hujus
272 2718 452 2774 srceuli
482 2716 711 2772 maxime
753 2715 1093 2775 ferbuerunt,
1123 2712 1251 2766 nihil
1282 2709 1481 2764 habent
1518 2704 1659 2761 unde

71 2811 392 2883 sapientiam
420 2824 570 2865 suam
607 2810 809 2879 jactent
833 2848 847 2872 ,
875 2820 981 2876 quo
1024 2804 1279 2874 religione
1318 2807 1498 2855 nostra
1522 2839 1537 2865 ,
1567 2796 1657 2852 ubi

70 2918 203 2959 vera
231 2901 485 2972 sapientia
511 2908 593 2956 est
619 2941 634 2967 ,
677 2899 723 2954 si
761 2913 868 2953 non
890 2896 1132 2966 superior
1153 2938 1166 2961 ,
1200 2894 1387 2949 saltem
1414 2890 1658 2945 videatur

70 2995 363 3065 antiquior.
396 2992 614 3056 Verum,
643 2990 785 3061 quod
814 2988 1085 3043 fatendum
1114 2996 1216 3051 est,
1238 3001 1342 3039 non
1365 2982 1575 3054 quidem
1601 2980 1657 3036 in

71 3084 318 3150 Grarcia,
356 3083 449 3139 sed
478 3083 532 3137 in
561 3081 800 3137 barbaris
824 3080 1070 3150 gentibus
1090 3119 1105 3145 ,
1140 3079 1277 3133 sicut
1305 3076 1361 3131 in
1399 3074 1654 3145 Egypto,

68 3181 187 3250 jam
217 3177 383 3232 fuerat
403 3183 526 3231 ante
556 3174 774 3246 Moysen
802 3172 1056 3228 nonnulla
1086 3171 1324 3225 doctrina
1346 3210 1360 3232 ,
1392 3182 1509 3237 qua:
1537 3165 1655 3219 illo-

72 3286 199 3325 rum
228 3268 480 3339 sapientia
508 3265 776 3321 diceretur
811 3282 824 3318 :
847 3263 1080 3333 alioquin
1106 3277 1211 3316 non
1237 3262 1490 3330 scriptum
1516 3266 1659 3313 esset

73 3366 136 3419 in
160 3364 330 3418 Libris
355 3363 582 3429 sanctis,
640 3360 856 3431 Moysen
891 3357 1157 3414 eruditum
1197 3354 1361 3409 fuisse
1402 3352 1544 3408 omni
1573 3367 1659 3406 sa-

72 3455 278 3527 pientia
299 3454 664 3526 Aigyptiorum
691 3452 824 3522 (Act.
840 3466 935 3516 vn,
958 3447 1072 3518 22),
1103 3458 1226 3502 tunc
1246 3447 1424 3515 utique
1449 3442 1659 3513 quando

71 3549 156 3603 ibi
200 3556 350 3623 natus
398 3556 508 3613 est,
555 3553 661 3600 eta
701 3544 807 3599 filia
850 3541 1143 3597 Pharaonis
1185 3539 1464 3608 adoptatus
1498 3544 1661 3605 atque

72 3639 340 3702 nutritus,
382 3639 540 3693 etiam
571 3636 863 3691 liberaliter
891 3634 1145 3689 educatus
1180 3642 1281 3686 est.
1314 3629 1415 3685 Sed
1456 3644 1555 3684 nec
1585 3643 1662 3681 sa.

72 3731 278 3801 pientia
304 3730 669 3801 Egyptiorum
692 3726 1005 3797 sapientiam
1033 3723 1425 3794 Prophetarum
1453 3732 1662 3776 nostro-

75 3830 203 3869 rum
248 3822 485 3883 tempore
528 3812 842 3866 antecedere
880 3809 1080 3880 potuit,
1132 3805 1558 3876 quandoquidem
1604 3811 1658 3858 et

76 3902 351 3959 Abraham
396 3901 651 3971 propheta
682 3902 779 3955 fuit
835 3899 987 3971 (Gen.
1021 3915 1125 3962 xx,
1168 3899 1246 3969 7).
1305 3897 1440 3965 Quid
1483 3908 1660 3950 autem

78 3995 355 4064 sapientite
385 4007 503 4048 esse
534 3992 705 4063 potuit
730 3992 782 4045 in
814 3990 1047 4061 )Egypto
1073 4030 1086 4054 ,
1124 3999 1405 4057 antequam
1434 3987 1514 4042 eis
1544 3986 1659 4052 Isis,

79 4099 244 4155 quam
275 4093 534 4138 mortuam
584 4093 832 4152 tanquam
884 4081 1037 4135 deam
1090 4094 1331 4147 magnam
1383 4075 1659 4129 colendam

79 4184 435 4246 putaverunt,
484 4174 685 4231 litteras
725 4172 998 4227 traderet?
1041 4170 1136 4223 Isis
1166 4184 1325 4239 porro
1356 4167 1529 4222 Inachi
1559 4166 1663 4220 lilia

83 4266 250 4319 fuisse
276 4264 552 4334 proditur,
604 4264 691 4332 qni
733 4263 934 4331 primus
977 4275 1198 4326 regnare
1242 4259 1403 4325 cmpit
1436 4256 1663 4325 Argivis,

86 4355 302 4426 quando
331 4355 556 4410 Abrahre
580 4354 687 4424 jam
709 4360 932 4423 nepotes
956 4350 1292 4420 reperiuntur
1311 4348 1502 4403 exorti.

86 4510 211 4559 sima
238 4505 467 4564 secunda,
492 4503 715 4566 pontiﬁce
736 4503 863 4564 apud
885 4501 1115 4551 Hebraeos
1132 4507 1247 4566 Jesu
1268 4498 1383 4566 Filio
1411 4496 1665 4557 Josedecb,

89 4578 143 4619 et
167 4570 385 4630 principe
412 4561 691 4630 lcrehabel,
712 4561 810 4626 quo
833 4571 1053 4630 tempore
1076 4561 1425 4630 prophetabant
1448 4567 1669 4630 Aggaeus,

89 4583 143 4619 et
226 4583 385 4630 inetpe
412 4583 691 4625 LOI‘ODaDCI,
712 4583 810 4626 quo
833 4583 1053 4624 tempore
1076 4583 1425 4623 prupucuwaut.
1448 4583 1668 4620 αὸδωυδ,

86 4583 336 4679 Zac'litrias
360 4636 410 4677 et
433 4627 692 4685 stalachias,
713 4626 951 4687 regnabat
971 4631 1136 4687 autem
1166 4623 1288 4683 apud
1313 4628 1539 4687 Romanos
1560 4628 1668 4671 Ser-

88 4689 425 4759 vius_1‘ul|ius._
437 4684 723 4759 .lamblicbus
738 4684 860 4737 circa
877 4684 1196 4759 olympiadem
1214 4684 1569 4759 seir‘ages‘imam
1586 4697 1669 4759 se:

86 4752 299 4801 cundam
320 4754 509 4801 venisse
534 4752 580 4798 in
600 4749 777 4798 ttaliam
799 4743 965 4797 scribit
980 4760 992 4795 :
1007 4743 1064 4794 'id
1086 4748 1267 4803 Cicero,
1282 4750 1454 4801 Quaest.
1479 4743 1667 4793 'ntscul.

88 4811 176 4873 lib.
206 4815 253 4872 1,
278 4814 546 4873 imperante
565 4810 817 4872 Tarquinio
838 4806 1351 4873 Superboeoutigisse,
1372 4804 1669 4873 ibidemque,

86 4871 177 4935 lib.
201 4866 254 4933 4,
287 4866 442 4935 prodit
462 4872 614 4921 fuisse
637 4866 748 4935 eum
786 4872 845 4935 in
870 4866 999 4935 Italia
1038 4866 1221 4935 iisdem
1244 4866 1542 4935 temporibus
1562 4866 1671 4935 qui-

85 4934 185 4983 bus
205 4927 376 4984 Jtuiius
392 4941 562 4983 Brutus
581 4934 777 4994 patriam
801 4931 1039 4994 liberavit.
1065 4928 1350 4994 Pythagoras
1371 4933 1575 4994 mortem
1589 4927 1674 4975 ob-

86 4996 146 5068 iit
170 5010 301 5068 3999
316 4987 1199 5068 -9'3'mPia‘ﬁ5.S.elll9”39§‘_m.‘§_‘lﬂiﬂ°
1215 4987 1523 5068 E’Elﬂilinixz.
1536 4987 1675 5068 1‘1}?

87 5059 289 5107 Eusebii
308 5048 587 5115 cbr'onieon,
622 5056 670 5104 id
695 5048 788 5111 est,
809 5048 927 5104 ante
949 5048 1191 5115 Christum
1218 5048 1410 5099 circiter
1432 5048 1674 5115 498,_cum

90 5120 307 5185 risisset
325 5131 476 5185 annos
493 5117 554 5185 80
575 5110 657 5167 vel
678 5117 767 5185 90,.
782 5123 845 5185 ut.
856 5124 1021 5165 auctor
1044 5118 1121 5163 est.
1142 5113 1387 5174 Diogenes
1407 5110 1641 5161 Laertius.

158 5181 175 5211 ³
213 5179 320 5229 Sola
344 5179 491 5229 editio
523 5183 652 5238 Lov.,
673 5176 937 5228 emicuisse.

158 5264 236 5327 (α)
258 5270 499 5327 Socratem
518 5264 760 5327 Diogenes
774 5262 990 5327 Laertius
1002 5259 1345 5327 natumscribit
1366 5262 1678 5327 nuncquarto

89 5318 383 5389 olfnipiadis
402 5318 777 5389 septuagesima:
796 5324 1034 5384 septimae,
1052 5323 1136 5384 qui
1168 5322 1217 5369 iu
1238 5318 1534 5389 λῦπαι-468
1558 5325 1678 5389 ante

89 5377 337 5437 diris-tum
371 5377 606 5444 incurrit?
623 5377 870 5434 mortuum
900 5377 1030 5432 vero
1057 5377 1176 5444 esse,
1204 5394 1330 5444 anno
1354 5381 1505 5443 primo
1526 5377 1678 5441 olym-

91 5448 255 5511 piadis
276 5443 602 5511 nonagesimae
625 5446 1007 5511 quintae,_:etatis
1024 5456 1154 5511 anno
1169 5443 1253 5511 Ἶρι

161 5510 236 5571 (b)
270 5502 432 5563 Plato.“
442 5515 499 5558 ut
528 5502 663 5571 Diog:
690 5508 905 5571 laertius
929 5518 994 5554 ex
1027 5503 1307 5571 Apollodoro
1328 5502 1511 5571 scribit,
1537 5506 1681 5548 natus

95 5564 178 5620 est
198 5564 475 5634 olympiade
497 5564 789 5634 octogesima
812 5575 994 5634 octava,
1012 5564 1217 5634 ejusque
1239 5576 1364 5634 anno
1386 5564 1538 5625 primo
1555 5574 1681 5634 mors

93 5639 211 5681 tuus
235 5624 315 5683 est
335 5624 462 5681 anno
484 5624 636 5692 primo
657 5624 1235 5692 olympiadiseentesimte
1255 5624 1453 5682 octavae,
1491 5624 1573 5685 qui
1600 5629 1685 5692 est

94 5705 257 5745 annus
278 5701 399 5744 ante
416 5682 649 5745 Christum
670 5682 909 5750 318,'su:e
933 5690 1038 5751 ipse
1053 5690 1209 5739 aetatis
1231 5698 1405 5736 annum
1428 5682 1580 5747 agens
1600 5682 1676 5733 8f.

1245 312 1441 367 LIBER
1482 308 1772 367 DECIMUS
1808 311 2139 373 OCTAVUS.

3243 333 3346 393 598

1768 426 1995 484 CAPUT
2018 432 2301 491 XXXVIII.
2332 470 2402 483 -
2426 440 2576 509 Quod
2594 444 2821 512 quadam
2852 454 3136 501 sanctorum
3158 452 3345 521 scripta

1839 520 2201 580 ecclesiasticus
2248 545 2410 585 canon
2450 544 2654 603 prapler
2700 537 2908 589 nimiam
2948 555 3048 592 non
3102 546 3345 611 receperit

1840 620 2128 714 uetustatem
2149 659 2161 680 ,
2223 635 2286 673 ne
2330 638 2419 690 per
2460 627 2771 680 occasionem
2817 645 2986 682 eorum
3036 633 3169 701 falsa
3216 637 3345 689 veris

1836 717 2105 759 maererent
2110 724 2185 762 ur.

1837 791 1954 847 Jam
1985 811 2111 850 vero
2155 798 2199 852 si
2248 800 2403 872 longe
2443 804 2744 876 antiquiora
2794 822 3066 879 repetam,
3116 823 3171 868 et
3218 824 3343 871 ante

1767 880 1895 936 illud
1923 887 2121 955 grande
2145 888 2402 947 diluvium
2432 905 2611 951 noster
2633 908 2747 954 erat
2770 903 2949 971 utique
2976 903 3087 958 Noe
3115 908 3339 973 patriar-

1766 974 1886 1039 cha,
1919 993 2075 1047 quem
2098 982 2409 1053 prophetam
2432 1004 2640 1059 quoque
2664 1008 2768 1045 non
2793 993 3056 1050 immerito
3074 997 3299 1053 dixerim
3325 1018 3337 1053 :

1766 1067 1810 1122 si
1854 1072 2063 1139 quidem
2096 1075 2205 1144 ipsa
2234 1092 2355 1132 area
2383 1096 2540 1149 quam
2581 1083 2701 1137 fecit
2727 1126 2740 1147 ,
2791 1093 2845 1139 et
2872 1086 2921 1140 in
2947 1104 3049 1156 qua
3083 1105 3201 1144 cum
3229 1092 3341 1145 suis

1765 1160 1969 1225 evasit,
2023 1164 2297 1233 prophetia
2342 1180 2647 1225 nostrorum
2698 1182 2995 1244 temporum
3037 1177 3153 1232 fuit.
3203 1180 3338 1247 Quid

1768 1250 1950 1306 Enoch
1982 1255 2239 1323 septimus
2264 1258 2331 1311 ab
2356 1260 2525 1315 Adam
2551 1304 2565 1326 ,
2608 1279 2783 1319 nonne
2809 1267 2970 1321 etiam
3007 1269 3059 1321 in
3085 1273 3338 1325 canonica

1766 1342 1987 1411 cpistola
2016 1346 2242 1413 apostoli
2272 1348 2421 1404 .Iudaz
2445 1353 2794 1421 prophetasse
2820 1356 3140 1424 prtcdicatur
3166 1359 3340 1429 (Iuda:

1767 1433 1854 1502 Η)
1874 1435 1897 1484 ?
1921 1435 2156 1502 Quorum
2197 1442 2389 1510 scripta
2422 1453 2475 1496 ut
2508 1446 2645 1513 apud
2675 1431 2887 1501 Judatos
2916 1459 2969 1503 et
2989 1450 3130 1520 apud
3158 1466 3256 1505 nos
3286 1454 3337 1506 in

1765 1530 2075 1584 auctoritate
2102 1547 2203 1586 non
2232 1544 2430 1599 essent,
2464 1538 2623 1592 nimia
2645 1539 2768 1594 fecit
2794 1543 3099 1612 antiquitas,
3124 1556 3345 1614 propter

1765 1633 1921 1685 quam
1954 1621 2269 1677 videbantur
2297 1624 2535 1681 habenda
2572 1643 2691 1684 esse
2717 1643 2959 1701 suspecta
2979 1674 2994 1697 ,
3028 1650 3098 1690 ne
3127 1638 3336 1705 profer-

1765 1717 1949 1763 rentur
1976 1710 2103 1766 falsa
2133 1728 2230 1782 pro
2254 1716 2394 1770 veris
2423 1716 2526 1787 (α).
2573 1718 2703 1773 Nam
2732 1730 2784 1777 et
2825 1723 3169 1792 proferuntur
3195 1742 3341 1795 qum-

1764 1798 1883 1853 dam
1926 1816 2044 1871 qua;
2092 1804 2325 1872 ipsorum
2357 1823 2472 1862 esse
2507 1809 2749 1865 dicantur
2787 1813 2852 1867 ab
2890 1815 2970 1867 eis
2999 1816 3085 1885 qui
3118 1832 3211 1885 pro
3241 1833 3339 1872 suo

1764 1905 1921 1944 sensu
1945 1894 2138 1960 passim
2159 1936 2174 1961 ,
2217 1897 2357 1965 quod
2384 1899 2587 1966 volunt,
2620 1902 2859 1956 credunt.
2908 1905 3011 1960 Sed
3038 1922 3099 1961 ea
3124 1909 3341 1963 castitas

1763 1986 1982 2039 canonis
2007 2000 2111 2039 non
2138 1989 2377 2057 recepit,
2409 2006 2512 2045 non
2540 1992 2683 2061 quod
2712 2008 2897 2049 eorum
2920 1995 3215 2064 hominum,
3249 2000 3338 2067 qui

1765 2074 1874 2127 Deo
1900 2074 2229 2144 placuerunt,
2260 2080 2575 2148 reprobetur
2604 2083 2920 2149 auctoritas,
2949 2086 3044 2141 sed
3069 2086 3209 2155 quod
3241 2089 3338 2144 ista

1763 2178 1883 2219 esse
1910 2180 2013 2219 non
2055 2167 2340 2222 credantur
2384 2170 2638 2238 ipsorum.
2692 2173 2802 2228 Nec
2843 2176 3037 2230 mirum
3076 2177 3235 2235 debet
3262 2182 3336 2234 vi-

1762 2255 1896 2322 deri,
1924 2256 2325 2328 quodsuspecta
2355 2259 2635 2328 habentur,
2659 2277 2776 2332 qua:
2804 2265 2902 2319 sub
2928 2275 3086 2322 tanta:
3110 2271 3341 2341 antiqui-

1763 2346 1885 2399 tatis
1936 2348 2152 2402 nomine
2204 2350 2577 2420 proferuntur;
2639 2356 3069 2427 quandoquidem
3119 2359 3171 2414 in
3223 2361 3339 2430 ipsa

1764 2438 1979 2495 histnria
2004 2457 2186 2511 regum
2213 2442 2240 2499 .I
2248 2443 2347 2499 uda
2365 2446 2381 2477 ¹
2410 2455 2465 2501 et
2492 2462 2678 2516 regum
2705 2449 2886 2516 Israel,
2908 2466 3025 2521 quae
3051 2468 3136 2507 res
3157 2464 3339 2523 gestas

1761 2532 2016 2596 continet,
2043 2532 2110 2586 de
2130 2534 2320 2603 quibus
2341 2535 2515 2591 cidem
2538 2537 2826 2609 Scriptura:
2854 2542 3130 2596 canonica:
3160 2544 3339 2598 credi-

1762 2636 1880 2677 mus
1900 2663 1915 2688 ,
1970 2634 2455 2680 commemorantur
2478 2626 2704 2698 plurima
2728 2671 2743 2695 ,
2787 2646 2907 2699 quae
2936 2631 3007 2685 ibi
3037 2648 3141 2686 non
3169 2633 3336 2701 expli-

1760 2722 1968 2779 cantur,
1997 2714 2124 2769 etin
2162 2714 2311 2771 libris
2338 2717 2456 2772 aliis
2479 2719 2701 2774 inveniri
2731 2719 2983 2777 dicuntur
3003 2764 3017 2787 ,
3044 2739 3178 2794 quos
3204 2725 3339 2781 Pro-

1761 2804 1937 2872 pheta:
1966 2805 2316 2875 scripserunt,
2346 2817 2399 2863 et
2420 2810 2611 2866 alicubi
2639 2827 2824 2867 eorum
2853 2829 3064 2883 quoque
3095 2816 3340 2884 PrOphe-

1762 2905 1935 2952 tarum
1964 2899 2175 2953 nomina
2198 2915 2304 2954 non
2330 2909 2571 2957 tacentur
2600 2902 2649 2973 (l
2676 2902 2800 2957 Par.
2828 2922 2976 2971 xm,
3002 2906 3105 2970 29;
3136 2906 3176 2961 Il
3208 2907 3335 2965 Par.

1761 2988 2010 3063 tx,29);
2056 3006 2155 3046 nec
2197 3000 2372 3047 tamen
2414 2992 2755 3047 inveniuntur
2800 2995 2853 3049 in
2883 3011 3089 3050 canone
3115 3038 3129 3062 ,
3180 3014 3339 3067 quem

1761 3086 1963 3152 recepit
1985 3084 2206 3154 pepulus
2225 3083 2341 3139 Dei.
2364 3084 2527 3155 Cujus
2544 3086 2641 3150 rei,
2673 3085 2861 3153 fateor,
2886 3103 3041 3143 causa
3063 3104 3148 3144 me
3175 3090 3338 3156 latet;

1762 3173 1861 3227 nisi
1889 3173 2029 3242 quod
2058 3174 2305 3229 existimo
2328 3214 2344 3240 ,
2388 3176 2547 3230 etiam
2594 3176 2740 3246 ipsos
2763 3217 2778 3241 ,
2816 3178 3008 3247 quibus
3036 3193 3099 3233 ea
3134 3195 3252 3247 qua:
3286 3180 3342 3235 in

1762 3264 2078 3318 auctoritate
2123 3264 2394 3335 religionis
2434 3282 2553 3322 esse
2590 3268 2868 3336 deberent,
2917 3278 3129 3324 sanctus
3159 3270 3342 3339 utique

1763 3354 1992 3424 Spiritus
2015 3355 2315 3421 revelabat,
2359 3356 2461 3411 alia
2505 3358 2640 3413 sicut
2666 3358 2909 3413 homines
2936 3358 3186 3415 historica
3216 3360 3340 3415 dili-

1761 3445 1937 3516 gentia
1964 3487 1977 3511 ,
2009 3446 2111 3500 alia
2137 3446 2275 3501 sicut
2305 3447 2601 3517 Pr0phetas
2622 3449 2969 3517 inspiratione
2995 3450 3174 3504 divina
3200 3452 3342 3505 scri-

1763 3539 1891 3595 bere
1918 3539 2181 3609 potuisse;
2226 3548 2390 3609 atque
2424 3540 2539 3594 hace
2560 3540 2629 3593 ita
2661 3540 2822 3595 fuisse
2849 3540 3096 3595 distincta
3118 3582 3131 3604 ,
3168 3550 3226 3594 ut
3253 3540 3342 3595 illa

1763 3639 2013 3699 tanquam
2042 3630 2196 3700 ipsis,
2245 3631 2345 3685 ista
2370 3646 2496 3685 vero
2526 3640 2777 3700 tanquam
2818 3631 2927 3686 Deo
2959 3646 3057 3701 per
3094 3632 3238 3700 ipsos
3264 3630 3348 3687 lo-

1765 3720 1945 3789 quenti
1966 3761 1979 3786 ,
2016 3718 2380 3789 iudicarentur
2398 3734 2518 3775 esse
2560 3720 2837 3775 tribuenda
2862 3736 2876 3783 ;
2906 3734 2969 3775 ae
2996 3721 3076 3776 sic
3105 3720 3194 3774 illa
3222 3735 3344 3791 per-

1768 3812 1997 3866 tinerent
2024 3810 2090 3865 ad
2120 3811 2415 3867 ubertatem
2445 3812 2762 3883 cognitionis
2784 3853 2799 3877 ,
2833 3810 2949 3867 haec
2974 3811 3041 3866 ad
3068 3811 3345 3882 religionis

1766 3903 2134 3957 auctoritatem
2164 3919 2178 3957 :
2205 3903 2256 3956 in
2298 3918 2400 3973 qua
2448 3903 2764 3957 auctoritate
2801 3902 3103 3958 custoditur
3147 3916 3343 3967 canon,

1768 4002 1961 4062 prteter
1984 4008 2140 4062 quem
2168 3993 2213 4047 si
2239 4008 2342 4063 qua
2382 3994 2491 4063 jam
2523 3996 2682 4048 etiam
2722 3993 2823 4047 sub
2851 3993 3068 4048 nomine
3105 4002 3346 4047 veterum

1768 4084 2151 4153 Prophetarum
2182 4085 2202 4115 ¹
2239 4084 2436 4152 scripta
2485 4083 2869 4151 proferuntur,
2919 4097 3018 4136 nec
3065 4081 3131 4135 ad
3176 4081 3345 4149 ipsam

1767 4178 1973 4246 copiam
2005 4176 2242 4231 scientia:
2267 4175 2485 4241 valent,
2516 4174 2766 4245 quoniam
2795 4182 2970 4227 utrum
2996 4187 3183 4226 eorum
3215 4172 3367 4237 sint,

1768 4282 1995 4338 quorum
2030 4281 2151 4322 esse
2177 4266 2425 4321 dicuntur
2448 4305 2461 4329 ,
2492 4264 2753 4320 incertum
2794 4271 2914 4329 est;
2965 4270 3021 4316 et
3044 4262 3114 4316 ob
3142 4261 3243 4316 hoc
3269 4262 3348 4317 eis

1769 4374 1875 4414 non
1898 4358 2121 4413 habetur
2147 4358 2298 4421 fides,
2332 4356 2562 4411 maxime
2594 4356 2675 4408 his
2705 4354 2760 4408 in
2790 4353 2985 4424 quibus
3021 4352 3183 4408 etiam
3210 4365 3345 4407 con-

1770 4459 1851 4506 tra
1881 4448 2039 4506 fidem
2071 4441 2325 4503 librorum
2368 4445 2749 4502 eanonieorum
2785 4442 3029 4513 quazdam
3077 4442 3348 4512 leguntur,

1771 4550 1987 4612 propter
2013 4540 2151 4610 quod
2175 4553 2237 4594 ea
2266 4552 2485 4609 prorsus
2510 4552 2618 4592 non
2648 4551 2765 4592 esse
2795 4544 3016 4606 apparet
3045 4535 3275 4589 illorum.

1771 4632 1998 4688 CAPUT
2042 4628 2286 4685 XXXIX.
2326 4658 2399 4669 —
2430 4626 2510 4682 De
2540 4626 2783 4681 ltebraicis
2823 4625 3035 4691 litteris,
3076 4639 3189 4694 qum
3216 4639 3349 4677 mm-

1932 4737 2083 4791 quam
2110 4720 2162 4773 in
2192 4734 2298 4773 sua:
2328 4717 2513 4788 linguae
2537 4717 2839 4788 proprietate
2869 4731 2968 4769 non
2998 4715 3211 4783 fuerint.

1843 4812 1958 4867 Non
1990 4812 2165 4881 itaque
2190 4809 2512 4865 credendum
2538 4815 2642 4873 est,
2665 4806 2805 4877 quod
2832 4805 3070 4860 nonnulli
3096 4804 3356 4859 arbitran-

1777 4913 1894 4967 tur,
1928 4902 2195 4956 hebrtcam
2236 4908 2440 4954 tantum
2485 4899 2715 4968 linguam
2759 4912 2855 4968 per
2897 4895 3045 4951 illum
3075 4895 3165 4966 qui
3192 4904 3361 4949 voea-

1777 4995 1930 5050 batur
1961 4993 2154 5059 Ileber,
2186 4990 2327 5046 unde
2352 4990 2696 5046 Hebraeorum
2718 4988 3032 5044 vocabulum
3058 4995 3162 5054 est,
3191 4985 3358 5041 fuisse

1778 5095 2081 5152 servatam,
2122 5092 2281 5153 atque
2320 5080 2445 5137 inde
2487 5080 2796 5152 pervenisse
2823 5078 2891 5133 ad
2919 5078 3223 5140 Abraham,
3264 5079 3359 5132 he-

1780 5176 1951 5231 braeas
1993 5184 2168 5229 autem
2211 5173 2414 5227 litteras
2452 5188 2482 5226 a
2513 5173 2628 5241 lege
2668 5170 2932 5240 cmpisse,
2962 5185 3083 5239 quae
3103 5168 3246 5222 ~data
3276 5174 3361 5222 est

1782 5281 1878 5336 per
1904 5264 2120 5337 Moysen
2147 5281 2161 5329 ;
2208 5262 2302 5318 sed
2329 5262 2502 5330 potius
2533 5276 2627 5330 per
2667 5261 2810 5315 illam
2839 5258 3233 5313 successionem
3262 5270 3359 5325 pa-

1785 5365 1945 5416 trum,
1978 5361 2324 5408 memoratam
2355 5351 2590 5421 linguam
2617 5365 2737 5404 cum
2768 5348 2878 5402 suis
2906 5347 3096 5401 litteris
3119 5343 3359 5399 custodi-

1785 5454 1891 5499 tum
1921 5443 2016 5514 (b).
2062 5445 2301 5514 Denique
2328 5444 2535 5515 Moyses
2581 5442 2632 5495 in
2680 5440 2872 5511 populo
2917 5438 3010 5493 Dei
3056 5436 3351 5501 constituit,

1848 5540 1865 5571 ί
1890 5540 1962 5586 sic
1982 5543 2086 5586 Mss.
2111 5536 2230 5584 ιζόίῑὶ
2249 5547 2381 5593 vero,
2408 5532 2567 5583 παίω.

1849 5602 1870 5631 ¹
1894 5600 2044 5648 Nostri
2067 5599 2273 5655 codices,
2308 5591 2527 5644 verorum
2549 5591 2905 5687 mag/telarum.
2972 5597 3026 5638 Μ.

1852 5661 1922 5687 In\
1954 5658 2076 5687 nan?
2108 5671 2250 5687 οηιπ-σι
2294 5655 2363 5687 Iik
2408 5656 2463 5687 εκ
2505 5667 2592 5687 non
2665 5669 2693 5687 Α
2736 5668 2764 5687 n
2806 5653 2834 5687 Α

1852 5661 1923 5720 (a)
1954 5658 2085 5709 Couf.
2108 5653 2271 5720 supra,
2294 5655 2378 5720 lib.
2408 5656 2482 5714 15,
2505 5653 2605 5720 cap.
2632 5653 2708 5713 25,
2736 5668 2782 5701 n.
2805 5653 2850 5701 4.

1861 5712 1931 5785 (ὁ)
1956 5722 2083 5772 Multi
2111 5712 2267 5785 enim,
2282 5717 2415 5768 velut
2452 5712 2665 5779 Cyrinus,
2694 5712 2857 5765 contra
2893 5713 3142 5776 Julianum,
3169 5713 3290 5761 libro
3312 5712 3360 5771 7,
