3882 6396
135 308 240 368 σοι

137 426 301 494 facile.
330 428 449 497 quis
479 428 771 496 invenerit,
804 430 944 484 inter
970 446 1103 501 quos
1141 442 1328 488 cuncta
1355 451 1473 504 qua:
1500 452 1719 495 sensere

140 521 474 572 conveniant
502 537 515 573 :
550 521 692 591 quod
722 522 1005 578 ostendere
1035 524 1137 580 hoc
1164 540 1326 595 apere
1366 529 1578 599 longum
1620 541 1721 585 est.

210 607 267 660 2.
296 607 423 675 Quis
447 619 622 664 autem
649 620 809 666 secta:
829 612 1110 681 cujuslibet
1137 625 1319 671 auctor
1344 618 1420 671 sic
1443 628 1524 673 est
1549 620 1602 674 in
1629 620 1729 675 hac

130 698 492 757 dmmonicola
531 704 742 758 civitate
777 706 1133 773 approbatus,
1166 717 1222 762 ut
1249 711 1423 764 eteteri
1459 711 1728 782 improba-

132 804 348 859 rentur,
371 796 459 864 qui
486 794 692 850 diversa
715 805 768 850 et
790 797 1011 852 adversa
1039 802 1358 855 senserunt?
1383 802 1567 857 Nonne
1586 803 1727 874 apud

132 884 382 941 Athenas
411 894 465 940 et
495 886 739 955 Epicurei
768 888 1061 955 clarebant,
1091 902 1389 947 asserentes
1419 909 1505 949 res
1534 895 1727 949 huma.

133 988 240 1032 nas
278 974 345 1028 ad
384 974 603 1028 deorum
641 990 820 1030 curam
865 992 969 1032 non
1004 980 1302 1047 pertinere,
1332 991 1385 1036 et
1412 982 1608 1049 Stoici,
1636 984 1727 1052 qui

133 1065 408 1120 cantraria
436 1066 745 1133 sentientes,
776 1082 867 1122 eas
897 1070 1003 1138 regi
1043 1079 1200 1139 atque
1228 1072 1420 1127 muniri
1447 1074 1549 1128 diis
1574 1074 1726 1144 adju-

136 1156 351 1211 toribus
387 1164 544 1227 atque
581 1158 841 1213 tutoribus
865 1159 1238 1230 disputabant?
1265 1162 1415 1218 Unde
1443 1166 1608 1221 miror
1634 1180 1729 1220 cur

135 1252 491 1320 Anaxagoras
521 1265 644 1306 reus
670 1250 841 1306 factus
864 1254 971 1319 sit,
1002 1254 1123 1323 quia
1153 1254 1317 1309 solem
1348 1271 1466 1311 esse
1490 1256 1621 1312 dixit
1646 1257 1727 1311 la-

133 1342 323 1411 pitietn
351 1341 645 1406 ardentem,
673 1358 873 1412 negans
900 1345 1076 1414 utique
1104 1345 1286 1412 Deum,
1314 1362 1432 1401 cum
1461 1348 1512 1401 in
1541 1346 1728 1403 eadem

132 1433 359 1493 civitate
384 1433 546 1503 gloria
578 1432 814 1488 ﬂoruerit
843 1434 1124 1503 Epicurus,
1152 1436 1446 1507 vixeritque
1483 1452 1724 1504 securus,

132 1538 252 1579 non
302 1525 469 1585 solum
506 1524 674 1582 solem
704 1525 786 1583 vel
815 1526 975 1580 ullum
1006 1527 1239 1582 siderum
1281 1529 1445 1584 De'um
1474 1544 1592 1585 esse
1620 1546 1739 1585 non

130 1617 375 1673 credens
393 1658 408 1683 ,
436 1619 527 1673 sed
557 1632 654 1673 nec
678 1618 861 1676 Jovem
883 1661 898 1685 ,
936 1634 1034 1675 nec
1072 1620 1233 1677 ullum
1263 1621 1481 1676 deorum
1510 1623 1729 1677 omnino

130 1709 198 1769 in
228 1711 428 1766 mundo
463 1700 701 1765 habitare
729 1711 1090 1778 contendens,
1127 1713 1193 1767 ad
1219 1727 1375 1783 quem
1414 1728 1600 1783 preces
1630 1713 1730 1767 ho-

129 1804 349 1857 minum
376 1805 891 1875 supplicationesque
919 1806 1246 1874 perveniant.
1286 1805 1475 1860 Nonne
1504 1805 1575 1859 ibi
1605 1805 1729 1859 Ari-

132 1897 211 1953 sti
218 1912 353 1968 ppus
378 1898 427 1951 in
452 1899 719 1967 voluptate
739 1899 975 1968 corporis
996 1914 1259 1958 summum
1282 1900 1476 1955 bonum
1499 1915 1724 1970 ponens,

132 1988 215 2047 ibi
262 1989 605 2045 Antisthenes
650 1990 844 2046 virtute
885 1990 1044 2047 animi
1096 1992 1268 2061 potius
1310 1991 1576 2047 hominem
1616 1992 1731 2047 fieri

131 2079 358 2137 beatum
397 2095 707 2135 asseverans
730 2124 745 2147 ,
775 2081 880 2137 duo
922 2082 1221 2152 philOSOplii
1261 2084 1463 2139 nobiles
1490 2092 1545 2139 et
1572 2084 1729 2138 ambo

132 2174 443 2252 Socratici,
470 2175 521 2228 in
572 2184 677 2229 tam
725 2175 951 2231 diversis
994 2187 1153 2247 atque
1186 2178 1325 2231 inter
1355 2192 1415 2231 se
1450 2176 1730 2233 contrariis

134 2267 340 2322 ﬁnibus
366 2268 484 2322 vitae
508 2282 771 2323 summam
804 2268 1058 2334 locantes,
1089 2285 1314 2339 quorum
1343 2270 1500 2324 etiam
1530 2269 1619 2323 ille
1644 2270 1729 2323 l’u-

132 2357 422 2427 giendam,
467 2359 566 2413 iste
602 2358 1072 2415 administrandam
1112 2360 1338 2429 sapienti
1376 2360 1584 2414 dicebat
1611 2375 1730 2415 esse

135 2452 560 2521 rempublicam,
605 2453 673 2507 ad
721 2468 872 2508 suam
913 2453 1135 2523 quisque
1183 2462 1381 2506 sectam
1424 2451 1728 2507 sectandam

135 2540 434 2613 discipulos
471 2544 864 2615 congregabat?
900 2544 1101 2616 Nempe
1140 2545 1311 2615 palam
1352 2545 1404 2598 in
1446 2545 1729 2613 conspicua

139 2645 203 2693 et
227 2637 498 2692 notissima
532 2639 759 2708 porticu,
794 2639 847 2693 in
876 2639 1186 2710 gymnasiis,
1219 2638 1271 2692 in
1299 2636 1542 2702 hortulis,
1574 2638 1623 2691 in
1651 2636 1731 2691 lo-

139 2727 225 2783 cis
271 2728 490 2795 publicis
529 2744 591 2785 ac
628 2730 879 2798 privatis,
909 2730 1216 2784 catervatim
1257 2744 1352 2798 pro
1382 2743 1475 2783 sua
1507 2728 1732 2798 quisque

140 2818 394 2888 opinione
420 2820 693 2878 certabant
724 2838 738 2874 :
765 2820 855 2875 alii
884 2831 1187 2875 asserentes
1214 2835 1411 2886 unum,
1444 2820 1530 2873 alii
1570 2820 1729 2873 innu-

141 2910 428 2965 merabiles
473 2911 734 2976 mundos;
781 2911 952 2979 ipsum
994 2921 1173 2971 autem
1219 2926 1379 2965 unum
1424 2910 1512 2964 alii
1554 2918 1731 2963 ortum

140 3015 300 3066 esse,
330 3001 418 3055 alii
444 3017 572 3058 vero
600 3002 805 3059 initium
835 3016 940 3060 non
974 3002 1202 3067 habere;
1235 3001 1323 3055 alii
1354 3001 1691 3056 interiturum
1711 3040 1727 3066 ,

144 3090 238 3146 alii
269 3107 480 3162 semper
520 3091 796 3158 futurum;
829 3092 916 3147 alii
947 3101 1123 3153 mente
1151 3092 1327 3153 divina
1348 3133 1363 3158 ,
1394 3092 1481 3149 alii
1510 3092 1728 3145 fortuitu

143 3193 201 3241 et
226 3183 434 3239 casibus
462 3184 545 3254 agi
576 3202 589 3240 :
614 3184 704 3246 alii
733 3184 1059 3246 immortales
1082 3198 1202 3238 esse
1227 3184 1451 3249 animas,
1477 3182 1566 3236 alii
1588 3198 1732 3237 mor-

144 3276 321 3341 tales;
352 3284 405 3331 et
439 3278 529 3348 qui
560 3278 922 3343 immortales,
950 3278 1040 3332 alii
1070 3278 1268 3333 revolvi
1298 3279 1350 3336 in
1379 3278 1610 3345 bestias,
1638 3278 1731 3332 alii

144 3384 479 3439 nequaquam
501 3387 515 3436 ;
540 3370 630 3441 qui
650 3386 778 3429 vero
804 3372 1077 3437 mortales,
1105 3372 1193 3425 alii
1223 3386 1343 3426 mox
1373 3372 1590 3427 interire
1612 3379 1731 3441 post

145 3475 376 3530 corpus,
416 3461 509 3519 alii
549 3462 726 3523 vivere
764 3462 924 3519 etiam
967 3470 1148 3532 postea
1188 3463 1274 3518 vel
1314 3462 1617 3533 paululum,
1646 3460 1730 3519 vel

146 3553 376 3621 diutius,
408 3570 513 3613 non
552 3563 725 3611 tamen
765 3571 979 3626 semper
1009 3573 1023 3610 :
1054 3555 1144 3609 alii
1181 3555 1236 3609 in
1277 3570 1499 3624 corpore
1528 3555 1730 3610 consti-

148 3654 357 3702 tuentes
385 3646 546 3703 tinem
576 3648 722 3715 boni,
751 3648 840 3702 alii
867 3649 920 3703 in
949 3648 1148 3713 animo,
1174 3648 1261 3702 alii
1291 3648 1342 3701 in
1370 3657 1613 3717 utroque,
1641 3648 1729 3701 alii

144 3739 476 3795 extrinsecus
515 3740 684 3808 posita
723 3740 883 3794 etiam
918 3739 1054 3794 bona
1090 3739 1157 3794 ad
1194 3740 1427 3794 animum
1459 3750 1511 3795 et
1537 3755 1730 3810 corpus

145 3829 405 3884 addentes
441 3847 455 3883 :
495 3830 585 3885 alii
630 3831 875 3886 sensibus
918 3831 1157 3900 corporis
1206 3847 1447 3900 semper,
1492 3832 1580 3886 alii
1624 3848 1729 3886 non

143 3936 378 3993 semper,
404 3923 492 3977 alii
521 3938 808 3993 nunquam,
840 3932 1084 3992 putantes
1108 3937 1227 3979 esse
1254 3923 1597 3978 credendum.
1623 3923 1730 3980 Has

143 4022 200 4068 et
229 4012 359 4067 alias
389 4029 526 4083 pene
555 4013 968 4068 innumerabiles
994 4012 1355 4069 dissensiones
1387 4015 1731 4084 philosciplto-

144 4120 285 4169 rum,
316 4105 434 4174 quis
462 4121 691 4175 unquam
735 4106 983 4176 populus,
1015 4107 1132 4175 quis
1162 4114 1399 4172 senatus,
1433 4122 1549 4175 qua:
1582 4117 1730 4175 pote-

141 4203 255 4249 stas
282 4196 366 4250 vel
391 4196 619 4266 dignitas
643 4197 849 4267 publica
881 4198 1056 4267 impiae
1084 4198 1312 4254 civitatis
1341 4198 1725 4268 dijudicandas,

142 4295 199 4340 et
222 4286 354 4343 alias
379 4288 678 4357 probandas
706 4304 769 4344 ac
806 4289 1160 4359 recipiendas,
1191 4290 1321 4346 alias
1352 4289 1729 4359 improbandas

141 4380 601 4451 repudiandasque
639 4382 874 4449 curavit,
902 4398 966 4437 ac
995 4398 1100 4436 non
1131 4382 1326 4451 passim
1357 4382 1472 4436 sine
1502 4382 1610 4440 ullo
1639 4382 1728 4451 ju-

140 4469 285 4526 dicio
312 4469 636 4541 confuseque
666 4473 849 4535 habuit
876 4474 931 4530 in
962 4475 1167 4544 gremio
1192 4488 1289 4529 suo
1318 4482 1393 4529 tot
1418 4482 1729 4529 controver-

136 4564 250 4619 sias
276 4563 549 4621 hominum
574 4564 963 4635 dissidentium,
991 4582 1094 4623 non
1122 4567 1189 4623 de
1214 4568 1356 4639 agris
1382 4576 1435 4622 et
1461 4567 1726 4635 domibus,

135 4650 225 4710 vel
255 4668 589 4726 quacumque
616 4656 919 4725 pecuniaria
948 4658 1185 4725 ratione,
1217 4658 1310 4713 sed
1341 4658 1407 4713 de
1434 4657 1516 4712 his
1546 4658 1725 4724 rebus,

134 4746 336 4817 quibus
361 4757 453 4803 aut
479 4749 671 4804 misere
708 4750 902 4804 vivitur
936 4758 1027 4804 aut
1070 4750 1259 4806 beate?
1288 4750 1385 4805 Ubi
1417 4751 1515 4806 etsi
1555 4751 1729 4820 aliqua

132 4853 268 4895 vera
299 4840 639 4909 dicebantur,
667 4842 857 4899 eadem
898 4842 1113 4898 licentia
1142 4841 1456 4898 dicebantur
1483 4851 1533 4897 et
1564 4843 1729 4905 falsa;

130 4945 363 5003 prorsus
390 4943 447 4989 ut
471 4950 577 4990 non
605 4934 801 4991 frustra
831 4937 951 4992 talis
977 4936 1167 4991 civitas
1194 4936 1475 5007 mysticum
1500 4934 1732 4989 vocabus

134 5024 248 5081 lum
283 5024 567 5098 Babylonis
603 5030 888 5101 acceperit.
919 5029 1156 5100 Babylon
1187 5029 1381 5098 quippe
1408 5029 1729 5097 interpreta—

132 5126 227 5173 tur
247 5116 527 5187 Conl'usio,
554 5121 695 5191 quod
720 5137 816 5177 nos
833 5124 942 5193 jam
964 5123 1165 5179 dixisse
1186 5123 1531 5177 meminimus
1554 5122 1734 5191 (Libro

129 5208 232 5277 16,
265 5227 382 5281 cap.
410 5211 466 5278 4,
494 5221 542 5265 et
567 5210 748 5284 alibi).
783 5212 893 5270 Nec
931 5215 1154 5269 interest
1181 5213 1375 5270 diaboli
1411 5213 1552 5283 regis
1580 5213 1729 5283 ejus,

126 5318 300 5373 quam
351 5304 632 5360 contrariis
682 5305 819 5361 inter
869 5320 929 5363 se
973 5306 1214 5367 rixentur
1261 5305 1563 5370 erroribus,
1598 5319 1739 5375 quos

124 5395 329 5451 merito
398 5396 582 5458 multa:
656 5398 921 5469 variaeque
985 5398 1272 5472 impietatis
1341 5400 1543 5468 pariter
1604 5416 1731 5473 posq

122 5485 294 5542 sidet.

209 5579 264 5633 5.
294 5580 364 5635 At
393 5594 521 5636 vero
558 5595 691 5653 gens
718 5580 808 5638 illa
830 5624 844 5649 ,
875 5582 962 5638 ille
990 5583 1249 5654 populus,
1278 5584 1364 5639 illa
1390 5584 1575 5639 civitas
1600 5624 1615 5651 ,
1645 5583 1734 5639 illa

122 5673 458 5745 respublica,
490 5674 563 5729 illi
606 5674 880 5744 Israelita,
911 5677 1105 5746 quibus
1139 5677 1341 5733 credita
1374 5685 1497 5731 sunt
1525 5676 1733 5745 eloquia

126 5764 248 5836 Dei,
280 5767 431 5824 nullo
467 5767 626 5827 modo
655 5766 1148 5840 pseudopropitctas
1177 5785 1295 5825 cum
1327 5769 1467 5825 veris
1495 5769 1737 5841 Prophe-

1343 316 1546 376 LIBER
1584 318 1879 379 DECIMUS
1914 322 2246 382 OCTAVUS.

3309 337 3412 394 602

1834 443 1903 497 tis
1926 443 2037 511 pari
2066 443 2279 498 licentia
2301 444 2318 474 ί
2346 442 2699 498 confuderunt
2723 462 2737 501 :
2762 444 2856 500 sed
2881 445 3172 501 concordes
3194 446 3331 503 inter
3352 464 3411 504 se

1827 543 1986 602 atque
2032 532 2086 586 in
2132 532 2279 587 nullo
2323 532 2731 601 dissentientes,
2780 551 3052 591 sacrarum
3094 538 3408 593 Litterarum

1827 638 2048 678 veraces
2072 622 2140 676 ab
2168 623 2246 678 eis
2274 625 2700 694 agnoscebantur
2723 635 2777 681 et
2804 628 3119 683 tenebantur
3145 638 3407 684 auctores.

1829 711 1932 782 Ipsi
1957 713 2036 767 eis
2056 721 2209 767 erant
2227 714 2547 782 philosophi,
2573 715 2673 771 hoc
2694 724 2795 783 est,
2821 726 3087 771 amatores
3111 718 3405 786 sapientiae,

1831 802 1931 873 ipsi
1961 802 2262 873 sapientes,
2291 803 2391 872 ipsi
2416 804 2678 873 theologi,
2707 804 2807 874 ipsi
2844 805 3117 875 prophetae
3137 847 3151 871 ,
3184 806 3281 875 ipsi
3310 806 3410 860 do-

1831 903 2008 948 ctores
2035 894 2310 962 probitatis
2331 902 2491 964 atque
2511 895 2741 964 pietatis.
2765 895 3094 966 Quicumque
3120 896 3409 951 secundum

1832 983 1953 1039 illos
1980 985 2155 1053 sapuit
2179 994 2232 1039 et
2256 984 2406 1050 vixit,
2438 1000 2543 1039 non
2585 986 2875 1040 secundum
2906 984 3171 1051 homines,
3202 986 3295 1041 sed
3321 999 3409 1041 se-

1831 1075 2064 1130 cundum
2088 1077 2273 1143 Deum,
2297 1077 2385 1147 qui
2406 1091 2501 1146 per
2518 1091 2612 1131 eos
2631 1076 2837 1131 locutus
2857 1084 2958 1143 est,
2986 1078 3160 1147 sapuit
3184 1087 3237 1131 et
3257 1077 3399 1130 vixit.

1834 1167 1909 1223 lbi
1936 1168 1981 1222 si
2008 1167 2333 1239 prohibitum
2364 1177 2446 1223 est
2474 1169 2809 1239 sacrilegium
2830 1211 2844 1236 ,
2872 1170 3012 1225 Deus
3039 1168 3328 1238 prohibuit.
3353 1164 3418 1223 Si

1832 1261 2032 1316 dictum
2057 1269 2155 1324 est,
2182 1259 2610 1330 Honora-patrem
2630 1272 2769 1315 tuum
2790 1270 2838 1315 et
2862 1270 3070 1315 matrem
3092 1269 3251 1328 tuam,
3274 1260 3413 1312 Deus

1827 1352 2004 1423 jussit.
2035 1352 2089 1407 Si
2117 1352 2315 1407 dictum
2343 1362 2459 1418 est,
2494 1351 2612 1407 Non
2645 1353 2968 1407 mcechaberis
2987 1395 3001 1419 ,
3046 1351 3167 1406 Non
3202 1351 3413 1405 homici-

1833 1444 1973 1496 dium
1998 1444 2171 1513 facies,
2208 1441 2330 1495 Non
2356 1443 2607 1511 furaberis
2637 1442 2831 1512 (Exod.
2870 1456 2965 1507 xx,
2995 1440 3197 1509 12-15),
3227 1449 3280 1495 et
3308 1454 3414 1493 ca:-

1834 1543 1945 1591 tera
1979 1535 2313 1604 hujusmodi,
2352 1549 2456 1588 non
2497 1534 2611 1587 haec
2655 1549 2750 1588 ora
2789 1534 3048 1599 humana,
3082 1533 3176 1588 sed
3203 1533 3413 1587 oracula

1833 1626 2008 1680 divina
2054 1625 2323 1680 fuderunt.
2370 1623 2634 1694 Quidquid
2680 1625 2982 1695 philosophi
3021 1625 3234 1694 quidam
3278 1626 3415 1678 inter

1833 1717 1965 1772 falsa
1988 1760 2003 1785 ,
2035 1734 2152 1788 qua:
2180 1718 2379 1787 opinati
2407 1726 2561 1781 sunt,
2590 1732 2773 1771 verum
2804 1716 2985 1771 videre
3012 1724 3331 1785 potuerunt,
3363 1724 3415 1770 et

1833 1808 2116 1864 laboriosis
2166 1807 2607 1878 disputationibus
2659 1807 2981 1877 persuadere
3031 1807 3199 1861 moliti
3251 1815 3412 1872 sunt,

1834 1899 1975 1969 quod
2003 1899 2256 1953 mundum
2284 1899 2442 1953 istum
2476 1898 2659 1952 fecerit
2696 1900 2866 1965 Deus,
2893 1912 3122 1968 eumque
3152 1898 3264 1967 ipse
3292 1912 3416 1966 pro-

1834 1992 2228 2046 videntissimus
2256 1991 2611 2057 administret,
2641 1989 2708 2044 de
2738 1989 3017 2044 honestate
3044 1990 3317 2054 virtutum,
3349 1988 3418 2043 de

1833 2099 2016 2139 amore
2054 2084 2265 2152 patriae,
2307 2082 2374 2137 de
2412 2081 2516 2137 fide
2555 2081 2835 2147 amicitiae,
2865 2081 2932 2137 de
2973 2081 3129 2135 bonis
3166 2079 3417 2149 operibus

1832 2186 1993 2247 atque
2021 2175 2268 2230 omnibus
2293 2174 2359 2228 ad
2386 2189 2564 2228 mores
2593 2174 2786 2243 probos
2816 2172 3205 2242 pertinentibus
3234 2170 3415 2231 rebus,

1834 2270 2075 2341 quamvis
2115 2268 2413 2322 nescientes
2451 2267 2516 2321 ad
2544 2282 2699 2336 quem
2731 2265 2890 2319 tinem
2918 2274 2971 2320 et
2999 2281 3227 2336 quonam
3259 2262 3419 2317 modo

1833 2369 2015 2415 essent
2042 2360 2141 2414 ista
2172 2359 2347 2413 omnia
2388 2356 2687 2423 referenda,
2722 2356 3064 2426 propheticis,
3097 2354 3198 2410 hoc
3226 2361 3309 2409 est
3332 2352 3418 2407 di-

1832 2451 1972 2506 vinis
2007 2450 2256 2517 vocibus,
2285 2448 2526 2519 quamvis
2568 2463 2664 2517 per
2703 2448 2975 2512 homines,
3008 2447 3061 2500 in
3092 2446 3180 2500 illa
3208 2445 3420 2500 civitate

1834 2542 2030 2614 p0pulo
2056 2540 2423 2595 commendata
2451 2548 2594 2605 sunt,
2624 2554 2729 2592 non
2757 2538 3271 2608 argumentationum
3292 2550 3422 2589 cou-

1835 2633 2217 2689 certationibus
2256 2631 2559 2696 inculcata;
2601 2638 2658 2683 ut
2697 2646 2803 2684 non
2844 2628 3076 2683 hominis
3119 2626 3418 2696 ingenium,

1835 2727 1927 2783 sed
1958 2727 2050 2780 Dei
2078 2724 2345 2796 eloquium
2374 2732 2717 2780 contemnere
2741 2714 3073 2790 formidaret,
3104 2720 3194 2791 qui
3219 2719 3308 2774 illa
3332 2732 3423 2773 cos

1834 2824 2131 2889 gnoscerct.

1835 2974 2059 3033 CAPUT
2097 2972 2258 3030 XLII.
2290 3002 2360 3013 —
2399 2973 2512 3040 Qua
2553 2970 2927 3041 dispensatione
2963 2966 3289 3039 providentia:
3327 2963 3421 3018 Dei

1908 3067 2189 3137 Scriptura:
2209 3079 2368 3118 same
2395 3062 2584 3116 Veteris
2608 3060 2911 3117 Testamenti
2930 3076 2991 3112 ex
3010 3057 3205 3111 hebrwo
3228 3057 3278 3109 in
3300 3071 3420 3126 grte-

1905 3175 2021 3213 cum
2057 3157 2309 3213 eloauium
2338 3152 2596 3210 translata:
2628 3152 2729 3207 sint
2750 3191 2767 3217 ,
2796 3160 2850 3208 ut
2878 3149 3119 3207 Gentibus
3142 3148 3420 3206 innotesce-

1905 3261 2035 3307 rent.

1905 3385 2012 3440 Has
2040 3397 2217 3438 sacras
2242 3381 2471 3437 Litteras
2501 3380 2658 3435 etiam
2692 3392 2828 3432 unus
2854 3376 3258 3431 Ptolemaeorum
3280 3376 3302 3406 '
3330 3388 3421 3429 re-

1833 3494 1956 3549 gum
2007 3474 2221 3545 Egypti
2277 3487 2436 3527 nosse
2492 3471 2693 3527 studuit
2742 3478 2796 3525 et
2846 3467 3063 3522 habere.
3117 3466 3248 3520 Natn
3299 3473 3421 3535 post

1834 3568 2121 3627 Alexandri
2160 3564 2495 3632 Macedonis,
2546 3561 2828 3632 quietiam
2879 3558 3098 3628 Magnus
3147 3556 3420 3623 cognomi-

1836 3674 2003 3733 natus.
2033 3670 2147 3725 est,
2195 3656 2713 3723 mirificentissimam
2758 3653 3079 3721 minimeque
3120 3649 3420 3702 diuturnam

1835 3757 2159 3828 potentiam,
2191 3768 2291 3824 qua
2332 3752 2632 3805 universam
2673 3746 2885 3809 Asiam,
2926 3744 3034 3797 imo
3076 3755 3212 3810 pene
3251 3748 3420 3793 totum

1834 3849 2043 3913 orbem,
2068 3845 2255 3914 partim
2284 3842 2336 3895 vi
2363 3850 2416 3896 et
2444 3839 2624 3903 armis,
2670 3836 2859 3907 partim
2888 3842 3090 3888 terrore
3116 3830 3415 3900 subegerat,

1833 3939 2044 4011 quando
2074 3938 2213 3991 inter
2237 3944 2427 3989 caetera
2457 3930 2690 3986 Orientis
2710 3928 2730 3959 ⁸
2758 3927 2917 3982 etiam
2946 3924 3182 3980 Iudaeam
3211 3923 3421 3991 ingres-

1833 4046 1924 4087 sus
1952 4027 2208 4091 obtinuit;
2241 4040 2305 4081 eo
2334 4033 2544 4078 mortuo
2581 4020 2804 4076 comites
2839 4018 2954 4086 ejus
2980 4057 2994 4080 ,
3036 4028 3158 4069 cttm
3197 4026 3418 4082 regnum

1834 4123 1964 4178 illud
2003 4119 2389 4189 amplissimum
2436 4130 2540 4169 non
2586 4111 2802 4181 paciﬁce
2845 4110 2985 4164 inter
3025 4122 3084 4160 se
3120 4102 3422 4174 possessuri

1833 4214 2173 4277 divisissent,
2208 4210 2299 4265 sed
2326 4201 2498 4279 potius
2525 4206 2908 4275 dissipassent,
2936 4200 3088 4254 bellis
3117 4197 3294 4252 omnia
3322 4211 3419 4249 va-

1833 4306 2060 4368 staturi,
2104 4303 2419 4358 Ptolemreos
2462 4312 2617 4367 reges
2661 4295 2858 4349 habere
2904 4291 3067 4361 erepit
3102 4288 3363 4360 ngyptus
3402 4304 3418 4342 :

1833 4412 2059 4469 quorum
2087 4395 2288 4464 primus
2316 4391 2442 4460 Lagi
2472 4389 2630 4454 filius,
2659 4386 2853 4440 multos
2879 4398 2945 4437 ex
2970 4381 3152 4437 Judcea
3180 4380 3420 4452 captivos

1834 4493 1887 4546 in
1918 4491 2207 4561 Egyptum
2250 4483 2536 4540 transtulit.
2582 4479 2715 4533 lluic
2753 4486 2930 4531 autem
2966 4472 3261 4529 succedens
3285 4470 3424 4525 alius

1835 4584 2153 4641 Ptoleuneus
2173 4619 2187 4645 ,
2216 4577 2305 4646 qui
2343 4582 2425 4629 est
2465 4571 2763 4642 appellatus
2792 4565 3171 4633 Philadelphus
3191 4602 3205 4628 ,
3235 4575 3421 4615 omnes

1834 4689 1969 4745 quos
1999 4673 2089 4727 ille
2116 4669 2409 4726 adduxerat
2436 4664 2762 4732 subjugatos,
2789 4659 2987 4713 liberos
3020 4655 3195 4711 redire
3225 4653 3421 4723 permi-

1834 4769 1903 4823 sit
1933 4785 1945 4821 :
1978 4766 2195 4834 insuper
2219 4771 2272 4816 et
2296 4760 2433 4815 dona
2460 4758 2602 4828 regia
2634 4756 2687 4809 in
2721 4752 2975 4819 templum
3016 4749 3110 4804 Dei
3139 4747 3301 4811 misit,
3333 4760 3421 4815 pc-

1836 4858 2054 4926 tivitque
2081 4855 2147 4909 ab
2175 4854 2427 4911 Eleazaro
2454 4858 2579 4903 tunc
2609 4844 2878 4915 pontifice,
2909 4841 3020 4895 dari
3051 4839 3151 4894 sibi
3178 4836 3424 4905 Scriptu-

1835 4965 1941 5015 ras,
1970 4961 2101 5017 quas
2130 4943 2369 5014 profecto
2399 4939 2638 4995 audierat
2664 4936 2802 4990 fama
2833 4933 3156 5004 praedicante
3184 4928 3422 4993 divinas;

1834 5050 1890 5096 et
1934 5039 2052 5094 ideo
2099 5034 2475 5103 concupiverat
2523 5029 2721 5083 habere
2766 5027 2818 5080 in
2864 5024 3218 5085 bibliotheca,
3265 5034 3425 5089 quam

1838 5130 2221 5187 nobilissimam
2248 5126 2472 5181 fecerat.
2503 5121 2609 5176 Has
2637 5121 2685 5175 ei
2715 5134 2835 5173 cum
2875 5117 3017 5172 idem
3052 5112 3289 5185 pontifex
3320 5111 3424 5163 mi-

1837 5225 1996 5279 sisset
2023 5222 2281 5283 bebrzcas,
2310 5226 2430 5288 post
2451 5215 2610 5270 etiam
2641 5213 2729 5267 ille
2760 5211 3077 5277 interpretes
3105 5200 3425 5273 postulavit;

1839 5324 1893 5370 et
1917 5314 2022 5369 dati
2053 5319 2176 5366 sunt
2214 5305 2550 5379 septuaginta
2588 5304 2693 5358 duo
2718 5344 2731 5366 ,
2771 5300 2839 5353 de
2881 5295 3102 5369 singulis
3145 5290 3427 5345 duodecim

1841 5404 2081 5465 tribubus
2110 5402 2225 5457 seni
2264 5400 2509 5457 homines
2529 5438 2543 5463 ,
2574 5395 2766 5463 lingua:
2797 5388 3070 5455 utriusque
3097 5379 3424 5445 doctissimi,

1907 5588 1925 5619 ι
1963 5591 2012 5633 in
2035 5581 2391 5644 manuscriptis,
2418 5575 2661 5644 parilitate
2685 5569 2907 5623 licentirv.

1905 5650 1925 5681 ³
1959 5631 2135 5697 omnes
2162 5631 2309 5706 prope
2332 5631 2459 5706 tussi,
2486 5636 2849 5688 Ptolomworum
2879 5643 2897 5683 :
2923 5637 2975 5683 ct
2995 5632 3289 5686 constanter,
3314 5631 3425 5680 Pto-

1846 5713 2053 5769 lomcus,
2096 5701 2219 5770 loco,
2247 5701 2589 5770 'I’lplemwllS-J
2672 5767 2680 5770 _
2950 5768 2957 5770 ξ
2993 5751 3319 5770 μυηη-,μεκ

1911 5757 2100 5833 ἶωιὶί,
2128 5757 2333 5825 orientis
2356 5777 2521 5830 regna.
2545 5761 2708 5822 Abest,
2741 5771 2908 5823 regna,
2941 5768 2967 5807 a
2991 5757 3339 5814 manttscriptis.
