  <div class='ocr_page' id='page_1' title='image "/cluster/home/n/w/nwhite01/storage/ocr_20150623/40-41/uva.x000217726/1003.png"; bbox 0 0 3826 6446; ppageno 0'>
   <div class='ocr_carea' id='block_1_1' title="bbox 423 307 527 363">
    <p class='ocr_par' dir='ltr' id='par_1_1' title="bbox 423 307 527 363">
     <span class='ocr_line' id='line_1_1' title="bbox 423 307 527 363; baseline -0.019 0"><span class='ocrx_word' id='word_1_1' title='bbox 423 307 527 363; x_wconf 73' lang='lat'><strong>603</strong></span> 
     </span>
    </p>
   </div>
   <div class='ocr_carea' id='block_1_2' title="bbox 420 418 2013 492">
    <p class='ocr_par' dir='ltr' id='par_1_2' title="bbox 420 418 2013 492">
     <span class='ocr_line' id='line_1_2' title="bbox 420 418 2013 492; baseline -0.006 -10"><span class='ocrx_word' id='word_1_2' title='bbox 420 425 651 492; x_wconf 70' lang='lat' dir='ltr'><strong>hcbmte</strong></span> <span class='ocrx_word' id='word_1_3' title='bbox 671 421 873 478; x_wconf 90' lang='lat' dir='ltr'><strong>scilicet</strong></span> <span class='ocrx_word' id='word_1_4' title='bbox 895 429 1054 492; x_wconf 89' lang='lat' dir='ltr'><strong>atque</strong></span> <span class='ocrx_word' id='word_1_5' title='bbox 1074 434 1280 492; x_wconf 67' lang='lat' dir='ltr'><strong>grmcm.</strong></span> <span class='ocrx_word' id='word_1_6' title='bbox 1306 418 1541 485; x_wconf 87' lang='lat' dir='ltr'><strong>Quorum</strong></span> <span class='ocrx_word' id='word_1_7' title='bbox 1565 418 1932 488; x_wconf 70' lang='lat' dir='ltr'><strong>interpretatio</strong></span> <span class='ocrx_word' id='word_1_8' title='bbox 1956 426 2013 472; x_wconf 92' lang='lat' dir='ltr'><strong>ut</strong></span> 
     </span>
    </p>
   </div>
   <div class='ocr_carea' id='block_1_3' title="bbox 421 509 2012 587">
    <p class='ocr_par' dir='ltr' id='par_1_3' title="bbox 421 509 2012 587">
     <span class='ocr_line' id='line_1_3' title="bbox 421 509 2012 587; baseline -0.006 -15"><span class='ocrx_word' id='word_1_9' title='bbox 421 515 772 587; x_wconf 88' lang='lat' dir='ltr'><strong>Septuaginta</strong></span> <span class='ocrx_word' id='word_1_10' title='bbox 801 521 1050 578; x_wconf 89' lang='lat' dir='ltr'><strong>vocetur,</strong></span> <span class='ocrx_word' id='word_1_11' title='bbox 1092 513 1202 582; x_wconf 89' lang='lat' dir='ltr'><strong>jam</strong></span> <span class='ocrx_word' id='word_1_12' title='bbox 1239 509 1469 566; x_wconf 73' lang='lat' dir='ltr'><strong>obtinuit</strong></span> <span class='ocrx_word' id='word_1_13' title='bbox 1495 509 1846 566; x_wconf 86' lang='lat' dir='ltr'><strong>consuetudo.</strong></span> <span class='ocrx_word' id='word_1_14' title='bbox 1875 509 2012 564; x_wconf 89' lang='lat' dir='ltr'><strong>Tra-</strong></span> 
     </span>
    </p>
   </div>
   <div class='ocr_carea' id='block_1_4' title="bbox 423 601 2016 673">
    <p class='ocr_par' dir='ltr' id='par_1_4' title="bbox 423 601 2016 673">
     <span class='ocr_line' id='line_1_4' title="bbox 423 601 2016 673; baseline -0.005 -10"><span class='ocrx_word' id='word_1_15' title='bbox 423 607 568 664; x_wconf 82' lang='lat' dir='ltr'><strong>ditur</strong></span> <span class='ocrx_word' id='word_1_16' title='bbox 592 621 723 662; x_wconf 84' lang='lat' dir='ltr'><strong>sane</strong></span> <span class='ocrx_word' id='word_1_17' title='bbox 754 615 859 660; x_wconf 91' lang='lat' dir='ltr'><strong>tam</strong></span> <span class='ocrx_word' id='word_1_18' title='bbox 887 604 1186 660; x_wconf 83' lang='lat' dir='ltr'><strong>mirabilem</strong></span> <span class='ocrx_word' id='word_1_19' title='bbox 1209 619 1272 658; x_wconf 92' lang='lat' dir='ltr'><strong>ac</strong></span> <span class='ocrx_word' id='word_1_20' title='bbox 1300 602 1622 673; x_wconf 83' lang='lat' dir='ltr'><strong>stupendum</strong></span> <span class='ocrx_word' id='word_1_21' title='bbox 1651 602 1912 672; x_wconf 88' lang='lat' dir='ltr'><strong>pleneque</strong></span> <span class='ocrx_word' id='word_1_22' title='bbox 1936 601 2016 656; x_wconf 86' lang='lat' dir='ltr'><strong>di-</strong></span> 
     </span>
    </p>
   </div>
   <div class='ocr_carea' id='block_1_5' title="bbox 424 691 2017 759">
    <p class='ocr_par' dir='ltr' id='par_1_5' title="bbox 424 691 2017 759">
     <span class='ocr_line' id='line_1_5' title="bbox 424 691 2017 759; baseline -0.004 -7"><span class='ocrx_word' id='word_1_23' title='bbox 424 699 605 754; x_wconf 91' lang='lat' dir='ltr'><strong>vinum</strong></span> <span class='ocrx_word' id='word_1_24' title='bbox 636 699 688 752; x_wconf 92' lang='lat' dir='ltr'><strong>in</strong></span> <span class='ocrx_word' id='word_1_25' title='bbox 717 711 904 753; x_wconf 90' lang='lat' dir='ltr'><strong>eorum</strong></span> <span class='ocrx_word' id='word_1_26' title='bbox 935 696 1115 752; x_wconf 89' lang='lat' dir='ltr'><strong>verbis</strong></span> <span class='ocrx_word' id='word_1_27' title='bbox 1142 694 1304 750; x_wconf 90' lang='lat' dir='ltr'><strong>fuisse</strong></span> <span class='ocrx_word' id='word_1_28' title='bbox 1331 709 1652 750; x_wconf 89' lang='lat' dir='ltr'><strong>consensum</strong></span> <span class='ocrx_word' id='word_1_29' title='bbox 1673 735 1688 759; x_wconf 96' lang='lat'><strong>,</strong></span> <span class='ocrx_word' id='word_1_30' title='bbox 1715 701 1775 748; x_wconf 94' lang='lat' dir='ltr'><strong>ut</strong></span> <span class='ocrx_word' id='word_1_31' title='bbox 1799 708 1922 748; x_wconf 89' lang='lat' dir='ltr'><strong>cum</strong></span> <span class='ocrx_word' id='word_1_32' title='bbox 1949 691 2017 746; x_wconf 89' lang='lat' dir='ltr'><strong>ad</strong></span> 
     </span>
    </p>
   </div>
   <div class='ocr_carea' id='block_1_6' title="bbox 429 784 2017 858">
    <p class='ocr_par' dir='ltr' id='par_1_6' title="bbox 429 784 2017 858">
     <span class='ocr_line' id='line_1_6' title="bbox 429 784 2017 858; baseline -0.003 -15"><span class='ocrx_word' id='word_1_33' title='bbox 429 787 532 843; x_wconf 88' lang='lat' dir='ltr'><strong>hoc</strong></span> <span class='ocrx_word' id='word_1_34' title='bbox 565 803 699 858; x_wconf 90' lang='lat' dir='ltr'><strong>opus</strong></span> <span class='ocrx_word' id='word_1_35' title='bbox 728 787 1014 857; x_wconf 83' lang='lat' dir='ltr'><strong>separatim</strong></span> <span class='ocrx_word' id='word_1_36' title='bbox 1042 785 1236 856; x_wconf 83' lang='lat' dir='ltr'><strong>singuli</strong></span> <span class='ocrx_word' id='word_1_37' title='bbox 1266 785 1501 840; x_wconf 88' lang='lat' dir='ltr'><strong>sederint</strong></span> <span class='ocrx_word' id='word_1_38' title='bbox 1528 784 1638 854; x_wconf 88' lang='lat' dir='ltr'><strong>(ita</strong></span> <span class='ocrx_word' id='word_1_39' title='bbox 1659 785 1800 840; x_wconf 90' lang='lat' dir='ltr'><strong>enim</strong></span> <span class='ocrx_word' id='word_1_40' title='bbox 1831 798 2017 839; x_wconf 89' lang='lat' dir='ltr'><strong>eorum</strong></span> 
     </span>
    </p>
   </div>
   <div class='ocr_carea' id='block_1_7' title="bbox 431 875 2016 948">
    <p class='ocr_par' dir='ltr' id='par_1_7' title="bbox 431 875 2016 948">
     <span class='ocr_line' id='line_1_7' title="bbox 431 875 2016 948; baseline -0.003 -14"><span class='ocrx_word' id='word_1_41' title='bbox 431 879 591 935; x_wconf 86' lang='lat' dir='ltr'><strong>fidem</strong></span> <span class='ocrx_word' id='word_1_42' title='bbox 617 879 906 934; x_wconf 71' lang='lat' dir='ltr'><strong>Ptolemazo</strong></span> <span class='ocrx_word' id='word_1_43' title='bbox 937 878 1138 948; x_wconf 79' lang='lat' dir='ltr'><strong>placuit</strong></span> <span class='ocrx_word' id='word_1_44' title='bbox 1165 878 1512 948; x_wconf 83' lang='lat' dir='ltr'><strong>explorare),</strong></span> <span class='ocrx_word' id='word_1_45' title='bbox 1553 878 1608 933; x_wconf 88' lang='lat' dir='ltr'><strong>in</strong></span> <span class='ocrx_word' id='word_1_46' title='bbox 1646 877 1792 932; x_wconf 86' lang='lat' dir='ltr'><strong>nullo</strong></span> <span class='ocrx_word' id='word_1_47' title='bbox 1819 875 2016 944; x_wconf 91' lang='lat' dir='ltr'><strong>verbo,</strong></span> 
     </span>
    </p>
   </div>
   <div class='ocr_carea' id='block_1_8' title="bbox 429 968 2022 1047">
    <p class='ocr_par' dir='ltr' id='par_1_8' title="bbox 429 968 2022 1047">
     <span class='ocr_line' id='line_1_8' title="bbox 429 968 2022 1047; baseline -0.001 -22"><span class='ocrx_word' id='word_1_48' title='bbox 429 971 574 1042; x_wconf 92' lang='lat' dir='ltr'><strong>quod</strong></span> <span class='ocrx_word' id='word_1_49' title='bbox 603 970 746 1026; x_wconf 89' lang='lat' dir='ltr'><strong>idem</strong></span> <span class='ocrx_word' id='word_1_50' title='bbox 773 969 1102 1040; x_wconf 87' lang='lat' dir='ltr'><strong>significaret</strong></span> <span class='ocrx_word' id='word_1_51' title='bbox 1127 977 1183 1025; x_wconf 91' lang='lat' dir='ltr'><strong>et</strong></span> <span class='ocrx_word' id='word_1_52' title='bbox 1211 968 1538 1047; x_wconf 89' lang='lat' dir='ltr'><strong>tantumdem</strong></span> <span class='ocrx_word' id='word_1_53' title='bbox 1581 969 1818 1034; x_wconf 90' lang='lat' dir='ltr'><strong>valeret,</strong></span> <span class='ocrx_word' id='word_1_54' title='bbox 1853 968 1938 1023; x_wconf 90' lang='lat' dir='ltr'><strong>vel</strong></span> <span class='ocrx_word' id='word_1_55' title='bbox 1967 968 2022 1024; x_wconf 92' lang='lat' dir='ltr'><strong>in</strong></span> 
     </span>
    </p>
   </div>
   <div class='ocr_carea' id='block_1_9' title="bbox 431 1057 2022 1129">
    <p class='ocr_par' dir='ltr' id='par_1_9' title="bbox 431 1057 2022 1129">
     <span class='ocr_line' id='line_1_9' title="bbox 431 1057 2022 1129; baseline -0.001 -14"><span class='ocrx_word' id='word_1_56' title='bbox 431 1062 721 1117; x_wconf 82' lang='lat' dir='ltr'><strong>verborum</strong></span> <span class='ocrx_word' id='word_1_57' title='bbox 762 1062 949 1118; x_wconf 88' lang='lat' dir='ltr'><strong>ordine</strong></span> <span class='ocrx_word' id='word_1_58' title='bbox 974 1103 989 1128; x_wconf 95' lang='lat'><strong>,</strong></span> <span class='ocrx_word' id='word_1_59' title='bbox 1031 1062 1168 1116; x_wconf 86' lang='lat' dir='ltr'><strong>alter</strong></span> <span class='ocrx_word' id='word_1_60' title='bbox 1206 1059 1274 1116; x_wconf 87' lang='lat' dir='ltr'><strong>ab</strong></span> <span class='ocrx_word' id='word_1_61' title='bbox 1313 1061 1484 1116; x_wconf 88' lang='lat' dir='ltr'><strong>altero</strong></span> <span class='ocrx_word' id='word_1_62' title='bbox 1521 1059 1893 1129; x_wconf 87' lang='lat' dir='ltr'><strong>discreparet:</strong></span> <span class='ocrx_word' id='word_1_63' title='bbox 1927 1057 2022 1114; x_wconf 91' lang='lat' dir='ltr'><strong>sed</strong></span> 
     </span>
    </p>
   </div>
   <div class='ocr_carea' id='block_1_10' title="bbox 433 1151 2024 1224">
    <p class='ocr_par' dir='ltr' id='par_1_10' title="bbox 433 1151 2024 1224">
     <span class='ocr_line' id='line_1_10' title="bbox 433 1151 2024 1224; baseline -0.002 -16"><span class='ocrx_word' id='word_1_64' title='bbox 433 1163 683 1224; x_wconf 87' lang='lat' dir='ltr'><strong>tanquam</strong></span> <span class='ocrx_word' id='word_1_65' title='bbox 714 1168 852 1209; x_wconf 91' lang='lat' dir='ltr'><strong>unus</strong></span> <span class='ocrx_word' id='word_1_66' title='bbox 880 1162 1025 1210; x_wconf 85' lang='lat' dir='ltr'><strong>esset</strong></span> <span class='ocrx_word' id='word_1_67' title='bbox 1049 1155 1312 1224; x_wconf 89' lang='lat' dir='ltr'><strong>interpres</strong></span> <span class='ocrx_word' id='word_1_68' title='bbox 1331 1194 1347 1220; x_wconf 93' lang='lat'><strong>,</strong></span> <span class='ocrx_word' id='word_1_69' title='bbox 1376 1152 1449 1207; x_wconf 89' lang='lat' dir='ltr'><strong>ita</strong></span> <span class='ocrx_word' id='word_1_70' title='bbox 1474 1151 1616 1222; x_wconf 90' lang='lat' dir='ltr'><strong>quod</strong></span> <span class='ocrx_word' id='word_1_71' title='bbox 1640 1165 1828 1206; x_wconf 91' lang='lat' dir='ltr'><strong>omnes</strong></span> <span class='ocrx_word' id='word_1_72' title='bbox 1855 1151 2024 1206; x_wconf 83' lang='lat' dir='ltr'><strong>inter-</strong></span> 
     </span>
    </p>
   </div>
   <div class='ocr_carea' id='block_1_11' title="bbox 431 1243 2023 1316">
    <p class='ocr_par' dir='ltr' id='par_1_11' title="bbox 431 1243 2023 1316">
     <span class='ocr_line' id='line_1_11' title="bbox 431 1243 2023 1316; baseline -0.001 -16"><span class='ocrx_word' id='word_1_73' title='bbox 431 1246 626 1314; x_wconf 88' lang='lat' dir='ltr'><strong>pretati</strong></span> <span class='ocrx_word' id='word_1_74' title='bbox 665 1256 822 1314; x_wconf 90' lang='lat' dir='ltr'><strong>sunt,</strong></span> <span class='ocrx_word' id='word_1_75' title='bbox 865 1261 1027 1302; x_wconf 91' lang='lat' dir='ltr'><strong>unum</strong></span> <span class='ocrx_word' id='word_1_76' title='bbox 1066 1255 1182 1302; x_wconf 87' lang='lat' dir='ltr'><strong>erat</strong></span> <span class='ocrx_word' id='word_1_77' title='bbox 1213 1263 1225 1298; x_wconf 90' lang='lat'>:</span> <span class='ocrx_word' id='word_1_78' title='bbox 1256 1247 1506 1316; x_wconf 88' lang='lat' dir='ltr'><strong>quoniam</strong></span> <span class='ocrx_word' id='word_1_79' title='bbox 1547 1260 1606 1300; x_wconf 93' lang='lat' dir='ltr'><strong>re</strong></span> <span class='ocrx_word' id='word_1_80' title='bbox 1632 1260 1757 1299; x_wconf 88' lang='lat' dir='ltr'><strong>vera</strong></span> <span class='ocrx_word' id='word_1_81' title='bbox 1796 1243 2023 1315; x_wconf 89' lang='lat' dir='ltr'><strong>Spiritus</strong></span> 
     </span>
    </p>
   </div>
   <div class='ocr_carea' id='block_1_12' title="bbox 432 1335 2025 1409">
    <p class='ocr_par' dir='ltr' id='par_1_12' title="bbox 432 1335 2025 1409">
     <span class='ocr_line' id='line_1_12' title="bbox 432 1335 2025 1409; baseline -0.003 -15"><span class='ocrx_word' id='word_1_82' title='bbox 432 1347 551 1394; x_wconf 88' lang='lat' dir='ltr'><strong>erat</strong></span> <span class='ocrx_word' id='word_1_83' title='bbox 579 1354 715 1395; x_wconf 91' lang='lat' dir='ltr'><strong>unus</strong></span> <span class='ocrx_word' id='word_1_84' title='bbox 744 1340 797 1395; x_wconf 93' lang='lat' dir='ltr'><strong>in</strong></span> <span class='ocrx_word' id='word_1_85' title='bbox 827 1339 1074 1394; x_wconf 90' lang='lat' dir='ltr'><strong>omnibus</strong></span> <span class='ocrx_word' id='word_1_86' title='bbox 1101 1338 1196 1409; x_wconf 88' lang='lat' dir='ltr'><strong>(a).</strong></span> <span class='ocrx_word' id='word_1_87' title='bbox 1241 1339 1307 1392; x_wconf 89' lang='lat' dir='ltr'><strong>Et</strong></span> <span class='ocrx_word' id='word_1_88' title='bbox 1343 1337 1465 1392; x_wconf 91' lang='lat' dir='ltr'><strong>ideo</strong></span> <span class='ocrx_word' id='word_1_89' title='bbox 1503 1346 1610 1392; x_wconf 92' lang='lat' dir='ltr'><strong>tam</strong></span> <span class='ocrx_word' id='word_1_90' title='bbox 1650 1336 1890 1392; x_wconf 84' lang='lat' dir='ltr'><strong>mirabile</strong></span> <span class='ocrx_word' id='word_1_91' title='bbox 1930 1335 2025 1390; x_wconf 90' lang='lat' dir='ltr'><strong>Dei</strong></span> 
     </span>
    </p>
   </div>
   <div class='ocr_carea' id='block_1_13' title="bbox 434 1428 2027 1501">
    <p class='ocr_par' dir='ltr' id='par_1_13' title="bbox 434 1428 2027 1501">
     <span class='ocr_line' id='line_1_13' title="bbox 434 1428 2027 1501; baseline -0.003 -17"><span class='ocrx_word' id='word_1_92' title='bbox 434 1445 630 1485; x_wconf 91' lang='lat' dir='ltr'><strong>munus</strong></span> <span class='ocrx_word' id='word_1_93' title='bbox 653 1438 992 1501; x_wconf 87' lang='lat' dir='ltr'><strong>acceperant,</strong></span> <span class='ocrx_word' id='word_1_94' title='bbox 1018 1437 1076 1484; x_wconf 93' lang='lat' dir='ltr'><strong>ut</strong></span> <span class='ocrx_word' id='word_1_95' title='bbox 1096 1429 1305 1483; x_wconf 89' lang='lat' dir='ltr'><strong>illarum</strong></span> <span class='ocrx_word' id='word_1_96' title='bbox 1332 1428 1749 1498; x_wconf 84' lang='lat' dir='ltr'><strong>Seripturarum,</strong></span> <span class='ocrx_word' id='word_1_97' title='bbox 1777 1442 1883 1482; x_wconf 91' lang='lat' dir='ltr'><strong>non</strong></span> <span class='ocrx_word' id='word_1_98' title='bbox 1909 1436 2027 1481; x_wconf 52' lang='lat' dir='ltr'><strong>tan.</strong></span> 
     </span>
    </p>
   </div>
   <div class='ocr_carea' id='block_1_14' title="bbox 434 1519 2030 1594">
    <p class='ocr_par' dir='ltr' id='par_1_14' title="bbox 434 1519 2030 1594">
     <span class='ocr_line' id='line_1_14' title="bbox 434 1519 2030 1594; baseline -0.003 -17"><span class='ocrx_word' id='word_1_99' title='bbox 434 1524 593 1594; x_wconf 86' lang='lat' dir='ltr'><strong>quam</strong></span> <span class='ocrx_word' id='word_1_100' title='bbox 625 1524 1002 1590; x_wconf 90' lang='lat' dir='ltr'><strong>humanarum,</strong></span> <span class='ocrx_word' id='word_1_101' title='bbox 1033 1522 1126 1577; x_wconf 89' lang='lat' dir='ltr'><strong>sed</strong></span> <span class='ocrx_word' id='word_1_102' title='bbox 1155 1522 1294 1577; x_wconf 91' lang='lat' dir='ltr'><strong>sicut</strong></span> <span class='ocrx_word' id='word_1_103' title='bbox 1332 1530 1505 1588; x_wconf 91' lang='lat' dir='ltr'><strong>erant,</strong></span> <span class='ocrx_word' id='word_1_104' title='bbox 1541 1529 1792 1591; x_wconf 90' lang='lat' dir='ltr'><strong>tanquam</strong></span> <span class='ocrx_word' id='word_1_105' title='bbox 1823 1519 2030 1574; x_wconf 88' lang='lat' dir='ltr'><strong>divina-</strong></span> 
     </span>
    </p>
   </div>
   <div class='ocr_carea' id='block_1_15' title="bbox 433 1612 2025 1680">
    <p class='ocr_par' dir='ltr' id='par_1_15' title="bbox 433 1612 2025 1680">
     <span class='ocr_line' id='line_1_15' title="bbox 433 1612 2025 1680; baseline -0.004 -9"><span class='ocrx_word' id='word_1_106' title='bbox 433 1630 590 1680; x_wconf 88' lang='lat' dir='ltr'><strong>rum,</strong></span> <span class='ocrx_word' id='word_1_107' title='bbox 630 1616 792 1672; x_wconf 91' lang='lat' dir='ltr'><strong>etiam</strong></span> <span class='ocrx_word' id='word_1_108' title='bbox 843 1615 945 1670; x_wconf 91' lang='lat' dir='ltr'><strong>isto</strong></span> <span class='ocrx_word' id='word_1_109' title='bbox 987 1614 1148 1670; x_wconf 88' lang='lat' dir='ltr'><strong>modo</strong></span> <span class='ocrx_word' id='word_1_110' title='bbox 1191 1612 1659 1668; x_wconf 84' lang='lat' dir='ltr'><strong>commendaretur</strong></span> <span class='ocrx_word' id='word_1_111' title='bbox 1699 1612 2025 1680; x_wconf 85' lang='lat' dir='ltr'><strong>auctoritas,</strong></span> 
     </span>
    </p>
   </div>
   <div class='ocr_carea' id='block_1_16' title="bbox 437 1703 2029 1776">
    <p class='ocr_par' dir='ltr' id='par_1_16' title="bbox 437 1703 2029 1776">
     <span class='ocr_line' id='line_1_16' title="bbox 437 1703 2029 1776; baseline -0.003 -15"><span class='ocrx_word' id='word_1_112' title='bbox 437 1704 720 1761; x_wconf 87' lang='lat' dir='ltr'><strong>credituris</strong></span> <span class='ocrx_word' id='word_1_113' title='bbox 756 1705 1077 1776; x_wconf 88' lang='lat' dir='ltr'><strong>quandoque</strong></span> <span class='ocrx_word' id='word_1_114' title='bbox 1116 1704 1360 1775; x_wconf 77' lang='lat' dir='ltr'><strong>gentibus</strong></span> <span class='ocrx_word' id='word_1_115' title='bbox 1398 1703 1712 1775; x_wconf 89' lang='lat' dir='ltr'><strong>profutura,</strong></span> <span class='ocrx_word' id='word_1_116' title='bbox 1744 1703 1884 1774; x_wconf 89' lang='lat' dir='ltr'><strong>quod</strong></span> <span class='ocrx_word' id='word_1_117' title='bbox 1918 1703 2029 1774; x_wconf 79' lang='lat' dir='ltr'><strong>jam</strong></span> 
     </span>
    </p>
   </div>
   <div class='ocr_carea' id='block_1_17' title="bbox 435 1794 1134 1855">
    <p class='ocr_par' dir='ltr' id='par_1_17' title="bbox 435 1794 1134 1855">
     <span class='ocr_line' id='line_1_17' title="bbox 435 1794 1134 1855; baseline 0 -7"><span class='ocrx_word' id='word_1_118' title='bbox 435 1794 680 1849; x_wconf 88' lang='lat' dir='ltr'><strong>videmus</strong></span> <span class='ocrx_word' id='word_1_119' title='bbox 709 1794 980 1850; x_wconf 80' lang='lat' dir='ltr'><strong>ell‘ectum.</strong></span> <span class='ocrx_word' id='word_1_120' title='bbox 1129 1850 1134 1855; x_wconf 71' lang='grc'><em>,</em></span> 
     </span>
    </p>
   </div>
   <div class='ocr_carea' id='block_1_18' title="bbox 438 1884 2032 1955">
    <p class='ocr_par' dir='ltr' id='par_1_18' title="bbox 438 1884 2032 1955">
     <span class='ocr_line' id='line_1_18' title="bbox 438 1884 2032 1955; baseline -0.002 -14"><span class='ocrx_word' id='word_1_121' title='bbox 438 1884 663 1942; x_wconf 77' lang='lat' dir='ltr'><strong>CAPUT</strong></span> <span class='ocrx_word' id='word_1_122' title='bbox 690 1885 870 1940; x_wconf 82' lang='lat' dir='ltr'><strong>XLIII.</strong></span> <span class='ocrx_word' id='word_1_123' title='bbox 895 1916 968 1926; x_wconf 94' lang='lat'>—</span> <span class='ocrx_word' id='word_1_124' title='bbox 987 1885 1064 1939; x_wconf 84' lang='lat' dir='ltr'><strong>De</strong></span> <span class='ocrx_word' id='word_1_125' title='bbox 1092 1885 1391 1939; x_wconf 85' lang='lat' dir='ltr'><strong>auctoritate</strong></span> <span class='ocrx_word' id='word_1_126' title='bbox 1421 1884 1762 1955; x_wconf 85' lang='lat' dir='ltr'><strong>Septuaginta</strong></span> <span class='ocrx_word' id='word_1_127' title='bbox 1787 1887 2032 1954; x_wconf 82' lang='lat' dir='ltr'><strong>interpre—</strong></span> 
     </span>
    </p>
   </div>
   <div class='ocr_carea' id='block_1_19' title="bbox 509 1977 2032 2049">
    <p class='ocr_par' dir='ltr' id='par_1_19' title="bbox 509 1977 2032 2049">
     <span class='ocr_line' id='line_1_19' title="bbox 509 1977 2032 2049; baseline 0 -17"><span class='ocrx_word' id='word_1_128' title='bbox 509 1988 637 2047; x_wconf 86' lang='lat' dir='ltr'><strong>tum,</strong></span> <span class='ocrx_word' id='word_1_129' title='bbox 666 1995 797 2049; x_wconf 65' lang='lat' dir='ltr'><strong>quae,</strong></span> <span class='ocrx_word' id='word_1_130' title='bbox 829 1980 968 2033; x_wconf 78' lang='lat' dir='ltr'><strong>salvo</strong></span> <span class='ocrx_word' id='word_1_131' title='bbox 1007 1981 1198 2034; x_wconf 85' lang='lat' dir='ltr'><strong>honore</strong></span> <span class='ocrx_word' id='word_1_132' title='bbox 1227 1977 1411 2033; x_wconf 73' lang='lat' dir='ltr'><strong>hebrazi</strong></span> <span class='ocrx_word' id='word_1_133' title='bbox 1439 1979 1564 2045; x_wconf 80' lang='lat' dir='ltr'><strong>stili,</strong></span> <span class='ocrx_word' id='word_1_134' title='bbox 1590 1979 1820 2034; x_wconf 74' lang='lat' dir='ltr'><strong>omnibus</strong></span> <span class='ocrx_word' id='word_1_135' title='bbox 1853 1979 1925 2032; x_wconf 73' lang='lat' dir='ltr'><strong>ait</strong></span> <span class='ocrx_word' id='word_1_136' title='bbox 1948 1978 2032 2032; x_wconf 86' lang='lat' dir='ltr'><strong>in-</strong></span> 
     </span>
    </p>
   </div>
   <div class='ocr_carea' id='block_1_20' title="bbox 512 2070 1173 2142">
    <p class='ocr_par' dir='ltr' id='par_1_20' title="bbox 512 2070 1173 2142">
     <span class='ocr_line' id='line_1_20' title="bbox 512 2070 1173 2142; baseline -0.003 -17"><span class='ocrx_word' id='word_1_137' title='bbox 512 2070 810 2139; x_wconf 81' lang='lat' dir='ltr'><strong>terpretibus</strong></span> <span class='ocrx_word' id='word_1_138' title='bbox 836 2070 1173 2142; x_wconf 65' lang='lat' dir='ltr'><strong>pra’ferenda.</strong></span> 
     </span>
    </p>
   </div>
   <div class='ocr_carea' id='block_1_21' title="bbox 513 2156 2034 2229">
    <p class='ocr_par' dir='ltr' id='par_1_21' title="bbox 513 2156 2034 2229">
     <span class='ocr_line' id='line_1_21' title="bbox 513 2156 2034 2229; baseline -0.001 -16"><span class='ocrx_word' id='word_1_139' title='bbox 513 2159 644 2213; x_wconf 87' lang='lat' dir='ltr'><strong>Nam</strong></span> <span class='ocrx_word' id='word_1_140' title='bbox 675 2174 796 2214; x_wconf 90' lang='lat' dir='ltr'><strong>cum</strong></span> <span class='ocrx_word' id='word_1_141' title='bbox 827 2159 1024 2216; x_wconf 83' lang='lat' dir='ltr'><strong>fuerint</strong></span> <span class='ocrx_word' id='word_1_142' title='bbox 1052 2169 1107 2215; x_wconf 89' lang='lat' dir='ltr'><strong>et</strong></span> <span class='ocrx_word' id='word_1_143' title='bbox 1131 2159 1219 2214; x_wconf 89' lang='lat' dir='ltr'><strong>alii</strong></span> <span class='ocrx_word' id='word_1_144' title='bbox 1247 2159 1589 2229; x_wconf 88' lang='lat' dir='ltr'><strong>interpretes,</strong></span> <span class='ocrx_word' id='word_1_145' title='bbox 1613 2158 1703 2228; x_wconf 89' lang='lat' dir='ltr'><strong>qui</strong></span> <span class='ocrx_word' id='word_1_146' title='bbox 1729 2173 1794 2213; x_wconf 77' lang='lat' dir='ltr'><strong>ex</strong></span> <span class='ocrx_word' id='word_1_147' title='bbox 1822 2156 2034 2213; x_wconf 70' lang='lat' dir='ltr'><strong>hebrtea</strong></span> 
     </span>
    </p>
   </div>
   <div class='ocr_carea' id='block_1_22' title="bbox 443 2250 2038 2322">
    <p class='ocr_par' dir='ltr' id='par_1_22' title="bbox 443 2250 2038 2322">
     <span class='ocr_line' id='line_1_22' title="bbox 443 2250 2038 2322; baseline 0 -16"><span class='ocrx_word' id='word_1_148' title='bbox 443 2252 620 2322; x_wconf 83' lang='lat' dir='ltr'><strong>lingua</strong></span> <span class='ocrx_word' id='word_1_149' title='bbox 650 2252 704 2306; x_wconf 93' lang='lat' dir='ltr'><strong>iu</strong></span> <span class='ocrx_word' id='word_1_150' title='bbox 724 2267 952 2322; x_wconf 65' lang='lat' dir='ltr'><strong>grmcam</strong></span> <span class='ocrx_word' id='word_1_151' title='bbox 981 2267 1131 2307; x_wconf 86' lang='lat' dir='ltr'><strong>sacra</strong></span> <span class='ocrx_word' id='word_1_152' title='bbox 1162 2252 1246 2307; x_wconf 90' lang='lat' dir='ltr'><strong>illa</strong></span> <span class='ocrx_word' id='word_1_153' title='bbox 1273 2251 1484 2321; x_wconf 86' lang='lat' dir='ltr'><strong>eloquia</strong></span> <span class='ocrx_word' id='word_1_154' title='bbox 1509 2251 1912 2315; x_wconf 89' lang='lat' dir='ltr'><strong>transtulerunt,</strong></span> <span class='ocrx_word' id='word_1_155' title='bbox 1934 2250 2038 2306; x_wconf 89' lang='lat' dir='ltr'><strong>sic-</strong></span> 
     </span>
    </p>
   </div>
   <div class='ocr_carea' id='block_1_23' title="bbox 443 2340 2039 2414">
    <p class='ocr_par' dir='ltr' id='par_1_23' title="bbox 443 2340 2039 2414">
     <span class='ocr_line' id='line_1_23' title="bbox 443 2340 2039 2414; baseline -0.001 -18"><span class='ocrx_word' id='word_1_156' title='bbox 443 2351 504 2397; x_wconf 91' lang='lat' dir='ltr'><strong>ut</strong></span> <span class='ocrx_word' id='word_1_157' title='bbox 529 2343 721 2413; x_wconf 81' lang='lat' dir='ltr'><strong>Aquila</strong></span> <span class='ocrx_word' id='word_1_158' title='bbox 741 2385 756 2409; x_wconf 93' lang='lat'><strong>,</strong></span> <span class='ocrx_word' id='word_1_159' title='bbox 785 2342 1140 2414; x_wconf 79' lang='lat' dir='ltr'><strong>Symmachus</strong></span> <span class='ocrx_word' id='word_1_160' title='bbox 1159 2384 1174 2409; x_wconf 93' lang='lat'><strong>,</strong></span> <span class='ocrx_word' id='word_1_161' title='bbox 1202 2341 1573 2407; x_wconf 88' lang='lat' dir='ltr'><strong>Theodotion;</strong></span> <span class='ocrx_word' id='word_1_162' title='bbox 1601 2342 1739 2396; x_wconf 86' lang='lat' dir='ltr'><strong>sicut</strong></span> <span class='ocrx_word' id='word_1_163' title='bbox 1762 2341 1921 2396; x_wconf 88' lang='lat' dir='ltr'><strong>etiam</strong></span> <span class='ocrx_word' id='word_1_164' title='bbox 1949 2340 2039 2395; x_wconf 85' lang='lat' dir='ltr'><strong>illa</strong></span> 
     </span>
    </p>
   </div>
   <div class='ocr_carea' id='block_1_24' title="bbox 443 2432 2040 2503">
    <p class='ocr_par' dir='ltr' id='par_1_24' title="bbox 443 2432 2040 2503">
     <span class='ocr_line' id='line_1_24' title="bbox 443 2432 2040 2503; baseline -0.001 -14"><span class='ocrx_word' id='word_1_165' title='bbox 443 2443 527 2489; x_wconf 90' lang='lat' dir='ltr'><strong>cst</strong></span> <span class='ocrx_word' id='word_1_166' title='bbox 553 2433 941 2503; x_wconf 90' lang='lat' dir='ltr'><strong>interpretatio,</strong></span> <span class='ocrx_word' id='word_1_167' title='bbox 972 2435 1125 2502; x_wconf 88' lang='lat' dir='ltr'><strong>cujus</strong></span> <span class='ocrx_word' id='word_1_168' title='bbox 1147 2441 1336 2488; x_wconf 87' lang='lat' dir='ltr'><strong>auctor</strong></span> <span class='ocrx_word' id='word_1_169' title='bbox 1361 2447 1469 2488; x_wconf 89' lang='lat' dir='ltr'><strong>non</strong></span> <span class='ocrx_word' id='word_1_170' title='bbox 1499 2441 1745 2502; x_wconf 87' lang='lat' dir='ltr'><strong>apparet,</strong></span> <span class='ocrx_word' id='word_1_171' title='bbox 1769 2442 1822 2488; x_wconf 90' lang='lat' dir='ltr'><strong>et</strong></span> <span class='ocrx_word' id='word_1_172' title='bbox 1847 2432 1916 2487; x_wconf 94' lang='lat' dir='ltr'><strong>ob</strong></span> <span class='ocrx_word' id='word_1_173' title='bbox 1937 2433 2040 2487; x_wconf 92' lang='lat' dir='ltr'><strong>hoc</strong></span> 
     </span>
    </p>
   </div>
   <div class='ocr_carea' id='block_1_25' title="bbox 446 2521 2035 2592">
    <p class='ocr_par' dir='ltr' id='par_1_25' title="bbox 446 2521 2035 2592">
     <span class='ocr_line' id='line_1_25' title="bbox 446 2521 2035 2592; baseline -0.001 -14"><span class='ocrx_word' id='word_1_174' title='bbox 446 2523 564 2578; x_wconf 86' lang='lat' dir='ltr'><strong>sine</strong></span> <span class='ocrx_word' id='word_1_175' title='bbox 585 2525 800 2580; x_wconf 85' lang='lat' dir='ltr'><strong>nomine</strong></span> <span class='ocrx_word' id='word_1_176' title='bbox 822 2524 1146 2592; x_wconf 87' lang='lat' dir='ltr'><strong>interpretis,</strong></span> <span class='ocrx_word' id='word_1_177' title='bbox 1171 2523 1365 2590; x_wconf 86' lang='lat' dir='ltr'><strong>Quinta</strong></span> <span class='ocrx_word' id='word_1_178' title='bbox 1386 2521 1550 2578; x_wconf 86' lang='lat' dir='ltr'><strong>editio</strong></span> <span class='ocrx_word' id='word_1_179' title='bbox 1575 2531 1911 2592; x_wconf 85' lang='lat' dir='ltr'><strong>nuncupatur</strong></span> <span class='ocrx_word' id='word_1_180' title='bbox 1931 2521 2035 2592; x_wconf 85' lang='lat' dir='ltr'><strong>(b):</strong></span> 
     </span>
    </p>
   </div>
   <div class='ocr_carea' id='block_1_26' title="bbox 447 2612 2037 2684">
    <p class='ocr_par' dir='ltr' id='par_1_26' title="bbox 447 2612 2037 2684">
     <span class='ocr_line' id='line_1_26' title="bbox 447 2612 2037 2684; baseline 0.001 -19"><span class='ocrx_word' id='word_1_181' title='bbox 447 2612 584 2668; x_wconf 89' lang='lat' dir='ltr'><strong>hanc</strong></span> <span class='ocrx_word' id='word_1_182' title='bbox 609 2622 785 2668; x_wconf 87' lang='lat' dir='ltr'><strong>tamen</strong></span> <span class='ocrx_word' id='word_1_183' title='bbox 810 2629 928 2683; x_wconf 74' lang='lat' dir='ltr'><strong>qua:</strong></span> <span class='ocrx_word' id='word_1_184' title='bbox 955 2613 1298 2684; x_wconf 79' lang='lat' dir='ltr'><strong>Septuaginta</strong></span> <span class='ocrx_word' id='word_1_185' title='bbox 1325 2622 1428 2678; x_wconf 88' lang='lat' dir='ltr'><strong>est,</strong></span> <span class='ocrx_word' id='word_1_186' title='bbox 1457 2622 1707 2682; x_wconf 89' lang='lat' dir='ltr'><strong>tanquam</strong></span> <span class='ocrx_word' id='word_1_187' title='bbox 1737 2613 1848 2668; x_wconf 89' lang='lat' dir='ltr'><strong>sola</strong></span> <span class='ocrx_word' id='word_1_188' title='bbox 1873 2621 2037 2680; x_wconf 87' lang='lat' dir='ltr'><strong>esset,</strong></span> 
     </span>
    </p>
   </div>
   <div class='ocr_carea' id='block_1_27' title="bbox 445 2704 2042 2776">
    <p class='ocr_par' dir='ltr' id='par_1_27' title="bbox 445 2704 2042 2776">
     <span class='ocr_line' id='line_1_27' title="bbox 445 2704 2042 2776; baseline 0.001 -17"><span class='ocrx_word' id='word_1_189' title='bbox 445 2706 524 2760; x_wconf 87' lang='lat' dir='ltr'><strong>sic</strong></span> <span class='ocrx_word' id='word_1_190' title='bbox 550 2705 753 2775; x_wconf 87' lang='lat' dir='ltr'><strong>recepit</strong></span> <span class='ocrx_word' id='word_1_191' title='bbox 777 2705 1032 2770; x_wconf 82' lang='lat' dir='ltr'><strong>Ecclesia,</strong></span> <span class='ocrx_word' id='word_1_192' title='bbox 1059 2720 1227 2776; x_wconf 91' lang='lat' dir='ltr'><strong>eaque</strong></span> <span class='ocrx_word' id='word_1_193' title='bbox 1249 2713 1468 2760; x_wconf 92' lang='lat' dir='ltr'><strong>utuntur</strong></span> <span class='ocrx_word' id='word_1_194' title='bbox 1488 2704 1660 2761; x_wconf 70' lang='lat' dir='ltr'><strong>Cra-ci</strong></span> <span class='ocrx_word' id='word_1_195' title='bbox 1684 2707 1862 2775; x_wconf 86' lang='lat' dir='ltr'><strong>pepuli</strong></span> <span class='ocrx_word' id='word_1_196' title='bbox 1889 2706 2042 2761; x_wconf 87' lang='lat' dir='ltr'><strong>Chri-</strong></span> 
     </span>
    </p>
   </div>
   <div class='ocr_carea' id='block_1_28' title="bbox 447 2797 2038 2867">
    <p class='ocr_par' dir='ltr' id='par_1_28' title="bbox 447 2797 2038 2867">
     <span class='ocr_line' id='line_1_28' title="bbox 447 2797 2038 2867; baseline 0.001 -16"><span class='ocrx_word' id='word_1_197' title='bbox 447 2797 629 2862; x_wconf 87' lang='lat' dir='ltr'><strong>stiani,</strong></span> <span class='ocrx_word' id='word_1_198' title='bbox 651 2812 875 2867; x_wconf 90' lang='lat' dir='ltr'><strong>quorum</strong></span> <span class='ocrx_word' id='word_1_199' title='bbox 901 2798 1138 2867; x_wconf 91' lang='lat' dir='ltr'><strong>plerique</strong></span> <span class='ocrx_word' id='word_1_200' title='bbox 1159 2805 1336 2851; x_wconf 93' lang='lat' dir='ltr'><strong>utrum</strong></span> <span class='ocrx_word' id='word_1_201' title='bbox 1359 2798 1460 2850; x_wconf 87' lang='lat' dir='ltr'><strong>alia</strong></span> <span class='ocrx_word' id='word_1_202' title='bbox 1489 2797 1558 2850; x_wconf 86' lang='lat' dir='ltr'><strong>sit</strong></span> <span class='ocrx_word' id='word_1_203' title='bbox 1577 2797 1748 2867; x_wconf 90' lang='lat' dir='ltr'><strong>aliqua</strong></span> <span class='ocrx_word' id='word_1_204' title='bbox 1777 2798 2038 2867; x_wconf 87' lang='lat' dir='ltr'><strong>ignorant.</strong></span> 
     </span>
    </p>
   </div>
   <div class='ocr_carea' id='block_1_29' title="bbox 448 2889 2044 2961">
    <p class='ocr_par' dir='ltr' id='par_1_29' title="bbox 448 2889 2044 2961">
     <span class='ocr_line' id='line_1_29' title="bbox 448 2889 2044 2961; baseline -0.001 -16"><span class='ocrx_word' id='word_1_205' title='bbox 448 2889 528 2945; x_wconf 78' lang='lat' dir='ltr'><strong>Ex</strong></span> <span class='ocrx_word' id='word_1_206' title='bbox 565 2891 662 2945; x_wconf 88' lang='lat' dir='ltr'><strong>hac</strong></span> <span class='ocrx_word' id='word_1_207' title='bbox 692 2891 1035 2961; x_wconf 79' lang='lat' dir='ltr'><strong>Septuaginta</strong></span> <span class='ocrx_word' id='word_1_208' title='bbox 1082 2890 1518 2959; x_wconf 85' lang='lat' dir='ltr'><strong>interpretatione</strong></span> <span class='ocrx_word' id='word_1_209' title='bbox 1547 2890 1707 2944; x_wconf 90' lang='lat' dir='ltr'><strong>etiam</strong></span> <span class='ocrx_word' id='word_1_210' title='bbox 1745 2890 1796 2943; x_wconf 90' lang='lat' dir='ltr'><strong>in</strong></span> <span class='ocrx_word' id='word_1_211' title='bbox 1827 2890 2044 2943; x_wconf 82' lang='lat' dir='ltr'><strong>latinam</strong></span> 
     </span>
    </p>
   </div>
   <div class='ocr_carea' id='block_1_30' title="bbox 447 2981 2041 3054">
    <p class='ocr_par' dir='ltr' id='par_1_30' title="bbox 447 2981 2041 3054">
     <span class='ocr_line' id='line_1_30' title="bbox 447 2981 2041 3054; baseline -0.003 -14"><span class='ocrx_word' id='word_1_212' title='bbox 447 2983 680 3054; x_wconf 80' lang='lat' dir='ltr'><strong>linguam</strong></span> <span class='ocrx_word' id='word_1_213' title='bbox 712 2984 1115 3054; x_wconf 89' lang='lat' dir='ltr'><strong>interpretatum</strong></span> <span class='ocrx_word' id='word_1_214' title='bbox 1146 2991 1228 3037; x_wconf 89' lang='lat' dir='ltr'><strong>cst</strong></span> <span class='ocrx_word' id='word_1_215' title='bbox 1255 2982 1396 3052; x_wconf 90' lang='lat' dir='ltr'><strong>quod</strong></span> <span class='ocrx_word' id='word_1_216' title='bbox 1437 2982 1691 3036; x_wconf 68' lang='lat' dir='ltr'><strong>Ecclesia:</strong></span> <span class='ocrx_word' id='word_1_217' title='bbox 1730 2981 1932 3035; x_wconf 62' lang='lat' dir='ltr'><strong>Latinit-</strong></span> <span class='ocrx_word' id='word_1_218' title='bbox 1961 2991 2041 3036; x_wconf 86' lang='lat' dir='ltr'><strong>te-</strong></span> 
     </span>
    </p>
   </div>
   <div class='ocr_carea' id='block_1_31' title="bbox 448 3073 2044 3147">
    <p class='ocr_par' dir='ltr' id='par_1_31' title="bbox 448 3073 2044 3147">
     <span class='ocr_line' id='line_1_31' title="bbox 448 3073 2044 3147; baseline -0.002 -17"><span class='ocrx_word' id='word_1_219' title='bbox 448 3087 578 3130; x_wconf 86' lang='lat' dir='ltr'><strong>nent</strong></span> <span class='ocrx_word' id='word_1_220' title='bbox 619 3075 710 3147; x_wconf 88' lang='lat' dir='ltr'><strong>(c).</strong></span> <span class='ocrx_word' id='word_1_221' title='bbox 758 3075 1012 3143; x_wconf 83' lang='lat' dir='ltr'><strong>Quamvis</strong></span> <span class='ocrx_word' id='word_1_222' title='bbox 1055 3091 1158 3129; x_wconf 90' lang='lat' dir='ltr'><strong>non</strong></span> <span class='ocrx_word' id='word_1_223' title='bbox 1205 3074 1433 3128; x_wconf 83' lang='lat' dir='ltr'><strong>defuerit</strong></span> <span class='ocrx_word' id='word_1_224' title='bbox 1474 3073 1803 3142; x_wconf 88' lang='lat' dir='ltr'><strong>temporibus</strong></span> <span class='ocrx_word' id='word_1_225' title='bbox 1847 3073 2044 3128; x_wconf 90' lang='lat' dir='ltr'><strong>nostris</strong></span> 
     </span>
    </p>
   </div>
   <div class='ocr_carea' id='block_1_32' title="bbox 448 3165 2043 3239">
    <p class='ocr_par' dir='ltr' id='par_1_32' title="bbox 448 3165 2043 3239">
     <span class='ocr_line' id='line_1_32' title="bbox 448 3165 2043 3239; baseline -0.003 -16"><span class='ocrx_word' id='word_1_226' title='bbox 448 3168 729 3239; x_wconf 85' lang='lat' dir='ltr'><strong>presbyter</strong></span> <span class='ocrx_word' id='word_1_227' title='bbox 754 3167 1129 3238; x_wconf 84' lang='lat' dir='ltr'><strong>Hieronymus,</strong></span> <span class='ocrx_word' id='word_1_228' title='bbox 1156 3167 1317 3221; x_wconf 91' lang='lat' dir='ltr'><strong>homo</strong></span> <span class='ocrx_word' id='word_1_229' title='bbox 1341 3166 1702 3231; x_wconf 88' lang='lat' dir='ltr'><strong>doctissimus,</strong></span> <span class='ocrx_word' id='word_1_230' title='bbox 1727 3173 1783 3220; x_wconf 88' lang='lat' dir='ltr'><strong>et</strong></span> <span class='ocrx_word' id='word_1_231' title='bbox 1804 3165 2043 3219; x_wconf 89' lang='lat' dir='ltr'><strong>omnium</strong></span> 
     </span>
    </p>
   </div>
   <div class='ocr_carea' id='block_1_33' title="bbox 449 3251 2044 3324">
    <p class='ocr_par' dir='ltr' id='par_1_33' title="bbox 449 3251 2044 3324">
     <span class='ocr_line' id='line_1_33' title="bbox 449 3251 2044 3324; baseline -0.003 -15"><span class='ocrx_word' id='word_1_232' title='bbox 449 3255 612 3309; x_wconf 90' lang='lat' dir='ltr'><strong>trium</strong></span> <span class='ocrx_word' id='word_1_233' title='bbox 643 3255 938 3324; x_wconf 85' lang='lat' dir='ltr'><strong>linguarum</strong></span> <span class='ocrx_word' id='word_1_234' title='bbox 975 3258 1179 3323; x_wconf 87' lang='lat' dir='ltr'><strong>peritus</strong></span> <span class='ocrx_word' id='word_1_235' title='bbox 1199 3294 1213 3317; x_wconf 96' lang='lat'><strong>,</strong></span> <span class='ocrx_word' id='word_1_236' title='bbox 1245 3253 1333 3322; x_wconf 93' lang='lat' dir='ltr'><strong>qui</strong></span> <span class='ocrx_word' id='word_1_237' title='bbox 1373 3267 1478 3306; x_wconf 92' lang='lat' dir='ltr'><strong>non</strong></span> <span class='ocrx_word' id='word_1_238' title='bbox 1509 3267 1575 3306; x_wconf 82' lang='lat' dir='ltr'><strong>ex</strong></span> <span class='ocrx_word' id='word_1_239' title='bbox 1614 3266 1823 3322; x_wconf 85' lang='lat' dir='ltr'><strong>graeco,</strong></span> <span class='ocrx_word' id='word_1_240' title='bbox 1854 3251 1947 3306; x_wconf 90' lang='lat' dir='ltr'><strong>sed</strong></span> <span class='ocrx_word' id='word_1_241' title='bbox 1979 3267 2044 3306; x_wconf 81' lang='lat' dir='ltr'><strong>ex</strong></span> 
     </span>
    </p>
   </div>
   <div class='ocr_carea' id='block_1_34' title="bbox 451 3345 2045 3417">
    <p class='ocr_par' dir='ltr' id='par_1_34' title="bbox 451 3345 2045 3417">
     <span class='ocr_line' id='line_1_34' title="bbox 451 3345 2045 3417; baseline 0 -17"><span class='ocrx_word' id='word_1_242' title='bbox 451 3345 667 3402; x_wconf 77' lang='lat' dir='ltr'><strong>hebrreo</strong></span> <span class='ocrx_word' id='word_1_243' title='bbox 696 3347 746 3401; x_wconf 90' lang='lat' dir='ltr'><strong>in</strong></span> <span class='ocrx_word' id='word_1_244' title='bbox 777 3347 1002 3401; x_wconf 88' lang='lat' dir='ltr'><strong>latinum</strong></span> <span class='ocrx_word' id='word_1_245' title='bbox 1030 3346 1300 3417; x_wconf 89' lang='lat' dir='ltr'><strong>eloquium</strong></span> <span class='ocrx_word' id='word_1_246' title='bbox 1331 3345 1546 3401; x_wconf 88' lang='lat' dir='ltr'><strong>easdem</strong></span> <span class='ocrx_word' id='word_1_247' title='bbox 1575 3345 1884 3415; x_wconf 83' lang='lat' dir='ltr'><strong>Scripturas</strong></span> <span class='ocrx_word' id='word_1_248' title='bbox 1913 3358 2045 3400; x_wconf 84' lang='lat' dir='ltr'><strong>cou-</strong></span> 
     </span>
    </p>
   </div>
   <div class='ocr_carea' id='block_1_35' title="bbox 451 3434 2045 3506">
    <p class='ocr_par' dir='ltr' id='par_1_35' title="bbox 451 3434 2045 3506">
     <span class='ocr_line' id='line_1_35' title="bbox 451 3434 2045 3506; baseline -0.001 -16"><span class='ocrx_word' id='word_1_249' title='bbox 451 3437 695 3490; x_wconf 89' lang='lat' dir='ltr'><strong>verterit.</strong></span> <span class='ocrx_word' id='word_1_250' title='bbox 737 3436 843 3492; x_wconf 91' lang='lat' dir='ltr'><strong>Sed</strong></span> <span class='ocrx_word' id='word_1_251' title='bbox 884 3437 1000 3506; x_wconf 85' lang='lat' dir='ltr'><strong>ejus</strong></span> <span class='ocrx_word' id='word_1_252' title='bbox 1043 3445 1152 3491; x_wconf 87' lang='lat' dir='ltr'><strong>tam</strong></span> <span class='ocrx_word' id='word_1_253' title='bbox 1193 3437 1485 3490; x_wconf 87' lang='lat' dir='ltr'><strong>litteratum</strong></span> <span class='ocrx_word' id='word_1_254' title='bbox 1530 3435 1764 3490; x_wconf 87' lang='lat' dir='ltr'><strong>laborem</strong></span> <span class='ocrx_word' id='word_1_255' title='bbox 1804 3434 2045 3505; x_wconf 79' lang='lat' dir='ltr'><strong>quamvis</strong></span> 
     </span>
    </p>
   </div>
   <div class='ocr_carea' id='block_1_36' title="bbox 451 3525 2043 3595">
    <p class='ocr_par' dir='ltr' id='par_1_36' title="bbox 451 3525 2043 3595">
     <span class='ocr_line' id='line_1_36' title="bbox 451 3525 2043 3595; baseline -0.003 -13"><span class='ocrx_word' id='word_1_256' title='bbox 451 3525 620 3582; x_wconf 74' lang='lat' dir='ltr'><strong>Judaei</strong></span> <span class='ocrx_word' id='word_1_257' title='bbox 659 3527 927 3581; x_wconf 84' lang='lat' dir='ltr'><strong>fateantur</strong></span> <span class='ocrx_word' id='word_1_258' title='bbox 966 3542 1087 3582; x_wconf 90' lang='lat' dir='ltr'><strong>esse</strong></span> <span class='ocrx_word' id='word_1_259' title='bbox 1114 3541 1358 3594; x_wconf 73' lang='lat' dir='ltr'><strong>veraqem</strong></span> <span class='ocrx_word' id='word_1_260' title='bbox 1385 3567 1399 3590; x_wconf 90' lang='lat'><strong>,</strong></span> <span class='ocrx_word' id='word_1_261' title='bbox 1430 3525 1774 3595; x_wconf 86' lang='lat' dir='ltr'><strong>Septuaginta</strong></span> <span class='ocrx_word' id='word_1_262' title='bbox 1804 3540 1930 3580; x_wconf 86' lang='lat' dir='ltr'><strong>vero</strong></span> <span class='ocrx_word' id='word_1_263' title='bbox 1961 3526 2043 3578; x_wconf 82' lang='lat' dir='ltr'><strong>iu-</strong></span> 
     </span>
    </p>
   </div>
   <div class='ocr_carea' id='block_1_37' title="bbox 452 3618 2047 3689">
    <p class='ocr_par' dir='ltr' id='par_1_37' title="bbox 452 3618 2047 3689">
     <span class='ocr_line' id='line_1_37' title="bbox 452 3618 2047 3689; baseline -0.001 -15"><span class='ocrx_word' id='word_1_264' title='bbox 452 3627 714 3689; x_wconf 90' lang='lat' dir='ltr'><strong>terpretes</strong></span> <span class='ocrx_word' id='word_1_265' title='bbox 741 3621 792 3674; x_wconf 91' lang='lat' dir='ltr'><strong>in</strong></span> <span class='ocrx_word' id='word_1_266' title='bbox 821 3620 1004 3674; x_wconf 89' lang='lat' dir='ltr'><strong>multis</strong></span> <span class='ocrx_word' id='word_1_267' title='bbox 1029 3634 1239 3674; x_wconf 88' lang='lat' dir='ltr'><strong>errasse</strong></span> <span class='ocrx_word' id='word_1_268' title='bbox 1268 3618 1624 3683; x_wconf 85' lang='lat' dir='ltr'><strong>contendant;</strong></span> <span class='ocrx_word' id='word_1_269' title='bbox 1656 3627 1831 3672; x_wconf 90' lang='lat' dir='ltr'><strong>tamen</strong></span> <span class='ocrx_word' id='word_1_270' title='bbox 1865 3618 2047 3672; x_wconf 88' lang='lat' dir='ltr'><strong>Eccle-</strong></span> 
     </span>
    </p>
   </div>
   <div class='ocr_carea' id='block_1_38' title="bbox 453 3708 2046 3773">
    <p class='ocr_par' dir='ltr' id='par_1_38' title="bbox 453 3708 2046 3773">
     <span class='ocr_line' id='line_1_38' title="bbox 453 3708 2046 3773; baseline -0.003 -7"><span class='ocrx_word' id='word_1_271' title='bbox 453 3711 548 3766; x_wconf 80' lang='lat' dir='ltr'><strong>siae</strong></span> <span class='ocrx_word' id='word_1_272' title='bbox 568 3708 761 3765; x_wconf 88' lang='lat' dir='ltr'><strong>Christi</strong></span> <span class='ocrx_word' id='word_1_273' title='bbox 787 3719 865 3765; x_wconf 89' lang='lat' dir='ltr'><strong>tot</strong></span> <span class='ocrx_word' id='word_1_274' title='bbox 891 3710 1163 3764; x_wconf 88' lang='lat' dir='ltr'><strong>hominum</strong></span> <span class='ocrx_word' id='word_1_275' title='bbox 1189 3709 1515 3773; x_wconf 88' lang='lat' dir='ltr'><strong>auctoritati,</strong></span> <span class='ocrx_word' id='word_1_276' title='bbox 1542 3709 1609 3763; x_wconf 92' lang='lat' dir='ltr'><strong>ab</strong></span> <span class='ocrx_word' id='word_1_277' title='bbox 1634 3709 1892 3762; x_wconf 84' lang='lat' dir='ltr'><strong>Eleazaro</strong></span> <span class='ocrx_word' id='word_1_278' title='bbox 1918 3718 2046 3762; x_wconf 90' lang='lat' dir='ltr'><strong>tunc</strong></span> 
     </span>
    </p>
   </div>
   <div class='ocr_carea' id='block_1_39' title="bbox 456 3801 2044 3874">
    <p class='ocr_par' dir='ltr' id='par_1_39' title="bbox 456 3801 2044 3874">
     <span class='ocr_line' id='line_1_39' title="bbox 456 3801 2044 3874; baseline -0.002 -16"><span class='ocrx_word' id='word_1_279' title='bbox 456 3803 707 3874; x_wconf 85' lang='lat' dir='ltr'><strong>pontifice</strong></span> <span class='ocrx_word' id='word_1_280' title='bbox 750 3803 818 3858; x_wconf 87' lang='lat' dir='ltr'><strong>ad</strong></span> <span class='ocrx_word' id='word_1_281' title='bbox 863 3805 966 3858; x_wconf 90' lang='lat' dir='ltr'><strong>hoc</strong></span> <span class='ocrx_word' id='word_1_282' title='bbox 1010 3810 1212 3857; x_wconf 88' lang='lat' dir='ltr'><strong>tantum</strong></span> <span class='ocrx_word' id='word_1_283' title='bbox 1252 3817 1386 3873; x_wconf 89' lang='lat' dir='ltr'><strong>opus</strong></span> <span class='ocrx_word' id='word_1_284' title='bbox 1416 3803 1740 3864; x_wconf 78' lang='lat' dir='ltr'><strong>electorum,</strong></span> <span class='ocrx_word' id='word_1_285' title='bbox 1775 3801 2044 3856; x_wconf 85' lang='lat' dir='ltr'><strong>neminem</strong></span> 
     </span>
    </p>
   </div>
   <div class='ocr_carea' id='block_1_40' title="bbox 517 3931 2047 3996">
    <p class='ocr_par' dir='ltr' id='par_1_40' title="bbox 517 3931 2047 3996">
     <span class='ocr_line' id='line_1_40' title="bbox 517 3931 2047 3996; baseline 0.001 -15"><span class='ocrx_word' id='word_1_286' title='bbox 517 3933 590 3996; x_wconf 82' lang='grc' dir='ltr'><strong>(α)</strong></span> <span class='ocrx_word' id='word_1_287' title='bbox 617 3933 825 3982; x_wconf 80' lang='lat' dir='ltr'><strong>Aliorum</strong></span> <span class='ocrx_word' id='word_1_288' title='bbox 841 3940 1032 3996; x_wconf 79' lang='lat' dir='ltr'><strong>Patrum</strong></span> <span class='ocrx_word' id='word_1_289' title='bbox 1058 3939 1110 3996; x_wconf 82' lang='lat' dir='ltr'><strong>et</strong></span> <span class='ocrx_word' id='word_1_290' title='bbox 1134 3931 1339 3996; x_wconf 86' lang='lat' dir='ltr'><strong>Philonis</strong></span> <span class='ocrx_word' id='word_1_291' title='bbox 1360 3933 1508 3996; x_wconf 62' lang='lat' dir='ltr'><strong>Judaei</strong></span> <span class='ocrx_word' id='word_1_292' title='bbox 1527 3931 1658 3996; x_wconf 78' lang='lat' dir='ltr'><strong>locos</strong></span> <span class='ocrx_word' id='word_1_293' title='bbox 1680 3931 1858 3996; x_wconf 77' lang='lat' dir='ltr'><strong>debac</strong></span> <span class='ocrx_word' id='word_1_294' title='bbox 1878 3945 1936 3981; x_wconf 90' lang='lat' dir='ltr'><strong>re</strong></span> <span class='ocrx_word' id='word_1_295' title='bbox 1953 3931 2047 3983; x_wconf 89' lang='lat' dir='ltr'><strong>col-</strong></span> 
     </span>
    </p>
   </div>
   <div class='ocr_carea' id='block_1_41' title="bbox 454 3993 2046 4057">
    <p class='ocr_par' dir='ltr' id='par_1_41' title="bbox 454 3993 2046 4057">
     <span class='ocr_line' id='line_1_41' title="bbox 454 3993 2046 4057; baseline 0.001 -13"><span class='ocrx_word' id='word_1_296' title='bbox 454 3993 858 4057; x_wconf 74' lang='lat' dir='ltr'><strong>legitCoquzeus;</strong></span> <span class='ocrx_word' id='word_1_297' title='bbox 884 3994 1071 4057; x_wconf 84' lang='lat' dir='ltr'><strong>aliquos</strong></span> <span class='ocrx_word' id='word_1_298' title='bbox 1093 3995 1249 4043; x_wconf 89' lang='lat' dir='ltr'><strong>habes</strong></span> <span class='ocrx_word' id='word_1_299' title='bbox 1269 3995 1316 4057; x_wconf 81' lang='lat' dir='ltr'><strong>in</strong></span> <span class='ocrx_word' id='word_1_300' title='bbox 1341 3994 1498 4057; x_wconf 67' lang='lat' dir='ltr'><strong>notat)</strong></span> <span class='ocrx_word' id='word_1_301' title='bbox 1515 3994 1572 4042; x_wconf 89' lang='lat' dir='ltr'><strong>ad</strong></span> <span class='ocrx_word' id='word_1_302' title='bbox 1594 3993 1707 4057; x_wconf 85' lang='lat' dir='ltr'><strong>libri</strong></span> <span class='ocrx_word' id='word_1_303' title='bbox 1734 3994 1800 4042; x_wconf 90' lang='lat' dir='ltr'><strong>de</strong></span> <span class='ocrx_word' id='word_1_304' title='bbox 1825 3996 2046 4046; x_wconf 83' lang='lat' dir='ltr'><strong>Doctrina</strong></span> 
     </span>
    </p>
   </div>
   <div class='ocr_carea' id='block_1_42' title="bbox 453 4054 2044 4119">
    <p class='ocr_par' dir='ltr' id='par_1_42' title="bbox 453 4054 2044 4119">
     <span class='ocr_line' id='line_1_42' title="bbox 453 4054 2044 4119; baseline 0 -14"><span class='ocrx_word' id='word_1_305' title='bbox 453 4054 716 4119; x_wconf 71' lang='lat' dir='ltr'><strong>Christiana</strong></span> <span class='ocrx_word' id='word_1_306' title='bbox 741 4056 940 4105; x_wconf 89' lang='lat' dir='ltr'><strong>secundi</strong></span> <span class='ocrx_word' id='word_1_307' title='bbox 965 4054 1108 4117; x_wconf 75' lang='lat' dir='ltr'><strong>caput</strong></span> <span class='ocrx_word' id='word_1_308' title='bbox 1136 4057 1210 4119; x_wconf 75' lang='grc'><strong>15,</strong></span> <span class='ocrx_word' id='word_1_309' title='bbox 1237 4054 1317 4104; x_wconf 87' lang='lat' dir='ltr'><strong>vel</strong></span> <span class='ocrx_word' id='word_1_310' title='bbox 1343 4070 1390 4104; x_wconf 91' lang='lat' dir='ltr'><strong>n.</strong></span> <span class='ocrx_word' id='word_1_311' title='bbox 1419 4055 1496 4114; x_wconf 70' lang='lat'><strong>2&#39;2,</strong></span> <span class='ocrx_word' id='word_1_312' title='bbox 1523 4056 1606 4119; x_wconf 90' lang='lat' dir='ltr'><strong>ubi</strong></span> <span class='ocrx_word' id='word_1_313' title='bbox 1643 4058 1937 4119; x_wconf 82' lang='lat' dir='ltr'><strong>Augustinus</strong></span> <span class='ocrx_word' id='word_1_314' title='bbox 1961 4070 2044 4105; x_wconf 89' lang='lat' dir='ltr'><strong>ea-</strong></span> 
     </span>
    </p>
   </div>
   <div class='ocr_carea' id='block_1_43' title="bbox 454 4118 2045 4184">
    <p class='ocr_par' dir='ltr' id='par_1_43' title="bbox 454 4118 2045 4184">
     <span class='ocr_line' id='line_1_43' title="bbox 454 4118 2045 4184; baseline -0.001 -17"><span class='ocrx_word' id='word_1_315' title='bbox 454 4119 568 4184; x_wconf 83' lang='lat' dir='ltr'><strong>dem</strong></span> <span class='ocrx_word' id='word_1_316' title='bbox 586 4118 755 4184; x_wconf 69' lang='lat' dir='ltr'><strong>refert.</strong></span> <span class='ocrx_word' id='word_1_317' title='bbox 776 4119 1091 4179; x_wconf 74' lang='lat' dir='ltr'><strong>Hieronymus</strong></span> <span class='ocrx_word' id='word_1_318' title='bbox 1116 4118 1183 4166; x_wconf 82' lang='lat' dir='ltr'><strong>ibi</strong></span> <span class='ocrx_word' id='word_1_319' title='bbox 1207 4124 1513 4184; x_wconf 75' lang='lat' dir='ltr'><strong>comparatus</strong></span> <span class='ocrx_word' id='word_1_320' title='bbox 1549 4118 1652 4166; x_wconf 67' lang='lat' dir='ltr'><strong>htec</strong></span> <span class='ocrx_word' id='word_1_321' title='bbox 1677 4118 1782 4178; x_wconf 84' lang='lat' dir='ltr'><strong>pro,</strong></span> <span class='ocrx_word' id='word_1_322' title='bbox 1811 4119 2045 4184; x_wconf 75' lang='lat' dir='ltr'><strong>«menda-</strong></span> 
     </span>
    </p>
   </div>
   <div class='ocr_carea' id='block_1_44' title="bbox 463 4179 2045 4241">
    <p class='ocr_par' dir='ltr' id='par_1_44' title="bbox 463 4179 2045 4241">
     <span class='ocr_line' id='line_1_44' title="bbox 463 4179 2045 4241; baseline 0 -12"><span class='ocrx_word' id='word_1_323' title='bbox 463 4198 486 4228; x_wconf 71' lang='grc' dir='ltr'><strong>α</strong></span> <span class='ocrx_word' id='word_1_324' title='bbox 509 4181 584 4229; x_wconf 89' lang='lat' dir='ltr'><strong>cio</strong></span> <span class='ocrx_word' id='word_1_325' title='bbox 606 4196 628 4224; x_wconf 79' lang='grc'><strong>»</strong></span> <span class='ocrx_word' id='word_1_326' title='bbox 659 4179 826 4235; x_wconf 84' lang='lat' dir='ltr'><strong>habet,</strong></span> <span class='ocrx_word' id='word_1_327' title='bbox 854 4192 963 4241; x_wconf 75' lang='lat' dir='ltr'><strong>quae</strong></span> <span class='ocrx_word' id='word_1_328' title='bbox 989 4187 1174 4228; x_wconf 89' lang='lat' dir='ltr'><strong>tautum</strong></span> <span class='ocrx_word' id='word_1_329' title='bbox 1209 4179 1259 4228; x_wconf 82' lang='lat' dir='ltr'><strong>iii</strong></span> <span class='ocrx_word' id='word_1_330' title='bbox 1304 4179 1497 4228; x_wconf 86' lang='lat' dir='ltr'><strong>modum</strong></span> <span class='ocrx_word' id='word_1_331' title='bbox 1519 4187 1814 4228; x_wconf 80' lang='lat' dir='ltr'><strong>exornantur</strong></span> <span class='ocrx_word' id='word_1_332' title='bbox 1838 4181 1887 4228; x_wconf 88' lang='lat' dir='ltr'><strong>in</strong></span> <span class='ocrx_word' id='word_1_333' title='bbox 1920 4180 2045 4229; x_wconf 89' lang='lat' dir='ltr'><strong>libro</strong></span> 
     </span>
    </p>
   </div>
   <div class='ocr_carea' id='block_1_45' title="bbox 455 4241 2043 4304">
    <p class='ocr_par' dir='ltr' id='par_1_45' title="bbox 455 4241 2043 4304">
     <span class='ocr_line' id='line_1_45' title="bbox 455 4241 2043 4304; baseline -0.001 -13"><span class='ocrx_word' id='word_1_334' title='bbox 455 4242 520 4291; x_wconf 89' lang='lat' dir='ltr'><strong>de</strong></span> <span class='ocrx_word' id='word_1_335' title='bbox 545 4243 746 4290; x_wconf 80' lang='lat' dir='ltr'><strong>Historia</strong></span> <span class='ocrx_word' id='word_1_336' title='bbox 775 4241 1100 4291; x_wconf 83' lang='lat' dir='ltr'><strong>translationis</strong></span> <span class='ocrx_word' id='word_1_337' title='bbox 1123 4242 1450 4304; x_wconf 81' lang='lat' dir='ltr'><strong>Septuaginta,</strong></span> <span class='ocrx_word' id='word_1_338' title='bbox 1475 4242 1558 4304; x_wconf 91' lang='lat' dir='ltr'><strong>qui</strong></span> <span class='ocrx_word' id='word_1_339' title='bbox 1582 4241 1674 4304; x_wconf 81' lang='lat' dir='ltr'><strong>sub</strong></span> <span class='ocrx_word' id='word_1_340' title='bbox 1713 4242 1914 4289; x_wconf 69' lang='lat' dir='ltr'><strong>Aristeze</strong></span> <span class='ocrx_word' id='word_1_341' title='bbox 1953 4255 2043 4304; x_wconf 84' lang='lat' dir='ltr'><strong>no-</strong></span> 
     </span>
    </p>
   </div>
   <div class='ocr_carea' id='block_1_46' title="bbox 457 4302 2042 4365">
    <p class='ocr_par' dir='ltr' id='par_1_46' title="bbox 457 4302 2042 4365">
     <span class='ocr_line' id='line_1_46' title="bbox 457 4302 2042 4365; baseline -0.001 -12"><span class='ocrx_word' id='word_1_342' title='bbox 457 4305 587 4353; x_wconf 89' lang='lat' dir='ltr'><strong>mine</strong></span> <span class='ocrx_word' id='word_1_343' title='bbox 611 4303 945 4352; x_wconf 89' lang='lat' dir='ltr'><strong>circumfertur</strong></span> <span class='ocrx_word' id='word_1_344' title='bbox 961 4302 1234 4365; x_wconf 81' lang='lat' dir='ltr'><strong>etJosepho</strong></span> <span class='ocrx_word' id='word_1_345' title='bbox 1251 4302 1553 4352; x_wconf 80' lang='lat' dir='ltr'><strong>tribuebatur</strong></span> <span class='ocrx_word' id='word_1_346' title='bbox 1576 4302 1708 4365; x_wconf 86' lang='lat' dir='ltr'><strong>olim.</strong></span> <span class='ocrx_word' id='word_1_347' title='bbox 1735 4309 1804 4351; x_wconf 87' lang='lat' dir='ltr'><strong>De</strong></span> <span class='ocrx_word' id='word_1_348' title='bbox 1826 4315 1924 4364; x_wconf 87' lang='lat' dir='ltr'><strong>quo</strong></span> <span class='ocrx_word' id='word_1_349' title='bbox 1948 4303 2042 4362; x_wconf 82' lang='lat' dir='ltr'><strong>jam</strong></span> 
     </span>
    </p>
   </div>
   <div class='ocr_carea' id='block_1_47' title="bbox 455 4363 2045 4426">
    <p class='ocr_par' dir='ltr' id='par_1_47' title="bbox 455 4363 2045 4426">
     <span class='ocr_line' id='line_1_47' title="bbox 455 4363 2045 4426; baseline 0 -13"><span class='ocrx_word' id='word_1_350' title='bbox 455 4365 722 4416; x_wconf 81' lang='lat' dir='ltr'><strong>Ludovicus</strong></span> <span class='ocrx_word' id='word_1_351' title='bbox 746 4367 888 4416; x_wconf 77' lang='lat' dir='ltr'><strong>Vives</strong></span> <span class='ocrx_word' id='word_1_352' title='bbox 912 4379 924 4413; x_wconf 74' lang='grc' dir='ltr'>ε</span> <span class='ocrx_word' id='word_1_353' title='bbox 958 4383 980 4410; x_wconf 78' lang='grc' dir='ltr'>ι</span> <span class='ocrx_word' id='word_1_354' title='bbox 1001 4363 1250 4424; x_wconf 81' lang='lat' dir='ltr'><strong>Confietus,</strong></span> <span class='ocrx_word' id='word_1_355' title='bbox 1280 4373 1334 4414; x_wconf 92' lang='lat' dir='ltr'><strong>ut</strong></span> <span class='ocrx_word' id='word_1_356' title='bbox 1359 4372 1491 4426; x_wconf 85' lang='lat' dir='ltr'><strong>puto,</strong></span> <span class='ocrx_word' id='word_1_357' title='bbox 1519 4365 1580 4413; x_wconf 89' lang='lat' dir='ltr'><strong>ab</strong></span> <span class='ocrx_word' id='word_1_358' title='bbox 1619 4363 1780 4426; x_wconf 90' lang='lat' dir='ltr'><strong>aliquo</strong></span> <span class='ocrx_word' id='word_1_359' title='bbox 1801 4363 2045 4413; x_wconf 80' lang='lat' dir='ltr'><strong>recentio-</strong></span> 
     </span>
    </p>
   </div>
   <div class='ocr_carea' id='block_1_48' title="bbox 464 4426 2044 4489">
    <p class='ocr_par' dir='ltr' id='par_1_48' title="bbox 464 4426 2044 4489">
     <span class='ocr_line' id='line_1_48' title="bbox 464 4426 2044 4489; baseline 0.002 -16"><span class='ocrx_word' id='word_1_360' title='bbox 464 4445 487 4473; x_wconf 76' lang='grc' dir='ltr'>ι</span> <span class='ocrx_word' id='word_1_361' title='bbox 510 4440 582 4476; x_wconf 82' lang='lat' dir='ltr'><strong>re.</strong></span> <span class='ocrx_word' id='word_1_362' title='bbox 610 4443 632 4470; x_wconf 72' lang='grc' dir='ltr'><strong>ι</strong></span> <span class='ocrx_word' id='word_1_363' title='bbox 656 4454 716 4462; x_wconf 90' lang='grc'><strong><em>-</em></strong></span> <span class='ocrx_word' id='word_1_364' title='bbox 733 4428 905 4489; x_wconf 77' lang='lat' dir='ltr'><strong>Fabula</strong></span> <span class='ocrx_word' id='word_1_365' title='bbox 922 4427 1029 4475; x_wconf 60' lang='lat' dir='ltr'><strong>haec</strong></span> <span class='ocrx_word' id='word_1_366' title='bbox 1049 4427 1113 4474; x_wconf 88' lang='lat' dir='ltr'><strong>de</strong></span> <span class='ocrx_word' id='word_1_367' title='bbox 1138 4433 1281 4476; x_wconf 78' lang='lat' dir='ltr'><strong>LXXII</strong></span> <span class='ocrx_word' id='word_1_368' title='bbox 1300 4426 1653 4489; x_wconf 86' lang='lat' dir='ltr'><strong>interpretibus</strong></span> <span class='ocrx_word' id='word_1_369' title='bbox 1670 4426 1947 4489; x_wconf 87' lang='lat' dir='ltr'><strong>jamdudum</strong></span> <span class='ocrx_word' id='word_1_370' title='bbox 1966 4433 2044 4476; x_wconf 90' lang='lat' dir='ltr'><strong>est</strong></span> 
     </span>
    </p>
   </div>
   <div class='ocr_carea' id='block_1_49' title="bbox 456 4487 2046 4549">
    <p class='ocr_par' dir='ltr' id='par_1_49' title="bbox 456 4487 2046 4549">
     <span class='ocr_line' id='line_1_49' title="bbox 456 4487 2046 4549; baseline -0.001 -11"><span class='ocrx_word' id='word_1_371' title='bbox 456 4489 520 4538; x_wconf 76' lang='lat' dir='ltr'><strong>ab</strong></span> <span class='ocrx_word' id='word_1_372' title='bbox 546 4489 749 4538; x_wconf 89' lang='lat' dir='ltr'><strong>eruditis</strong></span> <span class='ocrx_word' id='word_1_373' title='bbox 773 4487 990 4549; x_wconf 62' lang='lat' dir='ltr'><strong>exlzlosa.</strong></span> <span class='ocrx_word' id='word_1_374' title='bbox 1035 4505 1058 4534; x_wconf 73' lang='lat' dir='ltr'><strong>et</strong></span> <span class='ocrx_word' id='word_1_375' title='bbox 1075 4496 1250 4538; x_wconf 72' lang='lat' dir='ltr'><strong>Grrecze</strong></span> <span class='ocrx_word' id='word_1_376' title='bbox 1268 4487 1525 4547; x_wconf 83' lang='lat' dir='ltr'><strong>versionis,</strong></span> <span class='ocrx_word' id='word_1_377' title='bbox 1550 4505 1573 4532; x_wconf 75' lang='grc' dir='ltr'><strong>ι</strong></span> <span class='ocrx_word' id='word_1_378' title='bbox 1610 4488 1833 4549; x_wconf 90' lang='lat' dir='ltr'><strong>inquiunt</strong></span> <span class='ocrx_word' id='word_1_379' title='bbox 1867 4493 2046 4548; x_wconf 88' lang='lat' dir='ltr'><strong>Sange—</strong></span> 
     </span>
    </p>
   </div>
   <div class='ocr_carea' id='block_1_50' title="bbox 457 4549 2043 4611">
    <p class='ocr_par' dir='ltr' id='par_1_50' title="bbox 457 4549 2043 4611">
     <span class='ocr_line' id='line_1_50' title="bbox 457 4549 2043 4611; baseline 0 -13"><span class='ocrx_word' id='word_1_380' title='bbox 457 4550 684 4600; x_wconf 86' lang='lat' dir='ltr'><strong>novefaai</strong></span> <span class='ocrx_word' id='word_1_381' title='bbox 710 4551 756 4598; x_wconf 88' lang='lat' dir='ltr'><strong>in</strong></span> <span class='ocrx_word' id='word_1_382' title='bbox 776 4553 878 4599; x_wconf 89' lang='lat' dir='ltr'><strong>suis</strong></span> <span class='ocrx_word' id='word_1_383' title='bbox 899 4549 1151 4606; x_wconf 81' lang='lat' dir='ltr'><strong>Thesibus.</strong></span> <span class='ocrx_word' id='word_1_384' title='bbox 1181 4551 1261 4599; x_wconf 89' lang='lat' dir='ltr'><strong>die</strong></span> <span class='ocrx_word' id='word_1_385' title='bbox 1279 4551 1341 4598; x_wconf 69' lang='grc'>25</span> <span class='ocrx_word' id='word_1_386' title='bbox 1357 4549 1481 4611; x_wconf 83' lang='lat' dir='ltr'><strong>julii,</strong></span> <span class='ocrx_word' id='word_1_387' title='bbox 1510 4549 1647 4603; x_wconf 72' lang='lat'><strong>1704,</strong></span> <span class='ocrx_word' id='word_1_388' title='bbox 1680 4567 1701 4594; x_wconf 70' lang='grc' dir='ltr'><strong><em>α</em></strong></span> <span class='ocrx_word' id='word_1_389' title='bbox 1725 4562 1822 4597; x_wconf 91' lang='lat' dir='ltr'><strong>non</strong></span> <span class='ocrx_word' id='word_1_390' title='bbox 1847 4560 1932 4598; x_wconf 87' lang='lat' dir='ltr'><strong>eos</strong></span> <span class='ocrx_word' id='word_1_391' title='bbox 1955 4562 2043 4598; x_wconf 90' lang='lat' dir='ltr'><strong>au-</strong></span> 
     </span>
    </p>
   </div>
   <div class='ocr_carea' id='block_1_51' title="bbox 465 4611 2043 4673">
    <p class='ocr_par' dir='ltr' id='par_1_51' title="bbox 465 4611 2043 4673">
     <span class='ocr_line' id='line_1_51' title="bbox 465 4611 2043 4673; baseline 0.001 -15"><span class='ocrx_word' id='word_1_392' title='bbox 465 4628 488 4658; x_wconf 81' lang='grc' dir='ltr'>ι</span> <span class='ocrx_word' id='word_1_393' title='bbox 510 4620 672 4661; x_wconf 81' lang='lat' dir='ltr'><strong>ctores</strong></span> <span class='ocrx_word' id='word_1_394' title='bbox 692 4611 893 4660; x_wconf 90' lang='lat' dir='ltr'><strong>dicimus</strong></span> <span class='ocrx_word' id='word_1_395' title='bbox 912 4612 1284 4673; x_wconf 72' lang='lat' dir='ltr'><strong>quosvenditat</strong></span> <span class='ocrx_word' id='word_1_396' title='bbox 1309 4612 1574 4660; x_wconf 87' lang='lat' dir='ltr'><strong>ementitus</strong></span> <span class='ocrx_word' id='word_1_397' title='bbox 1598 4617 1821 4673; x_wconf 73' lang='lat' dir='ltr'><strong>Aristeas.</strong></span> <span class='ocrx_word' id='word_1_398' title='bbox 1854 4626 1875 4652; x_wconf 81' lang='grc'><strong>»</strong></span> <span class='ocrx_word' id='word_1_399' title='bbox 1916 4618 2043 4659; x_wconf 74' lang='lat' dir='ltr'><strong>&quot;AR-</strong></span> 
     </span>
    </p>
   </div>
   <div class='ocr_carea' id='block_1_52' title="bbox 455 4671 2045 4734">
    <p class='ocr_par' dir='ltr' id='par_1_52' title="bbox 455 4671 2045 4734">
     <span class='ocr_line' id='line_1_52' title="bbox 455 4671 2045 4734; baseline 0 -12"><span class='ocrx_word' id='word_1_400' title='bbox 455 4673 895 4724; x_wconf 67' lang='lat' dir='ltr'><strong>nemus—Andes</strong></span> <span class='ocrx_word' id='word_1_401' title='bbox 932 4671 1126 4732; x_wconf 81' lang='lat' dir='ltr'><strong>l‘abulze,</strong></span> <span class='ocrx_word' id='word_1_402' title='bbox 1153 4672 1286 4722; x_wconf 84' lang='lat' dir='ltr'><strong>nullo</strong></span> <span class='ocrx_word' id='word_1_403' title='bbox 1325 4673 1498 4721; x_wconf 90' lang='lat' dir='ltr'><strong>idoneo</strong></span> <span class='ocrx_word' id='word_1_404' title='bbox 1531 4671 1730 4722; x_wconf 86' lang='lat' dir='ltr'><strong>auctore</strong></span> <span class='ocrx_word' id='word_1_405' title='bbox 1770 4671 1987 4734; x_wconf 64' lang='lat' dir='ltr'><strong>firmatae,</strong></span> <span class='ocrx_word' id='word_1_406' title='bbox 2015 4686 2045 4722; x_wconf 87' lang='lat' dir='ltr'><strong>a</strong></span> 
     </span>
    </p>
   </div>
   <div class='ocr_carea' id='block_1_53' title="bbox 459 4735 1593 4796">
    <p class='ocr_par' dir='ltr' id='par_1_53' title="bbox 459 4735 1593 4796">
     <span class='ocr_line' id='line_1_53' title="bbox 459 4735 1593 4796; baseline 0.001 -14"><span class='ocrx_word' id='word_1_407' title='bbox 459 4735 636 4796; x_wconf 68' lang='lat' dir='ltr'><strong>Judaeis</strong></span> <span class='ocrx_word' id='word_1_408' title='bbox 659 4741 710 4783; x_wconf 90' lang='lat' dir='ltr'><strong>et</strong></span> <span class='ocrx_word' id='word_1_409' title='bbox 732 4735 1008 4796; x_wconf 64' lang='lat' dir='ltr'><strong>Christianis</strong></span> <span class='ocrx_word' id='word_1_410' title='bbox 1031 4736 1336 4796; x_wconf 66' lang='lat' dir='ltr'><strong>excogitatae.</strong></span> <span class='ocrx_word' id='word_1_411' title='bbox 1365 4741 1593 4783; x_wconf 66' lang='lat' dir='ltr'><strong>Lanarum.</strong></span> 
     </span>
    </p>
   </div>
   <div class='ocr_carea' id='block_1_54' title="bbox 521 4794 2044 4857">
    <p class='ocr_par' dir='ltr' id='par_1_54' title="bbox 521 4794 2044 4857">
     <span class='ocr_line' id='line_1_54' title="bbox 521 4794 2044 4857; baseline -0.001 -13"><span class='ocrx_word' id='word_1_412' title='bbox 521 4794 592 4857; x_wconf 73' lang='grc' dir='ltr'><strong>(ὑ)</strong></span> <span class='ocrx_word' id='word_1_413' title='bbox 619 4795 796 4856; x_wconf 86' lang='lat' dir='ltr'><strong>Aquila,</strong></span> <span class='ocrx_word' id='word_1_414' title='bbox 816 4795 960 4844; x_wconf 89' lang='lat' dir='ltr'><strong>homo</strong></span> <span class='ocrx_word' id='word_1_415' title='bbox 983 4794 1318 4845; x_wconf 71' lang='lat' dir='ltr'><strong>senti-Judzeus</strong></span> <span class='ocrx_word' id='word_1_416' title='bbox 1341 4802 1392 4844; x_wconf 90' lang='lat' dir='ltr'><strong>et</strong></span> <span class='ocrx_word' id='word_1_417' title='bbox 1412 4795 1864 4852; x_wconf 73' lang='lat' dir='ltr'><strong>senui-Christianus,</strong></span> <span class='ocrx_word' id='word_1_418' title='bbox 1891 4795 2044 4857; x_wconf 88' lang='lat' dir='ltr'><strong>inter-</strong></span> 
     </span>
    </p>
   </div>
   <div class='ocr_carea' id='block_1_55' title="bbox 457 4856 2044 4916">
    <p class='ocr_par' dir='ltr' id='par_1_55' title="bbox 457 4856 2044 4916">
     <span class='ocr_line' id='line_1_55' title="bbox 457 4856 2044 4916; baseline 0.002 -13"><span class='ocrx_word' id='word_1_419' title='bbox 457 4860 781 4916; x_wconf 86' lang='lat' dir='ltr'><strong>pretationem</strong></span> <span class='ocrx_word' id='word_1_420' title='bbox 813 4869 948 4904; x_wconf 91' lang='lat' dir='ltr'><strong>suam</strong></span> <span class='ocrx_word' id='word_1_421' title='bbox 973 4857 1124 4906; x_wconf 88' lang='lat' dir='ltr'><strong>edidit</strong></span> <span class='ocrx_word' id='word_1_422' title='bbox 1144 4859 1236 4906; x_wconf 90' lang='lat' dir='ltr'><strong>sub</strong></span> <span class='ocrx_word' id='word_1_423' title='bbox 1269 4858 1485 4916; x_wconf 82' lang='lat' dir='ltr'><strong>Adriano,</strong></span> <span class='ocrx_word' id='word_1_424' title='bbox 1510 4859 1637 4906; x_wconf 88' lang='lat' dir='ltr'><strong>circa</strong></span> <span class='ocrx_word' id='word_1_425' title='bbox 1675 4869 1852 4904; x_wconf 88' lang='lat' dir='ltr'><strong>annum</strong></span> <span class='ocrx_word' id='word_1_426' title='bbox 1873 4856 2044 4906; x_wconf 80' lang='lat' dir='ltr'><strong>Christi</strong></span> 
     </span>
    </p>
   </div>
   <div class='ocr_carea' id='block_1_56' title="bbox 458 4917 2046 4981">
    <p class='ocr_par' dir='ltr' id='par_1_56' title="bbox 458 4917 2046 4981">
     <span class='ocr_line' id='line_1_56' title="bbox 458 4917 2046 4981; baseline 0 -15"><span class='ocrx_word' id='word_1_427' title='bbox 458 4917 566 4976; x_wconf 73' lang='grc'><strong>150,</strong></span> <span class='ocrx_word' id='word_1_428' title='bbox 585 4926 701 4981; x_wconf 84' lang='lat' dir='ltr'><strong>post</strong></span> <span class='ocrx_word' id='word_1_429' title='bbox 723 4919 1032 4981; x_wconf 84' lang='lat' dir='ltr'><strong>Septuaginta</strong></span> <span class='ocrx_word' id='word_1_430' title='bbox 1056 4919 1321 4981; x_wconf 77' lang='lat' dir='ltr'><strong>editionem</strong></span> <span class='ocrx_word' id='word_1_431' title='bbox 1340 4917 1518 4981; x_wconf 88' lang='lat' dir='ltr'><strong>elapsis</strong></span> <span class='ocrx_word' id='word_1_432' title='bbox 1540 4920 1681 4981; x_wconf 81' lang='lat' dir='ltr'><strong>anuis</strong></span> <span class='ocrx_word' id='word_1_433' title='bbox 1699 4917 1803 4979; x_wconf 76' lang='lat' dir='ltr'><strong>plus</strong></span> <span class='ocrx_word' id='word_1_434' title='bbox 1816 4917 2046 4981; x_wconf 76' lang='lat' dir='ltr'><strong>quadrin-</strong></span> 
     </span>
    </p>
   </div>
   <div class='ocr_carea' id='block_1_57' title="bbox 456 4978 2044 5043">
    <p class='ocr_par' dir='ltr' id='par_1_57' title="bbox 456 4978 2044 5043">
     <span class='ocr_line' id='line_1_57' title="bbox 456 4978 2044 5043; baseline 0.003 -19"><span class='ocrx_word' id='word_1_435' title='bbox 456 4978 638 5040; x_wconf 86' lang='lat' dir='ltr'><strong>gentis.</strong></span> <span class='ocrx_word' id='word_1_436' title='bbox 660 4978 963 5043; x_wconf 79' lang='lat' dir='ltr'><strong>Symmachus</strong></span> <span class='ocrx_word' id='word_1_437' title='bbox 987 4979 1257 5043; x_wconf 78' lang='lat' dir='ltr'><strong>prosclytus</strong></span> <span class='ocrx_word' id='word_1_438' title='bbox 1277 4978 1526 5043; x_wconf 39' lang='lat' dir='ltr'><strong>suamjsub</strong></span> <span class='ocrx_word' id='word_1_439' title='bbox 1543 4978 1733 5043; x_wconf 75' lang='lat' dir='ltr'><strong>Aurelio</strong></span> <span class='ocrx_word' id='word_1_440' title='bbox 1750 4978 1829 5029; x_wconf 88' lang='lat' dir='ltr'><strong>vel</strong></span> <span class='ocrx_word' id='word_1_441' title='bbox 1844 4978 2044 5043; x_wconf 31' lang='lat' dir='ltr'><strong>’subSe-</strong></span> 
     </span>
    </p>
   </div>
   <div class='ocr_carea' id='block_1_58' title="bbox 456 5041 2046 5102">
    <p class='ocr_par' dir='ltr' id='par_1_58' title="bbox 456 5041 2046 5102">
     <span class='ocr_line' id='line_1_58' title="bbox 456 5041 2046 5102; baseline 0.001 -13"><span class='ocrx_word' id='word_1_442' title='bbox 456 5052 580 5089; x_wconf 81' lang='lat' dir='ltr'><strong>vero</strong></span> <span class='ocrx_word' id='word_1_443' title='bbox 601 5041 810 5102; x_wconf 84' lang='lat' dir='ltr'><strong>scripsit,</strong></span> <span class='ocrx_word' id='word_1_444' title='bbox 835 5041 960 5089; x_wconf 88' lang='lat' dir='ltr'><strong>circa</strong></span> <span class='ocrx_word' id='word_1_445' title='bbox 983 5041 1163 5090; x_wconf 83' lang='lat' dir='ltr'><strong>annum</strong></span> <span class='ocrx_word' id='word_1_446' title='bbox 1191 5043 1361 5091; x_wconf 88' lang='lat' dir='ltr'><strong>Christi</strong></span> <span class='ocrx_word' id='word_1_447' title='bbox 1404 5041 1511 5091; x_wconf 71' lang='lat'><strong>200.</strong></span> <span class='ocrx_word' id='word_1_448' title='bbox 1550 5042 1865 5100; x_wconf 85' lang='lat' dir='ltr'><strong>&#39;l‘heodotion,</strong></span> <span class='ocrx_word' id='word_1_449' title='bbox 1892 5041 2046 5102; x_wconf 88' lang='lat' dir='ltr'><strong>primo</strong></span> 
     </span>
    </p>
   </div>
   <div class='ocr_carea' id='block_1_59' title="bbox 456 5102 2046 5166">
    <p class='ocr_par' dir='ltr' id='par_1_59' title="bbox 456 5102 2046 5166">
     <span class='ocr_line' id='line_1_59' title="bbox 456 5102 2046 5166; baseline 0 -16"><span class='ocrx_word' id='word_1_450' title='bbox 456 5103 726 5166; x_wconf 72' lang='lat' dir='ltr'><strong>Marcionita</strong></span> <span class='ocrx_word' id='word_1_451' title='bbox 751 5110 803 5153; x_wconf 90' lang='lat' dir='ltr'><strong>et</strong></span> <span class='ocrx_word' id='word_1_452' title='bbox 825 5109 994 5164; x_wconf 84' lang='lat' dir='ltr'><strong>postea</strong></span> <span class='ocrx_word' id='word_1_453' title='bbox 1007 5103 1220 5163; x_wconf 66' lang='lat' dir='ltr'><strong>Judaaus,</strong></span> <span class='ocrx_word' id='word_1_454' title='bbox 1239 5117 1378 5166; x_wconf 80' lang='lat' dir='ltr'><strong>suam</strong></span> <span class='ocrx_word' id='word_1_455' title='bbox 1392 5109 1508 5152; x_wconf 90' lang='lat' dir='ltr'><strong>ante</strong></span> <span class='ocrx_word' id='word_1_456' title='bbox 1529 5103 1860 5166; x_wconf 85' lang='lat' dir='ltr'><strong>Symmachum</strong></span> <span class='ocrx_word' id='word_1_457' title='bbox 1881 5102 2046 5166; x_wconf 35' lang='lat' dir='ltr'><strong>confes</strong></span> 
     </span>
    </p>
   </div>
   <div class='ocr_carea' id='block_1_60' title="bbox 455 5163 2047 5226">
    <p class='ocr_par' dir='ltr' id='par_1_60' title="bbox 455 5163 2047 5226">
     <span class='ocr_line' id='line_1_60' title="bbox 455 5163 2047 5226; baseline 0.001 -16"><span class='ocrx_word' id='word_1_458' title='bbox 455 5163 544 5226; x_wconf 71' lang='lat' dir='ltr'><strong>cit,</strong></span> <span class='ocrx_word' id='word_1_459' title='bbox 562 5177 657 5212; x_wconf 90' lang='lat' dir='ltr'><strong>non</strong></span> <span class='ocrx_word' id='word_1_460' title='bbox 682 5163 830 5226; x_wconf 85' lang='lat' dir='ltr'><strong>longe</strong></span> <span class='ocrx_word' id='word_1_461' title='bbox 852 5175 881 5211; x_wconf 86' lang='lat' dir='ltr'><strong>a</strong></span> <span class='ocrx_word' id='word_1_462' title='bbox 904 5170 1125 5226; x_wconf 85' lang='lat' dir='ltr'><strong>tempore</strong></span> <span class='ocrx_word' id='word_1_463' title='bbox 1159 5165 1419 5225; x_wconf 90' lang='lat' dir='ltr'><strong>Commodi,</strong></span> <span class='ocrx_word' id='word_1_464' title='bbox 1443 5163 1637 5214; x_wconf 83' lang='lat' dir='ltr'><strong>circiter</strong></span> <span class='ocrx_word' id='word_1_465' title='bbox 1656 5177 1832 5213; x_wconf 90' lang='lat' dir='ltr'><strong>annum</strong></span> <span class='ocrx_word' id='word_1_466' title='bbox 1872 5164 2047 5213; x_wconf 85' lang='lat' dir='ltr'><strong>Christi</strong></span> 
     </span>
    </p>
   </div>
   <div class='ocr_carea' id='block_1_61' title="bbox 460 5224 2048 5290">
    <p class='ocr_par' dir='ltr' id='par_1_61' title="bbox 460 5224 2048 5290">
     <span class='ocr_line' id='line_1_61' title="bbox 460 5224 2048 5290; baseline 0.001 -17"><span class='ocrx_word' id='word_1_467' title='bbox 460 5224 571 5275; x_wconf 80' lang='grc'><strong>180.</strong></span> <span class='ocrx_word' id='word_1_468' title='bbox 597 5231 729 5290; x_wconf 84' lang='lat' dir='ltr'><strong>Hunc</strong></span> <span class='ocrx_word' id='word_1_469' title='bbox 751 5224 1062 5288; x_wconf 75' lang='lat' dir='ltr'><strong>Augustinus,</strong></span> <span class='ocrx_word' id='word_1_470' title='bbox 1087 5224 1411 5290; x_wconf 39' lang='lat' dir='ltr'><strong>Epiphanium&#39;</strong></span> <span class='ocrx_word' id='word_1_471' title='bbox 1432 5225 1654 5290; x_wconf 85' lang='lat' dir='ltr'><strong>aliosque</strong></span> <span class='ocrx_word' id='word_1_472' title='bbox 1669 5288 1677 5290; x_wconf 79' lang='lat'><strong><em>_</em></strong></span> <span class='ocrx_word' id='word_1_473' title='bbox 1693 5231 2048 5290; x_wconf 28' lang='lat' dir='ltr'><strong>secutus,_‘pos_t</strong></span> 
     </span>
    </p>
   </div>
   <div class='ocr_carea' id='block_1_62' title="bbox 456 5285 2047 5359">
    <p class='ocr_par' dir='ltr' id='par_1_62' title="bbox 456 5285 2047 5359">
     <span class='ocr_line' id='line_1_62' title="bbox 456 5285 2047 5359; baseline 0.001 -24"><span class='ocrx_word' id='word_1_474' title='bbox 456 5287 792 5359; x_wconf 35' lang='lat' dir='ltr'><strong>Symmachum.</strong></span> <span class='ocrx_word' id='word_1_475' title='bbox 805 5285 1063 5359; x_wconf 76' lang='lat' dir='ltr'><strong>memorat,</strong></span> <span class='ocrx_word' id='word_1_476' title='bbox 1087 5285 1152 5359; x_wconf 83' lang='lat' dir='ltr'><strong>ob</strong></span> <span class='ocrx_word' id='word_1_477' title='bbox 1172 5285 1224 5359; x_wconf 85' lang='lat' dir='ltr'><strong>id</strong></span> <span class='ocrx_word' id='word_1_478' title='bbox 1262 5285 1619 5359; x_wconf 57' lang='lat' dir='ltr'><strong>forsitauquod</strong></span> <span class='ocrx_word' id='word_1_479' title='bbox 1666 5288 1714 5336; x_wconf 92' lang='lat' dir='ltr'><strong>in</strong></span> <span class='ocrx_word' id='word_1_480' title='bbox 1737 5285 1963 5359; x_wconf 61' lang='lat' dir='ltr'><strong>nexaplis</strong></span> <span class='ocrx_word' id='word_1_481' title='bbox 1984 5287 2047 5337; x_wconf 87' lang='lat' dir='ltr'><strong>ab</strong></span> 
     </span>
    </p>
   </div>
   <div class='ocr_carea' id='block_1_63' title="bbox 457 5348 2046 5412">
    <p class='ocr_par' dir='ltr' id='par_1_63' title="bbox 457 5348 2046 5412">
     <span class='ocr_line' id='line_1_63' title="bbox 457 5348 2046 5412; baseline 0 -14"><span class='ocrx_word' id='word_1_482' title='bbox 457 5348 672 5412; x_wconf 66' lang='lat' dir='ltr'><strong>Origene</strong></span> <span class='ocrx_word' id='word_1_483' title='bbox 695 5352 848 5411; x_wconf 86' lang='lat' dir='ltr'><strong>posita</strong></span> <span class='ocrx_word' id='word_1_484' title='bbox 873 5355 1009 5412; x_wconf 82' lang='lat' dir='ltr'><strong>esset</strong></span> <span class='ocrx_word' id='word_1_485' title='bbox 1019 5349 1159 5412; x_wconf 81' lang='lat' dir='ltr'><strong>juxta</strong></span> <span class='ocrx_word' id='word_1_486' title='bbox 1183 5349 1362 5412; x_wconf 68' lang='lat' dir='ltr'><strong>Aquilae</strong></span> <span class='ocrx_word' id='word_1_487' title='bbox 1403 5348 1668 5398; x_wconf 83' lang='lat' dir='ltr'><strong>editionem</strong></span> <span class='ocrx_word' id='word_1_488' title='bbox 1689 5348 1819 5411; x_wconf 85' lang='lat' dir='ltr'><strong>prior</strong></span> <span class='ocrx_word' id='word_1_489' title='bbox 1839 5356 2046 5412; x_wconf 79' lang='lat' dir='ltr'><strong>Symma-</strong></span> 
     </span>
    </p>
   </div>
   <div class='ocr_carea' id='block_1_64' title="bbox 458 5411 2050 5473">
    <p class='ocr_par' dir='ltr' id='par_1_64' title="bbox 458 5411 2050 5473">
     <span class='ocr_line' id='line_1_64' title="bbox 458 5411 2050 5473; baseline -0.001 -14"><span class='ocrx_word' id='word_1_490' title='bbox 458 5411 558 5472; x_wconf 81' lang='lat' dir='ltr'><strong>chi,</strong></span> <span class='ocrx_word' id='word_1_491' title='bbox 585 5418 637 5461; x_wconf 91' lang='lat' dir='ltr'><strong>et</strong></span> <span class='ocrx_word' id='word_1_492' title='bbox 655 5412 899 5473; x_wconf 88' lang='lat' dir='ltr'><strong>posterior</strong></span> <span class='ocrx_word' id='word_1_493' title='bbox 921 5411 1264 5461; x_wconf 84' lang='lat' dir='ltr'><strong>Theodotiouis</strong></span> <span class='ocrx_word' id='word_1_494' title='bbox 1301 5411 1466 5473; x_wconf 85' lang='lat' dir='ltr'><strong>editio.</strong></span> <span class='ocrx_word' id='word_1_495' title='bbox 1516 5418 1656 5460; x_wconf 82' lang='lat' dir='ltr'><strong>Porro</strong></span> <span class='ocrx_word' id='word_1_496' title='bbox 1701 5411 1882 5473; x_wconf 59' lang='lat' dir='ltr'><strong>praeter</strong></span> <span class='ocrx_word' id='word_1_497' title='bbox 1904 5411 2050 5469; x_wconf 85' lang='lat' dir='ltr'><strong>Quin-</strong></span> 
     </span>
    </p>
   </div>
   <div class='ocr_carea' id='block_1_65' title="bbox 460 5472 2048 5534">
    <p class='ocr_par' dir='ltr' id='par_1_65' title="bbox 460 5472 2048 5534">
     <span class='ocr_line' id='line_1_65' title="bbox 460 5472 2048 5534; baseline 0 -13"><span class='ocrx_word' id='word_1_498' title='bbox 460 5480 559 5522; x_wconf 85' lang='lat' dir='ltr'><strong>tam</strong></span> <span class='ocrx_word' id='word_1_499' title='bbox 605 5472 870 5523; x_wconf 84' lang='lat' dir='ltr'><strong>editionem</strong></span> <span class='ocrx_word' id='word_1_500' title='bbox 907 5473 1154 5523; x_wconf 88' lang='lat' dir='ltr'><strong>inventam</strong></span> <span class='ocrx_word' id='word_1_501' title='bbox 1190 5472 1520 5531; x_wconf 84' lang='lat' dir='ltr'><strong>Hierichunte,</strong></span> <span class='ocrx_word' id='word_1_502' title='bbox 1567 5472 1712 5534; x_wconf 84' lang='lat' dir='ltr'><strong>cujus</strong></span> <span class='ocrx_word' id='word_1_503' title='bbox 1726 5472 1804 5521; x_wconf 88' lang='lat' dir='ltr'><strong>hic</strong></span> <span class='ocrx_word' id='word_1_504' title='bbox 1825 5473 2048 5534; x_wconf 82' lang='lat' dir='ltr'><strong>meminit</strong></span> 
     </span>
    </p>
   </div>
   <div class='ocr_carea' id='block_1_66' title="bbox 460 5532 2046 5598">
    <p class='ocr_par' dir='ltr' id='par_1_66' title="bbox 460 5532 2046 5598">
     <span class='ocr_line' id='line_1_66' title="bbox 460 5532 2046 5598; baseline 0 -17"><span class='ocrx_word' id='word_1_505' title='bbox 460 5537 771 5598; x_wconf 83' lang='lat' dir='ltr'><strong>Augustinus,</strong></span> <span class='ocrx_word' id='word_1_506' title='bbox 805 5534 1085 5598; x_wconf 85' lang='lat' dir='ltr'><strong>celebratur</strong></span> <span class='ocrx_word' id='word_1_507' title='bbox 1124 5541 1176 5586; x_wconf 88' lang='lat' dir='ltr'><strong>et</strong></span> <span class='ocrx_word' id='word_1_508' title='bbox 1210 5541 1351 5586; x_wconf 82' lang='lat' dir='ltr'><strong>Sexta</strong></span> <span class='ocrx_word' id='word_1_509' title='bbox 1395 5535 1540 5598; x_wconf 86' lang='lat' dir='ltr'><strong>editio</strong></span> <span class='ocrx_word' id='word_1_510' title='bbox 1583 5532 1782 5598; x_wconf 68' lang='lat' dir='ltr'><strong>inventa</strong></span> <span class='ocrx_word' id='word_1_511' title='bbox 1819 5532 2046 5598; x_wconf 83' lang='lat' dir='ltr'><strong>Nicepoli,</strong></span> 
     </span>
    </p>
   </div>
   <div class='ocr_carea' id='block_1_67' title="bbox 459 5594 2049 5660">
    <p class='ocr_par' dir='ltr' id='par_1_67' title="bbox 459 5594 2049 5660">
     <span class='ocr_line' id='line_1_67' title="bbox 459 5594 2049 5660; baseline 0.002 -19"><span class='ocrx_word' id='word_1_512' title='bbox 459 5594 668 5660; x_wconf 71' lang='lat' dir='ltr'><strong>utraque</strong></span> <span class='ocrx_word' id='word_1_513' title='bbox 690 5594 920 5660; x_wconf 36' lang='lat' dir='ltr'><strong>tte&#39;xaplis</strong></span> <span class='ocrx_word' id='word_1_514' title='bbox 954 5597 1127 5649; x_wconf 86' lang='lat' dir='ltr'><strong>iisdem</strong></span> <span class='ocrx_word' id='word_1_515' title='bbox 1149 5597 1469 5660; x_wconf 64' lang='lat' dir='ltr'><strong>Origcnianis,</strong></span> <span class='ocrx_word' id='word_1_516' title='bbox 1505 5603 1559 5646; x_wconf 91' lang='lat' dir='ltr'><strong>ut</strong></span> <span class='ocrx_word' id='word_1_517' title='bbox 1581 5594 1764 5660; x_wconf 81' lang='lat' dir='ltr'><strong>ferunt,</strong></span> <span class='ocrx_word' id='word_1_518' title='bbox 1787 5595 1960 5660; x_wconf 74' lang='lat' dir='ltr'><strong>quinto</strong></span> <span class='ocrx_word' id='word_1_519' title='bbox 1996 5601 2049 5644; x_wconf 89' lang='lat' dir='ltr'><strong>ct</strong></span> 
     </span>
    </p>
   </div>
   <div class='ocr_carea' id='block_1_68' title="bbox 461 5654 2047 5766">
    <p class='ocr_par' dir='ltr' id='par_1_68' title="bbox 461 5654 2047 5766">
     <span class='ocr_line' id='line_1_68' title="bbox 461 5654 2047 5766; baseline -0.001 -58"><span class='ocrx_word' id='word_1_520' title='bbox 461 5654 607 5766; x_wconf 55' lang='grc' dir='ltr'><strong>ξῗῖίιέὂ</strong></span> <span class='ocrx_word' id='word_1_521' title='bbox 629 5657 734 5708; x_wconf 84' lang='grc' dir='ltr'><strong>Ιοοο</strong></span> <span class='ocrx_word' id='word_1_522' title='bbox 757 5654 957 5711; x_wconf 68' lang='lat' dir='ltr'><strong>ius&#39;erta.</strong></span> <span class='ocrx_word' id='word_1_523' title='bbox 990 5659 1083 5709; x_wconf 87' lang='lat' dir='ltr'><strong>Sed</strong></span> <span class='ocrx_word' id='word_1_524' title='bbox 1112 5654 1256 5710; x_wconf 82' lang='lat' dir='ltr'><strong>Sexta</strong></span> <span class='ocrx_word' id='word_1_525' title='bbox 1281 5659 1362 5710; x_wconf 90' lang='lat' dir='ltr'><strong>illa</strong></span> <span class='ocrx_word' id='word_1_526' title='bbox 1400 5659 1666 5722; x_wconf 84' lang='lat' dir='ltr'><strong>Augustino</strong></span> <span class='ocrx_word' id='word_1_527' title='bbox 1698 5654 1862 5720; x_wconf 67' lang='lat' dir='ltr'><strong>ignota</strong></span> <span class='ocrx_word' id='word_1_528' title='bbox 1897 5654 2047 5706; x_wconf 77' lang='lat' dir='ltr'><strong>fuisse</strong></span> 
     </span>
     <span class='ocr_line' id='line_1_69' title="bbox 510 5731 668 5766; baseline 0.019 -3"><span class='ocrx_word' id='word_1_529' title='bbox 510 5731 573 5766; x_wconf 83' lang='lat' dir='ltr'><strong>te</strong></span> <span class='ocrx_word' id='word_1_530' title='bbox 596 5732 668 5766; x_wconf 89' lang='lat' dir='ltr'><strong>ur.</strong></span> 
     </span>
    </p>
   </div>
   <div class='ocr_carea' id='block_1_69' title="bbox 460 5728 668 5768">
    <p class='ocr_par' dir='ltr' id='par_1_69' title="bbox 460 5728 668 5768">
     <span class='ocr_line' id='line_1_70' title="bbox 460 5728 668 5768; baseline 0.024 -5"><span class='ocrx_word' id='word_1_531' title='bbox 460 5728 668 5768; x_wconf 78' lang='lat' dir='ltr'><strong>videtur.</strong></span> 
     </span>
    </p>
   </div>
   <div class='ocr_carea' id='block_1_70' title="bbox 527 5778 1787 5845">
    <p class='ocr_par' dir='ltr' id='par_1_70' title="bbox 527 5778 1787 5845">
     <span class='ocr_line' id='line_1_71' title="bbox 527 5778 1787 5845; baseline 0.002 -17"><span class='ocrx_word' id='word_1_532' title='bbox 527 5779 598 5840; x_wconf 87' lang='lat' dir='ltr'><strong>(c)</strong></span> <span class='ocrx_word' id='word_1_533' title='bbox 632 5779 760 5830; x_wconf 69' lang='grc' dir='ltr'><strong>ερας.</strong></span> <span class='ocrx_word' id='word_1_534' title='bbox 789 5780 870 5831; x_wconf 85' lang='lat' dir='ltr'><strong>lib.</strong></span> <span class='ocrx_word' id='word_1_535' title='bbox 899 5783 930 5830; x_wconf 71' lang='lat'>2</span> <span class='ocrx_word' id='word_1_536' title='bbox 949 5782 1014 5832; x_wconf 86' lang='lat' dir='ltr'><strong>de</strong></span> <span class='ocrx_word' id='word_1_537' title='bbox 1047 5791 1174 5833; x_wconf 76' lang='lat' dir='ltr'><strong>Dect.</strong></span> <span class='ocrx_word' id='word_1_538' title='bbox 1199 5784 1389 5845; x_wconf 56' lang='lat' dir='ltr'><strong>Christ,</strong></span> <span class='ocrx_word' id='word_1_539' title='bbox 1415 5795 1462 5830; x_wconf 79' lang='grc' dir='ltr'><strong>η.</strong></span> <span class='ocrx_word' id='word_1_540' title='bbox 1491 5778 1546 5830; x_wconf 74' lang='lat'><strong>21</strong></span> <span class='ocrx_word' id='word_1_541' title='bbox 1577 5785 1626 5829; x_wconf 89' lang='lat' dir='ltr'><strong>et</strong></span> <span class='ocrx_word' id='word_1_542' title='bbox 1648 5789 1787 5842; x_wconf 76' lang='lat' dir='ltr'><strong>seqq-</strong></span> 
     </span>
    </p>
   </div>
   <div class='ocr_carea' id='block_1_71' title="bbox 1519 299 2638 364">
    <p class='ocr_par' dir='ltr' id='par_1_71' title="bbox 1519 299 2638 364">
     <span class='ocr_line' id='line_1_72' title="bbox 1519 299 2638 364; baseline 0.003 -9"><span class='ocrx_word' id='word_1_543' title='bbox 1519 302 1604 356; x_wconf 72' lang='grc' dir='ltr'><strong>ΒΕ</strong></span> <span class='ocrx_word' id='word_1_544' title='bbox 1645 302 1956 357; x_wconf 81' lang='lat' dir='ltr'><strong>ClVi&#39;I‘ATE</strong></span> <span class='ocrx_word' id='word_1_545' title='bbox 1999 300 2127 364; x_wconf 81' lang='lat' dir='ltr'><strong>DEI.</strong></span> <span class='ocrx_word' id='word_1_546' title='bbox 2169 300 2225 358; x_wconf 84' lang='lat' dir='ltr'><strong>S.</strong></span> <span class='ocrx_word' id='word_1_547' title='bbox 2273 299 2638 358; x_wconf 78' lang='lat' dir='ltr'><strong>AUGUSTINI</strong></span> 
     </span>
    </p>
   </div>
   <div class='ocr_carea' id='block_1_72' title="bbox 3586 307 3688 364">
    <p class='ocr_par' dir='ltr' id='par_1_72' title="bbox 3586 307 3688 364">
     <span class='ocr_line' id='line_1_73' title="bbox 3586 307 3688 364; baseline 0.02 -2"><span class='ocrx_word' id='word_1_548' title='bbox 3586 307 3688 364; x_wconf 78' lang='lat' dir='ltr'><strong>GOI</strong></span> 
     </span>
    </p>
   </div>
   <div class='ocr_carea' id='block_1_73' title="bbox 2114 414 3693 487">
    <p class='ocr_par' dir='ltr' id='par_1_73' title="bbox 2114 414 3693 487">
     <span class='ocr_line' id='line_1_74' title="bbox 2114 414 3693 487; baseline -0.001 -16"><span class='ocrx_word' id='word_1_549' title='bbox 2114 415 2356 487; x_wconf 83' lang='lat' dir='ltr'><strong>judicant</strong></span> <span class='ocrx_word' id='word_1_550' title='bbox 2379 414 2760 486; x_wconf 58' lang='lat' dir='ltr'><strong>praeferendum</strong></span> <span class='ocrx_word' id='word_1_551' title='bbox 2789 429 2804 468; x_wconf 88' lang='lat'><strong>:</strong></span> <span class='ocrx_word' id='word_1_552' title='bbox 2835 415 2954 485; x_wconf 87' lang='lat' dir='ltr'><strong>quia</strong></span> <span class='ocrx_word' id='word_1_553' title='bbox 2981 414 3079 469; x_wconf 88' lang='lat' dir='ltr'><strong>etsi</strong></span> <span class='ocrx_word' id='word_1_554' title='bbox 3113 429 3220 469; x_wconf 91' lang='lat' dir='ltr'><strong>non</strong></span> <span class='ocrx_word' id='word_1_555' title='bbox 3251 414 3304 469; x_wconf 89' lang='lat' dir='ltr'><strong>iu</strong></span> <span class='ocrx_word' id='word_1_556' title='bbox 3334 415 3410 469; x_wconf 82' lang='lat' dir='ltr'><strong>eis</strong></span> <span class='ocrx_word' id='word_1_557' title='bbox 3439 432 3567 470; x_wconf 84' lang='lat' dir='ltr'><strong>unus</strong></span> <span class='ocrx_word' id='word_1_558' title='bbox 3595 434 3693 486; x_wconf 86' lang='lat' dir='ltr'><strong>ap-</strong></span> 
     </span>
    </p>
   </div>
   <div class='ocr_carea' id='block_1_74' title="bbox 2121 505 3695 578">
    <p class='ocr_par' dir='ltr' id='par_1_74' title="bbox 2121 505 3695 578">
     <span class='ocr_line' id='line_1_75' title="bbox 2121 505 3695 578; baseline 0.001 -16"><span class='ocrx_word' id='word_1_559' title='bbox 2121 509 2386 578; x_wconf 87' lang='lat' dir='ltr'><strong>paruisset</strong></span> <span class='ocrx_word' id='word_1_560' title='bbox 2410 508 2658 577; x_wconf 89' lang='lat' dir='ltr'><strong>Spiritus,</strong></span> <span class='ocrx_word' id='word_1_561' title='bbox 2686 507 2802 561; x_wconf 88' lang='lat' dir='ltr'><strong>sine</strong></span> <span class='ocrx_word' id='word_1_562' title='bbox 2828 505 3157 562; x_wconf 88' lang='lat' dir='ltr'><strong>dubitatione</strong></span> <span class='ocrx_word' id='word_1_563' title='bbox 3179 506 3410 574; x_wconf 90' lang='lat' dir='ltr'><strong>divinus,</strong></span> <span class='ocrx_word' id='word_1_564' title='bbox 3439 508 3532 563; x_wconf 81' lang='lat' dir='ltr'><strong>sed</strong></span> <span class='ocrx_word' id='word_1_565' title='bbox 3559 509 3695 565; x_wconf 88' lang='lat' dir='ltr'><strong>inter</strong></span> 
     </span>
    </p>
   </div>
   <div class='ocr_carea' id='block_1_75' title="bbox 2119 599 3697 670">
    <p class='ocr_par' dir='ltr' id='par_1_75' title="bbox 2119 599 3697 670">
     <span class='ocr_line' id='line_1_76' title="bbox 2119 599 3697 670; baseline 0.001 -15"><span class='ocrx_word' id='word_1_566' title='bbox 2119 613 2180 655; x_wconf 88' lang='lat' dir='ltr'><strong>se</strong></span> <span class='ocrx_word' id='word_1_567' title='bbox 2208 600 2369 655; x_wconf 89' lang='lat' dir='ltr'><strong>verba</strong></span> <span class='ocrx_word' id='word_1_568' title='bbox 2399 599 2852 669; x_wconf 87' lang='lat' dir='ltr'><strong>interpretationis</strong></span> <span class='ocrx_word' id='word_1_569' title='bbox 2879 613 2989 654; x_wconf 79' lang='lat' dir='ltr'><strong>sme</strong></span> <span class='ocrx_word' id='word_1_570' title='bbox 3012 599 3357 670; x_wconf 84' lang='lat' dir='ltr'><strong>Septuaginta</strong></span> <span class='ocrx_word' id='word_1_571' title='bbox 3384 599 3527 655; x_wconf 91' lang='lat' dir='ltr'><strong>docti</strong></span> <span class='ocrx_word' id='word_1_572' title='bbox 3552 617 3697 658; x_wconf 87' lang='lat' dir='ltr'><strong>more</strong></span> 
     </span>
    </p>
   </div>
   <div class='ocr_carea' id='block_1_76' title="bbox 2121 691 3696 762">
    <p class='ocr_par' dir='ltr' id='par_1_76' title="bbox 2121 691 3696 762">
     <span class='ocr_line' id='line_1_77' title="bbox 2121 691 3696 762; baseline 0 -14"><span class='ocrx_word' id='word_1_573' title='bbox 2121 692 2398 748; x_wconf 88' lang='lat' dir='ltr'><strong>hominum</strong></span> <span class='ocrx_word' id='word_1_574' title='bbox 2437 692 2816 756; x_wconf 88' lang='lat' dir='ltr'><strong>contulissent,</strong></span> <span class='ocrx_word' id='word_1_575' title='bbox 2848 700 2908 746; x_wconf 92' lang='lat' dir='ltr'><strong>ut</strong></span> <span class='ocrx_word' id='word_1_576' title='bbox 2949 691 3091 762; x_wconf 92' lang='lat' dir='ltr'><strong>quod</strong></span> <span class='ocrx_word' id='word_1_577' title='bbox 3130 691 3423 762; x_wconf 88' lang='lat' dir='ltr'><strong>placuisset</strong></span> <span class='ocrx_word' id='word_1_578' title='bbox 3458 694 3696 749; x_wconf 87' lang='lat' dir='ltr'><strong>omnibus</strong></span> 
     </span>
    </p>
   </div>
   <div class='ocr_carea' id='block_1_77' title="bbox 2122 784 3698 853">
    <p class='ocr_par' dir='ltr' id='par_1_77' title="bbox 2122 784 3698 853">
     <span class='ocr_line' id='line_1_78' title="bbox 2122 784 3698 853; baseline 0 -13"><span class='ocrx_word' id='word_1_579' title='bbox 2122 784 2225 841; x_wconf 89' lang='lat' dir='ltr'><strong>hoc</strong></span> <span class='ocrx_word' id='word_1_580' title='bbox 2253 792 2523 849; x_wconf 88' lang='lat' dir='ltr'><strong>maneret,</strong></span> <span class='ocrx_word' id='word_1_581' title='bbox 2556 784 2734 838; x_wconf 91' lang='lat' dir='ltr'><strong>nullus</strong></span> <span class='ocrx_word' id='word_1_582' title='bbox 2771 784 2850 840; x_wconf 88' lang='lat' dir='ltr'><strong>eis</strong></span> <span class='ocrx_word' id='word_1_583' title='bbox 2888 798 3025 839; x_wconf 91' lang='lat' dir='ltr'><strong>unus</strong></span> <span class='ocrx_word' id='word_1_584' title='bbox 3058 784 3324 853; x_wconf 88' lang='lat' dir='ltr'><strong>interpres</strong></span> <span class='ocrx_word' id='word_1_585' title='bbox 3351 784 3532 840; x_wconf 89' lang='lat' dir='ltr'><strong>debuit</strong></span> <span class='ocrx_word' id='word_1_586' title='bbox 3557 797 3698 841; x_wconf 88' lang='lat' dir='ltr'><strong>ante-</strong></span> 
     </span>
    </p>
   </div>
   <div class='ocr_carea' id='block_1_78' title="bbox 2123 873 3699 947">
    <p class='ocr_par' dir='ltr' id='par_1_78' title="bbox 2123 873 3699 947">
     <span class='ocr_line' id='line_1_79' title="bbox 2123 873 3699 947; baseline 0 -17"><span class='ocrx_word' id='word_1_587' title='bbox 2123 875 2283 946; x_wconf 88' lang='lat' dir='ltr'><strong>poni;</strong></span> <span class='ocrx_word' id='word_1_588' title='bbox 2311 891 2432 930; x_wconf 93' lang='lat' dir='ltr'><strong>cum</strong></span> <span class='ocrx_word' id='word_1_589' title='bbox 2463 890 2591 931; x_wconf 89' lang='lat' dir='ltr'><strong>vero</strong></span> <span class='ocrx_word' id='word_1_590' title='bbox 2618 883 2823 929; x_wconf 88' lang='lat' dir='ltr'><strong>tantum</strong></span> <span class='ocrx_word' id='word_1_591' title='bbox 2853 875 2908 930; x_wconf 93' lang='lat' dir='ltr'><strong>in</strong></span> <span class='ocrx_word' id='word_1_592' title='bbox 2935 873 3014 930; x_wconf 86' lang='lat' dir='ltr'><strong>eis</strong></span> <span class='ocrx_word' id='word_1_593' title='bbox 3048 874 3260 944; x_wconf 90' lang='lat' dir='ltr'><strong>signum</strong></span> <span class='ocrx_word' id='word_1_594' title='bbox 3288 874 3583 930; x_wconf 80' lang='lat' dir='ltr'><strong>divinitatis</strong></span> <span class='ocrx_word' id='word_1_595' title='bbox 3608 892 3699 947; x_wconf 82' lang='lat' dir='ltr'><strong>ap-</strong></span> 
     </span>
    </p>
   </div>
   <div class='ocr_carea' id='block_1_79' title="bbox 2124 966 3700 1038">
    <p class='ocr_par' dir='ltr' id='par_1_79' title="bbox 2124 966 3700 1038">
     <span class='ocr_line' id='line_1_80' title="bbox 2124 966 3700 1038; baseline 0.001 -16"><span class='ocrx_word' id='word_1_596' title='bbox 2124 968 2335 1038; x_wconf 89' lang='lat' dir='ltr'><strong>paruit,</strong></span> <span class='ocrx_word' id='word_1_597' title='bbox 2380 966 2620 1037; x_wconf 91' lang='lat' dir='ltr'><strong>profecto</strong></span> <span class='ocrx_word' id='word_1_598' title='bbox 2647 968 2889 1038; x_wconf 89' lang='lat' dir='ltr'><strong>quisquis</strong></span> <span class='ocrx_word' id='word_1_599' title='bbox 2918 967 3051 1024; x_wconf 87' lang='lat' dir='ltr'><strong>alius</strong></span> <span class='ocrx_word' id='word_1_600' title='bbox 3079 967 3292 1022; x_wconf 88' lang='lat' dir='ltr'><strong>illarum</strong></span> <span class='ocrx_word' id='word_1_601' title='bbox 3320 967 3700 1036; x_wconf 88' lang='lat' dir='ltr'><strong>Scripturarum</strong></span> 
     </span>
    </p>
   </div>
   <div class='ocr_carea' id='block_1_80' title="bbox 2125 1060 3702 1132">
    <p class='ocr_par' dir='ltr' id='par_1_80' title="bbox 2125 1060 3702 1132">
     <span class='ocr_line' id='line_1_81' title="bbox 2125 1060 3702 1132; baseline -0.001 -15"><span class='ocrx_word' id='word_1_602' title='bbox 2125 1075 2202 1117; x_wconf 71' lang='lat' dir='ltr'><strong>ex</strong></span> <span class='ocrx_word' id='word_1_603' title='bbox 2232 1061 2448 1116; x_wconf 73' lang='lat' dir='ltr'><strong>hebraza</strong></span> <span class='ocrx_word' id='word_1_604' title='bbox 2485 1062 2538 1115; x_wconf 91' lang='lat' dir='ltr'><strong>in</strong></span> <span class='ocrx_word' id='word_1_605' title='bbox 2569 1060 2860 1132; x_wconf 88' lang='lat' dir='ltr'><strong>quamlibet</strong></span> <span class='ocrx_word' id='word_1_606' title='bbox 2891 1061 3048 1116; x_wconf 91' lang='lat' dir='ltr'><strong>aliam</strong></span> <span class='ocrx_word' id='word_1_607' title='bbox 3077 1061 3315 1132; x_wconf 87' lang='lat' dir='ltr'><strong>linguam</strong></span> <span class='ocrx_word' id='word_1_608' title='bbox 3344 1061 3604 1130; x_wconf 88' lang='lat' dir='ltr'><strong>interpres</strong></span> <span class='ocrx_word' id='word_1_609' title='bbox 3631 1072 3702 1115; x_wconf 87' lang='lat' dir='ltr'><strong>est</strong></span> 
     </span>
    </p>
   </div>
   <div class='ocr_carea' id='block_1_81' title="bbox 2125 1153 3705 1225">
    <p class='ocr_par' dir='ltr' id='par_1_81' title="bbox 2125 1153 3705 1225">
     <span class='ocr_line' id='line_1_82' title="bbox 2125 1153 3705 1225; baseline 0.002 -19"><span class='ocrx_word' id='word_1_610' title='bbox 2125 1167 2310 1219; x_wconf 84' lang='lat' dir='ltr'><strong>verax,</strong></span> <span class='ocrx_word' id='word_1_611' title='bbox 2335 1162 2426 1208; x_wconf 92' lang='lat' dir='ltr'><strong>aut</strong></span> <span class='ocrx_word' id='word_1_612' title='bbox 2451 1154 2697 1225; x_wconf 87' lang='lat' dir='ltr'><strong>congruit</strong></span> <span class='ocrx_word' id='word_1_613' title='bbox 2717 1153 2819 1209; x_wconf 87' lang='lat' dir='ltr'><strong>illis</strong></span> <span class='ocrx_word' id='word_1_614' title='bbox 2839 1153 3183 1225; x_wconf 85' lang='lat' dir='ltr'><strong>Septuaginta</strong></span> <span class='ocrx_word' id='word_1_615' title='bbox 3207 1154 3605 1225; x_wconf 86' lang='lat' dir='ltr'><strong>interpretibus,</strong></span> <span class='ocrx_word' id='word_1_616' title='bbox 3624 1166 3705 1209; x_wconf 82' lang='lat' dir='ltr'><strong>aut</strong></span> 
     </span>
    </p>
   </div>
   <div class='ocr_carea' id='block_1_82' title="bbox 2127 1245 3706 1316">
    <p class='ocr_par' dir='ltr' id='par_1_82' title="bbox 2127 1245 3706 1316">
     <span class='ocr_line' id='line_1_83' title="bbox 2127 1245 3706 1316; baseline 0.001 -16"><span class='ocrx_word' id='word_1_617' title='bbox 2127 1245 2173 1300; x_wconf 90' lang='lat' dir='ltr'><strong>si</strong></span> <span class='ocrx_word' id='word_1_618' title='bbox 2199 1260 2493 1316; x_wconf 85' lang='lat' dir='ltr'><strong>congruere</strong></span> <span class='ocrx_word' id='word_1_619' title='bbox 2517 1261 2624 1302; x_wconf 89' lang='lat' dir='ltr'><strong>non</strong></span> <span class='ocrx_word' id='word_1_620' title='bbox 2652 1246 2880 1312; x_wconf 89' lang='lat' dir='ltr'><strong>videtur,</strong></span> <span class='ocrx_word' id='word_1_621' title='bbox 2907 1245 3133 1302; x_wconf 87' lang='lat' dir='ltr'><strong>altitudo</strong></span> <span class='ocrx_word' id='word_1_622' title='bbox 3157 1245 3232 1300; x_wconf 91' lang='lat' dir='ltr'><strong>ibi</strong></span> <span class='ocrx_word' id='word_1_623' title='bbox 3264 1245 3570 1316; x_wconf 85' lang='lat' dir='ltr'><strong>prophetica</strong></span> <span class='ocrx_word' id='word_1_624' title='bbox 3598 1261 3706 1301; x_wconf 66' lang='lat' dir='ltr'><strong>e§e</strong></span> 
     </span>
    </p>
   </div>
   <div class='ocr_carea' id='block_1_83' title="bbox 2128 1335 3705 1408">
    <p class='ocr_par' dir='ltr' id='par_1_83' title="bbox 2128 1335 3705 1408">
     <span class='ocr_line' id='line_1_84' title="bbox 2128 1335 3705 1408; baseline -0.001 -16"><span class='ocrx_word' id='word_1_625' title='bbox 2128 1335 2395 1392; x_wconf 89' lang='lat' dir='ltr'><strong>credenda</strong></span> <span class='ocrx_word' id='word_1_626' title='bbox 2434 1346 2534 1392; x_wconf 90' lang='lat' dir='ltr'><strong>est.</strong></span> <span class='ocrx_word' id='word_1_627' title='bbox 2579 1337 2809 1408; x_wconf 90' lang='lat' dir='ltr'><strong>Spiritus</strong></span> <span class='ocrx_word' id='word_1_628' title='bbox 2848 1337 2987 1392; x_wconf 89' lang='lat' dir='ltr'><strong>enim</strong></span> <span class='ocrx_word' id='word_1_629' title='bbox 3026 1337 3117 1408; x_wconf 89' lang='lat' dir='ltr'><strong>qui</strong></span> <span class='ocrx_word' id='word_1_630' title='bbox 3157 1337 3212 1392; x_wconf 93' lang='lat' dir='ltr'><strong>in</strong></span> <span class='ocrx_word' id='word_1_631' title='bbox 3260 1337 3545 1408; x_wconf 82' lang='lat' dir='ltr'><strong>Pmphetis</strong></span> <span class='ocrx_word' id='word_1_632' title='bbox 3567 1346 3705 1402; x_wconf 86' lang='lat' dir='ltr'><strong>erat,</strong></span> 
     </span>
    </p>
   </div>
   <div class='ocr_carea' id='block_1_84' title="bbox 2129 1427 3712 1501">
    <p class='ocr_par' dir='ltr' id='par_1_84' title="bbox 2129 1427 3712 1501">
     <span class='ocr_line' id='line_1_85' title="bbox 2129 1427 3712 1501; baseline -0.001 -19"><span class='ocrx_word' id='word_1_633' title='bbox 2129 1429 2344 1500; x_wconf 89' lang='lat' dir='ltr'><strong>quando</strong></span> <span class='ocrx_word' id='word_1_634' title='bbox 2369 1430 2458 1484; x_wconf 91' lang='lat' dir='ltr'><strong>illa</strong></span> <span class='ocrx_word' id='word_1_635' title='bbox 2485 1430 2754 1496; x_wconf 77' lang='lat' dir='ltr'><strong>dixerunt,</strong></span> <span class='ocrx_word' id='word_1_636' title='bbox 2786 1431 2923 1486; x_wconf 91' lang='lat' dir='ltr'><strong>idem</strong></span> <span class='ocrx_word' id='word_1_637' title='bbox 2952 1431 3068 1501; x_wconf 90' lang='lat' dir='ltr'><strong>ipse</strong></span> <span class='ocrx_word' id='word_1_638' title='bbox 3095 1441 3213 1486; x_wconf 90' lang='lat' dir='ltr'><strong>erat</strong></span> <span class='ocrx_word' id='word_1_639' title='bbox 3236 1431 3396 1486; x_wconf 89' lang='lat' dir='ltr'><strong>etiam</strong></span> <span class='ocrx_word' id='word_1_640' title='bbox 3423 1430 3476 1484; x_wconf 92' lang='lat' dir='ltr'><strong>in</strong></span> <span class='ocrx_word' id='word_1_641' title='bbox 3501 1427 3712 1498; x_wconf 81' lang='lat' dir='ltr'><strong>Septua-</strong></span> 
     </span>
    </p>
   </div>
   <div class='ocr_carea' id='block_1_85' title="bbox 2130 1520 3711 1594">
    <p class='ocr_par' dir='ltr' id='par_1_85' title="bbox 2130 1520 3711 1594">
     <span class='ocr_line' id='line_1_86' title="bbox 2130 1520 3711 1594; baseline 0 -22"><span class='ocrx_word' id='word_1_642' title='bbox 2130 1523 2272 1592; x_wconf 81' lang='lat' dir='ltr'><strong>ginta</strong></span> <span class='ocrx_word' id='word_1_643' title='bbox 2295 1523 2444 1587; x_wconf 89' lang='lat' dir='ltr'><strong>viris,</strong></span> <span class='ocrx_word' id='word_1_644' title='bbox 2468 1523 2682 1594; x_wconf 91' lang='lat' dir='ltr'><strong>quando</strong></span> <span class='ocrx_word' id='word_1_645' title='bbox 2707 1523 2796 1578; x_wconf 89' lang='lat' dir='ltr'><strong>illa</strong></span> <span class='ocrx_word' id='word_1_646' title='bbox 2824 1524 3158 1594; x_wconf 87' lang='lat' dir='ltr'><strong>interpretati</strong></span> <span class='ocrx_word' id='word_1_647' title='bbox 3185 1531 3312 1578; x_wconf 88' lang='lat' dir='ltr'><strong>sunt</strong></span> <span class='ocrx_word' id='word_1_648' title='bbox 3336 1541 3349 1575; x_wconf 91' lang='lat'><strong>:</strong></span> <span class='ocrx_word' id='word_1_649' title='bbox 3373 1522 3462 1592; x_wconf 89' lang='lat' dir='ltr'><strong>qui</strong></span> <span class='ocrx_word' id='word_1_650' title='bbox 3487 1520 3711 1592; x_wconf 71' lang='lat' dir='ltr'><strong>profect-3</strong></span> 
     </span>
    </p>
   </div>
   <div class='ocr_carea' id='block_1_86' title="bbox 2131 1612 3709 1682">
    <p class='ocr_par' dir='ltr' id='par_1_86' title="bbox 2131 1612 3709 1682">
     <span class='ocr_line' id='line_1_87' title="bbox 2131 1612 3709 1682; baseline -0.003 -15"><span class='ocrx_word' id='word_1_651' title='bbox 2131 1615 2448 1668; x_wconf 89' lang='lat' dir='ltr'><strong>auctoritate</strong></span> <span class='ocrx_word' id='word_1_652' title='bbox 2494 1614 2674 1669; x_wconf 93' lang='lat' dir='ltr'><strong>divina</strong></span> <span class='ocrx_word' id='word_1_653' title='bbox 2709 1623 2766 1669; x_wconf 91' lang='lat' dir='ltr'><strong>et</strong></span> <span class='ocrx_word' id='word_1_654' title='bbox 2809 1614 2952 1668; x_wconf 89' lang='lat' dir='ltr'><strong>aliud</strong></span> <span class='ocrx_word' id='word_1_655' title='bbox 2994 1614 3177 1669; x_wconf 90' lang='lat' dir='ltr'><strong>dicere</strong></span> <span class='ocrx_word' id='word_1_656' title='bbox 3221 1612 3432 1682; x_wconf 89' lang='lat' dir='ltr'><strong>potuit,</strong></span> <span class='ocrx_word' id='word_1_657' title='bbox 3472 1620 3709 1680; x_wconf 86' lang='lat' dir='ltr'><strong>tanquam</strong></span> 
     </span>
    </p>
   </div>
   <div class='ocr_carea' id='block_1_87' title="bbox 2132 1701 3710 1776">
    <p class='ocr_par' dir='ltr' id='par_1_87' title="bbox 2132 1701 3710 1776">
     <span class='ocr_line' id='line_1_88' title="bbox 2132 1701 3710 1776; baseline -0.003 -17"><span class='ocrx_word' id='word_1_658' title='bbox 2132 1704 2394 1775; x_wconf 87' lang='lat' dir='ltr'><strong>propheta</strong></span> <span class='ocrx_word' id='word_1_659' title='bbox 2423 1706 2510 1761; x_wconf 90' lang='lat' dir='ltr'><strong>ille</strong></span> <span class='ocrx_word' id='word_1_660' title='bbox 2539 1717 2824 1776; x_wconf 91' lang='lat' dir='ltr'><strong>utrumque</strong></span> <span class='ocrx_word' id='word_1_661' title='bbox 2851 1705 3091 1771; x_wconf 72' lang='lat' dir='ltr'><strong>dixisset,</strong></span> <span class='ocrx_word' id='word_1_662' title='bbox 3121 1706 3245 1776; x_wconf 86' lang='lat' dir='ltr'><strong>quia</strong></span> <span class='ocrx_word' id='word_1_663' title='bbox 3275 1713 3557 1774; x_wconf 90' lang='lat' dir='ltr'><strong>utrumque</strong></span> <span class='ocrx_word' id='word_1_664' title='bbox 3582 1701 3710 1756; x_wconf 85' lang='lat' dir='ltr'><strong>idem</strong></span> 
     </span>
    </p>
   </div>
   <div class='ocr_carea' id='block_1_88' title="bbox 2132 1792 3708 1868">
    <p class='ocr_par' dir='ltr' id='par_1_88' title="bbox 2132 1792 3708 1868">
     <span class='ocr_line' id='line_1_89' title="bbox 2132 1792 3708 1868; baseline -0.004 -16"><span class='ocrx_word' id='word_1_665' title='bbox 2132 1797 2364 1867; x_wconf 87' lang='lat' dir='ltr'><strong>Spiritus</strong></span> <span class='ocrx_word' id='word_1_666' title='bbox 2387 1798 2618 1864; x_wconf 88' lang='lat' dir='ltr'><strong>diceret;</strong></span> <span class='ocrx_word' id='word_1_667' title='bbox 2648 1807 2702 1853; x_wconf 91' lang='lat' dir='ltr'><strong>et</strong></span> <span class='ocrx_word' id='word_1_668' title='bbox 2728 1798 2828 1852; x_wconf 91' lang='lat' dir='ltr'><strong>hoc</strong></span> <span class='ocrx_word' id='word_1_669' title='bbox 2860 1798 3030 1868; x_wconf 90' lang='lat' dir='ltr'><strong>ipsum</strong></span> <span class='ocrx_word' id='word_1_670' title='bbox 3061 1796 3238 1863; x_wconf 86' lang='lat' dir='ltr'><strong>aliter,</strong></span> <span class='ocrx_word' id='word_1_671' title='bbox 3264 1805 3323 1850; x_wconf 91' lang='lat' dir='ltr'><strong>ut</strong></span> <span class='ocrx_word' id='word_1_672' title='bbox 3348 1795 3392 1849; x_wconf 90' lang='lat' dir='ltr'><strong>si</strong></span> <span class='ocrx_word' id='word_1_673' title='bbox 3416 1810 3519 1850; x_wconf 92' lang='lat' dir='ltr'><strong>non</strong></span> <span class='ocrx_word' id='word_1_674' title='bbox 3540 1792 3708 1848; x_wconf 85' lang='lat' dir='ltr'><strong>eadem</strong></span> 
     </span>
    </p>
   </div>
   <div class='ocr_carea' id='block_1_89' title="bbox 2133 1884 3708 1957">
    <p class='ocr_par' dir='ltr' id='par_1_89' title="bbox 2133 1884 3708 1957">
     <span class='ocr_line' id='line_1_90' title="bbox 2133 1884 3708 1957; baseline -0.005 -13"><span class='ocrx_word' id='word_1_675' title='bbox 2133 1888 2327 1955; x_wconf 84' lang='lat' dir='ltr'><strong>verba,</strong></span> <span class='ocrx_word' id='word_1_676' title='bbox 2362 1889 2502 1944; x_wconf 91' lang='lat' dir='ltr'><strong>idem</strong></span> <span class='ocrx_word' id='word_1_677' title='bbox 2533 1898 2711 1944; x_wconf 89' lang='lat' dir='ltr'><strong>tamen</strong></span> <span class='ocrx_word' id='word_1_678' title='bbox 2743 1904 2934 1944; x_wconf 88' lang='lat' dir='ltr'><strong>sensus</strong></span> <span class='ocrx_word' id='word_1_679' title='bbox 2969 1889 3104 1943; x_wconf 88' lang='lat' dir='ltr'><strong>bene</strong></span> <span class='ocrx_word' id='word_1_680' title='bbox 3143 1885 3560 1957; x_wconf 87' lang='lat' dir='ltr'><strong>intelligentibus</strong></span> <span class='ocrx_word' id='word_1_681' title='bbox 3582 1884 3708 1937; x_wconf 88' lang='lat' dir='ltr'><strong>dilu-</strong></span> 
     </span>
    </p>
   </div>
   <div class='ocr_carea' id='block_1_90' title="bbox 2135 1975 3704 2051">
    <p class='ocr_par' dir='ltr' id='par_1_90' title="bbox 2135 1975 3704 2051">
     <span class='ocr_line' id='line_1_91' title="bbox 2135 1975 3704 2051; baseline -0.004 -17"><span class='ocrx_word' id='word_1_682' title='bbox 2135 1989 2408 2045; x_wconf 89' lang='lat' dir='ltr'><strong>cesceret;</strong></span> <span class='ocrx_word' id='word_1_683' title='bbox 2440 1990 2495 2036; x_wconf 89' lang='lat' dir='ltr'><strong>et</strong></span> <span class='ocrx_word' id='word_1_684' title='bbox 2523 1980 2722 2051; x_wconf 87' lang='lat' dir='ltr'><strong>aliquid</strong></span> <span class='ocrx_word' id='word_1_685' title='bbox 2749 1981 3178 2049; x_wconf 84' lang='lat' dir='ltr'><strong>praetermittere,</strong></span> <span class='ocrx_word' id='word_1_686' title='bbox 3209 1987 3265 2034; x_wconf 91' lang='lat' dir='ltr'><strong>et</strong></span> <span class='ocrx_word' id='word_1_687' title='bbox 3291 1976 3489 2047; x_wconf 86' lang='lat' dir='ltr'><strong>aliquid</strong></span> <span class='ocrx_word' id='word_1_688' title='bbox 3512 1975 3704 2039; x_wconf 84' lang='lat' dir='ltr'><strong>addere,</strong></span> 
     </span>
    </p>
   </div>
   <div class='ocr_carea' id='block_1_91' title="bbox 2138 2065 3707 2128">
    <p class='ocr_par' dir='ltr' id='par_1_91' title="bbox 2138 2065 3707 2128">
     <span class='ocr_line' id='line_1_92' title="bbox 2138 2065 3707 2128; baseline -0.005 -2"><span class='ocrx_word' id='word_1_689' title='bbox 2138 2082 2195 2126; x_wconf 93' lang='lat' dir='ltr'><strong>ut</strong></span> <span class='ocrx_word' id='word_1_690' title='bbox 2235 2073 2398 2128; x_wconf 90' lang='lat' dir='ltr'><strong>etiam</strong></span> <span class='ocrx_word' id='word_1_691' title='bbox 2438 2073 2565 2128; x_wconf 92' lang='lat' dir='ltr'><strong>hinc</strong></span> <span class='ocrx_word' id='word_1_692' title='bbox 2607 2071 2982 2128; x_wconf 90' lang='lat' dir='ltr'><strong>ostenderetur</strong></span> <span class='ocrx_word' id='word_1_693' title='bbox 3019 2087 3127 2126; x_wconf 90' lang='lat' dir='ltr'><strong>non</strong></span> <span class='ocrx_word' id='word_1_694' title='bbox 3169 2071 3461 2124; x_wconf 86' lang='lat' dir='ltr'><strong>humanam</strong></span> <span class='ocrx_word' id='word_1_695' title='bbox 3492 2067 3643 2121; x_wconf 87' lang='lat' dir='ltr'><strong>fuisse</strong></span> <span class='ocrx_word' id='word_1_696' title='bbox 3665 2065 3707 2118; x_wconf 93' lang='lat' dir='ltr'><strong>in</strong></span> 
     </span>
    </p>
   </div>
   <div class='ocr_carea' id='block_1_92' title="bbox 2139 2161 3704 2236">
    <p class='ocr_par' dir='ltr' id='par_1_92' title="bbox 2139 2161 3704 2236">
     <span class='ocr_line' id='line_1_93' title="bbox 2139 2161 3704 2236; baseline 0.002 -18"><span class='ocrx_word' id='word_1_697' title='bbox 2139 2164 2233 2218; x_wconf 91' lang='lat' dir='ltr'><strong>illo</strong></span> <span class='ocrx_word' id='word_1_698' title='bbox 2260 2180 2423 2235; x_wconf 83' lang='lat' dir='ltr'><strong>Opere</strong></span> <span class='ocrx_word' id='word_1_699' title='bbox 2451 2167 2784 2233; x_wconf 90' lang='lat' dir='ltr'><strong>servitutem,</strong></span> <span class='ocrx_word' id='word_1_700' title='bbox 2808 2181 2967 2236; x_wconf 89' lang='lat' dir='ltr'><strong>quam</strong></span> <span class='ocrx_word' id='word_1_701' title='bbox 2989 2165 3166 2220; x_wconf 88' lang='lat' dir='ltr'><strong>verbis</strong></span> <span class='ocrx_word' id='word_1_702' title='bbox 3188 2163 3420 2218; x_wconf 82' lang='lat' dir='ltr'><strong>debebat</strong></span> <span class='ocrx_word' id='word_1_703' title='bbox 3447 2161 3704 2229; x_wconf 76' lang='lat' dir='ltr'><strong>interpres.</strong></span> 
     </span>
    </p>
   </div>
   <div class='ocr_carea' id='block_1_93' title="bbox 2139 2252 3708 2331">
    <p class='ocr_par' dir='ltr' id='par_1_93' title="bbox 2139 2252 3708 2331">
     <span class='ocr_line' id='line_1_94' title="bbox 2139 2252 3708 2331; baseline -0.006 -17"><span class='ocrx_word' id='word_1_704' title='bbox 2139 2259 2234 2315; x_wconf 89' lang='lat' dir='ltr'><strong>sed</strong></span> <span class='ocrx_word' id='word_1_705' title='bbox 2261 2259 2494 2314; x_wconf 90' lang='lat' dir='ltr'><strong>divinam</strong></span> <span class='ocrx_word' id='word_1_706' title='bbox 2523 2261 2697 2331; x_wconf 90' lang='lat' dir='ltr'><strong>potius</strong></span> <span class='ocrx_word' id='word_1_707' title='bbox 2726 2268 3066 2330; x_wconf 88' lang='lat' dir='ltr'><strong>potestatem,</strong></span> <span class='ocrx_word' id='word_1_708' title='bbox 3091 2273 3211 2329; x_wconf 81' lang='lat' dir='ltr'><strong>quae</strong></span> <span class='ocrx_word' id='word_1_709' title='bbox 3238 2264 3474 2312; x_wconf 90' lang='lat' dir='ltr'><strong>mentem</strong></span> <span class='ocrx_word' id='word_1_710' title='bbox 3501 2252 3708 2324; x_wconf 78' lang='lat' dir='ltr'><strong>replebat</strong></span> 
     </span>
    </p>
   </div>
   <div class='ocr_carea' id='block_1_94' title="bbox 2140 2348 3706 2425">
    <p class='ocr_par' dir='ltr' id='par_1_94' title="bbox 2140 2348 3706 2425">
     <span class='ocr_line' id='line_1_95' title="bbox 2140 2348 3706 2425; baseline -0.006 -16"><span class='ocrx_word' id='word_1_711' title='bbox 2140 2363 2195 2410; x_wconf 90' lang='lat' dir='ltr'><strong>et</strong></span> <span class='ocrx_word' id='word_1_712' title='bbox 2221 2353 2440 2425; x_wconf 87' lang='lat' dir='ltr'><strong>regebat</strong></span> <span class='ocrx_word' id='word_1_713' title='bbox 2462 2353 2788 2424; x_wconf 88' lang='lat' dir='ltr'><strong>interpretis.</strong></span> <span class='ocrx_word' id='word_1_714' title='bbox 2814 2352 3066 2407; x_wconf 88' lang='lat' dir='ltr'><strong>Nonnulli</strong></span> <span class='ocrx_word' id='word_1_715' title='bbox 3090 2359 3270 2406; x_wconf 89' lang='lat' dir='ltr'><strong>autem</strong></span> <span class='ocrx_word' id='word_1_716' title='bbox 3293 2348 3510 2404; x_wconf 88' lang='lat' dir='ltr'><strong>codices</strong></span> <span class='ocrx_word' id='word_1_717' title='bbox 3534 2358 3706 2415; x_wconf 67' lang='lat' dir='ltr'><strong>graecos</strong></span> 
     </span>
    </p>
   </div>
   <div class='ocr_carea' id='block_1_95' title="bbox 2141 2438 3705 2517">
    <p class='ocr_par' dir='ltr' id='par_1_95' title="bbox 2141 2438 3705 2517">
     <span class='ocr_line' id='line_1_96' title="bbox 2141 2438 3705 2517; baseline -0.007 -14"><span class='ocrx_word' id='word_1_718' title='bbox 2141 2446 2596 2517; x_wconf 89' lang='lat' dir='ltr'><strong>interpretationis</strong></span> <span class='ocrx_word' id='word_1_719' title='bbox 2653 2445 3001 2516; x_wconf 80' lang='lat' dir='ltr'><strong>Septuaginta</strong></span> <span class='ocrx_word' id='word_1_720' title='bbox 3055 2459 3120 2498; x_wconf 84' lang='lat' dir='ltr'><strong>ex</strong></span> <span class='ocrx_word' id='word_1_721' title='bbox 3177 2441 3414 2498; x_wconf 74' lang='lat' dir='ltr'><strong>hebrteis</strong></span> <span class='ocrx_word' id='word_1_722' title='bbox 3469 2438 3705 2495; x_wconf 88' lang='lat' dir='ltr'><strong>codicibus</strong></span> 
     </span>
    </p>
   </div>
   <div class='ocr_carea' id='block_1_96' title="bbox 2142 2531 3703 2610">
    <p class='ocr_par' dir='ltr' id='par_1_96' title="bbox 2142 2531 3703 2610">
     <span class='ocr_line' id='line_1_97' title="bbox 2142 2531 3703 2610; baseline -0.009 -13"><span class='ocrx_word' id='word_1_723' title='bbox 2142 2541 2507 2597; x_wconf 90' lang='lat' dir='ltr'><strong>emendandos</strong></span> <span class='ocrx_word' id='word_1_724' title='bbox 2534 2547 2784 2610; x_wconf 89' lang='lat' dir='ltr'><strong>putarunt</strong></span> <span class='ocrx_word' id='word_1_725' title='bbox 2817 2555 2832 2595; x_wconf 90' lang='lat'><strong>:</strong></span> <span class='ocrx_word' id='word_1_726' title='bbox 2859 2554 2961 2594; x_wconf 91' lang='lat' dir='ltr'><strong>nec</strong></span> <span class='ocrx_word' id='word_1_727' title='bbox 2988 2548 3164 2592; x_wconf 90' lang='lat' dir='ltr'><strong>tamen</strong></span> <span class='ocrx_word' id='word_1_728' title='bbox 3189 2535 3310 2590; x_wconf 91' lang='lat' dir='ltr'><strong>ausi</strong></span> <span class='ocrx_word' id='word_1_729' title='bbox 3340 2542 3466 2588; x_wconf 90' lang='lat' dir='ltr'><strong>sunt</strong></span> <span class='ocrx_word' id='word_1_730' title='bbox 3493 2531 3703 2587; x_wconf 85' lang='lat' dir='ltr'><strong>detrahe-</strong></span> 
     </span>
    </p>
   </div>
   <div class='ocr_carea' id='block_1_97' title="bbox 2144 2626 3703 2704">
    <p class='ocr_par' dir='ltr' id='par_1_97' title="bbox 2144 2626 3703 2704">
     <span class='ocr_line' id='line_1_98' title="bbox 2144 2626 3703 2704; baseline -0.006 -16"><span class='ocrx_word' id='word_1_731' title='bbox 2144 2649 2232 2702; x_wconf 90' lang='lat' dir='ltr'><strong>re,</strong></span> <span class='ocrx_word' id='word_1_732' title='bbox 2261 2633 2402 2704; x_wconf 91' lang='lat' dir='ltr'><strong>quod</strong></span> <span class='ocrx_word' id='word_1_733' title='bbox 2438 2633 2640 2689; x_wconf 75' lang='lat' dir='ltr'><strong>hebrzei</strong></span> <span class='ocrx_word' id='word_1_734' title='bbox 2679 2645 2784 2687; x_wconf 88' lang='lat' dir='ltr'><strong>non</strong></span> <span class='ocrx_word' id='word_1_735' title='bbox 2825 2631 3125 2695; x_wconf 88' lang='lat' dir='ltr'><strong>habebant,</strong></span> <span class='ocrx_word' id='word_1_736' title='bbox 3169 2638 3222 2685; x_wconf 90' lang='lat' dir='ltr'><strong>et</strong></span> <span class='ocrx_word' id='word_1_737' title='bbox 3261 2626 3598 2698; x_wconf 84' lang='lat' dir='ltr'><strong>Septuaginta</strong></span> <span class='ocrx_word' id='word_1_738' title='bbox 3630 2637 3703 2694; x_wconf 88' lang='lat' dir='ltr'><strong>po-</strong></span> 
     </span>
    </p>
   </div>
   <div class='ocr_carea' id='block_1_98' title="bbox 2144 2716 3702 2791">
    <p class='ocr_par' dir='ltr' id='par_1_98' title="bbox 2144 2716 3702 2791">
     <span class='ocr_line' id='line_1_99' title="bbox 2144 2716 3702 2791; baseline -0.009 -9"><span class='ocrx_word' id='word_1_739' title='bbox 2144 2735 2399 2791; x_wconf 84' lang='lat' dir='ltr'><strong>suerunt;</strong></span> <span class='ocrx_word' id='word_1_740' title='bbox 2431 2725 2525 2780; x_wconf 89' lang='lat' dir='ltr'><strong>sed</strong></span> <span class='ocrx_word' id='word_1_741' title='bbox 2551 2724 2919 2780; x_wconf 88' lang='lat' dir='ltr'><strong>tantummodo</strong></span> <span class='ocrx_word' id='word_1_742' title='bbox 2939 2721 3259 2778; x_wconf 89' lang='lat' dir='ltr'><strong>addiderunt</strong></span> <span class='ocrx_word' id='word_1_743' title='bbox 3287 2735 3409 2791; x_wconf 67' lang='lat' dir='ltr'><strong>qua:</strong></span> <span class='ocrx_word' id='word_1_744' title='bbox 3434 2718 3486 2773; x_wconf 90' lang='lat' dir='ltr'><strong>in</strong></span> <span class='ocrx_word' id='word_1_745' title='bbox 3513 2716 3702 2772; x_wconf 72' lang='lat' dir='ltr'><strong>hebrazis</strong></span> 
     </span>
    </p>
   </div>
   <div class='ocr_carea' id='block_1_99' title="bbox 2146 2806 3702 2886">
    <p class='ocr_par' dir='ltr' id='par_1_99' title="bbox 2146 2806 3702 2886">
     <span class='ocr_line' id='line_1_100' title="bbox 2146 2806 3702 2886; baseline -0.008 -15"><span class='ocrx_word' id='word_1_746' title='bbox 2146 2818 2390 2882; x_wconf 86' lang='lat' dir='ltr'><strong>inventa,</strong></span> <span class='ocrx_word' id='word_1_747' title='bbox 2422 2816 2564 2886; x_wconf 91' lang='lat' dir='ltr'><strong>apud</strong></span> <span class='ocrx_word' id='word_1_748' title='bbox 2601 2815 2946 2886; x_wconf 86' lang='lat' dir='ltr'><strong>Septuaginta</strong></span> <span class='ocrx_word' id='word_1_749' title='bbox 2990 2828 3096 2868; x_wconf 91' lang='lat' dir='ltr'><strong>non</strong></span> <span class='ocrx_word' id='word_1_750' title='bbox 3137 2821 3330 2878; x_wconf 90' lang='lat' dir='ltr'><strong>erant;</strong></span> <span class='ocrx_word' id='word_1_751' title='bbox 3371 2823 3537 2880; x_wconf 87' lang='lat' dir='ltr'><strong>eaque</strong></span> <span class='ocrx_word' id='word_1_752' title='bbox 3571 2806 3702 2876; x_wconf 78' lang='lat' dir='ltr'><strong>signis</strong></span> 
     </span>
    </p>
   </div>
   <div class='ocr_carea' id='block_1_100' title="bbox 2146 2902 3699 2980">
    <p class='ocr_par' dir='ltr' id='par_1_100' title="bbox 2146 2902 3699 2980">
     <span class='ocr_line' id='line_1_101' title="bbox 2146 2902 3699 2980; baseline -0.006 -18"><span class='ocrx_word' id='word_1_753' title='bbox 2146 2909 2462 2980; x_wconf 91' lang='lat' dir='ltr'><strong>quibusdam</strong></span> <span class='ocrx_word' id='word_1_754' title='bbox 2491 2910 2543 2964; x_wconf 93' lang='lat' dir='ltr'><strong>in</strong></span> <span class='ocrx_word' id='word_1_755' title='bbox 2570 2909 2844 2964; x_wconf 91' lang='lat' dir='ltr'><strong>stellarum</strong></span> <span class='ocrx_word' id='word_1_756' title='bbox 2871 2907 3088 2962; x_wconf 90' lang='lat' dir='ltr'><strong>modum</strong></span> <span class='ocrx_word' id='word_1_757' title='bbox 3117 2904 3274 2960; x_wconf 90' lang='lat' dir='ltr'><strong>factis</strong></span> <span class='ocrx_word' id='word_1_758' title='bbox 3294 2947 3308 2970; x_wconf 89' lang='lat'><strong>,</strong></span> <span class='ocrx_word' id='word_1_759' title='bbox 3339 2902 3411 2958; x_wconf 90' lang='lat' dir='ltr'><strong>ad</strong></span> <span class='ocrx_word' id='word_1_760' title='bbox 3444 2902 3606 2972; x_wconf 79' lang='lat' dir='ltr'><strong>capita</strong></span> <span class='ocrx_word' id='word_1_761' title='bbox 3629 2914 3699 2953; x_wconf 85' lang='lat' dir='ltr'><strong>eo-</strong></span> 
     </span>
    </p>
   </div>
   <div class='ocr_carea' id='block_1_101' title="bbox 2149 2992 3701 3067">
    <p class='ocr_par' dir='ltr' id='par_1_101' title="bbox 2149 2992 3701 3067">
     <span class='ocr_line' id='line_1_102' title="bbox 2149 2992 3701 3067; baseline -0.008 -10"><span class='ocrx_word' id='word_1_762' title='bbox 2149 3001 2393 3057; x_wconf 91' lang='lat' dir='ltr'><strong>rumdem</strong></span> <span class='ocrx_word' id='word_1_763' title='bbox 2434 3016 2688 3057; x_wconf 88' lang='lat' dir='ltr'><strong>versuum</strong></span> <span class='ocrx_word' id='word_1_764' title='bbox 2731 3007 3090 3062; x_wconf 89' lang='lat' dir='ltr'><strong>notaverunt,</strong></span> <span class='ocrx_word' id='word_1_765' title='bbox 3131 3011 3253 3067; x_wconf 71' lang='lat' dir='ltr'><strong>qua:</strong></span> <span class='ocrx_word' id='word_1_766' title='bbox 3284 2996 3436 3066; x_wconf 88' lang='lat' dir='ltr'><strong>signa</strong></span> <span class='ocrx_word' id='word_1_767' title='bbox 3459 2992 3701 3048; x_wconf 82' lang='lat' dir='ltr'><strong>asterist</strong></span> 
     </span>
    </p>
   </div>
   <div class='ocr_carea' id='block_1_102' title="bbox 2146 3085 3699 3161">
    <p class='ocr_par' dir='ltr' id='par_1_102' title="bbox 2146 3085 3699 3161">
     <span class='ocr_line' id='line_1_103' title="bbox 2146 3085 3699 3161; baseline -0.007 -16"><span class='ocrx_word' id='word_1_768' title='bbox 2146 3102 2360 3148; x_wconf 88' lang='lat' dir='ltr'><strong>vocant.</strong></span> <span class='ocrx_word' id='word_1_769' title='bbox 2393 3093 2482 3147; x_wconf 92' lang='lat' dir='ltr'><strong>Illa</strong></span> <span class='ocrx_word' id='word_1_770' title='bbox 2513 3107 2640 3148; x_wconf 89' lang='lat' dir='ltr'><strong>vero</strong></span> <span class='ocrx_word' id='word_1_771' title='bbox 2665 3107 2782 3161; x_wconf 72' lang='lat' dir='ltr'><strong>quae</strong></span> <span class='ocrx_word' id='word_1_772' title='bbox 2812 3105 2916 3145; x_wconf 90' lang='lat' dir='ltr'><strong>non</strong></span> <span class='ocrx_word' id='word_1_773' title='bbox 2947 3089 3143 3144; x_wconf 89' lang='lat' dir='ltr'><strong>habent</strong></span> <span class='ocrx_word' id='word_1_774' title='bbox 3171 3087 3398 3154; x_wconf 74' lang='lat' dir='ltr'><strong>hebraai,</strong></span> <span class='ocrx_word' id='word_1_775' title='bbox 3425 3085 3699 3140; x_wconf 63' lang='lat' dir='ltr'><strong>habentiu-</strong></span> 
     </span>
    </p>
   </div>
   <div class='ocr_carea' id='block_1_103' title="bbox 2149 3176 3698 3253">
    <p class='ocr_par' dir='ltr' id='par_1_103' title="bbox 2149 3176 3698 3253">
     <span class='ocr_line' id='line_1_104' title="bbox 2149 3176 3698 3253; baseline -0.007 -16"><span class='ocrx_word' id='word_1_776' title='bbox 2149 3192 2256 3238; x_wconf 91' lang='lat' dir='ltr'><strong>tem</strong></span> <span class='ocrx_word' id='word_1_777' title='bbox 2287 3183 2631 3253; x_wconf 86' lang='lat' dir='ltr'><strong>Septuaginta</strong></span> <span class='ocrx_word' id='word_1_778' title='bbox 2652 3225 2666 3248; x_wconf 96' lang='lat'><strong>,</strong></span> <span class='ocrx_word' id='word_1_779' title='bbox 2704 3181 2948 3236; x_wconf 86' lang='lat' dir='ltr'><strong>similiter</strong></span> <span class='ocrx_word' id='word_1_780' title='bbox 2976 3179 3044 3234; x_wconf 88' lang='lat' dir='ltr'><strong>ad</strong></span> <span class='ocrx_word' id='word_1_781' title='bbox 3070 3179 3243 3248; x_wconf 90' lang='lat' dir='ltr'><strong>capita</strong></span> <span class='ocrx_word' id='word_1_782' title='bbox 3273 3191 3525 3232; x_wconf 87' lang='lat' dir='ltr'><strong>versuum</strong></span> <span class='ocrx_word' id='word_1_783' title='bbox 3551 3176 3698 3244; x_wconf 57' lang='lat' dir='ltr'><strong>jaceno</strong></span> 
     </span>
    </p>
   </div>
   <div class='ocr_carea' id='block_1_104' title="bbox 2151 3269 3698 3345">
    <p class='ocr_par' dir='ltr' id='par_1_104' title="bbox 2151 3269 3698 3345">
     <span class='ocr_line' id='line_1_105' title="bbox 2151 3269 3698 3345; baseline -0.008 -16"><span class='ocrx_word' id='word_1_784' title='bbox 2151 3276 2292 3330; x_wconf 87' lang='lat' dir='ltr'><strong>tibus</strong></span> <span class='ocrx_word' id='word_1_785' title='bbox 2326 3275 2579 3345; x_wconf 82' lang='lat' dir='ltr'><strong>virgulis,</strong></span> <span class='ocrx_word' id='word_1_786' title='bbox 2615 3275 2753 3328; x_wconf 92' lang='lat' dir='ltr'><strong>sicut</strong></span> <span class='ocrx_word' id='word_1_787' title='bbox 2797 3273 3103 3328; x_wconf 91' lang='lat' dir='ltr'><strong>scribuntur</strong></span> <span class='ocrx_word' id='word_1_788' title='bbox 3141 3271 3348 3336; x_wconf 75' lang='lat' dir='ltr'><strong>unciae,</strong></span> <span class='ocrx_word' id='word_1_789' title='bbox 3379 3269 3698 3341; x_wconf 85' lang='lat' dir='ltr'><strong>signaverunt.</strong></span> 
     </span>
    </p>
   </div>
   <div class='ocr_carea' id='block_1_105' title="bbox 2151 3353 3702 3430">
    <p class='ocr_par' dir='ltr' id='par_1_105' title="bbox 2151 3353 3702 3430">
     <span class='ocr_line' id='line_1_106' title="bbox 2151 3353 3702 3430; baseline -0.008 -9"><span class='ocrx_word' id='word_1_790' title='bbox 2151 3366 2218 3421; x_wconf 90' lang='lat' dir='ltr'><strong>Et</strong></span> <span class='ocrx_word' id='word_1_791' title='bbox 2246 3367 2397 3421; x_wconf 90' lang='lat' dir='ltr'><strong>multi</strong></span> <span class='ocrx_word' id='word_1_792' title='bbox 2420 3367 2631 3421; x_wconf 88' lang='lat' dir='ltr'><strong>codices</strong></span> <span class='ocrx_word' id='word_1_793' title='bbox 2657 3367 2752 3420; x_wconf 89' lang='lat' dir='ltr'><strong>has</strong></span> <span class='ocrx_word' id='word_1_794' title='bbox 2779 3373 2933 3418; x_wconf 91' lang='lat' dir='ltr'><strong>notas</strong></span> <span class='ocrx_word' id='word_1_795' title='bbox 2959 3363 3218 3418; x_wconf 88' lang='lat' dir='ltr'><strong>habentes</strong></span> <span class='ocrx_word' id='word_1_796' title='bbox 3243 3372 3607 3430; x_wconf 86' lang='lat' dir='ltr'><strong>usquequaque</strong></span> <span class='ocrx_word' id='word_1_797' title='bbox 3626 3353 3702 3409; x_wconf 87' lang='lat' dir='ltr'><strong>dif-</strong></span> 
     </span>
    </p>
   </div>
   <div class='ocr_carea' id='block_1_106' title="bbox 2149 3446 3699 3523">
    <p class='ocr_par' dir='ltr' id='par_1_106' title="bbox 2149 3446 3699 3523">
     <span class='ocr_line' id='line_1_107' title="bbox 2149 3446 3699 3523; baseline -0.008 -12"><span class='ocrx_word' id='word_1_798' title='bbox 2149 3457 2249 3511; x_wconf 89' lang='lat' dir='ltr'><strong>fusi</strong></span> <span class='ocrx_word' id='word_1_799' title='bbox 2281 3467 2403 3511; x_wconf 89' lang='lat' dir='ltr'><strong>sunt</strong></span> <span class='ocrx_word' id='word_1_800' title='bbox 2435 3466 2487 3511; x_wconf 92' lang='lat' dir='ltr'><strong>et</strong></span> <span class='ocrx_word' id='word_1_801' title='bbox 2517 3457 2663 3511; x_wconf 89' lang='lat' dir='ltr'><strong>latini</strong></span> <span class='ocrx_word' id='word_1_802' title='bbox 2687 3457 2726 3510; x_wconf 72' lang='grc' dir='ltr'><strong>ί.</strong></span> <span class='ocrx_word' id='word_1_803' title='bbox 2759 3456 2888 3523; x_wconf 77' lang='lat' dir='ltr'><strong>Qua:</strong></span> <span class='ocrx_word' id='word_1_804' title='bbox 2927 3463 3105 3509; x_wconf 90' lang='lat' dir='ltr'><strong>autem</strong></span> <span class='ocrx_word' id='word_1_805' title='bbox 3135 3468 3242 3507; x_wconf 91' lang='lat' dir='ltr'><strong>non</strong></span> <span class='ocrx_word' id='word_1_806' title='bbox 3277 3450 3616 3522; x_wconf 59' lang='lat' dir='ltr'><strong>praetermissa</strong></span> <span class='ocrx_word' id='word_1_807' title='bbox 3638 3446 3699 3500; x_wconf 80' lang='lat' dir='ltr'><strong>rel</strong></span> 
     </span>
    </p>
   </div>
   <div class='ocr_carea' id='block_1_107' title="bbox 2149 3540 3718 3612">
    <p class='ocr_par' dir='ltr' id='par_1_107' title="bbox 2149 3540 3718 3612">
     <span class='ocr_line' id='line_1_108' title="bbox 2149 3540 3718 3612; baseline -0.006 -10"><span class='ocrx_word' id='word_1_808' title='bbox 2149 3548 2328 3602; x_wconf 88' lang='lat' dir='ltr'><strong>addita</strong></span> <span class='ocrx_word' id='word_1_809' title='bbox 2349 3589 2361 3612; x_wconf 92' lang='lat'><strong>,</strong></span> <span class='ocrx_word' id='word_1_810' title='bbox 2393 3547 2490 3603; x_wconf 89' lang='lat' dir='ltr'><strong>sed</strong></span> <span class='ocrx_word' id='word_1_811' title='bbox 2519 3548 2674 3603; x_wconf 91' lang='lat' dir='ltr'><strong>aliter</strong></span> <span class='ocrx_word' id='word_1_812' title='bbox 2700 3547 2841 3602; x_wconf 90' lang='lat' dir='ltr'><strong>dicta</strong></span> <span class='ocrx_word' id='word_1_813' title='bbox 2881 3554 3037 3610; x_wconf 90' lang='lat' dir='ltr'><strong>sunt,</strong></span> <span class='ocrx_word' id='word_1_814' title='bbox 3068 3545 3183 3599; x_wconf 87' lang='lat' dir='ltr'><strong>sive</strong></span> <span class='ocrx_word' id='word_1_815' title='bbox 3215 3545 3382 3599; x_wconf 88' lang='lat' dir='ltr'><strong>alium</strong></span> <span class='ocrx_word' id='word_1_816' title='bbox 3421 3556 3617 3598; x_wconf 89' lang='lat' dir='ltr'><strong>sensum</strong></span> <span class='ocrx_word' id='word_1_817' title='bbox 3639 3540 3718 3592; x_wconf 52' lang='grc' dir='ltr'><strong>[ιι-λ</strong></span> 
     </span>
    </p>
   </div>
   <div class='ocr_carea' id='block_1_108' title="bbox 2150 3627 3698 3708">
    <p class='ocr_par' dir='ltr' id='par_1_108' title="bbox 2150 3627 3698 3708">
     <span class='ocr_line' id='line_1_109' title="bbox 2150 3627 3698 3708; baseline -0.008 -14"><span class='ocrx_word' id='word_1_818' title='bbox 2150 3641 2295 3694; x_wconf 85' lang='lat' dir='ltr'><strong>ciant</strong></span> <span class='ocrx_word' id='word_1_819' title='bbox 2318 3639 2479 3694; x_wconf 91' lang='lat' dir='ltr'><strong>ctiam</strong></span> <span class='ocrx_word' id='word_1_820' title='bbox 2518 3639 2692 3708; x_wconf 89' lang='lat' dir='ltr'><strong>ipsum</strong></span> <span class='ocrx_word' id='word_1_821' title='bbox 2724 3653 2832 3694; x_wconf 89' lang='lat' dir='ltr'><strong>non</strong></span> <span class='ocrx_word' id='word_1_822' title='bbox 2863 3637 3239 3692; x_wconf 89' lang='lat' dir='ltr'><strong>abhorrentem</strong></span> <span class='ocrx_word' id='word_1_823' title='bbox 3259 3677 3274 3700; x_wconf 97' lang='lat'><strong>,</strong></span> <span class='ocrx_word' id='word_1_824' title='bbox 3308 3635 3424 3688; x_wconf 92' lang='lat' dir='ltr'><strong>sive</strong></span> <span class='ocrx_word' id='word_1_825' title='bbox 3452 3633 3550 3686; x_wconf 90' lang='lat' dir='ltr'><strong>alio</strong></span> <span class='ocrx_word' id='word_1_826' title='bbox 3573 3627 3698 3684; x_wconf 88' lang='lat' dir='ltr'><strong>modo</strong></span> 
     </span>
    </p>
   </div>
   <div class='ocr_carea' id='block_1_109' title="bbox 2150 3724 3699 3800">
    <p class='ocr_par' dir='ltr' id='par_1_109' title="bbox 2150 3724 3699 3800">
     <span class='ocr_line' id='line_1_110' title="bbox 2150 3724 3699 3800; baseline -0.01 -11"><span class='ocrx_word' id='word_1_827' title='bbox 2150 3732 2398 3789; x_wconf 90' lang='lat' dir='ltr'><strong>eumdem</strong></span> <span class='ocrx_word' id='word_1_828' title='bbox 2424 3747 2641 3787; x_wconf 91' lang='lat' dir='ltr'><strong>sensum</strong></span> <span class='ocrx_word' id='word_1_829' title='bbox 2665 3731 2933 3800; x_wconf 83' lang='lat' dir='ltr'><strong>explicare</strong></span> <span class='ocrx_word' id='word_1_830' title='bbox 2961 3736 3351 3795; x_wconf 89' lang='lat' dir='ltr'><strong>monstrentur,</strong></span> <span class='ocrx_word' id='word_1_831' title='bbox 3381 3727 3482 3780; x_wconf 91' lang='lat' dir='ltr'><strong>nisi</strong></span> <span class='ocrx_word' id='word_1_832' title='bbox 3507 3724 3699 3792; x_wconf 87' lang='lat' dir='ltr'><strong>utrisque</strong></span> 
     </span>
    </p>
   </div>
   <div class='ocr_carea' id='block_1_110' title="bbox 2150 3816 3697 3892">
    <p class='ocr_par' dir='ltr' id='par_1_110' title="bbox 2150 3816 3697 3892">
     <span class='ocr_line' id='line_1_111' title="bbox 2150 3816 3697 3892; baseline -0.009 -15"><span class='ocrx_word' id='word_1_833' title='bbox 2150 3822 2422 3877; x_wconf 90' lang='lat' dir='ltr'><strong>codicibus</strong></span> <span class='ocrx_word' id='word_1_834' title='bbox 2462 3821 2719 3892; x_wconf 91' lang='lat' dir='ltr'><strong>inspectis</strong></span> <span class='ocrx_word' id='word_1_835' title='bbox 2761 3827 3031 3890; x_wconf 88' lang='lat' dir='ltr'><strong>nequeunt</strong></span> <span class='ocrx_word' id='word_1_836' title='bbox 3069 3817 3316 3888; x_wconf 88' lang='lat' dir='ltr'><strong>reperiri.</strong></span> <span class='ocrx_word' id='word_1_837' title='bbox 3360 3817 3417 3872; x_wconf 93' lang='lat' dir='ltr'><strong>Si</strong></span> <span class='ocrx_word' id='word_1_838' title='bbox 3456 3816 3623 3888; x_wconf 87' lang='lat' dir='ltr'><strong>igitur,</strong></span> <span class='ocrx_word' id='word_1_839' title='bbox 3657 3819 3697 3864; x_wconf 87' lang='lat' dir='ltr'><strong>ut</strong></span> 
     </span>
    </p>
   </div>
   <div class='ocr_carea' id='block_1_111' title="bbox 2149 3900 3694 3983">
    <p class='ocr_par' dir='ltr' id='par_1_111' title="bbox 2149 3900 3694 3983">
     <span class='ocr_line' id='line_1_112' title="bbox 2149 3900 3694 3983; baseline -0.009 -16"><span class='ocrx_word' id='word_1_840' title='bbox 2149 3922 2382 3983; x_wconf 87' lang='lat' dir='ltr'><strong>oportet,</strong></span> <span class='ocrx_word' id='word_1_841' title='bbox 2415 3913 2546 3968; x_wconf 89' lang='lat' dir='ltr'><strong>nihil</strong></span> <span class='ocrx_word' id='word_1_842' title='bbox 2571 3912 2718 3967; x_wconf 91' lang='lat' dir='ltr'><strong>aliud</strong></span> <span class='ocrx_word' id='word_1_843' title='bbox 2756 3913 3060 3966; x_wconf 88' lang='lat' dir='ltr'><strong>intueamur</strong></span> <span class='ocrx_word' id='word_1_844' title='bbox 3086 3910 3139 3964; x_wconf 92' lang='lat' dir='ltr'><strong>iu</strong></span> <span class='ocrx_word' id='word_1_845' title='bbox 3169 3908 3462 3979; x_wconf 90' lang='lat' dir='ltr'><strong>Scripturis</strong></span> <span class='ocrx_word' id='word_1_846' title='bbox 3489 3906 3598 3968; x_wconf 88' lang='lat' dir='ltr'><strong>illis,</strong></span> <span class='ocrx_word' id='word_1_847' title='bbox 3620 3900 3694 3957; x_wconf 87' lang='lat' dir='ltr'><strong>nisi</strong></span> 
     </span>
    </p>
   </div>
   <div class='ocr_carea' id='block_1_112' title="bbox 2150 3994 3692 4076">
    <p class='ocr_par' dir='ltr' id='par_1_112' title="bbox 2150 3994 3692 4076">
     <span class='ocr_line' id='line_1_113' title="bbox 2150 3994 3692 4076; baseline -0.01 -16"><span class='ocrx_word' id='word_1_848' title='bbox 2150 4007 2276 4076; x_wconf 91' lang='lat' dir='ltr'><strong>quid</strong></span> <span class='ocrx_word' id='word_1_849' title='bbox 2307 4021 2401 4076; x_wconf 91' lang='lat' dir='ltr'><strong>per</strong></span> <span class='ocrx_word' id='word_1_850' title='bbox 2427 4005 2673 4061; x_wconf 89' lang='lat' dir='ltr'><strong>homines</strong></span> <span class='ocrx_word' id='word_1_851' title='bbox 2697 4004 2893 4060; x_wconf 85' lang='lat' dir='ltr'><strong>dixerit</strong></span> <span class='ocrx_word' id='word_1_852' title='bbox 2914 4003 3006 4058; x_wconf 89' lang='lat' dir='ltr'><strong>Dei</strong></span> <span class='ocrx_word' id='word_1_853' title='bbox 3028 4001 3280 4071; x_wconf 85' lang='lat' dir='ltr'><strong>Spiritus,</strong></span> <span class='ocrx_word' id='word_1_854' title='bbox 3304 3997 3552 4071; x_wconf 89' lang='lat' dir='ltr'><strong>quidquid</strong></span> <span class='ocrx_word' id='word_1_855' title='bbox 3572 3994 3692 4050; x_wconf 87' lang='lat' dir='ltr'><strong>estin</strong></span> 
     </span>
    </p>
   </div>
   <div class='ocr_carea' id='block_1_113' title="bbox 2151 4085 3693 4163">
    <p class='ocr_par' dir='ltr' id='par_1_113' title="bbox 2151 4085 3693 4163">
     <span class='ocr_line' id='line_1_114' title="bbox 2151 4085 3693 4163; baseline -0.008 -12"><span class='ocrx_word' id='word_1_856' title='bbox 2151 4099 2380 4154; x_wconf 83' lang='lat' dir='ltr'><strong>hebraeis</strong></span> <span class='ocrx_word' id='word_1_857' title='bbox 2405 4097 2713 4162; x_wconf 90' lang='lat' dir='ltr'><strong>codicibus,</strong></span> <span class='ocrx_word' id='word_1_858' title='bbox 2744 4105 2799 4152; x_wconf 91' lang='lat' dir='ltr'><strong>et</strong></span> <span class='ocrx_word' id='word_1_859' title='bbox 2837 4111 2945 4150; x_wconf 92' lang='lat' dir='ltr'><strong>non</strong></span> <span class='ocrx_word' id='word_1_860' title='bbox 2983 4103 3066 4150; x_wconf 90' lang='lat' dir='ltr'><strong>est</strong></span> <span class='ocrx_word' id='word_1_861' title='bbox 3105 4093 3248 4163; x_wconf 92' lang='lat' dir='ltr'><strong>apud</strong></span> <span class='ocrx_word' id='word_1_862' title='bbox 3292 4093 3593 4161; x_wconf 87' lang='lat' dir='ltr'><strong>interpretes</strong></span> <span class='ocrx_word' id='word_1_863' title='bbox 3621 4085 3693 4139; x_wconf 83' lang='lat' dir='ltr'><strong>Se-</strong></span> 
     </span>
    </p>
   </div>
   <div class='ocr_carea' id='block_1_114' title="bbox 2150 4178 3691 4260">
    <p class='ocr_par' dir='ltr' id='par_1_114' title="bbox 2150 4178 3691 4260">
     <span class='ocr_line' id='line_1_115' title="bbox 2150 4178 3691 4260; baseline -0.009 -17"><span class='ocrx_word' id='word_1_864' title='bbox 2150 4190 2426 4260; x_wconf 87' lang='lat' dir='ltr'><strong>ptuaginta</strong></span> <span class='ocrx_word' id='word_1_865' title='bbox 2451 4189 2624 4243; x_wconf 91' lang='lat' dir='ltr'><strong>noluit</strong></span> <span class='ocrx_word' id='word_1_866' title='bbox 2649 4204 2710 4243; x_wconf 86' lang='lat' dir='ltr'><strong>ea</strong></span> <span class='ocrx_word' id='word_1_867' title='bbox 2741 4203 2835 4258; x_wconf 89' lang='lat' dir='ltr'><strong>per</strong></span> <span class='ocrx_word' id='word_1_868' title='bbox 2865 4187 3018 4253; x_wconf 89' lang='lat' dir='ltr'><strong>istos,</strong></span> <span class='ocrx_word' id='word_1_869' title='bbox 3047 4184 3143 4241; x_wconf 91' lang='lat' dir='ltr'><strong>sed</strong></span> <span class='ocrx_word' id='word_1_870' title='bbox 3176 4200 3273 4255; x_wconf 89' lang='lat' dir='ltr'><strong>per</strong></span> <span class='ocrx_word' id='word_1_871' title='bbox 3302 4184 3422 4238; x_wconf 91' lang='lat' dir='ltr'><strong>illos</strong></span> <span class='ocrx_word' id='word_1_872' title='bbox 3448 4178 3691 4250; x_wconf 84' lang='lat' dir='ltr'><strong>Prophetas</strong></span> 
     </span>
    </p>
   </div>
   <div class='ocr_carea' id='block_1_115' title="bbox 2155 4273 3688 4352">
    <p class='ocr_par' dir='ltr' id='par_1_115' title="bbox 2155 4273 3688 4352">
     <span class='ocr_line' id='line_1_116' title="bbox 2155 4273 3688 4352; baseline -0.007 -18"><span class='ocrx_word' id='word_1_873' title='bbox 2155 4282 2244 4335; x_wconf 88' lang='lat' dir='ltr'><strong>Dei</strong></span> <span class='ocrx_word' id='word_1_874' title='bbox 2286 4282 2517 4352; x_wconf 89' lang='lat' dir='ltr'><strong>Spiritus</strong></span> <span class='ocrx_word' id='word_1_875' title='bbox 2545 4281 2749 4335; x_wconf 90' lang='lat' dir='ltr'><strong>dicere.</strong></span> <span class='ocrx_word' id='word_1_876' title='bbox 2786 4277 3054 4349; x_wconf 86' lang='lat' dir='ltr'><strong>Quidquid</strong></span> <span class='ocrx_word' id='word_1_877' title='bbox 3082 4292 3212 4332; x_wconf 87' lang='lat' dir='ltr'><strong>vero</strong></span> <span class='ocrx_word' id='word_1_878' title='bbox 3240 4285 3325 4331; x_wconf 90' lang='lat' dir='ltr'><strong>est</strong></span> <span class='ocrx_word' id='word_1_879' title='bbox 3350 4273 3488 4346; x_wconf 91' lang='lat' dir='ltr'><strong>apud</strong></span> <span class='ocrx_word' id='word_1_880' title='bbox 3513 4273 3688 4340; x_wconf 78' lang='lat' dir='ltr'><strong>Septua-</strong></span> 
     </span>
    </p>
   </div>
   <div class='ocr_carea' id='block_1_116' title="bbox 2149 4358 3687 4444">
    <p class='ocr_par' dir='ltr' id='par_1_116' title="bbox 2149 4358 3687 4444">
     <span class='ocr_line' id='line_1_117' title="bbox 2149 4358 3687 4444; baseline -0.013 -16"><span class='ocrx_word' id='word_1_881' title='bbox 2149 4375 2294 4444; x_wconf 90' lang='lat' dir='ltr'><strong>ginta</strong></span> <span class='ocrx_word' id='word_1_882' title='bbox 2314 4415 2329 4442; x_wconf 89' lang='lat'><strong>,</strong></span> <span class='ocrx_word' id='word_1_883' title='bbox 2365 4374 2417 4427; x_wconf 93' lang='lat' dir='ltr'><strong>in</strong></span> <span class='ocrx_word' id='word_1_884' title='bbox 2449 4373 2677 4427; x_wconf 82' lang='lat' dir='ltr'><strong>hebraeis</strong></span> <span class='ocrx_word' id='word_1_885' title='bbox 2703 4381 2881 4425; x_wconf 89' lang='lat' dir='ltr'><strong>autem</strong></span> <span class='ocrx_word' id='word_1_886' title='bbox 2908 4369 3184 4425; x_wconf 90' lang='lat' dir='ltr'><strong>codicibus</strong></span> <span class='ocrx_word' id='word_1_887' title='bbox 3208 4381 3317 4421; x_wconf 91' lang='lat' dir='ltr'><strong>non</strong></span> <span class='ocrx_word' id='word_1_888' title='bbox 3343 4374 3426 4422; x_wconf 89' lang='lat' dir='ltr'><strong>est</strong></span> <span class='ocrx_word' id='word_1_889' title='bbox 3447 4405 3461 4428; x_wconf 93' lang='lat'><strong>,</strong></span> <span class='ocrx_word' id='word_1_890' title='bbox 3480 4375 3574 4431; x_wconf 85' lang='lat' dir='ltr'><strong>per</strong></span> <span class='ocrx_word' id='word_1_891' title='bbox 3591 4358 3687 4411; x_wconf 82' lang='lat' dir='ltr'><strong>istos</strong></span> 
     </span>
    </p>
   </div>
   <div class='ocr_carea' id='block_1_117' title="bbox 2149 4447 3686 4534">
    <p class='ocr_par' dir='ltr' id='par_1_117' title="bbox 2149 4447 3686 4534">
     <span class='ocr_line' id='line_1_118' title="bbox 2149 4447 3686 4534; baseline -0.014 -14"><span class='ocrx_word' id='word_1_892' title='bbox 2149 4481 2215 4520; x_wconf 88' lang='lat' dir='ltr'><strong>ea</strong></span> <span class='ocrx_word' id='word_1_893' title='bbox 2246 4464 2466 4530; x_wconf 87' lang='lat' dir='ltr'><strong>maluit,</strong></span> <span class='ocrx_word' id='word_1_894' title='bbox 2496 4479 2654 4534; x_wconf 90' lang='lat' dir='ltr'><strong>quam</strong></span> <span class='ocrx_word' id='word_1_895' title='bbox 2685 4479 2780 4532; x_wconf 89' lang='lat' dir='ltr'><strong>per</strong></span> <span class='ocrx_word' id='word_1_896' title='bbox 2808 4463 2962 4526; x_wconf 89' lang='lat' dir='ltr'><strong>illos,</strong></span> <span class='ocrx_word' id='word_1_897' title='bbox 2997 4460 3140 4516; x_wconf 89' lang='lat' dir='ltr'><strong>idem</strong></span> <span class='ocrx_word' id='word_1_898' title='bbox 3166 4458 3399 4529; x_wconf 87' lang='lat' dir='ltr'><strong>Spiritus</strong></span> <span class='ocrx_word' id='word_1_899' title='bbox 3424 4454 3607 4516; x_wconf 87' lang='lat' dir='ltr'><strong>dicere,</strong></span> <span class='ocrx_word' id='word_1_900' title='bbox 3631 4447 3686 4500; x_wconf 84' lang='lat' dir='ltr'><strong>sic</strong></span> 
     </span>
    </p>
   </div>
   <div class='ocr_carea' id='block_1_118' title="bbox 2149 4540 3687 4627">
    <p class='ocr_par' dir='ltr' id='par_1_118' title="bbox 2149 4540 3687 4627">
     <span class='ocr_line' id='line_1_119' title="bbox 2149 4540 3687 4627; baseline -0.01 -15"><span class='ocrx_word' id='word_1_901' title='bbox 2149 4559 2438 4614; x_wconf 91' lang='lat' dir='ltr'><strong>ostendens</strong></span> <span class='ocrx_word' id='word_1_902' title='bbox 2463 4568 2719 4627; x_wconf 90' lang='lat' dir='ltr'><strong>utrosque</strong></span> <span class='ocrx_word' id='word_1_903' title='bbox 2745 4555 2908 4610; x_wconf 80' lang='lat' dir='ltr'><strong>fuisse</strong></span> <span class='ocrx_word' id='word_1_904' title='bbox 2940 4552 3248 4624; x_wconf 88' lang='lat' dir='ltr'><strong>pr0pbetas.</strong></span> <span class='ocrx_word' id='word_1_905' title='bbox 3279 4550 3390 4605; x_wconf 88' lang='lat' dir='ltr'><strong>Isto</strong></span> <span class='ocrx_word' id='word_1_906' title='bbox 3414 4549 3545 4604; x_wconf 89' lang='lat' dir='ltr'><strong>enim</strong></span> <span class='ocrx_word' id='word_1_907' title='bbox 3569 4540 3687 4598; x_wconf 86' lang='lat' dir='ltr'><strong>modo</strong></span> 
     </span>
    </p>
   </div>
   <div class='ocr_carea' id='block_1_119' title="bbox 2149 4640 3682 4722">
    <p class='ocr_par' dir='ltr' id='par_1_119' title="bbox 2149 4640 3682 4722">
     <span class='ocr_line' id='line_1_120' title="bbox 2149 4640 3682 4722; baseline -0.013 -16"><span class='ocrx_word' id='word_1_908' title='bbox 2149 4653 2250 4707; x_wconf 88' lang='lat' dir='ltr'><strong>alia</strong></span> <span class='ocrx_word' id='word_1_909' title='bbox 2276 4667 2371 4722; x_wconf 88' lang='lat' dir='ltr'><strong>per</strong></span> <span class='ocrx_word' id='word_1_910' title='bbox 2397 4651 2607 4716; x_wconf 90' lang='lat' dir='ltr'><strong>Isaiam,</strong></span> <span class='ocrx_word' id='word_1_911' title='bbox 2631 4651 2733 4703; x_wconf 89' lang='lat' dir='ltr'><strong>alia</strong></span> <span class='ocrx_word' id='word_1_912' title='bbox 2759 4663 2858 4719; x_wconf 87' lang='lat' dir='ltr'><strong>per</strong></span> <span class='ocrx_word' id='word_1_913' title='bbox 2883 4647 3192 4710; x_wconf 82' lang='lat' dir='ltr'><strong>Jeremiam,</strong></span> <span class='ocrx_word' id='word_1_914' title='bbox 3221 4643 3325 4698; x_wconf 92' lang='lat' dir='ltr'><strong>alia</strong></span> <span class='ocrx_word' id='word_1_915' title='bbox 3354 4658 3450 4714; x_wconf 86' lang='lat' dir='ltr'><strong>per</strong></span> <span class='ocrx_word' id='word_1_916' title='bbox 3475 4640 3612 4695; x_wconf 87' lang='lat' dir='ltr'><strong>alium</strong></span> <span class='ocrx_word' id='word_1_917' title='bbox 3629 4643 3682 4687; x_wconf 82' lang='lat' dir='ltr'><strong>at-</strong></span> 
     </span>
    </p>
   </div>
   <div class='ocr_carea' id='block_1_120' title="bbox 2147 4732 3683 4816">
    <p class='ocr_par' dir='ltr' id='par_1_120' title="bbox 2147 4732 3683 4816">
     <span class='ocr_line' id='line_1_121' title="bbox 2147 4732 3683 4816; baseline -0.014 -16"><span class='ocrx_word' id='word_1_918' title='bbox 2147 4761 2253 4816; x_wconf 90' lang='lat' dir='ltr'><strong>que</strong></span> <span class='ocrx_word' id='word_1_919' title='bbox 2290 4745 2452 4799; x_wconf 92' lang='lat' dir='ltr'><strong>alium</strong></span> <span class='ocrx_word' id='word_1_920' title='bbox 2487 4743 2800 4814; x_wconf 88' lang='lat' dir='ltr'><strong>prophetam</strong></span> <span class='ocrx_word' id='word_1_921' title='bbox 2822 4783 2838 4807; x_wconf 92' lang='lat'><strong>,</strong></span> <span class='ocrx_word' id='word_1_922' title='bbox 2866 4740 2951 4795; x_wconf 92' lang='lat' dir='ltr'><strong>vel</strong></span> <span class='ocrx_word' id='word_1_923' title='bbox 2977 4739 3132 4794; x_wconf 90' lang='lat' dir='ltr'><strong>aliter</strong></span> <span class='ocrx_word' id='word_1_924' title='bbox 3156 4736 3347 4792; x_wconf 88' lang='lat' dir='ltr'><strong>eadem</strong></span> <span class='ocrx_word' id='word_1_925' title='bbox 3385 4749 3480 4805; x_wconf 90' lang='lat' dir='ltr'><strong>per</strong></span> <span class='ocrx_word' id='word_1_926' title='bbox 3513 4732 3623 4784; x_wconf 88' lang='lat' dir='ltr'><strong>hunc</strong></span> <span class='ocrx_word' id='word_1_927' title='bbox 3640 4739 3683 4779; x_wconf 83' lang='lat' dir='ltr'><strong>ac</strong></span> 
     </span>
    </p>
   </div>
   <div class='ocr_carea' id='block_1_121' title="bbox 2152 4822 3681 4908">
    <p class='ocr_par' dir='ltr' id='par_1_121' title="bbox 2152 4822 3681 4908">
     <span class='ocr_line' id='line_1_122' title="bbox 2152 4822 3681 4908; baseline -0.012 -16"><span class='ocrx_word' id='word_1_928' title='bbox 2152 4853 2246 4908; x_wconf 86' lang='lat' dir='ltr'><strong>per</strong></span> <span class='ocrx_word' id='word_1_929' title='bbox 2270 4836 2419 4891; x_wconf 89' lang='lat' dir='ltr'><strong>illum</strong></span> <span class='ocrx_word' id='word_1_930' title='bbox 2449 4835 2603 4902; x_wconf 79' lang='lat' dir='ltr'><strong>dixit,</strong></span> <span class='ocrx_word' id='word_1_931' title='bbox 2635 4843 2688 4890; x_wconf 91' lang='lat' dir='ltr'><strong>ut</strong></span> <span class='ocrx_word' id='word_1_932' title='bbox 2713 4833 2900 4889; x_wconf 88' lang='lat' dir='ltr'><strong>voluit.</strong></span> <span class='ocrx_word' id='word_1_933' title='bbox 2933 4828 3198 4899; x_wconf 88' lang='lat' dir='ltr'><strong>Quidquid</strong></span> <span class='ocrx_word' id='word_1_934' title='bbox 3226 4841 3388 4899; x_wconf 89' lang='lat' dir='ltr'><strong>porro</strong></span> <span class='ocrx_word' id='word_1_935' title='bbox 3407 4822 3536 4896; x_wconf 90' lang='lat' dir='ltr'><strong>apud</strong></span> <span class='ocrx_word' id='word_1_936' title='bbox 3555 4829 3681 4874; x_wconf 83' lang='lat' dir='ltr'><strong>utros-</strong></span> 
     </span>
    </p>
   </div>
   <div class='ocr_carea' id='block_1_122' title="bbox 2150 4918 3682 5000">
    <p class='ocr_par' dir='ltr' id='par_1_122' title="bbox 2150 4918 3682 5000">
     <span class='ocr_line' id='line_1_123' title="bbox 2150 4918 3682 5000; baseline -0.012 -19"><span class='ocrx_word' id='word_1_937' title='bbox 2150 4945 2252 5000; x_wconf 89' lang='lat' dir='ltr'><strong>que</strong></span> <span class='ocrx_word' id='word_1_938' title='bbox 2278 4928 2564 4994; x_wconf 85' lang='lat' dir='ltr'><strong>invenitur,</strong></span> <span class='ocrx_word' id='word_1_939' title='bbox 2602 4941 2697 4997; x_wconf 87' lang='lat' dir='ltr'><strong>per</strong></span> <span class='ocrx_word' id='word_1_940' title='bbox 2723 4934 2977 4995; x_wconf 91' lang='lat' dir='ltr'><strong>utrosque</strong></span> <span class='ocrx_word' id='word_1_941' title='bbox 3000 4921 3184 4977; x_wconf 89' lang='lat' dir='ltr'><strong>dicere</strong></span> <span class='ocrx_word' id='word_1_942' title='bbox 3211 4918 3384 4975; x_wconf 83' lang='lat' dir='ltr'><strong>voluit</strong></span> <span class='ocrx_word' id='word_1_943' title='bbox 3420 4929 3543 4971; x_wconf 90' lang='lat' dir='ltr'><strong>unus</strong></span> <span class='ocrx_word' id='word_1_944' title='bbox 3565 4921 3682 4980; x_wconf 83' lang='lat' dir='ltr'><strong>atque</strong></span> 
     </span>
    </p>
   </div>
   <div class='ocr_carea' id='block_1_123' title="bbox 2151 5005 3680 5092">
    <p class='ocr_par' dir='ltr' id='par_1_123' title="bbox 2151 5005 3680 5092">
     <span class='ocr_line' id='line_1_124' title="bbox 2151 5005 3680 5092; baseline -0.015 -14"><span class='ocrx_word' id='word_1_945' title='bbox 2151 5023 2291 5078; x_wconf 86' lang='lat' dir='ltr'><strong>idem</strong></span> <span class='ocrx_word' id='word_1_946' title='bbox 2317 5022 2578 5092; x_wconf 88' lang='lat' dir='ltr'><strong>Spiritus;</strong></span> <span class='ocrx_word' id='word_1_947' title='bbox 2607 5018 2700 5075; x_wconf 89' lang='lat' dir='ltr'><strong>sed</strong></span> <span class='ocrx_word' id='word_1_948' title='bbox 2723 5019 2814 5085; x_wconf 90' lang='lat' dir='ltr'><strong>ita,</strong></span> <span class='ocrx_word' id='word_1_949' title='bbox 2842 5027 2901 5072; x_wconf 95' lang='lat' dir='ltr'><strong>ut</strong></span> <span class='ocrx_word' id='word_1_950' title='bbox 2926 5014 3003 5071; x_wconf 93' lang='lat' dir='ltr'><strong>illi</strong></span> <span class='ocrx_word' id='word_1_951' title='bbox 3029 5011 3399 5084; x_wconf 66' lang='lat' dir='ltr'><strong>praecederent</strong></span> <span class='ocrx_word' id='word_1_952' title='bbox 3419 5005 3680 5080; x_wconf 82' lang='lat' dir='ltr'><strong>prephetan-</strong></span> 
     </span>
    </p>
   </div>
   <div class='ocr_carea' id='block_1_124' title="bbox 2149 5093 3678 5184">
    <p class='ocr_par' dir='ltr' id='par_1_124' title="bbox 2149 5093 3678 5184">
     <span class='ocr_line' id='line_1_125' title="bbox 2149 5093 3678 5184; baseline -0.013 -14"><span class='ocrx_word' id='word_1_953' title='bbox 2149 5115 2250 5181; x_wconf 92' lang='lat' dir='ltr'><strong>do,</strong></span> <span class='ocrx_word' id='word_1_954' title='bbox 2283 5115 2366 5169; x_wconf 92' lang='lat' dir='ltr'><strong>isti</strong></span> <span class='ocrx_word' id='word_1_955' title='bbox 2395 5121 2749 5184; x_wconf 89' lang='lat' dir='ltr'><strong>sequerentur</strong></span> <span class='ocrx_word' id='word_1_956' title='bbox 2783 5108 3093 5180; x_wconf 90' lang='lat' dir='ltr'><strong>prophetice</strong></span> <span class='ocrx_word' id='word_1_957' title='bbox 3131 5105 3256 5161; x_wconf 88' lang='lat' dir='ltr'><strong>illos</strong></span> <span class='ocrx_word' id='word_1_958' title='bbox 3292 5093 3678 5172; x_wconf 82' lang='lat' dir='ltr'><strong>interpretando:</strong></span> 
     </span>
    </p>
   </div>
   <div class='ocr_carea' id='block_1_125' title="bbox 2149 5185 3676 5277">
    <p class='ocr_par' dir='ltr' id='par_1_125' title="bbox 2149 5185 3676 5277">
     <span class='ocr_line' id='line_1_126' title="bbox 2149 5185 3676 5277; baseline -0.014 -18"><span class='ocrx_word' id='word_1_959' title='bbox 2149 5206 2274 5277; x_wconf 88' lang='lat' dir='ltr'><strong>quia</strong></span> <span class='ocrx_word' id='word_1_960' title='bbox 2317 5206 2457 5261; x_wconf 91' lang='lat' dir='ltr'><strong>sicut</strong></span> <span class='ocrx_word' id='word_1_961' title='bbox 2501 5207 2555 5260; x_wconf 92' lang='lat' dir='ltr'><strong>in</strong></span> <span class='ocrx_word' id='word_1_962' title='bbox 2598 5204 2706 5259; x_wconf 91' lang='lat' dir='ltr'><strong>illis</strong></span> <span class='ocrx_word' id='word_1_963' title='bbox 2744 5216 2901 5269; x_wconf 84' lang='lat' dir='ltr'><strong>vera,</strong></span> <span class='ocrx_word' id='word_1_964' title='bbox 2933 5209 2989 5256; x_wconf 89' lang='lat' dir='ltr'><strong>et</strong></span> <span class='ocrx_word' id='word_1_965' title='bbox 3025 5195 3409 5256; x_wconf 89' lang='lat' dir='ltr'><strong>concordantia</strong></span> <span class='ocrx_word' id='word_1_966' title='bbox 3441 5185 3676 5248; x_wconf 88' lang='lat' dir='ltr'><strong>dicentibus</strong></span> 
     </span>
    </p>
   </div>
   <div class='ocr_carea' id='block_1_126' title="bbox 2153 5289 3673 5372">
    <p class='ocr_par' dir='ltr' id='par_1_126' title="bbox 2153 5289 3673 5372">
     <span class='ocr_line' id='line_1_127' title="bbox 2153 5289 3673 5372; baseline -0.013 -15"><span class='ocrx_word' id='word_1_967' title='bbox 2153 5316 2290 5357; x_wconf 88' lang='lat' dir='ltr'><strong>unus</strong></span> <span class='ocrx_word' id='word_1_968' title='bbox 2331 5301 2478 5372; x_wconf 84' lang='lat' dir='ltr'><strong>pacis</strong></span> <span class='ocrx_word' id='word_1_969' title='bbox 2517 5298 2746 5368; x_wconf 88' lang='lat' dir='ltr'><strong>Spiritus</strong></span> <span class='ocrx_word' id='word_1_970' title='bbox 2793 5295 2924 5360; x_wconf 88' lang='lat' dir='ltr'><strong>fuit;</strong></span> <span class='ocrx_word' id='word_1_971' title='bbox 2953 5293 3032 5349; x_wconf 90' lang='lat' dir='ltr'><strong>sic</strong></span> <span class='ocrx_word' id='word_1_972' title='bbox 3074 5301 3130 5348; x_wconf 92' lang='lat' dir='ltr'><strong>et</strong></span> <span class='ocrx_word' id='word_1_973' title='bbox 3165 5291 3219 5346; x_wconf 91' lang='lat' dir='ltr'><strong>in</strong></span> <span class='ocrx_word' id='word_1_974' title='bbox 3259 5289 3375 5345; x_wconf 89' lang='lat' dir='ltr'><strong>istis</strong></span> <span class='ocrx_word' id='word_1_975' title='bbox 3410 5299 3507 5341; x_wconf 89' lang='lat' dir='ltr'><strong>non</strong></span> <span class='ocrx_word' id='word_1_976' title='bbox 3539 5289 3673 5372; x_wconf 63' lang='lat' dir='ltr'><strong>sectili!</strong></span> 
     </span>
    </p>
   </div>
   <div class='ocr_carea' id='block_1_127' title="bbox 2150 5368 3668 5458">
    <p class='ocr_par' dir='ltr' id='par_1_127' title="bbox 2150 5368 3668 5458">
     <span class='ocr_line' id='line_1_128' title="bbox 2150 5368 3668 5458; baseline -0.02 -8"><span class='ocrx_word' id='word_1_977' title='bbox 2150 5368 2570 5458; x_wconf 77' lang='lat' dir='ltr'><strong>conferentibus,</strong></span> <span class='ocrx_word' id='word_1_978' title='bbox 2602 5398 2658 5445; x_wconf 90' lang='lat' dir='ltr'><strong>et</strong></span> <span class='ocrx_word' id='word_1_979' title='bbox 2685 5397 2860 5444; x_wconf 88' lang='lat' dir='ltr'><strong>tamen</strong></span> <span class='ocrx_word' id='word_1_980' title='bbox 2891 5394 3141 5456; x_wconf 89' lang='lat' dir='ltr'><strong>tanquam</strong></span> <span class='ocrx_word' id='word_1_981' title='bbox 3175 5396 3282 5437; x_wconf 92' lang='lat' dir='ltr'><strong>uno</strong></span> <span class='ocrx_word' id='word_1_982' title='bbox 3311 5393 3405 5434; x_wconf 91' lang='lat' dir='ltr'><strong>ore</strong></span> <span class='ocrx_word' id='word_1_983' title='bbox 3433 5380 3592 5432; x_wconf 81' lang='lat' dir='ltr'><strong>cuncta</strong></span> <span class='ocrx_word' id='word_1_984' title='bbox 3611 5368 3668 5421; x_wconf 85' lang='lat' dir='ltr'><strong>in-</strong></span> 
     </span>
    </p>
   </div>
   <div class='ocr_carea' id='block_1_128' title="bbox 2154 5472 3467 5558">
    <p class='ocr_par' dir='ltr' id='par_1_128' title="bbox 2154 5472 3467 5558">
     <span class='ocr_line' id='line_1_129' title="bbox 2154 5472 3467 5558; baseline -0.014 -14"><span class='ocrx_word' id='word_1_985' title='bbox 2154 5486 2591 5558; x_wconf 90' lang='lat' dir='ltr'><strong>terpretantibus,</strong></span> <span class='ocrx_word' id='word_1_986' title='bbox 2619 5485 2758 5541; x_wconf 90' lang='lat' dir='ltr'><strong>idem</strong></span> <span class='ocrx_word' id='word_1_987' title='bbox 2784 5481 3018 5553; x_wconf 91' lang='lat' dir='ltr'><strong>Spiritus</strong></span> <span class='ocrx_word' id='word_1_988' title='bbox 3041 5494 3179 5535; x_wconf 91' lang='lat' dir='ltr'><strong>unus</strong></span> <span class='ocrx_word' id='word_1_989' title='bbox 3205 5472 3467 5548; x_wconf 87' lang='lat' dir='ltr'><strong>apparuit.</strong></span> 
     </span>
    </p>
   </div>
   <div class='ocr_carea' id='block_1_129' title="bbox 2157 5676 3658 5821">
    <p class='ocr_par' dir='ltr' id='par_1_129' title="bbox 2157 5676 3658 5821">
     <span class='ocr_line' id='line_1_130' title="bbox 2157 5676 3658 5821; baseline -0.017 -62"><span class='ocrx_word' id='word_1_990' title='bbox 2157 5771 2190 5821; x_wconf 74' lang='lat' dir='ltr'><strong>b</strong></span> <span class='ocrx_word' id='word_1_991' title='bbox 2219 5712 2233 5741; x_wconf 83' lang='grc'>¹</span> <span class='ocrx_word' id='word_1_992' title='bbox 2269 5717 2399 5767; x_wconf 78' lang='lat' dir='ltr'><strong>Lov.,</strong></span> <span class='ocrx_word' id='word_1_993' title='bbox 2417 5705 2570 5778; x_wconf 66' lang='lat' dir='ltr'><strong>grani</strong></span> <span class='ocrx_word' id='word_1_994' title='bbox 2589 5712 2632 5757; x_wconf 82' lang='lat' dir='ltr'><strong>ct</strong></span> <span class='ocrx_word' id='word_1_995' title='bbox 2666 5700 2960 5755; x_wconf 83' lang='lat' dir='ltr'><strong>latini.-Editi</strong></span> <span class='ocrx_word' id='word_1_996' title='bbox 2988 5699 3066 5748; x_wconf 89' lang='lat' dir='ltr'><strong>alii</strong></span> <span class='ocrx_word' id='word_1_997' title='bbox 3093 5706 3142 5748; x_wconf 84' lang='lat' dir='ltr'><strong>ct</strong></span> <span class='ocrx_word' id='word_1_998' title='bbox 3180 5688 3475 5753; x_wconf 77' lang='lat' dir='ltr'><strong>manuscriptl</strong></span> <span class='ocrx_word' id='word_1_999' title='bbox 3503 5695 3575 5732; x_wconf 83' lang='lat' dir='ltr'><strong>non</strong></span> <span class='ocrx_word' id='word_1_1000' title='bbox 3599 5676 3658 5724; x_wconf 65' lang='grc'><strong>11³⁸</strong></span> 
     </span>
     <span class='ocr_line' id='line_1_131' title="bbox 2193 5781 2480 5821; baseline -0.007 -1"><span class='ocrx_word' id='word_1_1001' title='bbox 2193 5781 2294 5821; x_wconf 88' lang='lat' dir='ltr'><strong>cut.</strong></span> <span class='ocrx_word' id='word_1_1002' title='bbox 2317 5782 2480 5821; x_wconf 66' lang='grc' dir='ltr'><strong>(κατι.</strong></span> 
     </span>
    </p>
   </div>
   <div class='ocr_carea' id='block_1_130' title="bbox 2193 5781 2480 5841">
    <p class='ocr_par' dir='ltr' id='par_1_130' title="bbox 2193 5781 2480 5841">
     <span class='ocr_line' id='line_1_132' title="bbox 2193 5781 2480 5841; baseline -0.01 -21"><span class='ocrx_word' id='word_1_1003' title='bbox 2193 5781 2294 5832; x_wconf 86' lang='lat' dir='ltr'><strong>ent,</strong></span> <span class='ocrx_word' id='word_1_1004' title='bbox 2315 5782 2480 5841; x_wconf 61' lang='grc' dir='ltr'><strong>φατι.</strong></span> 
     </span>
    </p>
   </div>
  </div>
