3882 6396
137 295 256 352 605

135 453 381 509 CAPUT
412 453 593 510 XLIV.
619 484 689 496 —
717 455 853 523 Quid
882 456 1259 527 intelligendum
1291 456 1355 509 sit
1383 460 1444 509 de
1471 454 1731 508 Ninivita-

216 561 338 597 rum
363 546 577 611 excidio,
604 548 752 618 cujus
778 549 1085 602 denuntiatio
1114 548 1165 601 in
1190 547 1383 601 hebraeo
1401 545 1733 616 quadraginta

216 639 422 692 dierum
448 641 610 706 spatio
650 642 870 694 tenditur
889 682 905 709 ,
934 641 987 695 in
1016 640 1349 713 Septuaginta
1386 647 1549 692 autem
1580 637 1733 691 tridui

218 730 460 783 brevitate
483 729 817 784 concluditur.

215 859 327 914 Sed
369 862 443 915 ait
470 861 694 929 aliquis,
726 861 1001 928 Quomodo
1040 859 1204 915 sciam
1236 858 1358 930 quid
1397 858 1560 914 Jonas
1606 871 1731 927 pro-

132 953 310 1024 pheta
336 954 528 1009 dixerit
551 953 813 1018 Ninivitis,
834 963 1010 1008 utrum
1028 953 1297 1021 Triduum,
1319 962 1366 1006 et
1389 951 1573 1005 Ninive
1598 966 1733 1003 ever-

134 1055 320 1111 tetur;
348 1061 415 1099 an
435 1088 449 1109 ,
485 1046 832 1116 Quadraginta
853 1046 957 1100 dies
982 1044 999 1116 (
1023 1046 1171 1099 Jona:
1196 1060 1271 1112 tu,
1301 1042 1406 1116 4)?
1435 1043 1561 1109 Quis
1589 1042 1730 1096 enim

132 1151 251 1190 non
278 1136 454 1193 videat
484 1153 589 1192 non
612 1138 845 1207 potuisse
881 1146 1160 1207 utrumque
1183 1145 1303 1191 tunc
1321 1136 1425 1189 diei
1446 1149 1474 1188 a
1498 1132 1733 1203 Prophe-

132 1236 219 1295 ta,
249 1229 344 1299 qui
374 1230 568 1284 missus
596 1229 767 1285 fuerat
794 1239 993 1285 terrere
1018 1228 1425 1284 comminatione
1452 1227 1733 1281 imminen-

133 1320 212 1376 tis
238 1320 389 1375 exitii
430 1320 736 1376 civitatem?
780 1320 878 1376 Cui
908 1320 951 1374 si
984 1320 1138 1375 tertio
1179 1320 1266 1375 die
1310 1318 1481 1373 fuerat
1525 1317 1731 1372 futurus

126 1412 431 1479 interitus,
484 1428 588 1467 non
630 1414 809 1483 utique
852 1412 1256 1483 quadragesimo
1300 1411 1422 1466 die:
1456 1411 1501 1465 si
1553 1418 1729 1463 autem

127 1502 589 1573 quadragesimo,
634 1519 738 1557 non
804 1505 983 1574 utique
1045 1504 1219 1558 tertio.
1283 1504 1335 1558 Si
1390 1518 1516 1571 ergo
1565 1517 1593 1555 a
1645 1515 1729 1555 me

125 1596 429 1664 quzcritur,
459 1595 584 1664 quid
632 1594 817 1649 horum
862 1595 1023 1650 Jonas
1088 1595 1299 1661 dixerit,
1330 1595 1428 1647 hoc
1468 1601 1592 1662 puto
1637 1608 1729 1661 po-

128 1687 249 1741 tius
306 1686 446 1755 quod
501 1687 692 1756 legitur
744 1688 795 1741 in
853 1687 1101 1754 hebraeo,
1134 1686 1481 1757 Quadraginta
1508 1684 1635 1750 dies,
1682 1692 1728 1737 et

127 1775 335 1831 Ninive
362 1786 620 1831 evertetur.
643 1778 983 1849 Septuaginta
1030 1779 1223 1849 quippe
1268 1779 1423 1847 longe
1467 1775 1727 1846 posterius

126 1866 474 1937 interpretati
495 1870 635 1925 aliud
656 1870 833 1926 dicere
855 1880 1154 1940 potuerunt,
1180 1871 1317 1941 quod
1339 1879 1510 1924 tamen
1528 1868 1593 1922 ad
1617 1882 1727 1921 rem

125 1958 454 2029 pertineret,
484 1969 538 2014 et
567 1961 618 2014 in
646 1977 806 2016 unum
836 1962 1185 2032 eumdentque
1212 1976 1454 2023 sensum,
1487 1959 1728 2029 quamvis

125 2047 242 2117 sub
268 2049 431 2105 altera
462 2050 877 2120 signiﬁcatione,
913 2061 1282 2117 concurreret;
1312 2052 1727 2119 admouerctque

128 2139 422 2205 lectorem,
457 2150 677 2211 utraque
707 2147 1019 2198 auctoritate
1047 2158 1151 2197 non
1181 2150 1379 2211 spreta,
1411 2141 1478 2194 ab
1509 2140 1727 2194 historia

128 2247 264 2289 sese
292 2234 531 2289 attollere
560 2234 625 2289 ad
650 2249 711 2289 ea
747 2235 1064 2306 requirenda
1082 2277 1095 2300 ,
1139 2243 1355 2304 propter
1382 2249 1497 2303 quae
1524 2230 1727 2302 signiﬁ-

129 2327 312 2382 canda
343 2328 561 2383 historia
589 2330 700 2399 ipsa
731 2330 1026 2399 conscripta
1056 2338 1156 2383 est.
1189 2329 1347 2384 Gesta
1386 2338 1505 2382 sunt
1536 2328 1729 2396 quippe

130 2417 228 2474 illa
262 2419 312 2472 in
346 2418 537 2474 Ninive
577 2415 819 2485 civitate,
852 2420 944 2475 sed
971 2419 1169 2491 aliquid
1200 2421 1356 2475 etiam
1390 2419 1728 2488 signiﬁcave-

128 2519 286 2577 ruut,
320 2511 457 2581 quod
490 2512 702 2566 modum
742 2513 880 2566 illius
906 2513 1133 2566 civitatis
1162 2510 1384 2566 excedat
1412 2528 1424 2563 :
1454 2512 1585 2565 sicut
1638 2524 1729 2580 ge-

131 2608 285 2655 stum
323 2612 404 2657 est
428 2644 441 2667 ,
472 2604 609 2673 quod
643 2604 755 2674 ipse
794 2603 1059 2674 Propheta
1107 2604 1159 2657 in
1192 2614 1375 2657 ventre
1420 2604 1520 2657 ceti
1554 2603 1728 2656 triduo

133 2689 265 2758 fuit,
290 2704 342 2747 et
366 2703 540 2749 tamen
586 2696 746 2749 alium
786 2695 1101 2765 signiﬁcavit
1149 2695 1201 2748 in
1247 2693 1508 2764 profundo
1539 2692 1729 2747 inferni

134 2783 319 2839 triduo
348 2783 579 2839 futurum
601 2826 616 2850 ,
649 2787 737 2857 qui
781 2786 1034 2840 Dominus
1061 2794 1143 2839 est
1169 2785 1402 2840 omnium
1434 2784 1729 2855 PrOpheta-

134 2890 279 2932 rum.
309 2877 643 2949 Quapropter
668 2880 711 2933 si
737 2897 828 2949 per
852 2880 993 2933 illam
1018 2880 1283 2933 civitatem
1308 2888 1452 2933 recte
1473 2879 1731 2948 accipitur

133 2967 378 3023 Ecclesia
412 2970 645 3040 gentium
678 2970 987 3041 prophetice
1014 2971 1230 3040 ﬁgurata
1256 3012 1271 3035 ,
1312 2985 1498 3025 eversa
1530 2969 1732 3024 scilicet

135 3075 242 3132 per
269 3062 658 3132 penitentiam,
684 3070 739 3117 ut
767 3063 934 3132 qualis
965 3062 1132 3119 fuerat
1153 3063 1261 3132 jam
1291 3078 1394 3117 non
1424 3072 1597 3127 esset;
1628 3062 1731 3116 hoc

135 3153 390 3223 quoniam
418 3170 511 3223 per
531 3153 795 3208 Christum
820 3153 1011 3209 factum
1040 3164 1118 3208 est
1141 3155 1191 3208 in
1211 3154 1449 3209 Ecclesia
1471 3155 1727 3224 gentium,

137 3244 293 3315 cujus
322 3245 411 3299 illa
438 3245 624 3300 Ninivc
645 3248 859 3316 ﬁguram
877 3247 1112 3317 gerebat,
1133 3248 1243 3301 sive
1266 3263 1360 3317 per
1385 3249 1731 3317 quadraginta

138 3334 274 3401 dies,
306 3337 416 3392 sive
441 3353 537 3408 per
555 3338 805 3402 triduum,
829 3339 967 3393 idem
990 3339 1101 3408 ipse
1120 3339 1443 3409 significatus
1469 3350 1549 3394 est
1578 3339 1735 3393 Chri-

136 3435 286 3491 stus;
318 3443 411 3496 per
453 3430 795 3499 quadraginta
834 3430 1068 3495 scilicet,
1099 3430 1219 3500 quia
1250 3438 1324 3484 tot
1366 3430 1480 3485 dies
1528 3431 1732 3500 peregit

137 3532 260 3575 Cum
296 3518 566 3590 discipulis
595 3522 704 3573 suis
749 3530 865 3590 post
894 3522 1370 3588 resurrectionem,
1403 3530 1457 3574 et
1492 3521 1731 3575 ascendit

137 3611 193 3667 in
226 3612 453 3679 etelutn;
482 3629 579 3685 per
623 3614 852 3667 triduum
879 3628 1034 3679 vero,
1066 3614 1185 3684 quia
1232 3613 1317 3669 die
1350 3613 1507 3668 tertio
1551 3628 1732 3667 resur-

82 3772 85 3773 ν
138 3707 279 3762 rexit
312 3724 324 3760 :
354 3716 601 3777 tanquam
645 3707 897 3761 lectorem
927 3707 1056 3761 nihil
1099 3707 1240 3761 aliud
1289 3722 1446 3779 quam
1498 3705 1733 3760 historia:

139 3811 321 3853 rerum
351 3807 617 3868 gestarum
650 3798 909 3853 inhaerere
936 3798 1255 3868 cupientem,
1288 3799 1354 3854 de
1375 3813 1562 3853 somno
1591 3798 1735 3852 exci-

142 3888 373 3942 taverint
396 3888 735 3958 Septuaginta
763 3889 1098 3958 interpretes,
1124 3889 1390 3961 iidemque
1416 3889 1695 3960 l’rOphcttc
1714 3931 1731 3958 ,

140 3979 208 4034 ad
238 3980 671 4049 perscrutandam
699 3981 1025 4036 altitudinem
1054 3981 1365 4050 prephetite,
1395 3990 1449 4036 et
1474 3981 1734 4051 quodam-

140 4070 304 4125 modo
329 4071 556 4125 dixerint
585 4090 599 4124 :
631 4071 683 4124 lu
712 4071 1058 4142 quadraginta
1104 4071 1289 4125 diebus
1318 4072 1488 4140 ipsum
1520 4087 1729 4141 quaarc,

140 4162 197 4217 in
226 4180 331 4233 quo
359 4174 411 4219 et
435 4164 663 4219 triduum
693 4165 927 4235 potueris
949 4165 965 4195 ¹
997 4165 1261 4229 invenire;
1292 4164 1420 4218 illud
1462 4166 1512 4218 in
1543 4179 1731 4219 ascen-

142 4252 334 4318 sione,
364 4253 465 4308 hoc
507 4255 561 4308 in
604 4256 718 4323 ejus
766 4256 1159 4310 resurrectione
1206 4256 1461 4325 reperies.
1515 4256 1735 4325 Propter

143 4344 287 4413 quod
314 4354 537 4416 utroque
564 4362 785 4402 numero
812 4348 1093 4419 signiﬁcari
1115 4349 1615 4404 eonvenientissimc
1642 4364 1737 4419 po-

145 4434 246 4488 tuit
267 4473 283 4499 ,
316 4448 535 4503 quorum
564 4454 725 4493 unum
756 4455 850 4508 per
891 4440 1076 4494 Jouam
1111 4440 1423 4511 prephetam
1449 4483 1463 4509 ,
1509 4443 1733 4496 alterum

145 4537 247 4593 per
278 4522 617 4593 Septttaginta
645 4527 992 4595 interpretum
1022 4530 1374 4598 prophetiam,
1401 4540 1576 4585 tamen
1601 4547 1735 4586 unus

142 4625 306 4685 atque
336 4616 472 4669 idem
498 4615 725 4685 Spiritus
751 4618 898 4671 dixit.
924 4620 1326 4689 Longitudinem
1350 4620 1513 4692 fugio,
1544 4630 1599 4675 ut
1629 4637 1735 4677 non

143 4712 268 4767 hac
314 4727 407 4781 per
434 4715 596 4768 multa
642 4713 1038 4782 demonstrem,
1072 4716 1121 4769 in
1163 4718 1350 4786 quibus
1380 4717 1448 4771 ab
1489 4716 1735 4772 hebraica

143 4803 375 4858 veritate
401 4813 651 4875 putantur
674 4806 1017 4875 Septuaginta
1056 4806 1372 4875 interpretes
1393 4805 1697 4876 discrepare
1715 4848 1730 4873 ,

141 4901 203 4948 et
232 4892 369 4948 bene
409 4894 661 4948 intellecti
706 4895 1044 4950 inveniuntur
1086 4910 1203 4951 esse
1243 4895 1551 4951 concordes.
1588 4896 1737 4952 Unde

141 4984 312 5039 etiam
337 4999 437 5055 ego
460 5000 557 5054 pro
598 5001 718 5041 meo
748 4986 962 5042 modulo
987 4986 1207 5058 vestigia
1246 5002 1475 5059 sequens
1506 4991 1735 5059 Aposto-

144 5074 349 5139 lorum,
375 5076 497 5145 quia
521 5086 573 5130 et
604 5076 702 5149 ipsi
753 5093 819 5133 cx
846 5078 1111 5148 utrisque,
1140 5079 1192 5133 id
1217 5088 1317 5146 est,
1345 5096 1409 5135 ex
1439 5079 1665 5135 bebrmis
1685 5090 1738 5136 et

145 5180 213 5221 ex
237 5165 601 5238 Septuaginta,
618 5169 917 5224 testimonia
936 5169 1241 5240 prophetica
1260 5181 1570 5242 posuerunt,
1596 5180 1738 5226 utra-

146 5272 256 5329 que
281 5260 597 5315 auctoritate
619 5259 870 5316 utendum
889 5263 1086 5332 putavi,
1110 5264 1356 5333 quoniam
1388 5273 1609 5335 utraque
1634 5279 1736 5318 una

145 5362 309 5422 atque
338 5352 515 5406 divina
541 5362 641 5407 est.
672 5352 777 5410 Sed
801 5354 911 5424 jam
942 5370 1058 5428 quae
1085 5364 1307 5428 restant,
1337 5365 1393 5411 ut
1423 5372 1736 5429 possumus,

145 5460 525 5516 exsequamur.

210 5606 229 5639 ⁸
262 5607 341 5653 Stc
364 5606 471 5649 Mss.
497 5597 613 5650 Editi
634 5613 770 5663 vero,
794 5600 985 5665 poteris.

1327 289 1525 347 LIBER
1556 283 1852 344 DEClMUS
1894 282 2222 342 OCTAVUS.

3314 291 3418 348 600

1836 412 2062 469 CAPUT
2087 413 2245 468 XLV.
2272 442 2343 455 —
2373 413 2519 481 Quod
2549 422 2657 483 post
2680 410 3087 468 instaurationem
3109 418 3230 481 temy
3243 410 3277 464 li
3300 426 3417 479 pro.

1907 503 2083 572 pltetas
2125 502 2299 555 Juda'i
2342 502 2521 555 habere
2548 502 2855 567 destiterint,
2884 510 2931 554 et
2962 501 3143 555 exinde
3171 515 3324 569 usque
3350 503 3415 551 ad

1907 592 2213 646 nativitatem
2232 592 2416 647 Christi
2433 594 2679 647 continuis
2696 593 3074 646 adversitatibus
3094 591 3192 645 sint
3216 591 3414 661 afﬂicti,

1907 692 1961 735 ut
1987 683 2280 751 probaretur
2306 683 2510 738 alterius
2537 684 2709 754 templi
2750 684 3132 753 wdi/icationem
3161 681 3419 752 prop/teti-

1906 772 1977 825 cis
1998 772 2196 826 vocibus
2225 774 2379 841 fuisse
2406 774 2723 844 promissam.

1909 865 1960 919 1.
1992 862 2339 933 Posteaquam
2365 880 2496 934 gens
2522 862 2701 919 Iudaea
2731 864 2892 932 C(Bpit
2929 878 3035 917 non
3060 860 3255 916 habere
3282 859 3417 914 Pro.

1837 954 2059 1026 phetas,
2107 956 2288 1025 procul
2334 956 2495 1010 dubio
2522 956 2754 1010 deterior
2781 954 2918 1010 facta
2965 963 3080 1021 est,
3124 967 3189 1007 eo
3218 950 3421 1005 scilicet

1839 1058 2107 1117 tempore,
2137 1064 2243 1117 quo
2268 1064 2326 1103 se
2354 1049 2599 1118 sperabat
2626 1050 2916 1103 instaurato
2941 1046 3137 1116 templo
3163 1053 3283 1114 post
3325 1058 3417 1097 ca-

1840 1140 2153 1209 ptivitatem,
2176 1155 2292 1209 qua:
2316 1140 2411 1193 fuit
2429 1142 2477 1194 in
2504 1139 2813 1211 Babylonia,
2836 1137 3064 1191 futuram
3089 1150 3207 1190 esse
3231 1133 3417 1188 melio»

1835 1248 1969 1287 rem.
2022 1231 2111 1287 Sic
2154 1232 2349 1302 quippe
2397 1232 2723 1303 iutelligebat
2768 1230 2995 1300 populus
3034 1228 3122 1281 ille
3151 1224 3419 1290 carnalis,

1835 1322 1973 1392 quod
2016 1324 2425 1393 prtenuntiatum
2471 1332 2549 1375 est
2597 1338 2688 1391 per
2715 1322 2965 1390 Aggazum
2996 1315 3307 1388 prophetam
3336 1313 3421 1368 di-

1833 1426 2064 1482 contem,
2092 1416 2283 1486 Magna
2308 1416 2399 1468 erit
2422 1413 2583 1486 gloria
2611 1413 2787 1467 domus
2817 1410 2959 1465 istius
2984 1409 3283 1471 novissimw,
3308 1405 3421 1474 plus

1832 1522 1984 1575 quam
2005 1507 2200 1575 prinue.
2232 1505 2381 1575 Quod
2408 1505 2473 1558 de
2500 1519 2641 1557 nuvo
2670 1502 3009 1555 Testamento
3036 1497 3235 1551 dictum
3264 1509 3381 1548 esse
3402 1533 3419 1560 ,

1834 1597 1992 1670 paulo
2023 1598 2267 1666 superius
2297 1593 2700 1658 demonstravit,
2735 1592 2819 1646 ubi
2847 1592 2920 1644 ait
2940 1596 3125 1660 aperte
3152 1586 3421 1641 Christum

1833 1689 2166 1757 promittens,
2200 1686 2265 1739 Et
2294 1686 2493 1761 movebo
2520 1700 2689 1737 omnes
2714 1691 2901 1754 gentes,
2934 1690 2979 1733 et
3024 1680 3181 1733 veniet
3208 1675 3421 1729 Deside-

1832 1787 1972 1832 ratus
1991 1778 2182 1831 cunctis
2194 1776 2419 1849 gentibus
2443 1776 2638 1849 (Λειῃωὶ
2652 1790 2708 1840 ιι,
2730 1775 2815 1839 10,
2836 1773 2916 1841 8).
2936 1771 3050 1838 Quo
3070 1770 3187 1822 loco
3201 1767 3423 1835 Septua-

1832 1869 1975 1938 ginta
2007 1869 2320 1937 interpretes
2357 1867 2518 1921 alium
2564 1880 2779 1921 sensum
2824 1861 2990 1932 magis
3024 1858 3235 1929 corpori
3263 1871 3420 1927 quam

1838 1962 2017 2032 capiti,
2048 1961 2148 2015 hoc
2178 1970 2290 2026 est,
2321 1961 2488 2029 magis
2528 1957 2778 2013 Ecclesiae
2808 1971 2962 2026 quam
2992 1952 3201 2007 Christo
3229 1963 3422 2004 conve-

1831 2054 2063 2109 nientem
2090 2053 2397 2123 prophetica
2424 2051 2736 2106 auctoritate
2762 2048 3014 2103 dixerunt
3038 2063 3050 2099 :
3091 2042 3292 2097 Venient
3312 2056 3421 2111 qua:

1832 2145 1987 2202 electa
2008 2155 2123 2200 sunt
2157 2144 2358 2198 Domini
2380 2145 2443 2198 de
2468 2144 2658 2197 cunctis
2687 2140 2934 2211 gentibus,
2965 2138 3015 2192 id
3043 2144 3125 2191 est
3154 2134 3418 2199 homines,

1832 2238 1899 2294 de
1916 2238 2106 2308 quibus
2123 2237 2237 2307 ipse
2255 2236 2409 2291 Jesus
2432 2236 2485 2289 in
2505 2235 2811 2305 Evangelio,
2835 2231 2886 2285 Μ
2897 2231 3005 2296 ulti,
3026 2228 3214 2298 inquit,
3236 2226 3418 2290 vocati,

1833 2332 1983 2402 pauci
2002 2348 2114 2385 vero
2144 2330 2288 2384 electi
2313 2328 2535 2400 (Matth.
2562 2343 2690 2392 xxn,
2724 2327 2790 2381 14
2810 2327 2849 2396 ).
2877 2323 3090 2378 Talibus
3114 2320 3254 2375 enim
3285 2318 3421 2372 elec-

1833 2424 1899 2477 tis
1925 2424 2160 2493 gentium
2179 2464 2193 2487 ,
2221 2422 2413 2476 domus
2455 2420 2547 2474 Dei
2576 2418 2863 2472 aediﬁcatur
2888 2431 2985 2486 per
3025 2413 3421 2467 Testamentum

1832 2531 2028 2570 novum
2048 2514 2307 2586 lapidibus
2328 2512 2482 2579 vivis,
2505 2511 2659 2579 longe
2676 2508 2969 2580 gloriosior,
2990 2520 3147 2574 quam
3170 2500 3422 2570 templum

1832 2608 1962 2662 illud
1988 2606 2106 2673 fuit,
2141 2606 2280 2676 quod
2310 2620 2339 2657 a
2366 2618 2489 2674 rege
2519 2601 2805 2656 Salomone
2833 2603 3193 2652 constructum
3220 2600 3301 2646 est
3324 2631 3338 2657 ,
3369 2596 3423 2644 et

1834 2712 1954 2771 post
1982 2700 2340 2769 captivitatem
2370 2698 2739 2751 instauratum.
2772 2691 2996 2759 Propter
3046 2686 3148 2741 hoc
3174 2699 3299 2754 ergo
3326 2696 3423 2737 nec

1833 2792 2124 2860 Prophetas
2151 2806 2215 2844 ex
2248 2790 2338 2843 illo
2372 2798 2609 2856 tempore
2640 2784 2822 2838 habuit
2850 2783 2934 2835 illa
2963 2794 3122 2850 gens,
3151 2785 3205 2831 ct
3245 2774 3422 2829 multis

1834 2882 2071 2937 cladibus
2099 2880 2293 2935 amicta
2340 2888 2422 2934 est
2463 2878 2529 2932 ab
2569 2875 2879 2944 alienigenis
2916 2872 3159 2941 regibus,
3192 2867 3421 2938 ipsisque

1836 2976 2112 3039 Romanis,
2140 2990 2208 3029 ne
2233 2974 2367 3026 hanc
2393 2970 2571 3041 Aggzci
2604 2967 2932 3039 prophetiam
2961 2965 3011 3018 in
3038 2963 3127 3016 illa
3158 2962 3419 3015 instaurm

1834 3070 1979 3123 tione
2009 3068 2191 3136 templi
2218 3067 2524 3136 opinaretur
2547 3061 2838 3132 impletam.

1904 3162 1959 3219 2.
1982 3162 2097 3216 Non
2123 3161 2288 3215 multo
2305 3160 2445 3213 enim
2475 3163 2595 3227 post
2620 3153 2934 3208 adveniente
2964 3145 3266 3204 Alexandro
3295 3143 3420 3198 sub-

1833 3256 2009 3327 jugata
2041 3265 2122 3309 est
2152 3250 2224 3324 (a)
2252 3270 2265 3317 ;
2296 3250 2509 3321 quando
2558 3248 2655 3302 etsi
2688 3245 2831 3300 nulla
2860 3245 2993 3296 facta
3046 3249 3128 3294 est
3173 3237 3420 3301 vastatio,

1834 3347 2082 3420 quoniam
2115 3362 2217 3399 non
2261 3352 2382 3398 sunt
2417 3341 2531 3395 ausi
2558 3340 2605 3393 ei
2638 3338 2905 3398 resistere,
2935 3343 2987 3388 et
3012 3332 3130 3387 ideo
3158 3330 3419 3398 placatum

1834 3442 2085 3497 facillime
2107 3438 2301 3493 subditi
2354 3440 2687 3503 receperunt,
2720 3444 2827 3483 non
2876 3434 2991 3481 erat
3048 3433 3223 3478 tamen
3250 3420 3421 3491 gloria

1836 3544 1981 3590 tanta
1996 3533 2185 3587 domus
2211 3530 2371 3590 illius,
2395 3535 2591 3596 quanta
2610 3523 2709 3577 fuit
2730 3523 2778 3574 in
2806 3533 3020 3574 suorum
3042 3530 3227 3585 regum
3254 3512 3420 3567 libera

1835 3633 2116 3696 potestate.
2148 3621 2360 3676 llostias
2396 3632 2525 3671 sane
2574 3612 2873 3670 Alexander
2908 3606 3196 3663 immolavit
3227 3605 3277 3658 in
3330 3603 3421 3657 Dei

1836 3715 2056 3783 templo,
2088 3727 2191 3767 non
2244 3710 2308 3765 ad
2339 3710 2452 3779 ejus
2476 3706 2676 3762 cultum
2707 3718 2829 3758 vera
2864 3701 3058 3771 pietate
3108 3709 3420 3761 conversus,

1836 3806 1932 3862 sed
1963 3805 2120 3874 impia
2153 3803 2385 3855 vanitate
2438 3814 2558 3854 cum
2613 3796 2715 3851 diis
2763 3809 2883 3848 eum
2933 3790 3079 3845 falsis
3132 3785 3418 3843 colendum

1837 3906 2048 3967 putans.
2074 3894 2272 3949 Deinde
2304 3890 2622 3946 Ptolemmus
2674 3886 2802 3955 Lagi
2861 3883 3019 3949 ﬁlius,
3076 3878 3214 3949 quod
3263 3890 3420 3946 supra

1838 3985 2153 4051 memoravi,
2181 3979 2605 4053 postAlexandri
2650 3986 2875 4031 mortem
2919 3972 3155 4041 captivos
3199 3969 3320 4023 inde
3368 3967 3421 4020 in

1838 4076 2127 4147 Egyptum
2159 4072 2442 4135 transtulit,
2491 4084 2624 4139 quos
2655 4067 2770 4135 ejus
2799 4075 3076 4118 successor
3098 4059 3423 4113 Ptolemaeus

1837 4164 2213 4234 Philadelphus
2275 4158 2775 4217 benevolentissitne
2849 4154 2972 4208 inde
3028 4149 3277 4203 dimisit:
3326 4160 3423 4214 per

1837 4274 1993 4330 quem
2022 4257 2214 4310 factum
2238 4263 2336 4315 est,
2366 4251 2505 4321 quod
2524 4249 2678 4319 paulo
2696 4254 2819 4299 ante
2862 4239 3092 4301 narravi,
3118 4247 3173 4291 ut
3193 4237 3420 4304 Septua-

1838 4353 1980 4422 ginta
1999 4351 2346 4417 interpretum
2373 4345 2673 4411 Scripturas
2699 4338 3036 4392 haberemus.
3062 4330 3261 4385 Deinde
3288 4343 3419 4422 con-

1842 4419 1945 4499 triti
1973 4451 2096 4496 sunt
2121 4440 2295 4505 bellis,
2324 4452 2445 4508 qua:
2496 4436 2549 4489 in
2599 4430 3019 4487 Maehabzeorum
3060 4424 3209 4478 libris
3248 4419 3420 4487 expli-

1838 4544 2047 4591 cantur.
2072 4533 2199 4587 Post
2228 4531 2342 4583 htec
2372 4529 2507 4596 capti
2530 4540 2558 4577 a
2598 4537 2725 4591 rege
2754 4515 3087 4573 Alexandriae
3110 4511 3418 4573 Ptolemzm,

1838 4625 1926 4695 qui
1954 4632 2035 4677 est
2059 4621 2351 4692 appellatus
2404 4615 2708 4685 Epiphanes
2754 4608 2856 4680 (b);
2886 4606 3009 4661 inde
3054 4604 3121 4657 ab
3158 4598 3420 4695 Antiocho

1838 4692 1965 4786 rege
1994 4714 2161 4784 Syrizc
2190 4710 2370 4764 multis
2390 4716 2442 4762 et
2465 4702 2789 4777 gravissimis
2818 4699 2969 4753 malis
2987 4695 3051 4749 ad
3075 4694 3211 4749 idola
3235 4692 3419 4786 coleu-

1839 4783 2210 4876 daveompulsi,
2240 4802 2600 4872 templumque
2627 4798 2796 4866 ipsum
2840 4791 3097 4861 repletum
3150 4783 3421 4853 sacrilegis

1840 4896 2306 4969 superstitionibus
2350 4892 2607 4964 gentium,
2661 4885 2800 4957 quod
2849 4895 3023 4939 tamen
3073 4881 3179 4935 dux
3228 4892 3418 4932 eorum

1840 4989 2241 5045 strenuissimus
2256 4985 2439 5051 ludas,
2460 4981 2550 5052 qui
2575 4979 2732 5035 etiam
2766 4973 3101 5030 Machabreus
3121 4970 3294 5024 dictus
3314 4975 3417 5031 est,

1841 5080 2091 5137 Antiochi
2138 5078 2361 5134 ducibus
2413 5072 2603 5145 pulsis,
2659 5068 2726 5123 ab
2773 5065 2919 5122 omni
2971 5063 3059 5119 illa
3111 5058 3422 5116 idololatria:

1840 5175 2289 5234 contaminatione
2306 5170 2576 5227 mundavit
2604 5166 2693 5239 (c).

1911 5270 1966 5325 5.
1996 5268 2108 5324 Non
2135 5275 2312 5321 autem
2334 5263 2503 5318 multo
2528 5268 2649 5330 post
2673 5256 2908 5312 Alcimus
2933 5248 3145 5321 quidam
3186 5260 3280 5314 per
3303 5256 3421 5297 am—

1842 5363 2119 5425 bitionem,
2178 5372 2298 5413 cum
2338 5372 2367 5409 a
2406 5367 2601 5424 genere
2648 5342 2961 5401 sacerdotali
3006 5346 3149 5395 esset
3196 5335 3420 5397 alienus,

1843 5453 1984 5525 quod
2014 5450 2164 5507 nefas
2193 5456 2325 5512 erat,
2350 5443 2584 5516 pontifex
2610 5439 2871 5493 factuscst
2897 5432 2996 5504 (d).
3028 5430 3159 5484 Ilinc
3171 5426 3279 5497 jam
3302 5431 3422 5494 post

2017 5634 2146 5695 ϐοωίῖ
2172 5634 2358 5700 υωὶιάη
2382 5641 2463 5689 lib.
2491 5634 2695 5700 12,,eap.
2720 5634 2767 5683 3.

1934 5653 1961 5700 ὁ
2017 5653 2146 5695 COnl'.
2172 5653 2358 5700 cuntth
2382 5653 2463 5689 tu).
2491 5653 2566 5695 12,
2591 5653 2695 5697 cap.
2720 5653 2767 5683 ο.

1910 5653 1984 5772 ὶτῖ
2015 5706 2262 5772 tbid.,_|il_).
2288 5706 2371 5756 cit.
2396 5713 2533 5772 capp.
2558 5691 3000 5772 738Aet‘llhi9qdllt‘z
3018 5702 3080 5772 vt.

1907 5587 1984 5700 (αξ
2012 5582 2267 5657 Josephus,
2285 5580 2369 5630 lib.
2399 5578 2450 5648 ll
2481 5575 2633 5636 Antiq.
2654 5571 2779 5631 Jud.,
2803 5581 2907 5631 cap.
2932 5565 2980 5615 8.

1910 5650 1961 5700 (ὁ
2017 5647 2146 5695 Conl.
2172 5643 2358 5700 eumd.,
2382 5641 2463 5689 bb.
2491 5636 2695 5700 12,7cap.
2720 5634 2767 5683 3.
2878 5691 2892 5700 _
2942 5691 2953 5700 _

1932 5600 1961 5635 (ι
2012 5587 2267 5657 Josepbus,
2286 5587 2369 5630 lib.
2399 5587 2450 5648 tl
2481 5587 2633 5636 Anttq.
2654 5587 2779 5631 Juu.,
2803 5587 2907 5631 cap.
2932 5587 2980 5615 ο.

1934 5650 1961 5700 b
2017 5647 2146 5695 Cont.
2172 5643 2358 5700 eumd.,
2382 5641 2463 5689 hb.
2491 5636 2566 5695 12,
2591 5648 2695 5697 cap.
2720 5634 2767 5683 3.

1932 5726 1957 5760 ι·
2015 5708 2151 5766 tbid.,
2178 5706 2262 5753 lib.
2288 5706 2371 5756 cit.
2396 5713 2533 5761 capp.
2558 5696 2654 5754 7,8
2672 5701 2724 5745 et
2746 5700 2761 5741 ι
2784 5691 2999 5762 Machaln
3018 5702 3080 5739 vt.
3370 5745 3397 5756 υ

1966 5775 1989 5834 )
2024 5779 2038 5821 t
2062 5768 2266 5820 Machab.
2283 5780 2364 5825 vn,
2380 5759 2697 5824 ettost'phus,
2722 5756 2807 5807 lib.
2830 5754 2885 5807 1:2
2899 5759 3052 5815 Anuq.
3072 5746 3202 5812 Jud.,
3214 5758 3319 5810 cap.
3343 5745 3416 5796 lo.

1912 5775 1931 5835 (
