3882 6396
526 355 624 422 6H

518 488 604 535 cat
632 479 779 533 locus
808 475 926 532 iste.
968 471 1237 542 Quoniam
1267 469 1442 528 omnia
1471 468 1825 540 signiﬁcantia
1857 466 2105 521 videntur

517 568 914 640 quodammodo
949 581 1134 621 earum
1180 579 1380 629 rerum,
1423 577 1555 632 quas
1580 561 1911 631 signiﬁcant,
1942 557 2106 612 susti-

519 677 648 716 nere
689 675 945 731 personas
976 675 989 712 :
1024 659 1160 711 sicut
1187 658 1388 711 dictum
1420 665 1501 710 est
1539 654 1608 708 ab
1637 653 1918 724 Apostolo,
1955 650 2109 704 Petra

519 761 626 804 erat
649 749 877 804 Christus
911 747 929 816 (
953 747 968 800 l
998 747 1114 801 Cor.
1144 763 1178 800 χ
1200 789 1212 811 ,
1241 746 1275 801 4
1301 747 1316 816 )
1342 761 1356 810 ;
1402 745 1649 815 quoniam
1691 754 1837 814 petra
1887 743 1973 797 illa
1995 784 2009 808 ,
2041 741 2108 796 de

518 855 621 910 qua
669 840 771 895 hoc
808 839 1008 893 dictum
1052 848 1170 901 est,
1215 836 1548 906 signiﬁcabat
1592 835 1773 905 utique
1809 832 2104 888 Christum.

519 931 688 1000 Major
714 940 797 985 est
829 932 1004 999 itaque
1026 929 1193 998 gloria
1217 928 1407 981 domus
1429 927 1588 995 hujus
1612 929 1732 980 novi
1757 923 2104 990 Testamenti,

519 1035 678 1090 quam
727 1020 920 1074 domus
969 1019 1163 1089 prioris
1210 1019 1407 1072 veteris
1451 1017 1776 1071 Testamenti
1825 1033 1836 1069 :
1885 1024 1939 1070 ct
1984 1025 2110 1070 tunc

519 1109 796 1181 apparebit
837 1110 1008 1179 major
1028 1151 1043 1175 ,
1073 1124 1192 1164 cum
1224 1109 1572 1162 dedicabitur.
1605 1107 1754 1162 Tunc
1782 1107 1924 1162 enim
1949 1107 2110 1160 veniet

520 1199 846 1255 Desideratus
873 1199 1063 1252 cunctis
1092 1198 1320 1269 gentibus
1348 1198 1543 1268 (.iggtvi
1579 1214 1614 1251 ιι
1638 1239 1652 1261 ,
1683 1196 1784 1269 8),
1813 1198 1950 1252 sicut
1980 1195 2111 1266 legi-

522 1298 610 1344 tur
653 1290 706 1344 in
736 1289 980 1344 Hebraeo.
1030 1289 1161 1342 Nam
1214 1288 1360 1358 prius
1407 1289 1523 1358 ejus
1568 1289 1828 1342 adventus
1872 1289 2110 1343 nondum

521 1390 639 1438 erat
667 1380 1004 1436 desideratus
1041 1381 1286 1435 omnibus
1314 1381 1578 1451 gentibus.
1622 1381 1737 1435 Non
1779 1383 1917 1436 enim
1948 1396 2108 1451 quem

520 1471 779 1527 deberent
804 1471 1131 1536 desiderare,
1175 1473 1433 1538 sciebant,
1465 1473 1514 1526 in
1546 1489 1702 1542 quem
1731 1489 1833 1526 non
1860 1472 2107 1528 credide-

521 1571 662 1618 rant.
704 1563 853 1616 Tunc
890 1563 1051 1616 etiam
1081 1563 1374 1616 secundum
1403 1561 1747 1633 Septuaginta
1789 1563 2110 1632 interpretes

521 1652 684 1724 (quia
730 1661 785 1707 et
826 1653 936 1722 ipse
982 1655 1323 1723 prapheticus
1367 1668 1555 1708 sensus
1587 1654 1737 1724 est),
1777 1656 1972 1708 t'enient
1999 1668 2111 1723 quin

521 1746 676 1800 electa
714 1753 830 1799 sunt
877 1744 1086 1798 Domini
1128 1745 1192 1799 de
1239 1746 1431 1799 cunctis
1478 1745 1726 1816 gentibus.
1777 1745 1927 1800 Tunc
1964 1746 2108 1800 enim

520 1850 647 1892 vere
672 1851 777 1891 non
805 1836 1020 1890 venient
1043 1836 1146 1890 nisi
1175 1837 1366 1903 electa,
1397 1836 1463 1890 de
1493 1837 1685 1906 quibus
1712 1835 1849 1890 dicit
1881 1838 2111 1906 Aposto-

522 1928 606 1984 lus
624 1969 639 1994 ,
669 1927 813 1983 Sicut
839 1928 984 1998 elegit
1012 1945 1102 1982 nos
1130 1929 1183 1982 in
1208 1929 1318 1998 ipso
1347 1939 1464 1982 ante
1501 1927 1678 1982 mundi
1707 1931 2110 1982 constitutionem

525 2017 743 2090 (Ephes.
771 2035 810 2085 ι,
835 2019 910 2089 ι).
945 2018 1061 2089 Ipse
1087 2021 1280 2089 quippe
1303 2020 1646 2083 architectus,
1669 2019 1757 2089 qui
1781 2018 1930 2083 dixit,
1956 2017 2112 2072 Multi

522 2113 718 2180 vocati,
751 2114 900 2182 pauci
942 2120 1108 2167 autem
1148 2113 1286 2167 electi
1323 2113 1533 2184 (Matth.
1564 2129 1669 2167 χχιι
1691 2152 1706 2176 ,
1737 2113 1840 2183 Η)
1865 2155 1878 2177 ,
1907 2128 2012 2166 non
2041 2112 2110 2168 de

522 2199 610 2257 his
635 2203 653 2234 ⁸
680 2203 768 2272 qui
799 2203 971 2258 vocati
1001 2205 1080 2259 sic
1107 2212 1388 2270 venerunt,
1424 2211 1481 2257 ut
1509 2203 1575 2257 de
1602 2205 1848 2258 convivio
1879 2203 2110 2273 projice-

523 2305 728 2360 rentur,
761 2295 856 2350 sed
885 2294 952 2350 de
977 2296 1163 2351 electis
1189 2295 1652 2350 demonstraturus
1681 2305 1762 2349 est
1788 2294 2109 2349 aediﬁcatam

523 2385 781 2454 domum,
827 2402 945 2458 quas
987 2388 1190 2442 nullam
1231 2387 1482 2455 deinceps
1531 2385 1836 2440 lormidabit
1878 2387 2108 2439 ruinam.

521 2475 676 2532 Nunc
701 2487 877 2533 autem
904 2519 918 2547 ,
958 2478 1174 2548 quando
1214 2487 1269 2532 et
1308 2478 1360 2532 hi
1393 2477 1597 2546 replent
1641 2477 1928 2542 ecclesias,
1976 2492 2111 2546 quos

525 2574 778 2639 tanquam
827 2569 880 2623 in
926 2584 1049 2623 area
1081 2569 1356 2623 ventilatio
1401 2569 1704 2638 separabit,
1754 2584 1860 2624 non
1891 2581 2112 2640 apparet

523 2667 672 2714 tanta
713 2658 882 2730 gloria
923 2660 1114 2716 domus
1160 2661 1355 2730 hujus,
1402 2671 1599 2731 quanta
1642 2672 1768 2717 tunc
1809 2663 2108 2733 apparebit,

523 2752 739 2822 quando
769 2752 1012 2824 quisquis
1039 2754 1114 2808 ibi
1142 2755 1266 2822 erit,
1293 2770 1506 2825 semper
1534 2756 1655 2810 erit.

525 2863 753 2922 CAPUT
792 2865 982 2921 XLIX.
1009 2895 1082 2910 —-
1108 2866 1186 2921 De
1213 2868 1484 2922 indiscreta
1511 2870 1531 2900 ⁹
1559 2866 1978 2938 multiplicatione
2007 2867 2112 2923 Ec-

594 2956 794 3023 clesia,
838 2974 937 3028 qua
979 2957 1033 3012 in
1075 2957 1170 3012 hoc
1197 2958 1382 3012 saeculo
1411 2959 1557 3014 multi
1594 2959 1798 3030 reprobi
1838 2961 2112 3014 miscentur

595 3049 785 3105 electis.

596 3159 656 3215 In
683 3159 786 3216 hoc
823 3175 952 3230 ergo
991 3161 1224 3234 maligno
1264 3163 1494 3231 smculo,
1524 3163 1578 3219 in
1606 3164 1689 3220 his
1717 3165 1905 3220 diebus
1934 3165 2108 3232 malis,

524 3250 614 3306 ubi
656 3267 751 3321 per
797 3251 1149 3309 humilitatem
1193 3265 1515 3324 praesentem
1562 3255 1793 3312 futuram
1839 3267 2113 3328 comparat

523 3343 762 3399 Ecclesia
787 3345 1182 3412 celsitudinem,
1209 3356 1265 3403 et
1293 3347 1542 3403 timorum
1573 3350 1835 3419 stimulis,
1863 3350 2111 3405 dolorum

522 3437 806 3492 tormentis
825 3478 842 3506 ,
872 3438 1112 3494 laborum
1141 3441 1436 3509 molestiis,
1467 3445 1818 3498 tentationum
1861 3445 2112 3514 periculis

522 3527 784 3594 eruditur,
831 3529 943 3583 sola
985 3547 1080 3600 spe
1108 3531 1366 3600 gaudens,
1412 3533 1624 3602 quando
1668 3549 1852 3588 sanum
1894 3534 2108 3605 gaudet,

523 3617 680 3673 multi
721 3618 934 3689 reprobi
964 3622 1258 3677 miscentur
1301 3623 1491 3689 bonis;
1525 3633 1578 3678 et
1607 3625 1816 3694 utrique
1861 3635 2110 3696 tanquam

524 3712 581 3768 in
609 3728 859 3784 sagenam
889 3715 1247 3785 evangelieam
1291 3716 1612 3786 colliguntur
1651 3715 1776 3786 (Id.
1809 3735 1899 3772 stu
1919 3761 1935 3786 ,
1963 3720 2066 3792 47)
2092 3737 2107 3788 ;

521 3815 577 3860 ct
603 3807 656 3861 in
686 3806 789 3862 hoc
816 3807 1015 3861 mundo
1039 3847 1053 3873 ,
1083 3816 1330 3878 tanquam
1373 3807 1427 3861 in
1472 3808 1604 3861 mari
1629 3849 1644 3873 ,
1677 3810 1887 3878 utrique
1917 3811 2107 3866 inclusi

521 3895 727 3952 retibus
752 3896 1040 3952 indiscrete
1062 3907 1267 3965 natant,
1290 3897 1462 3953 donec
1484 3901 1821 3968 perveniatur
1844 3901 1911 3956 ad
1936 3903 2106 3969 littus,

519 3987 611 4043 ubi
641 3989 769 4042 mali
809 3997 1157 4058 segregentur
1184 4004 1216 4044 a
1254 3989 1443 4057 bonis,
1489 4001 1543 4045 et
1574 3991 1627 4045 in
1659 3992 1810 4048 bonis
1856 4003 2108 4066 tanquam

521 4077 578 4132 in
608 4078 807 4149 templo
830 4093 949 4144 suo,
979 4081 1048 4134 sit
1069 4080 1209 4135 Deus
1235 4082 1414 4135 omnia
1441 4082 1495 4137 in
1519 4085 1764 4140 omnibus
1789 4086 1808 4159 (
1829 4086 1845 4140 ι
1870 4087 1986 4142 Cor.
2012 4104 2102 4156 xv,

513 4166 632 4241 28).
664 4167 894 4224 Proinde
920 4184 1104 4224 vocem
1148 4186 1289 4226 nunc
1333 4174 1672 4242 agnoscimus
1715 4175 1832 4245 ejus
1875 4177 2104 4247 impleri,

516 4259 609 4330 qui
635 4257 955 4330 loquebatur
983 4263 1038 4316 in
1069 4261 1301 4330 Psalmo,
1332 4273 1495 4335 atque
1519 4265 1750 4335 dicebat,
1774 4269 2104 4336 Annuntiavi,

516 4358 565 4403 et
593 4350 790 4406 locutus
815 4367 948 4418 sum,
977 4353 1298 4424 multiplicati
1321 4365 1438 4410 sunt
1462 4374 1614 4426 super
1641 4375 1905 4414 numerum
1929 4361 2102 4432 (Psal.

516 4455 704 4508 χχιιι,
735 4441 813 4516 6).
843 4443 956 4500 lloc
985 4449 1044 4500 tit
1073 4462 1232 4514 nunc,
1261 4463 1326 4503 ex
1358 4463 1464 4519 quo
1491 4451 1720 4520 primum
1753 4468 1848 4522 per
1874 4469 1936 4510 os
1966 4472 2104 4525 prm-

517 4533 756 4590 cursoris
781 4535 862 4590 sui
892 4535 1135 4604 Joannis,
1165 4538 1357 4595 deinde
1380 4555 1477 4609 per
1502 4556 1563 4596 os
1588 4545 1861 4613 proprium
1893 4561 2102 4601 annuu-

514 4623 689 4692 tiavit,
721 4633 776 4680 et
803 4625 1012 4683 locutus
1037 4637 1119 4684 est
1136 4671 1151 4697 ,
1183 4630 1366 4685 dicens
1385 4671 1402 4697 ,
1429 4630 1575 4702 Agite
1599 4635 1939 4704 paenitentiam
1957 4679 1972 4701 ,
2001 4655 2098 4708 ap-

516 4714 874 4786 propinquavit
921 4718 1053 4772 enim
1096 4736 1307 4791 regnum
1355 4723 1592 4776 caelorum
1642 4724 1876 4794 (Matth.
1913 4744 1998 4794 ιιι,
2026 4729 2098 4794 2;

514 4818 590 4871 tv,
619 4805 730 4875 17).
759 4807 931 4878 Elegit
963 4809 1278 4880 discipulos,
1307 4827 1440 4883 quos
1464 4823 1519 4868 et
1543 4817 1828 4885 Aposmlos
1853 4819 2101 4874 nomina-

511 4895 590 4949 vit
621 4895 774 4966 (Luc.
803 4914 873 4964 vi,
903 4900 1013 4971 15),
1046 4901 1319 4957 humiliter
1361 4915 1534 4971 natos,
1577 4906 1944 4976 inhonoratos,
1977 4911 2102 4965 illit-

513 4996 752 5056 teratos;
803 5001 862 5046 ut
908 4993 1162 5064 quidquid
1216 5012 1467 5067 magnum
1512 5010 1695 5056 essent
1741 5011 1795 5056 et
1840 5003 2094 5071 lacerent,

513 5077 627 5149 ipse
652 5081 704 5135 in
730 5082 808 5136 eis
833 5095 977 5139 esset
1015 5095 1070 5140 et
1115 5085 1340 5142 laceret.
1370 5089 1566 5146 Habuit
1595 5092 1734 5148 inter
1771 5107 1864 5148 eos
1908 5097 2096 5164 unam,

511 5184 619 5240 quo
659 5171 799 5226 malo
827 5180 983 5230 utens
1027 5175 1199 5246 bene,
1243 5189 1298 5234 et
1339 5196 1450 5237 sua:
1489 5185 1754 5255 passionis
1779 5187 2097 5258 dispositum

510 5263 790 5333 impleret,
833 5274 888 5319 et
933 5265 1188 5324 Ecclesia:
1230 5287 1339 5327 suae
1385 5276 1784 5334 tolerandorum
1833 5281 2097 5337 malorum

507 5354 773 5424 praeberet
820 5358 1148 5427 exemplum.
1196 5360 1502 5434 Seminato,
1545 5376 1796 5438 quantum
1843 5386 1936 5441 per
1983 5372 2099 5443 ejus

509 5445 792 5515 oportebat
821 5449 1158 5516 praesentiam
1189 5455 1545 5522 corporalem,
1572 5471 1758 5516 sancto
1785 5462 2093 5533 Evangelio,

510 5549 699 5606 passus
724 5545 840 5607 est,
869 5550 1114 5596 mortuus
1143 5553 1247 5612 est,
1276 5547 1566 5602 resurrexit
1596 5564 1608 5600 :
1639 5551 1888 5618 passione
1913 5564 2096 5610 osten-

435 5666 440 5676 .
512 5626 646 5682 dens
686 5629 814 5699 quid
842 5632 1108 5688 sustinere
1131 5650 1232 5706 pro
1258 5639 1483 5695 veritate
1507 5682 1522 5709 ,
1550 5644 1940 5699 resurrectione
1969 5644 2096 5715 quid

573 5740 594 5820 ξ
625 5741 877 5820 ςρξιξτλιιοιι
897 5745 962 5820 {te
982 5745 1220 5820 hts‘dixit,
1245 5752 1407 5814 Abest,
1433 5753 1578 5817 diuit,
1605 5765 1633 5806 a
1656 5759 2008 5820 manuscriptis.

573 5804 594 5836 ⁸
625 5804 699 5853 Sic
721 5811 826 5853 Mss.
849 5806 965 5857 editi
989 5817 1171 5873 autem,
1197 5804 1399 5866 incertal

1616 345 1702 406 ne
1743 341 2063 406 ctvmrs
2103 341 2235 416 DEI,
2275 347 2333 404 s.
2373 341 2736 409 AUGUSTI-NI
3619 325 3734 422 ut,

2215 479 2431 535 sperare
2471 467 2523 521 in
2567 467 2863 524 aeternitate
2893 467 3220 537 debeamus;
3261 482 3468 544 excepta
3491 475 3703 539 altitudine

2214 558 2534 612 sacramenti
2555 598 2569 618 .
2597 573 2699 628 qua
2726 561 2941 630 sanguis
2980 560 3093 631 ejus
3117 563 3167 618 in
3200 565 3545 623 remissionem
3564 585 3705 639 pecu-

2216 657 2388 702 torum
2431 647 2580 704 lusus
2632 659 2733 705 est.
2783 650 3142 708 Conversatus
3171 664 3256 709 est
3282 656 3335 711 in
3378 665 3507 712 terra
3541 664 3712 729 quadra-

2214 741 2354 810 ginta
2380 740 2495 796 dies
2523 757 2644 796 cum
2670 742 2943 813 discipulis
2969 745 3108 808 suis,
3137 754 3296 816 atque
3331 749 3452 818 ipsis
3477 752 3713 813 videntibus

2213 831 2455 886 ascendit
2484 832 2536 886 in
2564 832 2780 899 celum,
2809 843 2863 888 et
2893 845 3013 904 post
3037 835 3153 891 dies
3183 837 3367 893 decem
3395 841 3524 896 misit
3545 847 3713 914 promis-

2213 934 2331 975 sum
2361 922 2615 993 Spiritum
2649 933 2890 979 sanctum
2922 927 2938 957 ³
2973 943 2987 979 :
3017 927 3168 997 cujus
3197 928 3451 985 venientis
3477 932 3524 986 in
3555 949 3632 990 eos
3657 940 3717 1007 qui

2216 1015 2555 1070 crediderant
2575 1054 2590 1081 ,
2635 1026 2759 1070 tunc
2788 1017 2995 1087 signum
3024 1029 3140 1073 erat
3169 1021 3454 1076 maximum
3479 1034 3528 1078 et
3548 1027 3716 1085 maxime

2215 1110 2578 1163 necessarium
2599 1151 2612 1174 ,
2644 1119 2702 1164 ut
2731 1111 3090 1182 unusquisque
3117 1128 3309 1168 eorum
3346 1114 3524 1186 linguis
3544 1120 3722 1176 omnium

2214 1201 2448 1269 gentium
2491 1200 2839 1270 loqueretur:
2871 1203 2941 1257 ita
2977 1203 3288 1274 signiﬁcans
3330 1208 3568 1264 unitatem
3587 1213 3728 1267 calbo~

2217 1290 2334 1344 lica:
2362 1291 2616 1346 Ecclesia:
2642 1307 2737 1362 per
2765 1307 2952 1348 omnes
2975 1305 3162 1366 gentes
3204 1297 3462 1367 futuram,
3487 1315 3544 1357 ac
3577 1303 3640 1359 sic
3657 1304 3729 1360 lia-

2214 1381 2330 1449 guis
2359 1380 2609 1435 omnibus
2639 1381 2958 1438 locuturum.

2213 1472 2438 1528 CAPUT
2490 1474 2552 1527 L.
2577 1504 2651 1516 —
2690 1473 2772 1530 De
2823 1477 3182 1546 prtedicatione
3226 1477 3516 1550 Evangelii,
3539 1500 3634 1552 qua
3672 1503 3732 1554 per

2250 1567 2506 1635 passiones
2535 1569 2917 1637 praedicandum
2945 1570 3133 1624 clarior
3154 1580 3205 1625 et
3232 1573 3476 1642 potentior
3499 1573 3614 1642 [acta
3640 1587 3708 1630 est.

2287 1678 2490 1734 Deinde
2537 1679 2828 1735 secundum
2860 1681 3002 1736 illam
3032 1682 3402 1752 prephetiam,
3445 1685 3520 1740 Eat
3546 1685 3649 1743 Sion
3679 1689 3736 1743 lea

2215 1770 2413 1839 prodiet
2436 1813 2451 1836 ,
2482 1780 2527 1825 et
2557 1773 2758 1826 verbum
2789 1772 2994 1827 Domini
3019 1791 3081 1829 ex
3103 1774 3140 1828 ,1
3145 1777 3398 1830 erusalent
3427 1777 3562 1846 (lsai.
3586 1796 3641 1845 ιι,
3672 1781 3734 1848 3):

2213 1869 2268 1916 et
2293 1864 2582 1918 secundum
2613 1865 2777 1935 ipsius
2805 1866 3013 1920 Domini
3040 1866 3243 1924 Christi
3276 1869 3536 1938 prmdicta.
3559 1873 3631 1927 ubi
3655 1885 3738 1944 post

2214 1958 2665 2012 resurrectionem
2707 1958 3044 2026 stupentibus
3089 1975 3216 2014 cum
3251 1961 3518 2031 discipulis
3545 1964 3632 2016 suis
3655 1981 3740 2032 cpe-

2214 2047 2314 2098 ruit
2352 2063 2589 2113 sensum,
2626 2057 2679 2100 ut
2709 2050 3038 2121 intelligerent
3077 2050 3382 2120 Scripturas
3405 2095 3417 2118 ,
3442 2062 3484 2107 et
3523 2054 3628 2108 dixit
3659 2058 3736 2120 eis,

2219 2137 2470 2204 Quoniam
2509 2141 2580 2195 sic
2619 2143 2864 2212 scriptum
2905 2152 3011 2211 est,
3043 2153 3093 2197 et
3143 2145 3220 2198 sic
3269 2147 3524 2213 oportebat
3547 2145 3741 2202 Christum

2215 2232 2323 2302 pati
2347 2274 2360 2295 ,
2385 2241 2431 2285 et
2452 2249 2710 2304 resurgere
2737 2251 2769 2288 a
2795 2237 3004 2290 mortuis
3033 2238 3181 2291 tertio
3212 2239 3326 2304 die,
3356 2249 3404 2293 et
3446 2240 3673 2310 prtcdican'
3704 2243 3739 2295 in

2216 2322 2416 2376 nomine
2444 2325 2553 2394 ejus
2577 2326 2918 2396 paenitentiam
2938 2336 2986 2380 et
3004 2329 3358 2382 remissionem
3385 2342 3665 2398 peccatorum
3683 2347 3740 2398 per

2217 2428 2386 2467 omnes
2415 2425 2585 2485 gentes
2608 2455 2624 2483 ,
2655 2416 3006 2486 incipientibus
3034 2417 3096 2472 ab
3139 2418 3434 2476 Jerusalem
3461 2421 3603 2494 (Luc.
3625 2438 3738 2489 utr,

2216 2506 2306 2569 46,
2334 2507 2423 2576 47)
2450 2524 2464 2572 ;
2494 2514 2548 2562 et
2574 2507 2660 2562 ubi
2684 2525 2868 2564 rursus
2893 2511 2971 2565 eis
2999 2510 3066 2567 de
3096 2513 3339 2567 advequ
3383 2514 3494 2583 ejus
3522 2515 3739 2568 novissima

2215 2597 2606 2666 requirentibus
2635 2601 2909 2669 respondit
2931 2643 2948 2668 ,
2979 2613 3136 2672 atque
3163 2603 3273 2668 ait,
3307 2591 3427 2658 Non
3471 2613 3540 2660 est
3581 2615 3739 2659 restrain

2215 2687 2344 2740 scire
2384 2696 2611 2758 tempora
2639 2692 2717 2744 vel
2752 2703 3002 2746 momenta
3031 2697 3050 2724 ²
3067 2735 3081 2758 ,
3105 2711 3225 2763 qme
3249 2694 3411 2750 Pater
3437 2698 3585 2766 posuit
3607 2698 3648 2750 in
3679 2713 3740 2749 sua

2216 2787 2456 2848 potestate
2486 2796 2506 2835 :
2532 2780 2620 2836 sed
2642 2783 2896 2852 accipietis
2923 2785 3156 2838 virtutem
3186 2787 3420 2855 Spiritus
3447 2788 3593 2841 sancti
3613 2804 3742 2857 saper-

2215 2871 2488 2924 venientem
2522 2872 2573 2926 in
2601 2887 2687 2927 vos
2711 2914 2724 2937 ,
2758 2883 2805 2928 et
2827 2875 2961 2929 eritis
2991 2877 3113 2929 mihi
3141 2886 3296 2932 testes
3334 2879 3388 2932 in
3421 2878 3694 2938 Jerusalem.
3713 2886 3742 2931 et

2215 2960 2267 3014 in
2299 2970 2402 3015 tota
2425 2961 2610 3018 ludam
2637 2973 2686 3019 et
2715 2963 2953 3019 Samaria
2975 3005 2991 3034 ,
3022 2977 3068 3020 et
3094 2984 3256 3038 usque
3275 2970 3329 3022 in
3348 2971 3474 3038 ﬁnes
3500 2980 3626 3024 terra:
3648 2968 3740 3039 (Act.

2217 3068 2256 3119 ι,
2290 3053 2344 3120 7,
2373 3053 2428 3128 8)
2460 3073 2474 3110 :
2507 3057 2736 3126 primum
2773 3073 2832 3113 se
2876 3059 2944 3114 ab
2969 3059 3270 3117 Jerusalem
3309 3062 3509 3119 dill‘udit
3547 3063 3739 3126 Ecclesia,

2215 3154 2413 3200 etcum
2443 3147 2495 3201 in
2522 3147 2704 3204 Judaza
2726 3159 2885 3220 atque
2910 3151 3150 3207 Samaria
3183 3155 3401 3223 plurimi
3428 3154 3739 3219 credidissent,

2216 3246 2270 3290 et
2297 3238 2348 3291 in
2378 3238 2509 3293 alias
2544 3249 2731 3310 gentes
2758 3240 2887 3295 itum
2918 3251 3037 3310 est,
3062 3245 3139 3298 eis
3171 3247 3598 3301 annuntiantibus
3620 3245 3741 3299 Eran‘

2213 3327 2448 3396 gelium,
2498 3344 2631 3398 quos
2685 3331 2832 3400 ipse,
2885 3333 3023 3387 sicut
3075 3333 3399 3402 luminaria,
3444 3345 3495 3390 et
3532 3341 3742 3406 optarent

2216 3420 2412 3486 verbo,
2443 3427 2498 3476 et
2545 3423 2863 3478 accenderat
2901 3423 3099 3493 Spiritu
3150 3437 3361 3482 sancto.
3407 3428 3602 3482 Dixerat
3641 3426 3741 3480 enim

2213 3509 2324 3576 eis,
2361 3510 2535 3565 Nolite
2584 3514 2758 3567 timere
2795 3531 2879 3568 eos
2917 3517 3004 3586 qui
3042 3533 3231 3588 corpus
3279 3519 3542 3584 occidunt,
3576 3519 3742 3571 animant

2214 3613 2379 3682 autem
2405 3621 2504 3658 non
2533 3618 2740 3676 possunt
2766 3609 2990 3663 occidere
3015 3610 3228 3681 (Matth.
3257 3629 3310 3678 κ,
3339 3613 3456 3681 28).
3482 3613 3573 3681 Qui
3601 3621 3644 3663 ut
3676 3610 3742 3662 iri-

2212 3695 2321 3766 gidi
2344 3697 2533 3752 timore
2558 3713 2665 3754 non
2689 3709 2887 3765 essent,
2908 3701 3025 3772 igne
3047 3702 3327 3759 charitatis
3348 3705 3605 3758 ardebant.
3630 3700 3742 3754 Decio

2213 3803 2318 3858 que
2349 3805 2443 3859 per
2469 3789 2631 3858 ipsos,
2667 3807 2772 3845 non
2800 3794 2970 3847 solum
2997 3794 3086 3864 qui
3117 3810 3242 3849 eum
3271 3805 3326 3851 et
3350 3805 3472 3850 ante
3495 3795 3738 3866 passionem

2216 3890 2269 3935 et
2298 3889 2418 3951 post
2441 3884 2892 3939 resurrectionem
2924 3885 3168 3941 viderant
3197 3896 3253 3942 et
3275 3887 3575 3949 audierant,
3601 3897 3738 3939 verum

2213 3977 2372 4029 etiam
2410 3988 2530 4046 post
2564 3977 2767 4032 obitum
2797 3994 2982 4034 eorum
3014 3995 3109 4050 per
3141 3989 3392 4052 posteros
3423 3996 3617 4040 eorum,
3641 3979 3740 4031 inter

2214 4066 2508 4122 horrendas
2532 4070 2927 4138 persecutiones
2953 4078 3007 4125 et
3037 4073 3216 4126 varios
3235 4073 3500 4126 cruciatus
3525 4086 3579 4124 ac
3601 4068 3736 4122 {altera

2215 4168 2508 4230 martyrum
2557 4162 2902 4231 przcdicalutu
2966 4173 3049 4218 est
3097 4173 3209 4218 toto
3253 4164 3386 4220 orbe
3427 4163 3733 4232 Evangelium,

2212 4253 2549 4310 contestantc
2596 4255 2704 4310 Deo
2747 4255 2913 4326 signis
2939 4298 2951 4321 ,
2985 4267 3037 4312 et
3077 4258 3306 4312 ostentis
3327 4299 3342 4323 ,
3375 4266 3426 4312 ct
3451 4256 3593 4310 variis
3616 4254 3734 4305 virin-

2213 4344 2352 4401 tibus
2374 4385 2390 4413 ,
2419 4355 2471 4400 et
2494 4347 2723 4416 Spiritus
2760 4349 2927 4402 sancti
2971 4348 3323 4404 muneribus:
3359 4356 3417 4402 ut
3442 4346 3600 4419 pepuli
3633 4351 3730 4408 gen-

2211 4439 2340 4493 tium
2367 4439 2648 4494 credentes
2688 4441 2737 4494 in
2770 4457 2888 4496 cum
2912 4483 2926 4507 ,
2958 4442 3045 4512 qui
3078 4456 3174 4512 pro
3213 4457 3402 4497 eorum
3434 4434 3729 4502 redemptione

2208 4531 2495 4587 Cruciﬁxus
2522 4542 2603 4588 est
2620 4575 2634 4598 ,
2661 4534 2950 4588 christiano
2973 4549 3154 4589 amore
3184 4539 3553 4586 venerarentur
3569 4523 3728 4594 sangui-

2208 4637 2332 4677 nem
2376 4633 2668 4696 martyrum
2698 4665 2713 4687 ,
2771 4640 2925 4693 quem
2971 4621 3232 4676 diabolica
3279 4621 3456 4676 lurore
3500 4617 3724 4674 fuderunt;

2209 4712 2416 4782 ipsique
2450 4728 2604 4783 rcges
2625 4753 2641 4778 ,
2672 4727 2899 4782 quorum
2949 4711 3150 4781 legibus
3179 4711 3481 4765 vastabatur
3517 4706 3719 4766 Ecclesia,

2208 4804 2257 4859 ei
2282 4803 2483 4858 nomini
2515 4803 2802 4858 salubriter
2821 4803 3195 4868 subderentur,
3226 4803 3367 4873 quod
3402 4802 3466 4856 de
3499 4809 3618 4854 terra
3639 4808 3724 4848 cru.

2206 4895 2396 4951 deliter
2414 4896 2622 4950 auferre
2649 4897 2821 4951 conati
2856 4903 3014 4961 sunt,
3039 4905 3094 4950 et
3119 4893 3284 4950 falsos
3322 4894 3448 4950 deos
3491 4889 3721 4958 inciperent

2206 4987 2490 5058 persequi,
2521 5003 2748 5056 quorum
2804 5002 2964 5043 causa
3019 4987 3248 5043 cultores
3291 4986 3383 5041 Dei
3420 4982 3521 5039 veri
3563 4980 3720 5033 lactant

2203 5086 2358 5132 antea
2391 5077 2674 5147 persecuti.

2276 5191 2504 5248 CAPUT
2530 5191 2617 5246 Ll.
2644 5221 2718 5231 —
2748 5191 2896 5259 Quod
2923 5193 3072 5245 etiam
3101 5209 3191 5264 per
3216 5192 3545 5245 lncreticorum
3570 5185 3714 5238 distrn-

2541 5285 2708 5338 siones
2736 5283 2862 5353 fides
2883 5285 3133 5338 catholica
3161 5284 3428 5337 roboretur.

2275 5398 2328 5452 1.
2369 5394 2569 5452 Videns
2590 5404 2765 5450 autem
2786 5395 3026 5450 diabolus
3051 5397 3241 5466 templa
3260 5395 3537 5450 dmmonum
3559 5381 3705 5444 deseri,

2203 5499 2258 5544 et
2284 5490 2337 5544 in
2367 5505 2560 5545 nomen
2593 5489 2865 5544 liberantis
2897 5489 3197 5544 Mediatoris
3223 5502 3427 5544 currere
3459 5498 3600 5555 genus
3628 5479 3702 5528 ltu-

2204 5598 2420 5636 manum
2452 5623 2467 5648 ,
2496 5583 2777 5638 hmreticos
2804 5583 3013 5652 movit,
3043 5581 3131 5654 qui
3180 5582 3275 5638 sub
3323 5576 3554 5634 vocabulo
3598 5566 3703 5624 cini.

2267 5763 2285 5793 ³
2322 5761 2440 5812 Editi
2462 5761 2657 5823 addunt,
2685 5761 2841 5813 Patris
2863 5763 2941 5811 sui
2963 5777 2978 5814 :
3003 5775 3096 5812 non
3118 5771 3277 5813 autem
3300 5768 3478 5811 veteres
3498 5753 3602 5804 libri.

2269 5825 2296 5890 ’_
2321 5830 2370 5874 tu
2395 5832 2498 5876 Mss.
2521 5837 2618 5874 non
2641 5834 2737 5887 est,
2753 5826 2823 5876 rel
2841 5833 3091 5876 momenta.
