3826 6488
536 342 639 406 815

538 468 809 541 perierunt
841 469 938 538 (a).
966 463 1068 521 Sed
1095 477 1196 532 ego
1234 460 1319 518 illa
1346 472 1406 513 re
1433 463 1580 526 gesta
1608 454 1660 509 in
1693 454 1958 523 Egypto,
1989 449 2116 541 istas

542 539 943 631 persecutiones
974 555 1280 626 prophetice
1306 548 1627 620 signiﬁcatas
1664 561 1785 601 esse
1832 559 1939 597 non
1982 539 2123 596 arbi-

538 661 687 707 tror:
718 650 958 719 quamvis
985 647 1051 701 ah
1080 647 1161 701 eis
1191 685 1205 709 ,
1238 640 1328 714 qui
1357 642 1458 695 hoc
1499 636 1719 709 putantl,
1762 634 2023 703 exquisite
2069 638 2124 685 et

549 736 822 814 ingeniose
847 729 935 795 illa
973 738 1178 807 singula
1207 736 1290 789 his
1315 732 1539 814 singulis
1564 735 1866 814 comparata
1898 724 2116 814 videan-

543 806 651 893 tur,
682 840 790 879 non
820 806 1132 894 prephetico
1172 819 1394 888 Spiritu,
1438 812 1529 870 sed
1574 813 1880 881 conjectura
1931 806 2123 861 mentis

548 917 793 970 humanae
833 956 848 981 ,
898 928 1017 983 qua:
1064 909 1350 982 aliquando
1393 897 1462 962 ad
1510 895 1704 960 verum
1724 898 1997 971 pervenit,
2025 896 2116 950 ali-

553 1007 768 1079 quando
796 1004 1013 1060 fallitur.

606 1101 661 1154 2.
701 1096 838 1166 Quid
864 1096 1003 1151 enim
1028 1138 1043 1163 ,
1073 1094 1160 1164 qui
1188 1093 1293 1147 hoc
1334 1088 1607 1152 sentiunt,
1656 1081 1848 1138 dicturi
1889 1087 2015 1135 sunt
2057 1072 2127 1133 de

540 1190 927 1265 persecutione,
949 1202 1051 1258 qua
1073 1186 1184 1256 ipse
1199 1182 1451 1238 Dominus
1487 1176 1776 1233 cruciﬁxus
1809 1173 1923 1227 est?
1949 1173 1999 1226 in
2022 1184 2127 1240 quo

541 1262 657 1340 eam
701 1294 924 1336 numero
956 1277 1176 1349 posituri
1202 1276 1226 1329 ?
1270 1275 1326 1329 Si
1355 1281 1532 1326 autem
1565 1269 1664 1323 hac
1688 1273 1911 1335 excepta
1938 1262 2127 1318 existi-

549 1383 696 1430 mant
723 1366 1132 1440 computandum
1154 1408 1169 1432 ,
1214 1375 1458 1433 tanquam
1482 1361 1585 1414 ill-.e
1612 1355 1953 1412 numeranda:
1984 1353 2113 1419 sint,

555 1474 673 1535 Quae
698 1462 762 1517 ad
792 1474 983 1530 corpus
1026 1450 1325 1529 pertinent,
1353 1460 1459 1507 non
1500 1466 1600 1521 qua
1640 1451 1811 1519 ipsum
1858 1454 2015 1516 caput
2044 1451 2127 1498 est

552 1552 841 1622 appetitum
891 1553 944 1603 et
974 1542 1204 1603 occisum
1230 1563 1244 1611 ;
1276 1542 1399 1615 quid
1427 1550 1583 1612 agent
1608 1535 1675 1593 de
1708 1539 1817 1622 illa,
1849 1552 1998 1606 quae,
2027 1549 2128 1604 po-

548 1621 832 1711 steaquam
862 1636 1105 1693 Christus
1152 1634 1391 1691 ascendit
1419 1632 1485 1686 ad
1516 1626 1709 1686 coelum
1734 1668 1749 1693 ,
1780 1621 2128 1696 Jerosolymis

545 1710 689 1788 facta
726 1741 807 1787 est
832 1773 846 1797 ,
893 1730 982 1785 ubi
1031 1727 1219 1784 beatus
1255 1724 1555 1794 Stephanus
1600 1714 1863 1791 lapidatus
1892 1727 2008 1785 est,
2040 1710 2129 1773 ubi

543 1823 770 1879 Iacobus
797 1822 959 1876 frater
982 1814 1202 1876 Ioannis
1232 1816 1407 1888 gladio
1430 1806 1725 1869 trucidatus
1752 1819 1854 1878 est,
1883 1805 1970 1865 ubi
1994 1824 2128 1878 apo-

543 1917 714 1972 stolus
739 1915 929 1970 Petrus
958 1922 1016 1968 ut
1045 1908 1379 1967 occideretur
1403 1908 1639 1962 inclusus
1663 1914 1720 1961 et
1746 1919 1842 1975 per
1865 1902 2127 1972 Angelum

545 2002 832 2071 liberatus,
872 2003 964 2059 ubi
1010 2001 1172 2073 fugati
1220 2010 1379 2070 atque
1408 1996 1633 2067 dispersi
1674 1994 1741 2049 de
1782 1991 2130 2063 Jerosolymis

542 2096 772 2162 fratres,
824 2094 913 2149 ubi
955 2092 1189 2158 Saulus,
1238 2091 1327 2157 qui
1377 2098 1561 2158 postea
1613 2085 1809 2141 Paulus
1856 2082 2130 2153 apostolus

544 2186 719 2242 factus
744 2193 848 2251 est,
877 2182 1123 2237 vastabat
1152 2178 1482 2244 Ecclesium;
1514 2177 1606 2232 ubi
1637 2177 1753 2247 ipse
1781 2190 1994 2246 quoque
2020 2173 2128 2243 jam

544 2276 705 2333 ﬁdem
731 2317 746 2341 ,
793 2288 949 2345 quam
990 2270 1413 2342 persequebatur
1437 2309 1452 2334 ,
1504 2260 1914 2336 evangelizans,
1954 2264 2131 2335 qualia

542 2366 805 2433 faciebat,
837 2371 919 2421 est
946 2376 1162 2433 passus,
1193 2362 1303 2415 sive
1330 2375 1425 2430 per
1448 2353 1685 2413 Judaeum
1702 2398 1716 2423 ,
1746 2352 1857 2410 sive
1882 2364 1975 2425 per
2002 2346 2133 2408 alias

546 2466 767 2529 gentes,
812 2462 1144 2526 quacquue
1173 2451 1438 2508 Christum
1471 2447 1891 2504 ferventissimus
1936 2436 2131 2515 pra‘di-

542 2548 733 2604 cabat?
775 2546 882 2603 Cur
933 2560 1059 2615 ergo
1093 2544 1171 2599 eis
1198 2558 1227 2596 a
1254 2538 1467 2597 Nerone
1513 2540 1725 2594 videtur
1771 2533 2087 2593 ordiendum
2112 2576 2129 2603 ,

546 2651 668 2693 cum
691 2635 760 2691 ad
798 2635 1024 2700 Neronis
1054 2642 1291 2702 tempora
1321 2633 1459 2686 inter
1500 2627 1858 2685 atrocissimas
1882 2632 2133 2698 persecu-

544 2723 718 2782 tiones
744 2767 760 2793 ,
788 2726 857 2780 de
898 2724 1089 2795 quibus
1135 2722 1292 2777 nimis
1322 2723 1537 2791 longum
1578 2728 1662 2775 est
1688 2728 1877 2774 cuncta
1907 2719 2089 2773 dicere
2111 2754 2129 2786 ,

540 2814 784 2872 Ecclesia
812 2813 1107 2870 crescendo
1127 2813 1465 2884 pervenerit?
1503 2809 1654 2878 Quod
1679 2810 1725 2865 si
1750 2824 1778 2863 a
1812 2809 2026 2880 regibus
2056 2810 2134 2862 fa-

538 2918 653 2963 ctas
673 2907 1068 2978 persecutiones
1094 2906 1148 2958 in
1176 2914 1397 2959 nurnero
1426 2901 1732 2958 existimant
1755 2914 1875 2956 esse
1900 2899 2129 2967 debere;

538 3013 635 3056 rex
674 2998 773 3053 fuit
810 2996 1082 3063 Herodes,
1122 2996 1213 3064 qui
1238 2995 1399 3049 etiam
1444 3003 1566 3063 pust
1599 3005 1881 3047 ascensum
1918 2991 2133 3046 Domini

548 3089 916 3162 gravissimam
944 3086 1090 3142 fecit.
1119 3084 1322 3140 Deinde
1365 3084 1490 3155 quid
1518 3082 1847 3153 respondent
1871 3082 2033 3137 etiam
2063 3080 2131 3136 de

540 3182 777 3247 Iuliano,
817 3194 975 3250 quem
1004 3194 1111 3233 non
1139 3184 1422 3231 numerant
1450 3175 1501 3229 in
1532 3174 1755 3229 decem?
1777 3174 1857 3227 An
1884 3174 1997 3242 ipse
2024 3187 2129 3227 non

538 3281 623 3328 est
641 3269 932 3326 Ecclesium
947 3276 1279 3339 persecutus,
1306 3266 1395 3336 qui
1423 3263 1755 3320 Christianos
1781 3264 2024 3320 liberales
2044 3262 2132 3318 Iit-

540 3369 686 3417 teras
712 3360 905 3416 docere
932 3374 995 3413 ac
1014 3359 1222 3414 discere
1246 3356 1450 3411 vetuit?
1475 3355 1586 3412 Sub
1605 3370 1713 3426 quo
1726 3354 2130 3411 Valentinianus

546 3452 740 3521 major,
771 3452 861 3520 qui
885 3458 1007 3521 post
1030 3464 1151 3504 eum
1178 3448 1367 3503 tertius
1392 3447 1682 3517 imperator
1706 3444 1824 3510 fuit,
1853 3444 1973 3499 ﬁdei
1996 3444 2132 3499 chri-

539 3543 728 3599 stiana:
752 3541 1025 3598 confessor
1055 3540 1292 3605 exstitit,
1327 3539 1618 3608 militiaque
1656 3538 1894 3607 privatus
1927 3545 2007 3592 est
2029 3535 2126 3611 (b).

545 3633 618 3690 Ut
642 3634 883 3688 omittam
916 3647 1033 3701 qua:
1079 3630 1219 3701 apud
1261 3628 1599 3684 Antiochiam
1639 3626 1819 3683 facere
1854 3639 2126 3696 coeperat,

542 3724 647 3779 nisi
676 3724 830 3778 unius
879 3721 1174 3777 ﬁdelissimi
1206 3729 1261 3775 et
1301 3718 1716 3776 constantissimi
1757 3718 2003 3787 juvenis,
2036 3717 2125 3787 qui

544 3814 728 3869 multis
753 3854 769 3879 ,
819 3820 878 3866 ut
923 3821 1300 3881 torquerentur
1324 3850 1338 3878 ,
1389 3809 1778 3878 apprehensis,
1825 3823 1920 3877 per
1959 3818 2126 3863 totum

542 3906 684 3959 diem
732 3903 936 3974 primus
973 3912 1056 3957 est
1086 3910 1287 3967 tortus,
1330 3901 1469 3955 inter
1498 3900 1720 3969 ungulas
1754 3899 2126 3969 cruciatusque

542 3995 818 4065 psallentis
847 3993 1146 4048 libertatem
1176 4001 1335 4062 atque
1381 3991 1708 4045 hilaritatem
1754 3991 1976 4045 miratus
2004 3990 2128 4045 hor-

544 4083 744 4139 ruisset
786 4093 841 4138 et
872 4084 924 4135 in
969 4083 1177 4136 caeteris
1226 4081 1517 4136 deformius
1562 4080 1879 4134 erubescere
1923 4079 2129 4133 timuis-

544 4184 627 4230 set
655 4174 753 4245 (c).
784 4173 1067 4228 Postremo
1109 4180 1293 4227 nostra
1331 4172 1586 4227 memoria
1618 4171 1815 4225 Valens
1840 4169 2127 4240 supradicti

599 4306 673 4367 (a)
696 4306 768 4354 sic
791 4311 959 4367 putant
979 4305 1192 4363 Orosius,
1230 4302 1315 4367 lib.
1351 4306 1380 4367 7
1405 4305 1542 4363 Hist,
1564 4316 1669 4366 cap.
1695 4303 1776 4364 27,
1811 4317 2000 4355 necnon
2021 4303 2126 4353 Sul-

542 4365 699 4431 picius
719 4365 928 4431 severus
948 4367 1065 4415 Hist.
1092 4379 1215 4414 sacr.
1240 4365 1326 4415 lib.
1348 4366 1399 4431 2,
1423 4380 1526 4431 cap.
1553 4367 1631 4415 55.

601 4429 671 4500 (ὸ)
694 4428 930 4500 Δδιιιὶειιξιιξ
972 4432 1193 4500 Αιιιοδιθιᾳ
1230 4426 1586 4500 arcebat-ritus
1623 4427 1908 4499 christianos
1945 4426 2126 4500 docere

535 4488 791 4551 magistros
827 4488 1117 4551 rhetoricos
1132 4496 1183 4538 et
1204 4490 1552 4551 grammaticos,
1590 4496 1721 4538 teste
1766 4490 2036 4551 Ammiano,
2072 4489 2127 4537 li-

535 4548 719 4622 brov‘ﬁg,
743 4563 848 4622 cap.
877 4550 1067 4622 10,_sttl)
1092 4548 1254 4622 ﬁnem.
1275 4557 1358 4622 pe.
1387 4550 1722 4622 Valentiniang
1751 4548 2125 4622 privato_militia

536 4613 649 4661 vide
671 4620 930 4669 Socratem,
956 4613 1170 4659 Historia:
1186 4612 1527 4661 Ecclesiasticae
1549 4612 1672 4661 libro
1693 4612 1740 4670 5,
1772 4625 1879 4670 cap.
1908 4613 1981 4670 13,
2008 4619 2124 4660 Lm-

535 4687 673 4743 cuen.
696 4698 758 4709 -—
772 4671 901 4743 (_‘._onf.
919 4675 1230 4733 Ammianum,
1246 4672 1331 4721 lib.
1349 4674 1426 4734 ‘26,
1448 4687 1553 4736 cap.
1574 4675 1648 4735 10,
1686 4674 1779 4722 sub
1819 4671 1901 4727 fin.
1924 4687 1938 4735 ;
1964 4679 2125 4722 Eutro-

534 4735 665 4797 pium
685 4733 887 4783 etalios.
934 4796 939 4797 7
1075 4794 1087 4797 _
1258 4796 1267 4797 ί
1505 4733 1520 4736 ’
1624 4733 1640 4797 _’
1856 4746 1857 4749 η

602 4796 673 4867 (ρ)
695 4796 995 4867 Qumjussi‘a
1018 4794 1481 4867 Juliano_Christian_i_
1497 4793 1774 4867 sepulcrum
1793 4794 1977 4859 Babylze
1999 4808 2122 4867 mar-

536 4855 661 4927 tyris
677 4855 772 4927 alio
788 4855 1091 4927 transferre,
1116 4857 1350 4927 psalmum
1374 4855 1604 4927 audiente
1626 4859 1841 4919 Principe
1862 4855 2117 4927 canerent,

532 4919 670 4978 cujus
688 4924 764 4966 est
785 4918 992 4982 initium,
1022 4926 1077 4982 ιρι
1099 4917 1231 4982 exitu
1261 4918 1410 4982 Israel
1433 4920 1494 4969 de
1519 4926 1715 4982 Asgypto
1739 4917 1892 4982 (_f’sal.
1914 4933 2048 4976 cxm,
2075 4917 2120 4982 ),

531 4977 1005 5049 accensus_:tuliaiius
1025 4979 1137 5049 duci
1163 4992 1249 5049 eos
1270 4981 1561 5049 frequentes
1573 4977 1816 5043 postridie
1838 4989 1889 5029 et
1906 4981 2121 5049 l_0rqucri

526 5038 685 5109 jussit.
713 5038 961 5109 Sallustius
977 5047 1083 5109 erat
1126 5038 1401 5109 praefectus,
1424 5044 1501 5109 cui
1518 5038 1766 5103 negotium
1790 5038 2118 5109 mandaverat,

530 5101 838 5169 primumque
858 5101 1163 5148 Theodorum
1195 5104 1451 5169 quemdam
1484 5101 1720 5169 juvenem
1755 5105 1994 5169 arripuit:
2043 5104 2122 5169 cui

531 5162 681 5230 variis
698 5168 1051 5230 tormenturum
1073 5163 1341 5230 generibus
1361 5162 1582 5230 admotis,
1602 5165 1798 5230 juvenis
1835 5162 1993 5212 fronte
2019 5162 2120 5212 ala-

530 5222 599 5292 cri
622 5228 769 5292 atque
794 5218 931 5268 hilari
955 5221 1016 5292 ab
1040 5218 1174 5270 initio
1199 5221 1318 5271 lucis
1339 5225 1398 5292 ad
1426 5218 1915 5292 horam'undecimam
1938 5228 2119 5292 persti-

530 5283 606 5356 t_i_t,
638 5280 867 5356 hymnum
882 5280 1528 5356 psalmumquesuayissime
1550 5287 1801 5356 cantillaus
1822 5280 1972 5356 quem
2013 5287 2112 5356 pri:

528 5340 628 5416 die
651 5340 902 5416 cecinerat
944 5340 1167 5416 Ecclesia}
1206 5347 1343 5414 .Quod
1385 5348 1467 5416 ubi
1500 5346 1755 5416 Sallustius
1788 5340 1937 5416 vidit,
1978 5340 2119 5416 reddi

527 5406 759 5477 custodiae
796 5406 1067 5477 imperavit,
1115 5406 1308 5477 etipse
1344 5409 1403 5455 ad
1440 5410 1707 5477 Principum
1744 5406 2119 5477 admirabuudus

528 5469 774 5533 pervenit,
796 5467 1078 5533 dehortans
1094 5479 1157 5533 ne
1182 5473 1416 5533 torquere
1432 5467 1722 5533 christianos
1742 5479 2005 5533 pergeret,
2021 5470 2119 5519 illis

529 5527 717 5590 glorize,
754 5529 863 5592 ipsi,
881 5529 1081 5590 principi
1106 5529 1379 5592 ignominiae
1403 5541 1458 5577 ac
1478 5527 1753 5592 dedecoris"
1770 5527 1964 5592 ple'num
1990 5532 2118 5579 futu-

528 5589 664 5648 rum;
692 5597 744 5638 et
764 5590 936 5638 ordine
958 5603 1014 5637 re
1037 5589 1213 5648 audita,
1238 5589 1453 5639 Julianus
1475 5591 1537 5638 ab
1556 5591 1749 5649 incepto
1770 5589 1974 5641 destitit.
2002 5600 2117 5641 Eum

528 5651 832 5721 Theodorum
856 5652 1092 5721 Eusebius
1126 5650 1409 5721 testiﬁcatur
1428 5665 1488 5721 se
1517 5652 1775 5721 Antiochiae
1807 5656 2113 5714 convenisse,

532 5712 868 5781 quaesisseque
901 5725 962 5760 an
1000 5714 1048 5760 in
1074 5712 1287 5775 equuleo
1309 5713 1584 5781 doluisset?
1627 5732 1649 5759 α
1672 5716 1870 5781 Minime
1909 5712 2107 5774 νει-ομ

529 5771 684 5832 inquit
702 5771 823 5821 ille:
858 5791 879 5820 ι
903 5785 1011 5821 nam
1036 5771 1162 5836 pone
1181 5788 1261 5824 me
1276 5777 1533 5826 assistebat
1546 5776 1742 5840 juvenis
1758 5780 1806 5833 in
1830 5778 1938 5827 alba
1949 5771 2108 5838 veste,

1626 332 1715 397 DE
1735 332 2055 398 CIVITATE
2093 333 2229 400 DEI,
2268 332 2331 389 Β.
2368 319 2735 389 AUGUSTINI

3617 324 3699 383 θη

2229 447 2584 505 Valentiniani
2630 445 2791 501 frater
2819 441 3043 500 Arianus
3062 478 3077 507 ,
3107 450 3285 499 nonne
3314 455 3479 513 magna
3517 456 3704 511 persecu-

2229 538 2374 593 tione
2426 552 2520 605 per
2546 534 2774 591 Orientis
2803 540 2979 604 partes
3007 531 3318 586 catholicam
3361 530 3562 586 vastavit
3582 533 3709 588 Eccle-

2230 629 2363 682 siam
2399 626 2473 699 (a)
2494 627 2517 681 Ἰ
2538 625 2700 693 Quale
2724 633 2807 679 est
2832 632 3010 677 autem
3030 662 3044 686 ,
3075 636 3181 675 non
3211 620 3540 686 considerare,
3573 622 3711 676 Eccle-

2230 718 2361 771 siam
2394 733 2491 787 per
2534 723 2699 771 totum
2744 713 3002 769 mundum
3044 712 3439 766 fructiﬁcantem
3473 721 3604 782 atque
3633 728 3714 769 cre-

2231 817 2466 864 scentem
2482 823 2638 879 posse
2656 807 2707 862 in
2725 806 2987 876 aliquibus
3007 802 3250 874 gentibus
3261 803 3628 879 persecutionem
3642 805 3715 873 pati

2230 915 2261 954 a
2291 876 2535 970 regibus,
2585 907 2639 953 et
2666 897 2877 967 quando
2903 898 2954 951 in
2982 895 3102 949 aliis
3130 908 3237 948 non
3264 894 3476 962 patitur?
3502 876 3593 947 Nisi
3622 893 3718 950 forte

2230 1006 2337 1045 non
2359 999 2439 1045 est
2460 990 2757 1059 persecutio
2775 985 3152 1055 computanda,
3171 974 3378 1054 quando
3397 998 3483 1038 rex
3494 982 3719 1040 Gothorum

2232 1083 2281 1137 in
2316 1083 2428 1152 ipsa
2455 1081 2645 1136 Gothia
2690 1087 3002 1148 persecutus
3029 1084 3111 1132 est
3138 1075 3461 1130 Christianos
3483 1074 3722 1130 crudelitate

2230 1162 2480 1235 mirabili,
2527 1185 2647 1224 cum
2678 1168 2749 1223 ibi
2780 1181 2886 1222 non
2933 1174 3115 1223 essent
3142 1165 3245 1220 nisi
3274 1163 3518 1227 catholici,
3559 1179 3725 1234 quorum

2232 1263 2441 1332 plurimi
2480 1262 2737 1332 martyrio
2778 1259 3017 1314 coronati
3056 1265 3225 1313 sunt:
3258 1256 3443 1311 sicuta
3482 1255 3726 1325 quibusdam

2232 1352 2504 1419 fratribus,
2538 1352 2626 1421 qui
2675 1362 2801 1404 tunc
2823 1350 2932 1405 illic
2974 1349 3127 1419 pueri
3173 1346 3397 1413 fuerant,
3440 1346 3728 1401 etseistavi-

2232 1441 2375 1497 disse
2417 1442 2788 1496 incunctanter
2831 1430 3295 1501 recordabantur,
3360 1436 3619 1490 audivimus
3653 1437 3728 1505 (b)?

2232 1531 2371 1600 Quid
2412 1531 2571 1586 modo
2613 1532 2665 1585 in
2693 1530 2912 1585 Perside
2944 1522 3056 1601 (c)?
3089 1542 3271 1582 nonne
3311 1528 3380 1581 ita
3405 1527 3454 1581 in
3476 1526 3731 1581 Christianos

2233 1623 2427 1679 ferbuit
2448 1622 2745 1693 persecutio
2771 1619 2849 1694 (si
2875 1630 3049 1675 tamen
3066 1620 3182 1690 jam
3204 1617 3455 1688 quievit),
3476 1626 3524 1671 ut
3540 1615 3733 1686 fugientes

2232 1714 2357 1769 inde
2385 1714 2623 1769 nonnulli
2652 1728 2819 1783 usque
2842 1711 2907 1765 ad
2936 1701 3179 1765 Romana
3210 1707 3401 1778 oppida
3430 1706 3734 1777 pervenerint?

2233 1804 2358 1861 Hazc
2408 1814 2566 1875 atque
2618 1795 2920 1873 hujusmodi
2963 1798 3095 1855 mihi
3120 1791 3412 1869 cogitanti,
3455 1812 3548 1852 non
3583 1784 3735 1849 videtur

2233 1911 2353 1951 esse
2396 1890 2733 1951 definiendus
2785 1900 3039 1948 numerus
3088 1883 3545 1961 persecutionum,
3592 1884 3733 1956 quibus

2235 1981 2471 2041 exerceri
2528 1993 2739 2055 oportet
2795 1974 3112 2038 Ecclesium.
3169 1979 3277 2036 Sed
3314 1994 3487 2033 rursus
3535 1970 3735 2030 afﬁrmare

2234 2070 2438 2147 aliquas
2468 2076 2675 2131 futuras
2702 2091 2731 2130 a
2762 2075 2999 2145 regibus,
3034 2074 3237 2143 praeter
3269 2071 3407 2125 illam
3450 2068 3733 2133 novissimam,

2235 2168 2302 2223 de
2330 2184 2432 2239 qua
2460 2168 2636 2223 nullus
2682 2167 2901 2237 ambigit
2926 2165 3302 2229 Christianus,
3354 2177 3454 2217 non
3484 2161 3662 2215 minoris
3680 2169 3735 2213 est

2236 2255 2566 2313 temeritatis.
2591 2256 2773 2328 Itaque
2796 2257 2895 2312 hoc
2917 2258 2969 2311 in
2990 2256 3175 2311 medio
3196 2254 3544 2324 relinquimus,
3559 2259 3733 2305 neutram

2235 2357 2437 2419 partem
2462 2347 2772 2419 qmestionis
2794 2348 2949 2418 hujus
2970 2355 3306 2411 astrueutes,
3329 2336 3437 2400 sive
3459 2342 3733 2406 destruentes‘,

2235 2441 2330 2496 sed
2359 2441 2725 2496 tantummodo
2754 2441 2820 2495 ab
2846 2436 3155 2495 afﬁrmandi
3184 2430 3460 2510 quodlibet
3498 2435 3653 2490 horum
3672 2438 3736 2486 au-

2235 2530 2350 2589 daci
2377 2533 2795 2603 przesumptlone
2824 2534 3161 2587 revocantes.

2308 2643 2531 2705 CAPUT
2569 2645 2701 2702 LIII.
2745 2644 2824 2700 De
2870 2656 3094 2715 tempore
3141 2643 3428 2700 novissima
3461 2638 3736 2715 persecutionis

2920 2737 3145 2793 occulto.

2308 2852 2360 2906 1ο
2393 2849 2543 2906 Illam
2569 2865 2699 2906 sane
2745 2849 3088 2905 novissimam
3120 2847 3536 2918 persecutionem
3555 2882 3569 2909 ,
3590 2838 3736 2913 quasi

2233 2943 2563 2998 Antichristo
2589 2942 2763 2997 futura
2818 2952 2919 3005 est,
2954 2942 3244 3011 praesentia
3270 2956 3365 2995 sua
3392 2940 3497 3010 ipse
3517 2936 3735 3003 exstinguat

2234 3037 2410 3092 Jesus.
2462 3036 2549 3092 Sic
2597 3037 2740 3091 enim
2787 3035 3046 3104 scriptum
3099 3043 3208 3098 est,
3238 3032 3379 3103 quod
3420 3026 3736 3094 euminterﬁtt'd

2233 3130 2413 3199 spiritu
2439 3131 2540 3182 oris
2564 3128 2659 3192 sui,
2682 3136 2729 3181 et
2748 3127 3002 3181 evacuabit
3026 3127 3402 3180 illuminatione
3422 3121 3651 3194 praesentia
3666 3131 3734 3171 ut!

2235 3222 2323 3291 (11
2358 3220 2538 3274 Thess.
2563 3235 2620 3285 ιι,
2654 3217 2729 3290 8).
2759 3218 2857 3273 Hic
2883 3218 3049 3288 quteri
3079 3218 3241 3281 solet,
3274 3216 3497 3284 Quando
3518 3210 3628 3267 istud
3647 3206 3735 3263 erit?

2234 3313 2542 3382 lmporlune
2566 3313 2806 3367 omnino.
2839 3310 2893 3366 Si
2922 3311 3063 3366 enim
3098 3312 3204 3365 hoc
3234 3310 3387 3365 nobis
3416 3322 3558 3363 nosse
3577 3302 3735 3375 prodes

2232 3413 2333 3469 set,
2363 3419 2393 3458 a
2421 3418 2525 3473 quo
2548 3404 2739 3458 melius
2764 3417 2921 3472 quam
2948 3403 3015 3457 ab
3039 3402 3158 3471 ipso
3190 3402 3300 3456 Deo
3323 3401 3555 3470 magistro
3579 3397 3737 3451 intene-

2231 3494 2475 3565 gantibus
2500 3495 2773 3564 discipulis
2794 3493 3094 3548 diceretur?
3116 3493 3234 3547 Non
3262 3492 3401 3547 enim
3421 3491 3638 3545 siluerunt
3654 3483 3734 3537 inde

2231 3586 2371 3656 apud
2400 3601 2544 3651 eum;
2568 3585 2661 3640 sed
2692 3600 2721 3638 a
2753 3594 3011 3654 prtesente
3039 3585 3366 3653 qumsierunt
3387 3623 3401 3646 ,
3429 3580 3643 3635 dicentes:
3660 3573 3733 3624 Πο-

2231 3680 2387 3745 mine,
2418 3679 2460 3732 si
2499 3679 2592 3731 hoc
2618 3686 2840 3747 tempore
2880 3677 3281 3745 prtesentaberis,
3314 3683 3361 3727 et
3386 3670 3565 3742 quando
3588 3678 3732 3735 regnum

2230 3769 2398 3824 Israel
2426 3770 2441 3801 ¹
2467 3769 2490 3823 ?
2533 3770 2601 3823 At
2631 3769 2748 3823 ille:
2781 3766 2901 3821 Non
2926 3776 3019 3833 est,
3069 3767 3281 3835 inquit,
3309 3773 3511 3818 vestrum
3532 3760 3632 3814 scin
3652 3766 3732 3807 ιεηι·

2230 3880 2375 3935 pora,
2405 3878 2518 3932 qua:
2546 3861 2700 3914 Pater
2743 3863 2795 3915 in
2825 3878 2918 3915 sua
2944 3860 3110 3930 posuit
3138 3868 3381 3931 potestate
3419 3856 3540 3926 (Act.
3563 3868 3594 3917 ι,
3616 3850 3654 3913 6,
3678 3846 3727 3915 η.

2228 3956 2347 4012 Non
2370 3956 2549 4025 utique
2570 3955 2640 4008 illi
2663 3953 2731 4008 de
2748 3954 2897 4018 hora,
2922 3953 3002 4007 vel
3024 3952 3134 4018 die,
3163 3953 3247 4007 vel
3269 3964 3448 4015 annos,
3470 3946 3553 4001 sed
3572 3943 3624 3998 de
3642 3950 3729 3993 ιθίηο

2231 4063 2360 4118 pore
2388 4047 2864 4115 interrogaverunt,
2898 4043 3111 4114 quando
3144 4044 3281 4098 istud
3310 4052 3543 4109 accepere
3566 4045 3725 4101 respon-

2229 4154 2369 4193 sum.
2398 4138 2615 4191 Frustra
2641 4137 2799 4207 igitur
2825 4151 3015 4198 annos,
3040 4135 3129 4205 qui
3156 4135 3278 4188 huic
3303 4131 3486 4187 sarculo
3506 4126 3724 4181 remanet“.

2223 4230 2540 4300 computare
2566 4243 2629 4284 ac
2656 4228 2881 4284 deﬁnire
2920 4242 3186 4283 conamur
3210 4269 3225 4294 ,
3256 4240 3375 4281 cum
3402 4222 3493 4276 hoc
3517 4216 3632 4273 scire
3652 4223 3721 4263 uel

2236 4424 2259 4454 α
2280 4407 2364 4469 qui
2389 4405 2597 4469 subinde
2618 4403 2837 4469 frigidam
2853 4400 3323 4469 mihigsuﬁ'uudchat,
3348 4406 3397 4447 et
3417 4394 3607 4469 sudqfflﬂ

2235 4487 2257 4516 ι
2279 4443 2351 4517 rio
2389 4443 2727 4516 candidissimos;
2766 4466 3087 4527 detergebat;
3116 4466 3181 4513 ita
3198 4443 3258 4512 ut
3279 4443 3418 4527 grave

2235 4511 2257 4576 ι
2279 4511 3057 4578 eamiiiiaaa'aemor'e‘a;sane
3076 4511 3314 4589 tamen
3335 4511 3714 4589 amemus

2221 4592 2434 4655 juvenis,
2462 4592 2695 4655 memoria
2718 4589 3006 4655 saeculorum
3019 4570 3710 4655 ommutuitigui‘ssimgntteljil'lf

2226 4632 3017 4716 enim;'Ei‘t'éaight;sese,
3032 4632 3095 4694 ut
3128 4632 3337 4693 aemutaii
3369 4649 3415 4689 te
3430 4646 3476 4687 et
3498 4637 3660 4699 juvenes
3676 4632 3708 4673 et

2227 4715 2279 4765 et
2295 4728 2444 4763 senes
2468 4720 2775 4774 exoptemus.
2808 4715 2920 4757 tun.
2947 4716 3102 4757 Vives.
3240 4772 3246 4774 Α
3283 4765 3295 4774 ,
3313 4764 3324 4774 ,
3582 4742 3711 4774 "nd,

2290 4748 2497 4831 ῗ
2503 4748 2969 4833 madida
2983 4748 3347 4833 rep-Trwsentabis
3377 4769 3557 4833 regnum,
3568 4748 3703 4833 tsrgfl'?

2225 4838 2317 4901 sed
2336 4809 2646 4897 Ῑδέῦἒιίηιιε,
2680 4840 2734 4881 ιιι
2757 4809 2879 4901 έδΙίῠῖ
2890 4832 2989 4901 jam
3013 4809 3090 4879 est
3112 4832 3408 4901 observatum
3423 4809 3591 4901 "1ng?“
3594 4809 3707 4901 3C3”:

2223 4874 3008 4956 :1“7..3‘c“e;:;,3;2'5r2;sz;.nt2}a,
3017 4874 3090 4941 ἐἰ
3102 4874 3293 4951 agnito
3304 4874 3625 4956 regnumne!
3639 4874 3655 4921 ἓν
3676 4875 3709 4914 F4

2224 4947 2295 5010 sic
2318 4959 2466 5007 habet
2485 4947 2577 5007 hoc
2600 4947 2704 5006 loco
2727 4955 2856 5004 liber
2881 4947 3074 5017 optimm
3097 4947 3225 5002 nota:
3246 4947 3531 5000 Colbertiuus.

2288 5039 2512 5102 ((1)00nf.
2554 5046 2815 5102 Speratem.
2837 5038 2957 5102 nisi.
2997 5033 3243 5102 ccci-lih-
3268 5031 3453 5102 4~..?31’-,-
3470 5022 3699 5102 ἱξθὲοἷξῖῗ

2222 5080 3265 5212 gnat,aggessjiiziéEiiiiaidgasum
3302 5080 3400 5140 lib.’
3424 5082 3453 5135 Ξ
3471 5090 3603 5133 contra
3631 5080 3701 5120 Ltu-

2258 5177 2286 5212 θ
2310 5178 2323 5211 ι
2351 5202 2360 5212 .
2389 5177 2436 5211 Π.
2561 5194 2572 5209 σ

2223 5165 2360 5214 Petil.
2389 5177 2436 5211 n.
2463 5165 2572 5212 me.

2284 5205 2360 5294 ('55
2384 5205 2646 5294 ξίρέῐιέὲίαί
2661 5222 3084 5294 tesi-semitm!“
3116 5225 3247 5294 ηοιξιι
3274 5205 3699 5294 Ρςῐθίξςὲιέἑῗὲἓῗ.ἰ⁰ῗὲ

2221 5268 2941 5337 DominiEffiwinhdhr'istiauos
2955 5268 3154 5337 mutam,
3179 5281 3240 5328 de
3274 5268 3363 5339 qua
3393 5268 3697 5339 lticronjfﬂlfb'tlﬂ

2220 5326 2541 5407 Etiamsi}:
2560 5326 2936 5403 sagittis};
2957 5326 3165 5406 sapias.
3186 5326 3257 5390 ne
3275 5326 3429 5388 eadem
3449 5326 3614 5392 loquitur
3631 5326 3698 5379 ne

2220 5411 2441 5472 phanius,
2467 5412 2645 5458 Hieresi
2670 5408 2750 5472 70.
2772 5416 3021 5461 (ὶοοῠηευδ-
3200 5467 3209 5472 _
3432 5469 3454 5472 μ
3473 5445 3602 5472 ,μεως

2283 5438 2441 5469 ξιιιιιυδ,
2468 5438 2562 5458 ιιιιῐι
2576 5438 2645 5458 υοι
2678 5438 2748 5457 ιυο
2772 5438 3021 5461 υυνυεειυδ.
3545 5450 3554 5460 θ
3595 5445 3602 5455 ,

2283 5473 2352 5534 (c)
2379 5481 2487 5534 Haec
2511 5471 2789 5534 persecutio
2812 5476 3049 5517 commota
3073 5472 3148 5514 est
3171 5467 3289 5534 circa
3306 5452 3603 5534 annuli}
3618 5438 3691 5534 ίξξξ

2218 5503 2576 5595 ειιῦυίςόίξέὼθ
2600 5503 2723 5593 rege
2749 5503 3100 5595 Pegsarumftit
3141 5503 3690 5595 scribit

3005 5564 3273 5669 ίωᾷυξξυι)
3291 5564 3685 5669 γπξὶευὸρᾟωίςῖ

2220 5635 2274 5704 ἶιὶ
2293 5635 2857 5715 ’ἐέἑὲεἶᾷἒῖιῖὺῖῖῐξὰῖιῖἶ
2872 5635 3029 5708 18Ϊοῖ
3044 5635 3343 5711 sicarium,
3362 5644 3432 5689 nn.
3457 5635 3516 5707 tt.
3535 5642 3611 5696 αι)-
3636 5635 3684 5713 "’j

2220 5723 2280 5732 .._
2345 5717 2444 5732 -4],
2491 5731 2498 5732 ,
2540 5730 2548 5732 ξ
2580 5730 2668 5732 _,,_,
2696 5718 2876 5732 _e,.:_--_
2907 5713 3207 5732 ,μδ-ξυιυη.-
3266 5710 3323 5732 ιιι.
3363 5703 3413 5732 m
3430 5704 3520 5732 male
3551 5688 3673 5732 [tum

2219 5698 2287 5827 Igne
2305 5698 2893 5827 "gdB'ﬁFp'é-Es'eehiiéne'
2905 5698 3209 5765 cassiodorus
3226 5744 3241 5773 ,
3265 5698 3339 5759 libi
3363 5703 3413 5755 lt)
3430 5700 3523 5748 Hist.
3551 5698 3611 5748 tul

2278 5792 2323 5827 n.
2405 5812 2417 5826 .

2219 5790 2323 5842 cap.
2342 5790 2417 5827 ou.
