3940 6500
435 444 533 507 19-1

433 566 686 636 subjectus
712 563 803 619 erit
823 561 868 615 ci
888 559 971 631 qui
991 559 1066 614 illi
1092 560 1301 633 subjecit
1316 556 1507 627 omnia(
1529 557 1550 612 l
1579 556 1697 612 Cor.
1725 569 1819 623 xv,
1848 550 1920 609 28
1945 550 1963 621 )
1995 566 2010 616 ;

435 669 521 726 et,
560 658 701 713 Vada
740 657 806 711 ad
830 655 1035 709 Patrem
1061 671 1226 709 meum
1254 663 1300 708 et
1328 651 1533 708 Patrem
1573 658 1819 715 vestrum,
1855 645 2019 700 Deum

438 770 600 807 meum
625 761 672 805 et
713 750 876 804 Deum
913 758 1131 803 vestrum
1164 746 1350 820 (Joan.
1377 763 1443 800 xx
1465 787 1479 811 ,
1514 745 1612 816 l7)
1641 760 1655 809 ;
1685 752 1740 798 et
1765 738 2038 815 nonnulla

436 843 736 914 hujusmodi
771 862 784 897 :
817 858 936 912 quae
961 842 1138 895 omnia
1169 840 1338 908 posita
1375 846 1537 905 sunt,
1580 851 1689 890 non
1725 841 1782 887 ut
1817 839 2039 911 natura}

434 942 592 1006 atque
621 935 930 989 substantiae
960 931 1370 1002 inrcqualitatem
1401 928 1735 999 signiﬁcent,
1784 941 1852 981 ne
1890 923 2020 979 falsa

434 1026 543 1081 sint
567 1025 655 1080 illa
680 1066 695 1091 ,
723 1024 837 1096 Ego
864 1033 909 1078 et
940 1022 1098 1077 Pater
1125 1037 1280 1076 unum
1302 1037 1473 1075 sumus
1495 1019 1515 1091 (
1536 1018 1621 1073 Id.
1644 1035 1697 1083 x,
1742 1016 1845 1088 30)
1875 1033 1889 1082 ;
1931 1025 1984 1071 et
2003 1058 2018 1085 ,

439 1117 540 1183 Qui
566 1133 646 1170 me
664 1117 808 1181 vidit,
834 1115 954 1170 vidit
975 1125 1019 1170 et
1048 1113 1256 1192 Patrem
1287 1130 1453 1195 meum
1482 1110 1599 1183 (Id.
1628 1126 1721 1165 xiv
1740 1150 1755 1175 ,
1783 1107 1856 1182 9)
1882 1125 1896 1175 ;
1929 1119 1982 1164 ct
2002 1150 2017 1175 ,

436 1209 576 1265 Deus
605 1219 712 1264 erat
756 1208 1013 1275 Verbum;
1043 1224 1146 1264 non
1173 1208 1315 1287 enim
1346 1208 1512 1262 lactus
1534 1214 1615 1261 est
1635 1247 1650 1270 ,
1682 1219 1803 1260 cum
1842 1201 2020 1258 omnia

435 1317 534 1374 per
562 1301 735 1371 ipsum
763 1302 897 1356 facta
925 1302 1031 1357 sint
1059 1300 1185 1373 (Id.
1209 1316 1247 1368 ι,
1279 1300 1330 1367 1,
1364 1298 1433 1370 '5)
1468 1318 1481 1355 ε
1508 1306 1562 1355 et
1583 1340 1598 1365 ,
1630 1295 1750 1351 Non
1788 1296 2022 1367 rapinam

437 1394 712 1448 arbitratus
751 1402 824 1448 est
849 1410 954 1448 esse
989 1393 1200 1464 wqualis
1228 1391 1378 1456 Deo;
1419 1400 1472 1447 et
1505 1401 1694 1446 caetera
1724 1388 1845 1445 talia
1879 1406 1894 1445 :
1925 1388 2021 1444 sed

437 1484 525 1540 illa
560 1486 727 1556 posita
745 1495 887 1553 sunt,
908 1486 1098 1556 partim
1132 1496 1347 1557 prOpter
1366 1482 1877 1539 administrationem
1898 1484 2037 1536 sus-'

436 1578 576 1646 cepti
617 1578 880 1645 hominis,
937 1595 1041 1650 qua
1083 1579 1313 1642 dicitur,
1372 1577 1709 1648 Semetipsum
1746 1576 2020 1631 exinanivit

439 1667 716 1741 (Philipp,
746 1687 803 1737 ιι,
836 1672 869 1727 6
898 1670 917 1741 )
944 1688 958 1737 ;
989 1685 1092 1725 non
1119 1671 1239 1741 quia
1280 1678 1483 1725 mutata
1504 1677 1586 1724 cst
1614 1669 1705 1723 illa
1728 1666 2018 1738 Sapientia,

439 1774 560 1817 cum
589 1763 657 1817 sit
680 1763 900 1819 omnino
926 1762 1370 1818 incommutabilis
1398 1779 1413 1828 ;
1444 1761 1537 1817 sed
1567 1761 1688 1832 quia
1720 1768 1825 1815 tam
1848 1760 2035 1814 humi-'

439 1852 560 1910 liter
599 1854 903 1912 hominibus
929 1857 1265 1911 innotescere
1292 1854 1455 1909 voluit
1486 1872 1499 1908 :
1528 1853 1718 1924 partim
1745 1867 1871 1923 ergo
1896 1867 2023 1924 pro-

436 1954 558 2015 pter
583 1948 721 2003 hanc
756 1948 1267 2003 administrationem
1300 1948 1389 2002 illa
1431 1947 1503 2001 ita
1529 1947 1722 2017 scripta
1764 1953 1924 2010 sunt,
1954 1944 2022 2000 dc

435 2037 629 2108 quibus
656 2038 892 2095 lnuretici
928 2039 1323 2095 calumniantur
1355 2059 1369 2107 ;
1416 2039 1608 2109 partim
1640 2046 1853 2108 propter
1882 2036 1984 2093 hoc
2004 2078 2019 2105 ,

435 2130 557 2199 quia
584 2130 749 2187 Filius
788 2132 930 2188 Patri
959 2132 1118 2188 debet
1149 2131 1290 2204 quod
1329 2140 1441 2197 est,
1468 2126 1595 2186 hoc
1633 2132 1792 2186 etiam
1822 2130 2022 2187 debens

435 2221 619 2293 utique
656 2223 797 2278 Patri
822 2223 960 2294 quod
1005 2224 1175 2280 eidem
1219 2223 1362 2279 Patri
1390 2223 1609 2294 aequalis
1654 2231 1746 2277 aut
1772 2237 1870 2294 par
1895 2218 2039 2291 est;

433 2309 594 2367 Pater
619 2322 795 2369 autem
824 2314 954 2369 nulli
980 2314 1138 2371 debet
1168 2314 1422 2385 quidquid
1447 2322 1547 2369 est.

503 2404 591 2460 19.
633 2405 709 2460 De
749 2404 950 2475 Spiritu
979 2414 1164 2461 sancto
1197 2414 1373 2461 autem
1405 2405 1638 2460 nondum
1669 2414 1775 2460 tam
1806 2394 2035 2477 copiose

431 2510 497 2551 ac
529 2496 812 2568 diligenter
841 2497 1167 2566 disputatum
1196 2506 1279 2553 est
1306 2513 1335 2551 a
1362 2497 1532 2552 doctis
1572 2505 1626 2553 ct
1654 2498 1859 2568 magnis
1889 2498 2022 2553 divi-

432 2604 623 2644 narum
663 2588 1056 2660 Scripturarum
1098 2592 1489 2657 tractatoribus,
1521 2599 1578 2646 ut
1608 2591 1829 2662 intelligi
1867 2591 2021 2650 facile

430 2681 602 2750 possit
631 2690 685 2737 et
708 2682 823 2753 ejus
844 2683 1138 2753 proprium,
1167 2699 1273 2754 quo
1294 2683 1508 2755 proprio
1536 2682 1594 2738 fit
1615 2692 1671 2738 ut
1698 2698 1819 2738 eum
1848 2699 2021 2755 nequc

429 2773 623 2829 Filium
669 2792 841 2847 neque
869 2777 1081 2834 Patrem
1122 2778 1297 2835 dicere
1348 2779 1632 2849 possimus,
1680 2780 1775 2837 scd
1813 2789 2033 2859 tantum)

428 2864 684 2937 Spiritum
720 2879 999 2936 sanctum;
1031 2871 1131 2926 nisi
1176 2870 1313 2941 quod
1352 2885 1476 2927 eum
1519 2871 1716 2926 donum
1760 2871 1852 2927 Dei
1901 2887 2021 2927 esse

428 2957 740 3027 praedicant,
785 2969 842 3014 ut
880 2961 1046 3018 Deum
1090 2963 1371 3017 credamus
1399 2978 1504 3017 non
1534 2979 1593 3018 se
1635 2964 1750 3033 ipso
1796 2958 2037 3021 inferius

428 3046 627 3104 donum
672 3050 820 3107 dare.
861 3049 1085 3108 Servant
1130 3064 1305 3108 tamen
1347 3063 1404 3108 ut
1447 3069 1553 3109 non
1582 3055 1816 3125 genitum
1846 3055 2015 3125 Spiri-

427 3145 542 3194 tum
582 3149 825 3196 sanctum
869 3153 1119 3213 tanquam
1146 3144 1338 3199 Filium
1378 3144 1446 3199 de
1492 3145 1647 3200 Patre
1691 3145 2014 3215 praedicent;

426 3230 614 3287 unicus
656 3233 798 3288 enim
826 3241 909 3290 est
953 3233 1239 3291 Christus:
1272 3250 1444 3307 neque
1481 3235 1548 3293 de
1586 3237 1723 3292 Filio
1768 3246 2016 3309 tanquam

425 3330 673 3393 nepotem
703 3326 895 3380 summi
925 3326 1097 3383 Patris
1125 3346 1138 3382 :
1171 3343 1270 3385 nec
1297 3337 1471 3386 tamen
1502 3330 1555 3386 id
1581 3331 1723 3403 quod
1752 3340 1854 3399 est,
1887 3333 2016 3388 nulli

423 3412 642 3484 debere,
673 3419 769 3475 sed
798 3419 963 3488 Patri,
1009 3437 1073 3477 ex
1114 3438 1219 3494 quo
1256 3425 1433 3480 omnia
1459 3443 1473 3491 ;
1505 3440 1570 3481 ne
1596 3425 1701 3482 duo
1726 3428 2016 3482 constitua-

423 3520 545 3561 mus
570 3507 832 3579 principia
857 3510 975 3567 sine
1002 3512 1286 3584 principio,
1319 3515 1460 3585 quod
1492 3515 1834 3572 falsissimum
1855 3525 1937 3571 est
1962 3518 2037 3573 et

421 3596 885 3669 absurdissimum,
927 3611 1117 3659 etnon
1153 3606 1426 3662 catholica:
1455 3606 1599 3674 ﬁdei,
1639 3608 1734 3663 sed
1764 3625 2037 3692 quorum-.

422 3689 547 3745 dam
577 3691 954 3749 haereticorum
993 3698 1163 3751 errori
1193 3698 1489 3769 proprium.
1531 3701 1660 3755 Ausi
1687 3710 1810 3756 sunt
1837 3711 2011 3760 tamen

421 3779 638 3851 quidam
666 3781 833 3852 ipsam
862 3786 1293 3842 communionem
1316 3788 1488 3843 Patris
1510 3797 1563 3844 et
1589 3789 1728 3858 Filii,
1752 3802 1930 3864 atque,
1955 3805 2015 3850 ut

422 3870 496 3928 ita
524 3873 718 3940 dicam,
764 3874 1036 3943 deitatem,
1082 3892 1239 3946 quam
1267 3880 1437 3934 Graeci
1461 3889 1662 3944 θεότητα
1700 3885 2010 3954 appellant,

421 3964 677 4036 Spiritum
706 3976 946 4024 sanctum
984 3969 1206 4027 credere
1236 3989 1249 4026 :
1278 3981 1356 4041 ut,
1400 3974 1648 4041 quoniam
1686 3977 1846 4033 Pater
1873 3978 2014 4036 Deus

421 4069 476 4115 et
503 4059 670 4116 Filius
701 4062 859 4129 Deus,
884 4064 997 4134 ipsa
1023 4064 1214 4133 deitas,
1243 4083 1345 4138 qua
1371 4067 1473 4125 sibi
1502 4071 1820 4140 copulantur
1845 4083 1899 4129 et
1920 4074 2010 4131 ille

419 4151 688 4224 gignendo
713 4154 906 4210 Filittm
931 4166 986 4213 et
1011 4158 1102 4215 ille
1134 4158 1278 4216 Patri
1298 4160 1636 4230 cohterendo,
1668 4166 1769 4220 eia
1798 4181 1904 4237 quo
1930 4176 2013 4223 est

418 4245 630 4315 genitus
668 4255 926 4317 aequetur.
969 4249 1116 4307 Hanc
1159 4256 1286 4324 ergo
1329 4253 1602 4322 deitatem,
1648 4272 1806 4327 quam
1852 4258 2011 4314 etiam

419 4332 759 4393 dilectionem
803 4338 857 4394 in
902 4354 960 4396 se
1002 4341 1228 4398 invicem
1268 4346 1543 4401 amborum
1588 4347 2012 4422 charitatemque

416 4427 602 4484 volunt
630 4430 871 4503 intelligi,
903 4432 1160 4505 Spiritum
1189 4447 1429 4494 sanctum
1456 4442 1779 4512 appellatum
1804 4443 2006 4513 dicunt,

418 4520 704 4593 multisque
726 4521 1119 4593 Scripturarum
1158 4527 1493 4587 documentis
1517 4532 1711 4588 adsunt
1740 4533 1863 4589 huic
1889 4537 2007 4606 opi-

417 4609 562 4665 nioni
587 4625 728 4677 sua};
759 4613 873 4669 sive
894 4616 983 4671 illo
1004 4618 1145 4687 quod
1168 4618 1365 4676 dictum
1388 4631 1489 4689 est,
1518 4623 1770 4689 Quoniam
1790 4625 2008 4682 charitas

416 4696 516 4753 Dei
541 4699 730 4765 diffusa
750 4712 824 4756 est
848 4703 900 4756 in
930 4707 1163 4759 cordibus
1191 4714 1373 4764 nostris
1400 4728 1488 4781 per
1509 4713 1759 4781 Spiritunt
1779 4725 2008 4770 sanctum

415 4789 503 4859 qui
526 4789 674 4844 datus
708 4802 781 4845 est
820 4792 961 4848 nobis
987 4794 1161 4865 (Rom.
1196 4813 1246 4862 ν,
1275 4798 1366 4869 5);
1396 4801 1507 4855 sive
1531 4803 1649 4857 aliis
1679 4803 1861 4859 multis
1889 4806 2008 4860 tali-

414 4881 515 4938 bus
540 4883 857 4939 testimoniis
879 4902 893 4951 ;
915 4896 1053 4943 eteo
1076 4873 1191 4957 ipso
1213 4891 1351 4959 quod
1379 4907 1472 4962 per
1491 4892 1744 4964 Spiritum
1763 4906 2007 4953 sanctum

415 4973 826 5030 reconciliamur
851 4975 983 5045 Deo,
1016 4978 1158 5034 unde
1183 4980 1341 5035 etiam
1371 4997 1491 5036 cum
1522 4983 1719 5042 donum
1747 4988 1842 5044 Dei
1869 4987 2004 5044 dici-

413 5073 518 5133 tur,
565 5068 693 5122 satis
724 5068 1011 5139 signiﬁcari
1052 5072 1236 5126 volunt
1259 5074 1571 5131 cbaritatcm
1602 5079 1701 5135 Dei
1731 5095 1851 5137 esse
1880 5082 2003 5153 Spi-

413 5157 573 5212 ritum
599 5166 863 5214 sanctum.
902 5160 1017 5216 Non
1047 5164 1189 5218 enim
1223 5167 1627 5225 reconciliamur
1655 5172 1752 5241 illi,
1782 5174 1885 5231 nisi
1910 5191 2004 5246 per
2029 5161 2035 5170 ’

412 5246 773 5317 dilectionem,
809 5265 913 5321 qua
943 5252 1103 5308 etiam
1133 5253 1225 5310 ﬁlii
1256 5257 1272 5287 ⁸
1299 5258 1626 5328 appellamur
1667 5262 1712 5333 (Ι
1735 5261 1891 5319 Joau.
1922 5283 1999 5336 ill,
2030 5252 2033 5261 ’

412 5338 470 5410 1)
500 5356 514 5392 :
548 5355 653 5394 non
671 5341 782 5411 jam
802 5344 904 5400 sub
930 5345 1121 5401 timore
1147 5355 1393 5418 tanquam
1424 5351 1581 5418 servi,
1609 5355 1728 5424 quia
1750 5372 2000 5413 consum-
2029 5350 2035 5360 ’

409 5440 554 5488 mata
584 5432 798 5490 dilectio
844 5435 988 5493 foras
1031 5439 1194 5494 mittit
1238 5440 1477 5498 timorem
1527 5445 1635 5517 (Id.
1669 5464 1739 5515 iV,
1780 5450 1916 5529 718);
1949 5459 2003 5507 et

410 5526 666 5600 Spiritum
695 5530 957 5589 libertatis
984 5534 1307 5604 accepimus,
1336 5537 1388 5590 in
1416 5554 1514 5606 quo
1539 5528 1836 5609 clamamus,
1861 5545 2001 5599 Abba

413 5624 769 5695 Pater(Rom.
802 5641 919 5696 vui,
954 5627 1065 5697 15).
1108 5627 1178 5683 Ει
1205 5630 1324 5700 quia
1351 5632 1674 5688 reconciliati
1706 5645 1758 5690 et
1786 5636 1836 5690 in
1870 5639 2001 5693 ami-
2096 5683 2111 5695 .

414 5709 592 5765 citium
623 5718 855 5791 revocati
895 5732 992 5788 per
1019 5718 1333 5777 cbaritatcm
1362 5719 1470 5791 (Id.
1502 5737 1556 5788 v,
1589 5723 1747 5798 8-10)
1794 5731 1997 5799 poteri-

414 5817 536 5863 mus
581 5806 756 5859 omnia
805 5809 901 5865 Dei
948 5820 1167 5867 secreta
1198 5829 1561 5885 cognoscere,
1605 5828 1883 5891 propterea
1930 5824 1997 5882 de

458 5916 497 5999 f
527 5916 580 5963 ω
602 5912 1043 5989 Wsaasaddttur,
1066 5925 1336 5995 Dei;un
1355 5932 1499 5991 abest
1522 5946 1550 5989 a
1573 5943 1677 5992 uss.

1402 439 1494 497 DE
1532 436 1691 497 FIDE
1728 433 1816 493 ET
1855 426 2185 494 SYMBOLO,
2224 426 2282 483 S.
2322 426 2694 486 AUGUSTINI

3600 435 3715 497 l9!

2127 543 2322 616 Spiritu
2349 555 2529 604 sancto
2556 548 2768 617 dicitur,
2800 548 2925 621 Ipse
2940 566 3027 608 vos
3050 552 3253 610 inducet
3270 553 3326 611 in
3350 569 3547 614 omnem
3571 561 3714 617 veri-

2123 647 2273 694 tatem
2294 639 2472 711 (Joan.
2503 657 2615 709 xvi,
2646 642 2758 716 15).
2799 643 3085 715 Propterea
3102 656 3154 703 et
3168 651 3489 708 conﬁdentia
3509 655 3715 725 praedi-

2123 734 2307 790 candaa
2327 735 2583 804 veritatis,
2601 751 2704 808 qua
2720 737 2922 809 impleti
2940 747 3064 795 sunt
3089 741 3144 796 in
3168 742 3397 800 adventu
3424 745 3542 817 ejus
3564 747 3716 821 Apo-

2124 828 2246 883 stoli
2294 828 2427 900 (Act.
2467 844 2526 895 ιι,
2576 828 2653 900 4),
2702 842 2849 909 recte
2891 830 3138 888 charitati
3175 834 3459 904 tribuitur;
3491 837 3618 909 quia
3660 849 3720 897 et

2124 920 2416 979 difﬁdentia
2444 924 2620 979 timori
2641 924 2818 991 datur,
2842 940 2999 996 quem
3020 930 3409 984 consummatio
3428 930 3715 988 charitatis

2126 1013 2376 1070 excludit.
2417 1013 2540 1072 Ideo
2567 1017 2727 1072 etiam
2757 1016 2953 1073 donum
2999 1019 3097 1076 Dei
3140 1018 3334 1076 dicitur
3364 1021 3580 1094 (Ephes.
3616 1039 3714 1092 ιιι,

2127 1105 2202 1175 7),
2233 1107 2354 1178 quia
2383 1122 2449 1164 eo
2476 1108 2619 1179 quod
2643 1111 2868 1182 quisque
2895 1113 3041 1167 novit
3069 1128 3179 1169 non
3209 1113 3417 1181 fruitur,
3450 1117 3555 1172 nisi
3581 1126 3637 1174 et
3660 1118 3717 1174 id

2127 1195 2329 1268 diligat.
2360 1197 2485 1254 Frui
2502 1207 2678 1256 autem
2702 1201 2960 1272 sapientia
2987 1203 3104 1272 Dei,
3127 1204 3259 1259 nihil
3285 1215 3368 1262 est
3392 1206 3534 1262 aliud
3553 1223 3723 1278 quam

2127 1289 2177 1344 ei
2197 1289 2480 1346 dilectione
2490 1291 2762 1349 cohaerere
2782 1311 2795 1348 :
2815 1309 2987 1365 neque
2999 1296 3277 1368 quisquam
3292 1297 3347 1352 in
3364 1312 3429 1354 co
3444 1299 3589 1370 quod
3602 1315 3726 1371 per-

2126 1380 2255 1451 cipit
2278 1391 2574 1452 permanct,
2607 1384 2707 1439 nisi
2733 1384 3053 1454 dilectione;
3100 1396 3158 1444 ct
3189 1388 3310 1445 ideo
3333 1389 3566 1461 Spiritus
3592 1407 3722 1447 san-

2127 1481 2246 1529 ctus
2291 1474 2502 1541 dicitur,
2548 1477 2795 1547 quoniam
2836 1478 2902 1534 ad
2946 1483 3366 1550 permanendum
3405 1486 3722 1543 sanciuntur

2127 1582 2473 1639 quaecumque
2498 1570 2811 1627 sanciuntur
2830 1574 2872 1641 ⁸,
2899 1590 2996 1630 nec
3020 1574 3238 1633 dubium
3268 1587 3349 1634 est
3368 1595 3401 1635 a
3425 1578 3721 1636 sanciendo

2127 1663 2457 1719 sanctitatem
2513 1666 2712 1742 vocari.
2760 1666 2983 1724 Maxime
3031 1680 3208 1726 autem
3258 1673 3350 1729 illo
3405 1675 3721 1732 testimonio

2128 1762 2683 1827 utunturpassertores
2725 1758 2881 1830 hujus
2922 1764 3221 1833 sententitc,
3267 1765 3409 1837 quod
3453 1768 3722 1838 scriptum

2128 1856 2229 1916 cst,
2265 1847 2413 1915 Quod
2440 1860 2612 1905 uatum
2650 1860 2725 1907 est
2749 1854 2811 1907 de
2836 1870 3006 1924 carne,
3031 1873 3148 1911 caro
3170 1865 3283 1923 est;
3307 1868 3354 1914 et
3377 1861 3513 1930 quod
3540 1870 3721 1916 natum

2128 1951 2199 1996 est
2223 1942 2284 1996 de
2306 1942 2524 2014 Spiritu,
2555 1946 2766 2016 spiritus
2786 1957 2857 2002 est
2878 1947 3057 2020 (locu.
3085 1966 3161 2016 tu,
3191 1951 3245 2023 6)
3275 1969 3288 2006 :
3317 1954 3555 2022 quoniam
3576 1953 3719 2011 Deus

2128 2026 2375 2102 Spiritus
2401 2045 2474 2090 est
2514 2035 2626 2105 (Id.
2668 2054 2741 2106 iv,
2773 2037 2891 2110 24).
2935 2040 3029 2096 llic
3068 2042 3210 2097 enim
3249 2047 3717 2115 regenerationem

2125 2114 2359 2182 nustram
2403 2128 2532 2184 dicit
2557 2133 2599 2198 ²,
2631 2146 2750 2202 qua:
2788 2121 2892 2187 non
2922 2134 3213 2190 secundum
3251 2135 3420 2192 Adam
3457 2137 3526 2194 de
3550 2154 3721 2197 carne

2125 2225 2227 2283 est,
2257 2217 2349 2272 sed
2374 2219 2667 2275 secundum
2704 2221 2974 2277 Christum
3004 2222 3071 2278 de
3098 2224 3297 2295 Spiritu
3317 2235 3523 2283 sancto.
3571 2229 3720 2297 Qua-

2124 2317 2343 2378 propter
2367 2309 2412 2364 si
2442 2309 2669 2381 Spiritus
2703 2313 2872 2368 sancti
2901 2313 3003 2369 hoc
3031 2314 3149 2371 loco
3189 2315 3326 2372 facta
3356 2328 3438 2374 est
3477 2334 3723 2377 commca

2124 2402 2374 2469 moratio,
2402 2419 2523 2459 cum
2550 2404 2750 2460 dictum
2778 2415 2878 2473 est,
2913 2406 3165 2476 Quoniam
3186 2408 3326 2465 Deus
3355 2411 3581 2483 Spiritus
3598 2425 3718 2472 est:

2124 2492 2650 2551 animadvertendum
2676 2497 2880 2569 dicunt,
2906 2514 3013 2555 non
3039 2500 3242 2558 dictum
3277 2517 3418 2570 esse,
3447 2504 3718 2573 Quoniam

2122 2582 2350 2654 Spiritus
2381 2587 2521 2643 Deus
2550 2598 2632 2645 cst
2656 2590 2711 2656 ³;
2743 2591 2859 2656 sed,
2895 2591 3147 2658 Quoniam
3174 2593 3313 2651 Deus
3347 2596 3574 2667 Spiritus
3596 2609 3720 2667 est;

2122 2685 2182 2732 ut
2212 2679 2323 2749 ipsa
2353 2679 2525 2736 deitas
2554 2682 2726 2740 Patris
2752 2693 2803 2740 et
2832 2683 2953 2739 Filii
2984 2685 3085 2740 hoc
3115 2687 3235 2742 loco
3262 2686 3405 2744 dicta
3443 2689 3516 2745 sit
3545 2690 3716 2761 Deus,

2122 2769 2264 2839 quod
2289 2779 2372 2826 est
2399 2771 2627 2842 Spiritus
2654 2784 2888 2831 sanctus.
2932 2776 3047 2831 liuc
3072 2777 3277 2834 accedit
3301 2778 3443 2834 aliud
3473 2782 3721 2838 testimo-

2123 2863 2268 2917 nium
2307 2865 2449 2934 quod
2490 2866 2618 2922 dicit
2653 2867 2884 2925 Joannes
2926 2871 3219 2940 apostolus,
3267 2871 3519 2941 Quoniam
3563 2874 3713 2932 Deus

2122 2953 2323 3007 dilectio
2345 2965 2416 3009 est
2445 2955 2486 3028 (Ι
2509 2956 2666 3013 Joan.
2707 2976 2782 3028 iv,
2818 2960 2928 3032 16).
2974 2961 3147 3017 Etiam
3173 2964 3261 3020 hic
3290 2966 3428 3021 enim
3452 2982 3562 3023 non
3592 2968 3673 3023 ait
3699 3009 3716 3038 ,

2121 3036 2345 3100 Dilectio
2365 3045 2506 3102 Deus
2526 3057 2607 3104 est
2629 3066 2645 3116 ;
2677 3050 2791 3119 sed,
2821 3051 2958 3107 Deus
2985 3053 3185 3109 dilectio
3206 3063 3277 3110 est
3290 3072 3309 3122 ;
3332 3066 3387 3111 ut
3406 3057 3521 3127 ipsa
3541 3036 3719 3116 deitas

2121 3133 2337 3191 dilectio
2384 3137 2729 3211 intelligatur.
2776 3142 2843 3196 Et
2886 3143 3028 3214 quod
3077 3145 3134 3200 in
3178 3146 3265 3202 illa
3307 3150 3719 3209 enumeratione

2120 3243 2481 3287 connexarum
2528 3233 2628 3289 sibi
2679 3249 2878 3300 rerum,
2928 3236 3016 3291 ubi
3060 3236 3274 3305 dicitur,
3326 3238 3511 3296 Omnia
3548 3252 3718 3299 vestra

2119 3331 2254 3391 sunt,
2278 3340 2363 3378 vos
2399 3334 2567 3378 autem
2607 3323 2813 3396 Clt'risti,
2843 3326 3074 3384 Christus
3093 3341 3261 3385 autem
3282 3330 3381 3387 Dei
3408 3332 3451 3406 (l
3477 3333 3594 3389 Cor.
3618 3352 3714 3407 tu,

2119 3413 2210 3480 22,
2253 3413 2346 3485 25)
2375 3432 2390 3480 ;
2423 3424 2496 3485 et,
2529 3415 2693 3489 Caput
2722 3419 2945 3476 mulieris
2993 3421 3087 3489 vir,
3130 3432 3282 3494 caput
3318 3425 3413 3479 viri
3440 3424 3673 3484 Christus
3692 3471 3712 3497 ,

2118 3515 2270 3576 caput
2294 3516 2462 3562 autem
2488 3507 2675 3564 Christi
2696 3509 2854 3577 Deus,
2887 3512 3029 3568 nulla
3056 3513 3117 3569 fit
3140 3519 3578 3575 commemoratio
3598 3519 3718 3591 Spi-

2117 3598 2253 3654 ritus
2282 3602 2483 3666 sancti;
2527 3602 2595 3657 ad
2622 3602 2724 3659 hoc
2750 3605 3016 3674 pertinere
3060 3606 3263 3677 dicunt,
3292 3609 3417 3680 quia
3457 3625 3567 3667 non
3595 3610 3717 3672 fere

2118 3687 2173 3744 in
2200 3689 2265 3745 iis
2294 3705 2412 3761 quae
2439 3691 2539 3746 sibi
2567 3708 2806 3750 connexa
2831 3706 2956 3752 sunt
2982 3699 3254 3754 numerari
3284 3701 3419 3757 solet
3444 3702 3557 3773 ipsa
3578 3718 3717 3761 con-

2118 3780 2295 3835 nexio.
2334 3781 2482 3839 Unde
2525 3784 2577 3839 in
2609 3785 2699 3841 illo
2726 3786 2887 3841 etiam
2930 3787 3050 3844 loco
3075 3789 3388 3847 Trinitatem
3428 3794 3602 3864 ipsam
3629 3795 3717 3852 vi-

2117 3870 2311 3951 dentur
2337 3889 2626 3946 agnoscere
2651 3879 2741 3949 qui
2770 3879 2951 3951 legunt
2992 3883 3266 3952 attentius,
3315 3899 3439 3942 cum
3468 3887 3670 3945 dicitur
3694 3933 3712 3959 ,

2120 3965 2372 4031 Quoniam
2414 3986 2478 4025 ea:
2499 3973 2627 4043 ipso,
2664 3982 2708 4028 et
2743 3991 2831 4045 per
2850 3975 3037 4045 ipsum,
3066 3978 3194 4032 etin
3231 3977 3343 4049 ipso
3375 3989 3495 4035 sunt
3534 3983 3716 4038 omnia

2117 4058 2294 4132 (Rom.
2318 4079 2393 4128 xi,
2424 4063 2535 4135 56).
2583 4064 2667 4120 Ea:
2708 4067 2839 4136 ipso,
2872 4077 3122 4140 tanquam
3151 4087 3217 4128 ex
3241 4086 3308 4128 eo
3334 4073 3424 4143 qui
3448 4073 3580 4128 nulli
3608 4072 3714 4132 de-

2118 4150 2208 4208 bet
2234 4154 2375 4224 quod
2414 4166 2529 4223 est;
2563 4172 2653 4227 per
2691 4158 2880 4228 ipsum,
2911 4168 3160 4232 tanquam
3192 4178 3290 4235 per
3313 4165 3667 4221 mediatorem
3694 4185 3711 4236 ;

2114 4243 2168 4299 in
2191 4246 2320 4316 ipso,
2370 4257 2618 4317 tanquam
2648 4250 2703 4306 in
2743 4266 2810 4309 eo
2840 4254 2931 4325 qui
2971 4258 3228 4327 continet,
3260 4258 3316 4315 id
3343 4268 3446 4329 est,
3476 4260 3710 4332 copula-

2116 4333 2262 4391 tione
2286 4337 2578 4410 conjungit.

2307 4427 2440 4485 Huic
2478 4434 2754 4491 sententia:
2798 4437 3187 4508 contradicunt,
3239 4443 3333 4512 qui
3374 4442 3714 4504 arbitrantur

2113 4522 2267 4593 istam
2313 4527 2764 4597 communionem,
2794 4545 2955 4600 quam
3001 4531 3118 4588 sive
3146 4533 3399 4591 deitatem
3425 4536 3540 4593 sive
3567 4538 3710 4596 dile-

2111 4600 2340 4671 ctionem
2384 4617 2497 4672 sive
2524 4616 2837 4675 charitatem
2876 4623 3224 4693 appellamus,
3271 4641 3379 4682 non
3414 4642 3535 4684 esse
3579 4631 3711 4687 sub-

2111 4704 2360 4760 stantiam
2394 4724 2409 4760 :
2440 4718 2686 4778 quaerunt
2709 4718 2886 4767 autem
2913 4714 3204 4770 secundum
3231 4717 3583 4775 substantiam
3603 4721 3709 4779 sibi

2110 4799 2304 4866 exponi
2328 4797 2585 4869 Spiritum
2612 4812 2877 4873 sanctum,
2925 4821 3028 4864 nec
3054 4807 3356 4882 intelligunt
3395 4827 3505 4869 non
3546 4814 3711 4871 aliter

2110 4889 2347 4957 potuisse
2386 4889 2511 4960 dici,
2561 4892 2713 4971 Deus
2748 4895 2949 4951 dilectio
3001 4907 3092 4968 est,
3145 4901 3245 4956 nisi
3293 4912 3438 4959 esset
3484 4903 3708 4964 dilectio

2110 4978 2422 5036 substantia.
2479 4983 2754 5041 Ducuntur
2812 4988 3009 5060 quippe
3071 4993 3456 5052 consuetudine
3514 5011 3704 5054 rerum

2109 5074 2501 5144 corporalium;
2541 5079 2793 5148 quoniam
2828 5081 2875 5136 si
2909 5081 3014 5136 duo
3042 5082 3146 5138 sibi
3189 5099 3411 5157 corpora
3438 5090 3705 5160 copulen-

2110 5170 2216 5233 tur,
2245 5166 2317 5221 ita
2357 5175 2437 5249 ut_
2450 5167 2600 5238 juxta
2630 5170 2860 5229 invicem
2888 5174 3239 5246 collocentur,
3288 5179 3402 5250 ipsa
3426 5183 3704 5254 copulatio

2108 5270 2214 5311 non
2237 5267 2321 5313 est
2340 5246 2571 5330 corpus;
2598 5263 3048 5334 quandoquidem,
3081 5246 3339 5340 separatis
3369 5269 3474 5327 illis
3493 5246 3700 5345 corpo-

2107 5349 2254 5406 ribus
2282 5366 2400 5420 quae
2426 5354 2668 5423 copulata
2696 5354 2925 5425 fuerant,
2956 5359 3099 5414 nulla
3126 5361 3398 5419 invenitur
3425 5382 3439 5418 :
3474 5380 3577 5422 nec
3619 5376 3702 5421 ta-

2106 5455 2231 5497 men
2255 5442 2404 5513 quasi
2444 5444 2755 5503 discessisse
2781 5457 2836 5503 et
2873 5449 3131 5521 migrasse
3176 5451 3512 5525 intelligitur,
3561 5457 3699 5512 sicut

2106 5533 2195 5589 illa
2222 5547 2467 5605 corpora.
2507 5535 2611 5593 Sed
2638 5537 2693 5592 hi
2722 5540 2859 5596 tales
2885 5554 2977 5596 cor
3004 5542 3259 5600 mundum
3284 5543 3499 5613 iaciant,
3531 5562 3693 5617 quan-
3722 5561 3731 5567 ’

2172 5692 2189 5770 ξ
2225 5692 2376 5770 μιᾳ,
2399 5693 2854 5770 schiﬁcrqrtunft
2870 5703 2983 5770 Mss:
3002 5707 3312 5770 constanter,
3329 5700 3633 5752 sancitmtur.

2169 5755 2190 5784 ²
2224 5761 2289 5804 Ita
2323 5762 2426 5805 Mss.
2461 5755 2576 5805 καὶίὶ
2598 5769 2716 5807 vero
2740 5771 2753 5806 :
2774 5766 2874 5809 Hoc
2904 5759 3110 5810 enim...
3137 5755 3320 5812 dicunt.

2169 5816 2191 5848 ³
2222 5815 2341 5865 Editi
2365 5824 2415 5865 et
2428 5817 2618 5888 aliquot
2640 5825 2766 5886 Mss,
2802 5819 3006 5891 Spiritus
3158 5828 3245 5895 est.
3266 5823 3515 5886 ﬁdemque
3553 5822 3697 5942 mlo

2169 5884 2245 5937 st,
2265 5890 2357 5926 non
2387 5884 2454 5927 (Ill
2472 5914 2485 5937 ,
2524 5878 2721 5942 lttlectto
2745 5890 2834 5932 Det
2864 5890 2950 5936 est.
2988 5883 3073 5936 Aln
3096 5884 3288 5939 codices
3304 5893 3520 5942 utroque
3671 5918 3695 5942 ,

2104 5884 2245 5949 post,
2265 5890 2357 5949 non
2387 5878 2454 5927 uit
2472 5914 2485 5937 ,
2517 5878 2721 5949 'lrilectio
2745 5878 2841 5932 [rei
2864 5890 2950 5936 est.
2988 5883 3073 5936 Alii
3096 5884 3288 5939 codices
3304 5878 3520 5949 utroque
3553 5878 3695 5949 ὶοοορ

2104 5942 2869 6029 Deusestmecminusbene.’
