3882 6396
82 342 179 398 Cl?

78 472 189 513 esse
220 464 454 511 nostrum
485 469 547 508 es
576 470 671 510 ore
697 452 950 511 Veritatis
978 456 1275 513 audiamus.
1305 459 1453 526 Quos
1476 468 1649 517 tamen

76 548 155 603 alii
184 546 593 618 quadringentos
618 588 633 611 ,
680 538 769 601 alii
800 550 1118 620 quingentos
1141 590 1157 616 ,
1187 550 1274 605 alii
1301 552 1460 607 etiam
1506 553 1652 609 mille

74 644 136 696 ab
162 640 471 694 ascensione
503 640 711 695 Domini
744 657 910 712 usque
933 642 997 697 ad
1030 643 1145 713 ejus
1174 645 1414 700 ultimum
1443 645 1652 701 adven-

83 745 183 786 tum
213 720 466 800 compleri
495 745 653 802 posse
683 722 953 788 dixerunt.
983 734 1443 803 Quemadmodum
1468 748 1644 793 autem

73 827 293 895 quisque
323 840 503 878 eorum
535 834 741 880 astruat
788 827 1094 895 Opinionem
1128 846 1299 897 suam,
1330 830 1544 901 longum
1573 837 1654 885 est

71 920 446 983 deinonstmre,
479 927 535 972 et
560 934 665 973 non
695 911 1074 976 necessarium.
1103 921 1435 993 Conjecturis
1460 924 1654 994 quippe

72 1021 285 1066 utuntur
316 1011 585 1077 humanis,
614 1029 719 1067 non
752 1013 820 1068 ab
847 1016 925 1070 eis
955 1025 1157 1071 certum
1185 1016 1382 1087 aliquid
1409 1017 1477 1073 de
1506 1018 1653 1074 Scri-

72 1115 234 1174 ptura:
263 1105 538 1179 canonica:
566 1107 884 1164 auctoritate
924 1108 1212 1179 profertur.
1243 1110 1495 1166 Omnium
1525 1127 1653 1167 vero

71 1199 129 1250 de
162 1199 258 1251 hac
289 1213 346 1252 re
390 1197 764 1254 calculantium
795 1200 991 1271 digitos
1040 1204 1259 1259 resolvit
1288 1204 1359 1276 (a)
1395 1215 1449 1261 et
1496 1206 1647 1276 quie—

70 1305 212 1343 scere
233 1289 385 1359 jubet
430 1291 519 1346 ille
549 1292 636 1361 qui
668 1291 826 1347 dicit:
862 1292 982 1348 Non
1013 1306 1086 1349 est
1106 1305 1327 1351 vestrum
1374 1301 1503 1353 scire
1532 1308 1654 1352 tem-

70 1398 203 1449 pora,
235 1397 348 1449 qua
378 1381 532 1437 Pater
555 1384 607 1437 in
630 1401 722 1439 sua
753 1387 919 1455 posuit
942 1398 1208 1456 potestate.

131 1462 181 1523 2.
222 1469 330 1526 Sed
360 1472 471 1529 inec
501 1474 623 1543 quia
670 1476 975 1546 evangelica
1004 1481 1270 1536 sententia
1297 1490 1382 1538 est
1405 1526 1419 1550 ,
1450 1483 1644 1538 mirum

74 1577 174 1615 non
219 1572 434 1617 estnon
479 1580 538 1616 ea
573 1580 849 1634 repressos
895 1568 1060 1625 fuisse
1103 1571 1326 1627 deorum
1368 1576 1654 1630 multorum

69 1650 419 1724 falsorumque
444 1656 699 1723 cultores,
731 1660 1016 1728 quominus
1044 1662 1305 1733 ﬁngerent
1348 1664 1654 1722 dzemonum

70 1746 365 1815 responsis,
417 1762 553 1817 quos
599 1758 847 1819 tanquam
905 1751 1036 1808 deos
1100 1755 1324 1823 colunt,
1372 1757 1654 1815 deﬁnitum

71 1851 177 1893 eSSe
202 1848 399 1908 quanto
422 1849 661 1909 tempore
690 1858 939 1899 mansura
961 1857 1105 1903 esset
1128 1849 1315 1920 religio
1342 1850 1648 1908 christiana.

72 1927 188 1982 Cum
217 1929 360 1990 enim
386 1930 646 1998 viderent,
677 1949 773 1988 nec
801 1943 877 1989 tot
904 1937 1168 2008 tantisque
1196 1942 1656 2008 persecutionibus

70 2033 175 2073 eam
220 2021 456 2090 potuisse
503 2025 777 2088 consumi,
809 2022 903 2080 scd
934 2027 1019 2082 his
1068 2029 1246 2098 potius
1287 2031 1422 2086 mira
1476 2033 1656 2090 incre-

72 2123 238 2167 menta
271 2116 585 2185 sumpsisse,
619 2118 1055 2188 excogitaverunt
1081 2123 1261 2177 nescio
1288 2140 1423 2193 quos
1457 2141 1650 2181 versus

71 2217 279 2271 grrecos,
313 2214 563 2276 tanquam
590 2209 889 2265 consulenti
920 2211 1165 2279 cuidam,
1211 2214 1393 2268 divino
1423 2217 1647 2273 oraculo

74 2297 285 2364 eliusos,
312 2299 399 2353 ubi
433 2300 699 2355 Christum
730 2303 945 2372 quidem
976 2305 1044 2360 ab
1074 2304 1231 2376 hujus
1274 2316 1524 2378 tanquam
1572 2327 1653 2366 sas

72 2389 254 2459 crilegii
286 2391 514 2447 crimine
560 2391 760 2447 faciunt
807 2395 1181 2463 innocentem;
1212 2398 1427 2454 Petrum
1474 2410 1654 2457 autem

78 2475 339 2537 maleﬁciis
379 2478 570 2541 fecisse
598 2486 615 2516 ¹
646 2485 969 2557 subjungunt
990 2526 1006 2555 ,
1058 2497 1114 2543 nt
1150 2489 1418 2546 coleretur
1459 2492 1656 2549 Chiisti

73 2586 245 2628 nomen
266 2590 362 2646 per
388 2560 653 2631 trecentos
674 2580 944 2649 sexaginta
984 2578 1216 2651 quinque
1244 2596 1434 2647 annos,
1462 2582 1656 2640 deinde

73 2665 316 2733 completo
346 2677 646 2721 memorato
669 2684 893 2725 numero
921 2685 1207 2738 annorum,
1236 2673 1352 2728 sine
1381 2690 1530 2729 mora
1556 2690 1650 2729 su-

73 2766 223 2810 meret
253 2758 412 2812 tinent
442 2757 538 2831 (ὁ).
588 2760 631 2814 0
654 2760 929 2815 hominum
960 2764 1120 2819 corda
1163 2765 1438 2821 doctorum
1465 2769 1477 2822 1
1506 2784 1538 2821 o
1569 2769 1653 2822 iu-

69 2847 200 2915 genia
227 2848 457 2904 litterata
487 2852 506 2881 ³
537 2850 691 2921 digna
739 2853 959 2909 credere
1004 2855 1101 2910 ista
1147 2856 1214 2911 de
1251 2857 1485 2927 Christe,
1535 2875 1655 2929 quae

71 2939 268 2994 credere
298 2955 407 2995 non
435 2942 594 2997 vultis
637 2944 689 2998 in
719 2943 1020 3011 Christum,
1052 2947 1191 3016 quod
1222 2948 1336 3019 ejus
1361 2948 1655 3020 discipulus

70 3023 235 3085 Petrus
259 3031 324 3087 ab
346 3047 416 3087 eo
442 3034 673 3104 magicas
690 3044 839 3099 ,artes
872 3051 975 3089 non
1004 3037 1278 3101 didicerit,
1307 3040 1400 3095 sed
1430 3040 1544 3111 ipso
1573 3041 1656 3096 in-

70 3132 271 3177 nocente
297 3132 476 3180 tamen
504 3125 618 3195 ejus
640 3126 910 3183 maleﬁcus
938 3127 1138 3183 fuerit’
1168 3146 1467 3202 nomenque
1490 3134 1650 3204 illius,

68 3228 205 3279 quam
231 3231 412 3283 suum,
437 3217 539 3272 coli
566 3219 813 3275 maluerit
839 3221 1055 3291 magicis
1071 3223 1272 3278 artibus
1290 3225 1419 3289 suis,
1449 3228 1653 3296 magnis

68 3299 312 3362 laboribus
359 3316 415 3362 et
443 3308 692 3377 periculis
716 3312 846 3378 suis,
896 3323 1167 3381 postremo
1195 3317 1355 3370 etiam
1382 3316 1647 3375 eﬁ‘usioue

71 3398 320 3466 sanguinis
342 3400 427 3455 sui
454 3402 467 3454 !
501 3400 555 3456 Si
586 3400 775 3457 Petrus
803 3403 1077 3461 maleficus
1104 3404 1263 3472 fecit,
1293 3415 1349 3461 ut
1374 3407 1650 3465 Christum

68 3486 131 3539 sic
146 3488 386 3559 diligeret
412 3493 675 3559 mundus;
701 3496 826 3565 quid
859 3496 981 3549 fecit
1012 3497 1269 3554 innocens
1292 3499 1563 3566 Christus,
1596 3512 1654 3559 ut

66 3592 168 3633 eum
188 3583 260 3638 sic
286 3584 540 3654 diligeret
557 3586 783 3641 Petrus?
809 3588 1189 3657 Rcspondcant
1211 3591 1372 3662 igitur
1396 3594 1491 3662 ipsi
1524 3595 1647 3663 sibi,

74 3679 119 3723 et
144 3672 182 3725 si
213 3685 477 3743 possunt,
522 3678 819 3749 intelligant
861 3680 947 3733 illa
994 3696 1223 3751 superna
1258 3685 1425 3754 gratia
1454 3684 1649 3740 factum

72 3774 202 3828 esse,
248 3776 306 3821 ut
347 3778 573 3839 propter
613 3779 865 3825 a-teruam
900 3774 1061 3827 vitam
1094 3774 1359 3833 Christum
1409 3774 1653 3849 diligeret

66 3856 297 3922 mundus,
329 3876 440 3931 qua
493 3863 659 3931 gratia
693 3864 887 3918 tactum
938 3875 1018 3920 est
1038 3907 1051 3930 ,
1082 3877 1138 3921 ut
1164 3877 1221 3921 et
1249 3879 1466 3939 propter
1495 3883 1651 3927 mter-

66 3956 167 4000 nam
212 3950 377 4005 vitam
429 3952 496 4006 ah
526 3954 617 4009 illo
649 3955 1009 4025 accipiendam
1047 3967 1102 4012 et
1143 3973 1309 4028 neque
1347 3961 1414 4038 ad
1443 3970 1649 4034 tempo-

65 4038 231 4096 rariam
280 4054 517 4100 mortem
571 4062 667 4116 pro
718 4047 810 4103 illo
862 4050 1162 4119 patiendam
1203 4051 1523 4110 ‘Christum
1567 4058 1650 4113 di-

65 4128 223 4199 ﬁgeret
273 4135 493 4193 Petrus.
528 4140 727 4196 Deinde
771 4143 855 4196 isti
893 4143 962 4197 dii
1002 4144 1089 4214 qui
1120 4153 1281 4213 sunt,
1310 4148 1397 4217 qui
1426 4160 1650 4219 possunt

62 4217 143 4275 ista
178 4229 501 4296 prmdicere,
544 4248 643 4287 nec
688 4244 912 4303 possunt
954 4246 1229 4302 avertere,
1279 4240 1351 4293 ita
1397 4256 1647 4297 succum-

61 4308 222 4373 beutcs
242 4321 326 4376 uni
363 4322 623 4391 maleﬁco,
665 4334 719 4380 ct
755 4326 841 4379 uni
869 4327 1059 4383 sceleri
1090 4329 1319 4399 magico,
1350 4347 1457 4403 quo
1484 4348 1644 4403 puer,

61 4413 106 4458 ut
145 4408 360 4479 dicunt,
396 4417 673 4471 anniculus
725 4418 965 4486 occisus,
1010 4428 1069 4477 et
1096 4420 1421 4493 dilaniatus,
1460 4436 1513 4480 et
1540 4426 1646 4484 ritu

60 4496 236 4556 nefario
276 4508 527 4575 sepultus
589 4518 671 4563 est
729 4509 832 4581 (c),
884 4521 940 4566 ut
984 4523 1184 4568 sectam
1238 4515 1337 4570 sibi
1384 4517 1641 4581 adversa-

58 4588 166 4643 riam
190 4603 288 4650 tam
315 4599 531 4666 prolixo
554 4608 793 4671 tempore
816 4604 1209 4669 convalescere,
1246 4616 1322 4661 tot
1350 4616 1642 4667 tantarum.

112 4680 129 4760 ξ
158 4684 225 4760 sic
252 4686 447 4760 aliquot
461 4692 793 4760 tnunuscripfi.
821 4699 876 4742 At
899 4694 1034 4753 editi,
1059 4694 1300 4760 maleﬁcia
1316 4698 1501 4760 fecisse.

112 4742 132 4827 ξ
161 4742 571 4827 transuta-editione
593 4742 724 4827 Low;
749 4742 1482 4827 litt-eratora'rn,pro,iniere};

114 4806 132 4888 ξ
310 4814 421 4874 ejus
435 4806 979 4888 disciputiw'mate/icus
1011 4806 1638 4888 fueritahbestftiiscipu-

61 4859 136 4937 ιιιξ,
160 4880 185 4937 a
207 4859 559 4937 messeniis;

112 4928 307 5010 Lygde):
334 4928 781 5010 capiendam.
867 4947 926 4991 Μ.

111 4987 257 5070 fall-3c
278 4987 473 5070 ratione
495 4987 1127 5070 digitiscoinputa‘ndifide
1142 5004 1448 5070 Herodotum,
1473 5005 1559 5057 lib.
1586 5008 1635 5070 6,

57 5059 146 5131 fill-
168 5052 228 5131 εὖ
266 5060 532 5131 ,'Plit_tium1
545 5052 1044 5131 ullistoriielnaturalis
1084 5052 1206 5131 libro
1227 5052 1318 5128 5i,
1475 5072 1531 5131 7;
1557 5052 1637 5120 tu:

59 5114 277 5194 xeuntem;
300 5126 451 5194 satira
478 5114 551 5181 10,
583 5136 713 5194 vers.
739 5126 859 5187 248;
885 5114 1210 5177 Alexandrum
1238 5114 1316 5180 ab,
1329 5114 1634 5194 Aldsandrou,

59 5166 144 5249 uuln
158 5176 172 5249 ε
184 5166 562 5249 ,_a.'p:fi1,‘p2.§.
587 5166 951 5237 ἐῖῖίλῖὲῖιέῆξ

111 5234 175 5307 ib)
200 5234 542 5297 Baronius'hoc’
578 5234 635 5297 re
657 5234 733 5297 ert
750 5234 1052 5299 "5636mm
1093 5253 1277 5303 Domini
1313 5254 1422 5304 515.
1471 5253 1633 5307 Simile

118 5287 125 5293 .
159 5287 171 5298 ,
234 5287 539 5297 _-.,..-.--..w
579 5287 633 5297 ,ν
658 5287 733 5297 ν.-
776 5287 833 5298 ..υ
874 5287 1052 5299 ...........
1314 5287 1422 5304 υιυ.
1473 5287 1631 5307 suum;

58 5287 191 5379 gallos
225 5309 471 5379 oraculum
515 5322 543 5379 ᾳ
588 5311 1020 5379 quodamqagano
1058 5315 1311 5379 coalitum
1348 5319 1473 5379 apud
1522 5326 1631 5368 Pro-

57 5351 473 5439 ειιεςειιςιέῇιέιξίξξᾷ
499 5351 1019 5439 ά“υς1ἦυῖᾷίᾷξόιῖἷῑῖιὲὲῖ
1056 5351 1537 5439 ἕῖὸῗδὲἷὲοἷὲςῖυεῖ

113 5418 174 5496 (ε)
205 5418 492 5496 Infanticidia
508 5418 654 5483 ischia
670 5418 1635 5496 ohjvelit;Qiiadigoéehditvier‘iullia-

60 5484 197 5560 gysin
216 5491 541 5560 Apologetico,
562 5497 704 5560 paulo
728 5484 837 5558 post
860 5484 1243 5560 ininiiiﬁfubi'ui
1258 5484 1461 5549 eam
1474 5484 1630 5551 ῐίιίξίξ-

60 5544 392 5625 ῗῗιῖίζἯηκδιηυῗε
434 5544 905 5625 imminentia-mni
934 5544 1453 5625 τιςίλίίέξςιῑῖφιῖηῖιιιυωη

250 5597 292 5602 η-
331 5597 392 5604 _-
434 5597 497 5606 ....
536 5597 905 5607 __-..-.............
962 5597 1021 5610 η..
1068 5597 1135 5611 υ..
1198 5597 1453 5611 ...μω
1500 5597 1626 5614 ωηι-

62 5597 246 5687 ξιξξξεεςὸ
272 5597 352 5686 ,ξι
392 5597 642 5687 reptiziani
663 5654 683 5687 _,
742 5620 839 5668 duo
885 5597 1132 5687 ho'miubum
1176 5597 1364 5687 ἔρωςθά
1421 5625 1626 5676 hzeresis

61 5669 310 5745 fffgprimis
326 5669 530 5742 perditae
553 5695 611 5731 ac
644 5669 1157 5744 d'esperatzeiinfantis
1177 5669 1419 5735 fetialium
1451 5702 1549 5745 cori
1570 5702 1631 5737 us

63 5724 829 5810 ﬁliiﬁ‘erantprr-oinnididemhra
845 5724 1198 5810 corhpungere,
1225 5751 1366 5796 utsic
1385 5724 1625 5810 expresso

63 5791 292 5872 Efﬁgitle'
319 5791 469 5855 farina
506 5791 1337 5872 niaceraretur,'qi'i'a‘c‘onﬁcerent
1376 5791 1552 5872 patient
1577 5816 1626 5861 in

62 5846 1093 5930 ξμκςῐιεξτίειίεξίιέἱιῖηῗὶῐᾸὶιῖςιῖἐιίιιῖιέιιεῖπῖιῖ
1113 5846 1311 5924 ίιὶνιίυπο
1332 5846 1404 5923 ᾱὲ
1419 5874 1628 5925 [heresi-

63 5903 154 5973 busi
179 5915 287 5971 liter.
315 5903 861 5981 .“l'.cnu.b\“.t\'i:S.

315 5987 541 6051 Sacr.
590 5996 869 6054 Acovsr.
916 5993 1055 6057 VII.

1272 339 1473 398 LIBER
1515 339 1805 398 DECIMUS
1842 340 2181 403 OCTAVUS.

3248 362 3351 420 6l8

1760 478 1863 534 que
1892 467 2316 534 persecutionum
2347 467 2635 526 horrendas
2660 472 2998 533 crudelitates
3018 519 3033 545 ,
3084 494 3189 533 non
3218 480 3350 536 resi-

1763 558 1952 612 stendo
1976 559 2068 613 sed
2098 560 2347 629 patiendo
2371 578 2626 633 superare
2651 607 2664 631 ,
2703 576 2758 623 et
2782 567 2848 623 ad
2880 585 3098 625 suorum
3126 574 3347 628 sinuili-

1760 663 1994 716 crormn,
2029 652 2365 720 templorum,
2400 669 2672 711 sacrorum
2698 699 2713 724 ,
2743 660 3080 717 oraculorum
3109 666 3351 722 eversio-

1760 765 1881 805 nem
1912 752 2191 819 pervenire
2217 754 2583 822 permitterent
2603 757 2625 807 ‘t
2643 757 2770 825 Quis
2798 766 3069 828 postremo
3093 772 3175 818 est
3190 762 3347 830 deus,

1759 856 1864 898 mu
1894 853 2075 899 noster
2103 845 2302 916 utique,
2331 846 2423 903 sed
2452 848 2710 919 ipsorum,
2737 853 2826 922 qui
2855 854 2935 908 vel
2966 854 3174 911 illectus
3205 866 3353 913 tanto

1759 933 1962 988 scelere
1982 936 2064 989 vel
2088 935 2343 1006 impulsus
2365 948 2446 993 est
2467 939 2562 994 ista
2588 944 2867 1009 prwstare?
2886 944 2998 999 Non
3023 947 3165 1002 enim
3191 948 3352 1003 alicui

1759 1022 1987 1079 dmmoni
2015 1066 2029 1091 ,
2058 1027 2150 1081 sed
2173 1028 2275 1086 deo
2304 1029 2486 1085 dicunt
2514 1032 2588 1086 illi
2613 1049 2800 1090 versus
2838 1035 2953 1092 hzec
2991 1037 3208 1094 Petrum
3236 1051 3353 1096 arte

1761 1115 1960 1185 magica
1986 1117 2255 1175 deﬁnisse.
2284 1121 2467 1177 Talem
2495 1122 2654 1181 deum
2683 1125 2914 1198 habent,
2959 1131 3047 1202 qui
3077 1132 3347 1188 Christum

1759 1221 1862 1261 non
1894 1206 2108 1265 habent.

1759 1320 1986 1377 CAPUT
2035 1322 2168 1379 LIV.
2223 1355 2293 1366 -—
2344 1326 2424 1382 De
2446 1329 2741 1386 stultissimo
2785 1336 3047 1390 mendacio
3108 1335 3324 1409 Pagano

1833 1428 1943 1464 rum
1968 1452 1983 1478 ,
2014 1430 2111 1483 quo
2138 1415 2465 1471 christianum
2493 1421 2785 1491 religionem
2814 1441 2913 1479 non
2947 1427 3078 1479 ultra
3105 1437 3350 1484 trecentos

1832 1505 2093 1587 sexaginta
2119 1507 2339 1578 quinque
2361 1526 2523 1565 annos
2546 1530 2838 1568 mansuram
2869 1532 2976 1571 esse
2999 1518 3276 1587 ﬁnxerunt.

1834 1615 1885 1669 1.
1909 1615 2035 1671 [hcc
2059 1627 2218 1687 atque
2248 1619 2553 1689 hujusmodi
2583 1626 2746 1680 multa
2774 1628 3107 1697 colligerem,
3141 1632 3182 1685 si
3218 1647 3350 1687 nom

1761 1707 1885 1764 dum
1913 1726 2083 1767 annus
2111 1713 2224 1782 ipse
2253 1718 2573 1782 transisset,
2605 1736 2761 1790 quem
2792 1722 3052 1779 divinatio
3082 1727 3199 1780 ﬁcta
3229 1737 3351 1796 pros

1761 1801 1945 1869 misit,
1975 1812 2029 1857 et
2053 1802 2274 1874 decepta
2303 1808 2512 1863 vanitas
2541 1811 2785 1865 credidit.
2818 1815 2949 1868 Cum
2998 1827 3123 1870 vero
3149 1833 3215 1871 ex
3243 1828 3350 1888 quo

1762 1894 1992 1948 nominis
2019 1893 2219 1950 Christi
2269 1898 2444 1953 cultus
2470 1906 2564 1968 per
2591 1901 2708 1970 ejus
2736 1903 2790 1957 in
2818 1918 2980 1959 carne
3004 1910 3349 1977 praesentiam

1760 1996 1812 2041 et
1836 2002 1929 2056 per
1968 1988 2256 2057 Apostolos
2298 1992 2568 2048 institutus
2603 2004 2685 2049 est
2709 2030 2725 2062 ,
2770 2006 2895 2052 ante
2937 1998 3140 2069 aliquot
3180 2016 3350 2057 annos

1746 2079 1883 2133 panni
1932 2083 2152 2135 trecenti
2206 2084 2479 2154 sexaginta
2554 2086 2788 2156 quinque
2861 2091 3114 2160 completi
3188 2093 3300 2149 sint

1759 2171 1883 2240 quid
1917 2172 2055 2226 aliud
2085 2175 2397 2243 quarrimus,
2426 2176 2565 2231 unde
2589 2178 2687 2231 ista
2715 2179 2916 2234 falsitas
2942 2183 3349 2243 refellaturYUt

1759 2263 1902 2317 enim
1938 2264 1988 2316 in
2016 2264 2213 2319 Christi
2246 2266 2517 2322 nativitate
2542 2268 2698 2336 hujus
2727 2271 2801 2325 rei
2850 2289 2955 2328 non
2983 2288 3241 2343 ponamus
3270 2278 3352 2332 in.

1766 2354 1939 2420 itium,
1971 2357 2094 2425 quia
2126 2356 2300 2413 infans
2324 2367 2379 2414 et
2423 2376 2555 2430 puer
2581 2362 2873 2433 discipulos
2920 2383 3023 2420 non
3076 2367 3303 2427 habebat
3328 2411 3347 2437 ,

1762 2454 1938 2502 tamen
1968 2448 2180 2518 quando
2210 2447 2409 2507 habere
2437 2455 2621 2525 cmpit,
2654 2457 2838 2526 prociil
2870 2459 3031 2515 dubio
3050 2471 3174 2517 tunc
3199 2464 3351 2519 inno-

1762 2539 1863 2594 tuit
1904 2557 1998 2611 per
2051 2543 2168 2612 ejus
2223 2548 2558 2613 corporalem
2611 2552 2951 2619 prinscntiam
3008 2553 3247 2612 doctrina
3298 2568 3352 2615 et

1760 2631 1946 2701 religio
1976 2634 2284 2702 christiana,
2316 2636 2367 2689 id
2399 2645 2481 2692 cst
2504 2677 2521 2703 ,
2554 2650 2901 2711 posteaquam
2934 2642 2984 2696 in
3012 2642 3177 2699 fluvio
3227 2646 3352 2701 Jor.

1759 2720 1895 2776 dane
1928 2724 2223 2780 ministerio
2253 2726 2474 2782 Joannis
2502 2739 2586 2783 est
2641 2729 2955 2799 baptizatus.
2985 2733 3213 2803 Propter
3250 2736 3353 2792 hoc

1759 2814 1900 2867 enim
1929 2814 1996 2869 de
2028 2816 2116 2869 illo
2146 2819 2426 2886 prophetia
2456 2819 2543 2872 illa
2573 2832 2927 2889 praecesserat
2952 2864 2966 2886 ,
2998 2823 3353 2882 Dominabitur

1758 2922 1789 2957 a
1817 2907 1945 2959 mari
1974 2923 2131 2978 usque
2158 2910 2226 2962 ad
2251 2928 2390 2964 mare
2417 2954 2431 2978 ,
2465 2922 2511 2965 et
2532 2929 2563 2964 α
2603 2914 2814 2983 ﬂumine
2839 2930 2993 2986 usque
3020 2918 3089 2971 ad
3115 2923 3353 2978 tertianos

1759 2998 1893 3051 orbis
1919 3009 2067 3053 terra:
2093 3000 2265 3067 (Paul.
2301 3019 2427 3057 LXXI
2452 3040 2468 3070 ,
2502 3005 2577 3073 8).
2614 3004 2719 3060 Sed
2764 3007 3016 3075 quoniam
3045 3009 3350 3081 priusquam

1758 3096 1947 3160 passus
1973 3100 2118 3145 esset
2144 3103 2196 3146 et
2226 3095 2605 3149 resurrexiSset
2632 3112 2662 3150 a
2695 3098 2917 3151 mortuis
2946 3141 2962 3165 ,
2994 3101 3227 3156 nondum
3281 3104 3349 3157 ﬁ—

1756 3181 1855 3239 des
1882 3185 2126 3239 omnibus
2155 3184 2323 3240 fuerat
2349 3188 2602 3252 deﬁnita;
2633 3189 2687 3243 in
2731 3193 3123 3249 resurrectione
3153 3197 3350 3267 quippe

1757 3274 1953 3330 Christi
1980 3276 2195 3332 deﬁnita
2224 3288 2305 3332 ρει
2336 3278 2478 3350 (nam
2516 3281 2593 3335 sic
2624 3284 2898 3350 apostolus
2926 3284 3121 3341 Paulus
3175 3290 3348 3344 Athe-

1757 3368 2030 3422 niensibus
2088 3369 2320 3439 loquitur
2364 3372 2550 3428 dicens
2579 3414 2591 3435 ,
2624 3373 2744 3427 Jam
2773 3392 2908 3430 nunc
2936 3380 3207 3434 annuntiat
3249 3382 3349 3436 lio-

1755 3458 1973 3512 minibus
1998 3501 2013 3525 ,
2043 3476 2213 3515 omnes
2258 3463 2437 3530 ubique
2489 3480 2638 3534 agere
2680 3468 3019 3535 pwnitentiam
3044 3510 3059 3536 ,
3101 3486 3160 3525 eo
3211 3473 3348 3542 quod

1754 3552 1929 3604 statuit
1958 3552 2110 3617 diem,
2131 3554 2366 3623 judicare
2393 3554 2561 3609 orbem
2591 3558 2642 3611 in
2664 3561 2915 3626 atquitate,
2940 3561 2992 3613 in
3017 3562 3143 3627 viro,
3171 3565 3224 3617 in
3245 3582 3345 3634 quo

1755 3641 1980 3710 deﬁnivit
2027 3644 2177 3712 [idem
2208 3647 2438 3700 omnibus
2465 3688 2480 3711 ,
2528 3651 2830 3704 resuscitans
2872 3653 3016 3706 illum
3059 3670 3091 3706 a
3136 3655 3347 3710 mortuis

1755 3733 1887 3807 [Αει.
1918 3752 2022 3790 xvn
2045 3780 2058 3802 ,
2088 3737 2156 3793 50
2181 3749 2230 3791 et
2259 3738 2372 3810 51])
2404 3758 2417 3795 :
2450 3743 2639 3795 melius
2670 3742 2719 3796 in
2751 3744 2849 3797 hac
2879 3750 3175 3815 quaestione
3222 3750 3344 3804 sol-

1754 3829 1922 3884 venda
1956 3830 2075 3886 inde
2105 3832 2309 3886 initimn
2362 3835 2657 3900 sumimus;
2691 3842 2983 3904 przesertint
3031 3844 3151 3912 quia
3215 3853 3341 3899 tunc

1753 3919 1909 3975 datus
1934 3932 2016 3975 est
2040 3922 2198 3977 etiam
2228 3924 2455 3993 Spiritus
2495 3940 2733 3993 sanctus,
2767 3930 2904 3983 sicut
2935 3947 3054 3985 cum
3080 3933 3192 3987 dari
3225 3944 3342 4005 post

1754 4018 2196 4073 resurrectionem
2226 4018 2422 4073 Christi
2465 4021 2747 4090 oportebat
2795 4025 2844 4078 in
2874 4040 2932 4078 ea
2987 4028 3200 4081 civitate
3228 4069 3243 4093 ,
3277 4037 3344 4086 ex

1752 4123 1853 4177 qua
1885 4107 2067 4162 debuit
2092 4110 2326 4178 incipere
2352 4113 2435 4165 lex
2468 4115 2699 4167 secunda
2726 4150 2741 4179 ,
2776 4115 2877 4171 hoc
2906 4126 2992 4171 est
3016 4119 3336 4173 Testamen-

1755 4206 1864 4252 tum
1893 4214 2106 4253 novum.
2128 4200 2300 4254 Prima
2324 4203 2463 4255 enim
2497 4204 2591 4256 fuit
2624 4216 2687 4257 et
2722 4219 2901 4260 inontc
2929 4207 3053 4262 Sina
3081 4226 3172 4277 per
3186 4212 3339 4284 Moy-

1750 4305 1848 4346 seu
1876 4332 1891 4359 ,
1935 4292 2078 4361 quod
2106 4293 2505 4349 Testamentum
2538 4308 2756 4350 meatur
2784 4310 2954 4352 vetns.
2990 4301 3062 4354 De
3113 4302 3210 4358 hac
3240 4321 3341 4359 au-

1750 4388 1856 4435 tem
1879 4397 1996 4450 qtue
2025 4397 2121 4452 per
2148 4382 2417 4439 Christum
2465 4384 2637 4439 danda
2665 4398 2781 4441 erat
2813 4429 2828 4450 ,
2857 4389 3166 4456 pra‘dictum
3212 4406 3287 4447 est
3318 4432 3335 4462 ,

1750 4471 1834 4526 Ea:
1862 4472 1988 4526 Sion
2018 4473 2214 4543 prodiet
2242 4475 2324 4527 lea:
2346 4516 2359 4538 ,
2388 4491 2436 4528 et
2478 4476 2678 4529 verbum
2708 4476 2912 4531 Domini
2944 4496 3007 4533 ea:
3048 4481 3338 4539 Jerusalem

1749 4564 1901 4635 (lsai.
1952 4580 1986 4618 tt
2012 4607 2026 4628 ,
2057 4563 2134 4637 5).
2162 4564 2315 4621 Unde
2365 4577 2419 4621 et
2465 4568 2576 4636 ipse
2606 4584 2701 4637 per
2729 4580 2917 4624 omnes
2969 4582 3156 4641 gentes
3203 4576 3342 4634 dixit

1746 4658 2022 4728 przedieari
2066 4670 2318 4728 oportere
2347 4660 2399 4715 in
2437 4662 2652 4716 nomine
2681 4678 2779 4717 suo
2819 4666 3208 4733 paenitentiam,
3239 4672 3338 4728 sed

1746 4759 1923 4805 tamen
1954 4750 2331 4821 incipientibus
2383 4752 2452 4806 ab
2497 4751 2792 4808 Jerusalem
2846 4754 2997 4825 (Lar.
3039 4773 3189 4826 xxiv,
3218 4760 3336 4831 47).

1745 4842 1818 4898 lbi
1844 4859 1973 4914 ergo
1997 4859 2222 4899 exorsus
2249 4855 2332 4900 est
2354 4844 2511 4915 hujus
2540 4847 2772 4901 nominis
2793 4850 2987 4915 cultus,
3018 4860 3074 4904 ut
3104 4852 3155 4906 in
3179 4854 3337 4910 Chri-

1741 4946 1885 4990 stum
1915 4936 2095 4991 Jesum
2126 4977 2141 5000 ,
2165 4937 2254 5007 qui
2283 4939 2567 4992 cruciﬁxus
2622 4937 2793 4993 fuerat
2834 4951 2887 4994 et
2916 4953 3288 5000 rosuri-exerat
3314 4987 3331 5012 ,

1741 5027 2052 5083 crederetur
2082 5044 2095 5081 :
2128 5028 2198 5082 ibi
2228 5028 2342 5083 hinc
2388 5026 2524 5084 ﬁdes
2571 5039 2677 5083 tam
2709 5031 3007 5102 insignibus
3056 5035 3219 5091 initiis
3251 5039 3336 5091 in-

1740 5119 1999 5185 canduit‘,
2018 5128 2072 5173 ut
2095 5120 2297 5189 aliquot
2327 5120 2602 5175 hominum
2632 5122 2794 5176 millia
2826 5124 2875 5177 in
2904 5124 3102 5180 Cltristl
3130 5138 3327 5183 nomen

1740 5211 1968 5267 mirabili
2018 5210 2298 5266 alacritate
2322 5227 2579 5267 conversa
2600 5254 2616 5280 ,
2646 5215 2876 5270 venditis
2920 5217 3032 5271 suis
3080 5219 3241 5274 rebus
3269 5230 3329 5276 ut

1738 5303 1923 5371 egenis
1948 5302 2391 5358 distribuerentur
2416 5345 2432 5371 ,
2462 5305 2737 5373 praposito
2765 5318 2952 5362 sancto
2977 5316 3030 5361 ct
3057 5309 3331 5366 ardentis-

1736 5394 1869 5447 sima
1891 5392 2151 5449 charitate
2176 5394 2240 5449 ad
2288 5404 2658 5465 paupertatem
2685 5397 3038 5452 voluntariam
3083 5402 3331 5469 perveni-

1736 5492 1886 5548 rent,
1917 5493 2076 5555 atque
2120 5486 2258 5541 inter
2310 5486 2598 5541 frementes
2626 5494 2681 5541 et
2722 5489 3033 5558 sanguinem
3083 5492 3328 5550 sitientes

1734 5575 1947 5631 Jlldll‘OS
1975 5618 1990 5641 ,
2020 5593 2078 5631 se
2108 5592 2275 5648 usque
2312 5577 2377 5630 ad
2411 5584 2635 5631 mortem
2688 5594 2784 5647 pro
2827 5580 3049 5635 veritate
3070 5591 3279 5637 certare
3307 5626 3323 5651 ,

1734 5686 1844 5724 non
1925 5680 2131 5725 armata
2180 5670 2413 5739 potentia
2460 5711 2474 5733 ,
2530 5670 2624 5725 sed
2707 5673 3009 5741 potentiore
3073 5675 3329 5744 patientia

1735 5761 2251 5833 prmpararentJloc
2297 5762 2342 5816 si
2395 5762 2554 5815 nullis
2600 5764 2820 5832 magicis
2868 5763 3073 5819 artibus
3126 5764 3327 5824 factum

1797 5873 1812 5903 ¹
1849 5878 1978 5933 Lov.,
2011 5870 2210 5923 incatm't
2238 5883 2257 5923 :
2295 5871 2701 5921 dissentientibus
2735 5874 2880 5922 editis
2916 5874 3023 5925 aliis
3069 5883 3119 5926 ct
3159 5890 3327 5928 manu.

1731 5934 1940 5997 scriptis.

2584 5996 2880 6076 {Wagn}
