3826 6500
69 419 142 475 ωε
1267 401 1468 462 LIBER
1508 404 1804 463 DECIMUS
1840 406 2086 464 mosus.

3190 403 3296 469 ﬁt")

70 541 2698 570 W

716 581 1196 775 LIBER
1269 659 1978 770 DECIMUS
2052 659 2618 772 NONUS.

65 867 102 910 tn
139 856 221 923 quo
256 859 317 908 de
358 858 530 908 ﬁnibus
560 859 815 920 utriusque
848 856 1058 927 civitatis
1077 890 1114 927 ,H
1140 862 1354 927 terrenas
1396 847 1704 927 accmlestis,
1737 847 2469 927 dispti‘tlaztup.repperisemurfle
2491 849 2730 927 troporum
2761 857 2814 900 ct
2843 849 3298 927 malorumnﬁnihus

118 910 341 984 opiniones
356 910 764 984 philosomtoruni,
779 920 859 981 qui
885 910 1234 984 beatitudinem
1251 917 1302 984 i_n_
1322 914 1418 984 hac
1431 913 1532 984 rvit_a
1549 913 1711 984 facere
1736 910 1823 970 ipsi
1835 910 1939 984 sibi
1964 911 2140 984 frustra
2153 910 2441 984 cepatispnt
2455 923 2470 984 ξ
2485 912 2564 984 qni
2583 911 2695 982 dum
2711 914 2961 984 operosius
2983 914 3294 984 refelluntur,

112 969 453 1046 iisius’civitatis
468 969 706 1042 scelestis,
730 969 823 1032 seu
845 981 1006 1044 papuli
1026 979 1268 1030 christiani
1292 974 1542 1025 beatitudo
1564 980 1616 1023 et
1643 985 1738 1034 pax
1755 969 1980 1034 quaenam
2001 971 2083 1030 sit,
2116 969 2335 1033 qualisve
2359 971 2437 1021 hic
2457 969 2646 1032 haberi,
2689 969 2766 1023 vel
2789 976 2837 1023 in
2861 973 3074 1026 futurum
3107 969 3297 1040 sperari

112 1043 253 1109 possit,
286 1043 656 1096 demonstratur.

1413 1162 1890 1205 ..--οοο-..-

69 1286 254 1344 CAPUT
287 1283 570 1341 PRIMUM.
611 1314 682 1325 —
731 1281 880 1349 Quod
928 1282 982 1335 in
1024 1281 1318 1352 qumttione;
1360 1289 1510 1348 quam
1543 1277 1608 1330 de

122 1368 280 1436 ﬁnibus
303 1365 547 1419 bonorum
584 1364 905 1417 etmalorum
939 1359 1288 1431 philosophica
1329 1356 1608 1425 disputatio

120 1457 364 1522 mulavit,
397 1457 640 1510 ducentas
661 1455 912 1525 octoginta
935 1462 982 1506 et
1007 1461 1118 1506 octo
1139 1460 1300 1506 sectas
1329 1465 1435 1503 esse
1463 1463 1610 1518 posse

127 1549 268 1602 Varro
294 1549 617 1618 perspexerit.

123 1643 165 1695 l.
198 1641 446 1708 Quoniam
476 1641 544 1695 de
569 1639 798 1694 civitatis
824 1632 1122 1708 utriusque,
1150 1633 1376 1692 tertianae
1403 1632 1610 1688 scilicet

70 1735 110 1786 ει
129 1732 355 1798 caelestis,
383 1731 578 1786 debitis
608 1730 802 1786 ﬁnibus
829 1731 1078 1799 deinceps
1106 1729 1232 1782 mihi
1255 1726 1408 1780 video
1427 1724 1611 1794 dispu-

71 1823 277 1890 landum;
310 1823 453 1892 prius
473 1822 786 1893 exponenda
813 1831 954 1888 sunt,
978 1828 1230 1892 quantum
1253 1817 1433 1888 operis
1455 1815 1610 1884 hujus

71 1915 343 1969 terminandi
369 1915 505 1968 ratio
535 1917 751 1984 patitur,
783 1924 1093 1984 argumenta
1125 1912 1452 1975 mortalium,
1486 1909 1608 1978 qui;

69 2006 146 2059 bus
165 2007 251 2060 sibi
272 2007 366 2075 ipsi
399 2006 782 2061 beatitudinem
815 2004 988 2060 facere
1017 2005 1068 2058 iu
1098 2004 1253 2073 hujus
1280 2002 1400 2056 vita‘.
1429 1998 1611 2054 infeli-

70 2091 195 2152 citate
219 2097 376 2152 moliti
405 2106 550 2160 sunt,
579 2106 633 2151 ut
669 2098 736 2151 ab
772 2111 955 2151 eorum
984 2095 1143 2148 rebus
1183 2093 1330 2146 vanis
1356 2107 1478 2160 spes
1509 2107 1608 2144 no-

70 2201 150 2244 stra
170 2191 282 2260 quid
304 2190 533 2255 dili'erat,
565 2206 721 2260 quam
750 2191 888 2243 Deus
909 2190 1062 2242 nobis
1085 2186 1248 2250 dedit,
1279 2195 1332 2240 et
1359 2184 1444 2238 res
1472 2184 1605 2253 ipsa,

71 2282 148 2336 hoc
181 2293 255 2338 est
285 2299 404 2338 vera
444 2283 717 2338 beatitudo
742 2297 898 2352 quam
940 2279 1106 2343 dabit,
1149 2293 1253 2333 non
1285 2284 1487 2332 tantum
1516 2289 1611 2328 att-

69 2375 270 2431 ctoritate
304 2376 506 2442 divina,
548 2375 642 2430 sed
681 2374 916 2429 adhibita
954 2373 1115 2428 etiam
1146 2371 1370 2436 ratione,
1398 2367 1608 2440 qualem

70 2478 244 2538 propter
280 2469 521 2524 inﬁdeles
559 2483 843 2539 possumus
878 2466 1158 2532 adhibere,
1203 2465 1486 2520 clarescat.
1535 2463 1609 2518 De

71 2559 224 2614 linibus
241 2561 375 2616 enim
403 2562 669 2616 bonorum
694 2567 748 2613 et
772 2558 1033 2612 malarum
1065 2558 1227 2612 multa
1268 2566 1321 2610 et
1348 2553 1608 2622 multipli-

72 2651 170 2705 citer
193 2651 320 2706 inter
345 2667 404 2707 se
432 2650 736 2722 philosophi
774 2651 1146 2720 disputarunt:
1174 2662 1330 2718 quam
1362 2645 1611 2717 qmestio-

71 2755 164 2795 nem
201 2744 416 2797 maxima
467 2744 760 2798 intentione
804 2750 1098 2808 versantes,
1149 2739 1390 2794 invenire
1432 2737 1606 2792 conati

69 2844 162 2888 sunt
190 2835 304 2906 quid
343 2836 544 2892 efﬁciat
570 2835 856 2890 hominem
894 2832 1128 2888 beatum.
1179 2831 1310 2885 lllud
1351 2830 1492 2885 enim
1528 2837 1611 2883 est

70 2924 162 2980 linis
176 2928 286 2982 boni
313 2928 504 2993 nostri,
531 2938 748 2997 prdpter
769 2926 909 2996 quod
932 2923 1226 2996 appetenda
1249 2933 1373 2978 sunt
1393 2933 1605 2989 canem,

70 3015 203 3085 ipsum
242 3028 410 3074 autem
459 3028 679 3088 propter
723 3019 955 3087 seipsmn
982 3034 995 3069 :
1023 3025 1077 3070 et
1124 3016 1251 3070 illud
1295 3016 1412 3068 linis
1457 3013 1605 3081 mali,

69 3120 244 3180 propter
263 3112 397 3182 quod
429 3111 639 3166 vitanda
672 3119 794 3165 sunt
814 3119 1029 3174 cetera,
1075 3110 1245 3178 ipsum
1272 3120 1448 3162 autem
1480 3121 1606 3177 pro-

68 3207 160 3267 pter
189 3216 242 3256 se
269 3201 458 3272 ipsum.
497 3188 682 3256 Finem
712 3217 840 3271 ergo
890 3201 1010 3254 boui
1053 3199 1193 3252 nunc
1223 3195 1466 3260 dicimus,
1500 3212 1607 3252 non

67 3307 147 3360 quo
167 3305 518 3358 consumatur,
563 3302 624 3348 ut
653 3308 758 3346 non
795 3293 886 3358 sit,
926 3291 1018 3346 sed
1059 3305 1164 3361 quo
1196 3288 1521 3359 perﬁciatur,
1551 3295 1610 3342 ut

67 3385 240 3452 plenum
272 3389 336 3442 sit
361 3406 375 3455 ;
406 3397 459 3442 et
490 3389 649 3441 linem
679 3386 824 3450 mali,
857 3400 962 3438 non
989 3399 1094 3451 quo
1118 3397 1237 3438 esse
1257 3382 1481 3445 desinat,
1513 3381 1608 3436 sed

65 3491 145 3546 quo
177 3495 330 3550 usque
358 3479 604 3536 nocendo
644 3478 918 3549 perducat.
949 3476 1110 3531 Fines
1141 3476 1317 3544 itaque
1345 3467 1430 3530 isti
1460 3482 1606 3542 sunt,

66 3582 284 3626 summum
323 3574 542 3635 bonum,
570 3581 624 3626 et
663 3585 928 3624 summum
959 3569 1177 3622 malum.
1207 3565 1283 3622 De
1310 3566 1502 3637 quibus
1527 3566 1608 3620 in-

65 3662 314 3730 ienicndis,
337 3675 498 3735 atque
520 3663 570 3718 in
602 3661 700 3716 hac
724 3665 827 3715 vita
850 3674 1059 3715 summo
1082 3659 1220 3713 bono
1241 3656 1604 3728 adipiscendo,

65 3750 238 3808 vitando
272 3757 445 3809 autem
489 3768 700 3808 summo
732 3751 892 3818 malo,
926 3749 1172 3815 multum,
1201 3747 1338 3802 sient
1372 3747 1500 3813 dixi,
1532 3747 1608 3801 la-

66 3841 359 3913 boraverunt,
398 3848 493 3919 qui
539 3846 772 3901 studium
818 3844 1090 3912 sapientia)
1135 3840 1190 3896 i'n
1230 3840 1386 3911 hujus
1424 3839 1606 3895 steculi

65 3937 253 3994 vanitate
296 3939 519 4009 professi
558 3946 683 3992 sunt
709 3955 720 3991 :
751 3945 851 3992 nec
887 3943 1062 3990 tamen
1109 3944 1224 3997 eos,
1252 3933 1493 4004 quamvis
1521 3931 1606 3986 di-

65 4027 198 4081 versis
220 4042 456 4086 errantes
487 4028 661 4083 modis
688 4035 892 4082 natura:
922 4025 1074 4080 limes
1093 4025 1142 4078 in
1173 4032 1376 4078 tantum
1404 4023 1471 4076 ab
1500 4023 1557 4078 iti
1582 4054 1602 4066 -

65 4119 163 4174 itere
184 4124 410 4177 veritatis
441 4123 660 4177 deviare
690 4119 951 4190 permisit,
983 4126 1038 4172 ut
1073 4133 1176 4172 non
1207 4116 1294 4170 alii
1325 4117 1374 4170 in
1402 4116 1598 4181 animo,

64 4209 131 4264 alii
155 4212 196 4266 in
236 4230 481 4283 corpore,
514 4213 600 4266 alii
632 4213 682 4266 in
726 4221 951 4280 utroque
982 4209 1112 4264 lines
1149 4208 1408 4263 bonorum
1438 4221 1601 4275 pone-

64 4305 154 4354 rent
175 4314 222 4358 et
247 4306 530 4359 malorum.
562 4302 638 4357 Ex
668 4318 770 4373 qua
815 4302 1076 4371 tripertita
1106 4299 1248 4354 velut
1277 4298 1602 4369 generalium

64 4391 389 4454 distributione
437 4406 725 4460 sectarum,
784 4395 992 4459 Marcus
1036 4393 1206 4448 Varro
1253 4393 1304 4446 in
1355 4391 1491 4445 libro
1537 4390 1604 4478 de

64 4482 360 4561 l’liiloSOphia
393 4503 500 4547 tam
545 4491 764 4546 multam
801 4489 1108 4558 dogmatum
1155 4486 1466 4541 varietatem
1495 4479 1606 4538 dili.

63 4591 213 4646 genter
233 4594 286 4639 et
308 4585 577 4638 subtiliter
607 4591 872 4636 scrutatus
893 4577 1146 4644 advertit,
1178 4587 1234 4631 ut
1259 4576 1324 4630 ad
1347 4575 1606 4630 ducentas

63 4672 285 4739 octoginta
324 4685 447 4728 octo
477 4681 671 4737 sectas,
708 4686 814 4725 non
839 4685 956 4740 quae
977 4668 1086 4738 jam
1125 4676 1324 4733 essent,
1366 4665 1458 4720 sed
1485 4681 1605 4736 qua:

62 4771 155 4816 esse
183 4774 410 4833 possem,
455 4753 716 4819 adhibens
757 4760 1012 4833 quasdam
1058 4758 1403 4824 diﬂ‘crentias,
1450 4755 1604 4811 facila

63 4847 159 4908 lime
183 4859 494 4925 perveniret.

114 4944 158 4998 2.
193 4949 336 5016 Quod
364 4959 422 5005 ut
459 4947 692 5004 breviter
723 4943 1025 5011 ostendam,
1072 4942 1194 4998 inde
1232 4948 1441 5012 oportet
1469 4940 1604 4996 inei-

63 5031 194 5101 Piam.
222 5037 358 5108 quod
397 5042 512 5110 ipse
556 5038 803 5105 advertit,
849 5046 904 5091 et
930 5035 1106 5107 posuit
1146 5033 1198 5088 in
1237 5034 1370 5088 libro
1398 5045 1604 5087 memo-

61 5133 154 5180 I'Ilo
176 5145 188 5184 :
209 5142 432 5200 quatudr
457 5146 576 5186 esse
604 5129 868 5200 quaedam,
911 5141 1030 5197 quae
1069 5125 1314 5180 homines
1343 5125 1458 5178 sine
1486 5133 1603 5177 ma-

61 5212 212 5284 gistro,
243 5221 356 5277 sine
381 5223 488 5277 ullo
507 5221 764 5277 doctrinm
801 5217 1144 5282 adminiculo,
1187 5215 1303 5270 sine
1341 5213 1603 5269 industria

62 5305 126 5360 vel
148 5319 250 5366 arte
274 5313 506 5381 vivendi,
545 5327 663 5382 qua:
700 5313 867 5365 virtus
893 5307 1106 5374 dicitur,
1149 5315 1204 5363 et
1231 5307 1414 5378 procul
1443 5305 1604 5361 dubio

63 5395 269 5472 discitur,
294 5406 438 5461 velut
479 5403 792 5460 naturaliter
817 5409 1104 5470 appetunt;
1133 5408 1224 5453 aut
1251 5398 1601 5467 voluptatem,

63 5502 142 5553 (illa
159 5493 528 5554 delectabiliter
557 5503 801 5551 movetur
823 5491 1064 5562 corporis
1089 5502 1314 5552 sensus;
1345 5498 1434 5540 ant
1463 5487 1607 5556 quie-

65 5586 166 5648 tem,
196 5604 290 5659 qua
336 5590 395 5646 ﬁt
430 5600 487 5646 ut
530 5589 730 5645 nullam
771 5585 1077 5640 molestiam
1109 5583 1333 5652 quisque
1365 5578 1606 5648 corporis

65 5675 288 5746 Paliatur;
337 5691 427 5736 aut
471 5692 768 5746 utramque,
813 5690 972 5746 quam
1018 5679 1196 5728 tamen
1245 5687 1350 5726 uno
1389 5669 1606 5724 nomine

64 5763 316 5836 voluptatis
338 5771 598 5843 Epicurus
631 5768 900 5839 appellat;
927 5775 1017 5820 aut
1038 5764 1404 5819 universaliter
1432 5761 1602 5832 prima

65 5864 257 5929 naturae,
287 5862 337 5917 in
374 5866 562 5934 quibus
602 5871 656 5919 et
683 5860 797 5916 haec
828 5865 974 5926 sunt,
1014 5866 1070 5914 et
1103 5857 1226 5926 alia,
1263 5855 1348 5913 vel
1379 5854 1432 5911 in
1478 5865 1603 5910 eor-

1720 1281 1866 1342 pore,
1886 1281 1942 1327 ut
1971 1269 2328 1326 membrorum
2359 1273 2652 1343 integritas,
2699 1283 2751 1326 et
2777 1273 2920 1327 salus
2956 1275 3116 1344 atque
3147 1277 3297 1330 inco-

1715 1367 1924 1421 lumitas
1952 1366 2102 1434 ejus;
2133 1365 2212 1420 vel
2236 1367 2286 1418 in
2310 1366 2509 1430 animo,
2543 1375 2597 1419 ut
2623 1377 2746 1420 sunt
2775 1381 2836 1420 ea
2865 1383 2982 1436 qua:
3001 1367 3085 1422 vel
3113 1383 3294 1438 parva,

1713 1460 1798 1514 vel
1846 1474 2031 1527 magna
2078 1460 2130 1512 in
2178 1459 2450 1512 hominum
2503 1459 2843 1526 repet-intuor
2888 1457 3132 1529 ingeniis.
3174 1461 3299 1516 lla~c

1716 1550 1874 1621 igitur
1915 1559 2162 1620 quatuor,
2217 1549 2267 1603 id
2307 1558 2408 1611 est,
2455 1551 2723 1617 voluptas,
2769 1550 2942 1618 quies,
2991 1559 3298 1621 utrumque,

1716 1643 1886 1712 prima
1919 1650 2145 1705 naturae,
2175 1641 2246 1693 ita
2279 1649 2402 1694 sunt
2441 1640 2492 1693 in
2519 1640 2694 1705 nobis,
2726 1639 2780 1693 ιιι
2811 1639 2893 1694 vel
2919 1640 3108 1707 virtus,
3140 1657 3301 1712 quam

1717 1746 1898 1805 postea
1931 1734 2170 1788 doctrina
2216 1735 2421 1799 inserit,
2469 1743 2682 1803 prepter
2714 1734 2829 1789 hmo
2869 1736 3164 1804 appetenda
3206 1735 3298 1798 sit,

1715 1837 1810 1883 aut
1858 1829 1958 1882 ista
2002 1837 2223 1898 propter
2268 1829 2538 1892 virtutem,
2585 1835 2678 1881 aut
2727 1829 2948 1898 utraque
2986 1837 3205 1898 propter
3239 1844 3300 1884 se

1716 1922 1829 1990 ipsa
1860 1920 1874 1976 ὲ
1903 1937 1964 1974 ac
2009 1936 2102 1990 per
2149 1921 2249 1974 hoc
2294 1920 2428 1974 ﬁunt
2468 1920 2592 1975 hinc
2631 1919 2910 1976 dubdecim
2957 1931 3115 1976 sectae
3158 1935 3301 1990 :per

1715 2013 1853 2067 bane
1879 2013 2020 2068 enim
2061 2013 2319 2067 rationem
2360 2012 2580 2081 singulm
2614 2013 2968 2082 triplieantur;
3003 2012 3142 2084 quod
3169 2029 3295 2069 eum

1716 2103 1767 2156 in
1799 2117 1899 2156 una
1928 2102 2392 2168 demousuavero,
2423 2103 2638 2158 difﬁcile
2675 2119 2780 2158 non
2803 2105 2901 2158 erit
2934 2105 2984 2158 id
3017 2106 3065 2158 in
3089 2106 3301 2160 ceteris

1715 2193 1972 2248 in'Venire.
2015 2194 2145 2249 Cum
2185 2204 2314 2266 ergo
2354 2194 2601 2264 voluptas
2638 2196 2878 2264 corporis
2916 2197 3079 2249 animi
3120 2197 3300 2252 virtttli

1715 2294 1807 2340 aut
1845 2285 2107 2350 subditur,
2138 2296 2227 2341 aut
2270 2286 2571 2357 praefertur,
2615 2299 2706 2342 aut
2735 2289 2994 2356 jungitur,
3038 2289 3299 2358 tripartito

1716 2376 1950 2432 variatur
1985 2377 2292 2433 diversitate
2338 2387 2624 2433 sectarum.
2671 2377 2926 2433 Subditur
2967 2388 3144 2433 autem
3186 2379 3304 2434 vir-

1717 2468 1838 2534 tuti,
1887 2467 2100 2537 quando
2143 2469 2196 2523 in
2256 2485 2406 2523 usum
2453 2470 2664 2523 virtutis
2708 2475 3015 2524 assumitur.
3063 2470 3302 2526 Pertinet

1715 2561 1911 2630 quippe
1939 2559 2004 2614 ad
2029 2560 2238 2614 virtutis
2265 2559 2520 2627 ofﬁcium,
2568 2570 2622 2615 et
2651 2561 2829 2616 vivere
2855 2562 3059 2630 patrize,
3098 2571 3150 2615 et
3179 2577 3305 2632 pro-

1717 2660 1836 2720 pter
1863 2652 2086 2720 patriam
2118 2650 2253 2705 ﬁlios
2297 2667 2578 2721 procreare
2608 2669 2621 2705 :
2652 2666 2876 2722 quorum
2910 2661 3154 2707 neutrum
3186 2652 3312 2708 ﬁeri.

1716 2753 1891 2812 potest
1935 2743 2053 2797 sine
2101 2745 2345 2813 corporis
2389 2745 2679 2814 voluptate.
2725 2744 2856 2799 Nam
2901 2747 3018 2800 sine
3058 2746 3146 2800 illa
3201 2761 3305 2800 nec

1714 2833 1868 2888 cibus
1899 2844 2159 2905 potusque
2202 2835 2451 2902 sumitur;
2485 2845 2540 2890 ut
2580 2836 2824 2900 vivatur;
2852 2851 2952 2890 nec
2993 2835 3306 2891 concumbi-

1718 2935 1824 2992 tur,
1871 2935 1927 2981 ut
1961 2927 2236 2997 generatio
2283 2938 2622 2998 propagetur.
2669 2929 2799 2983 Cum
2852 2945 2980 2984 vero
3020 2929 3306 2999 praefertur

1716 3018 1917 3083 virtuti,
1948 3019 2060 3087 ipsa
2082 3020 2352 3088 appetitur
2380 3029 2599 3088 propter
2624 3034 2683 3073 se
2710 3021 2899 3089 ipsam,
2929 3022 3095 3074 vii-zus
3118 3031 3300 3075 autem

1716 3109 2032 3163 assumenda
2070 3110 2306 3164 creditur
2347 3119 2566 3180 propter
2606 3111 2772 3178 illam,
2824 3112 2874 3166 id
2918 3123 3022 3177 est,
3070 3124 3129 3168 ut
3169 3114 3301 3170 nilul

1717 3200 1888 3253 virtus
1919 3210 2058 3270 agat,
2087 3201 2186 3254 nisi
2213 3201 2278 3255 ad
2308 3202 2739 3272 censequeudam
2765 3203 2847 3257 vel
2877 3206 3298 3262 conservandam

1715 3293 1954 3361 corporis
1988 3294 2312 3361 voluptatem
2342 3311 2354 3346 :
2383 3311 2502 3363 qua:
2539 3294 2644 3349 vlta
2675 3295 2930 3352 delbrmis
2954 3307 3036 3352 est
3061 3299 3298 3368 quidem,

1689 3385 1911 3456 'quippe
1942 3385 2030 3439 ubi
2062 3386 2229 3440 virtus
2275 3389 2439 3442 servit
2471 3388 2702 3444 dominae
2732 3392 3026 3462 voluptati;
3057 3395 3314 3462 quamvis-

1715 3478 1860 3530 nullo
1885 3477 2044 3531 tnodo
2075 3477 2188 3533 haec
2214 3476 2441 3533 dicenda
2467 3481 2537 3536 sit
2568 3482 2737 3538 virtus
2765 3500 2778 3536 :
2807 3483 2900 3538 sed
2933 3492 3108 3539 tamen
3136 3487 3298 3540 etiam

1715 3567 1816 3622 ista
1851 3565 2122 3623 horribilis
2155 3571 2427 3640 turpitudo
2451 3573 2709 3641 quosdam
2739 3573 3084 3645 philosophos
3111 3587 3299 3646 patro-

1716 3675 1813 3715 nos
1831 3671 1885 3716 et
1915 3661 2230 3718 defensores
2255 3680 2382 3719 suos
2410 3664 2611 3720 habuit.
2646 3666 2837 3722 Virtuti
2867 3679 3029 3738 porro
3050 3669 3299 3739 Voluptas

1710 3751 1969 3822 jungitur,
2003 3753 2217 3825 quando
2245 3765 2436 3811 neutra
2465 3772 2648 3812 earum
2678 3768 2895 3830 pr0pter
2928 3760 3173 3825 alteram,
3203 3762 3300 3816 sed

1715 3852 1932 3913 propter
1963 3859 2022 3899 se
2050 3846 2192 3916 ipsas
2224 3847 2395 3902 amba:
2424 3851 2764 3918 appetuntur.
2803 3851 3136 3922 Quapropter
3164 3852 3302 3908 sicut

1712 3938 1960 4006 voluptas
1994 3940 2077 3993 vel
2107 3940 2340 4004 subdita,
2372 3942 2456 3996 vel
2488 3944 2726 4012 praelata,
2758 3944 2842 3999 vel
2877 3945 3060 4014 juncta
3093 3946 3296 4011 virtuti,

1714 4037 1820 4081 tres
1859 4040 2034 4082 sectas
2079 4029 2230 4095 facit;
2281 4033 2350 4085 ita
2377 4032 2547 4102 quies,
2579 4034 2648 4088 ita
2691 4045 2991 4106 utrumque,
3023 4039 3092 4090 ita
3127 4037 3296 4105 prima

1710 4129 1914 4174 naturze
1952 4120 2086 4175 alias
2117 4125 2294 4177 ternas
2336 4123 2674 4180 inveniuntur
2716 4127 2952 4184 efﬁcere.
2993 4127 3098 4184 Pro
3118 4129 3304 4183 varie--

1711 4217 1819 4265 tate
1843 4211 2038 4281 quippe
2071 4211 2422 4270 humanarum
2451 4217 2761 4285 opinionum
2804 4218 2980 4272 virtuti
3011 4219 3297 4287 aliquando

1709 4302 2030 4366 subduntur,
2053 4305 2338 4374 aliquando
2365 4307 2734 4375 prmfernntur,
2761 4309 3046 4378 aliquando
3062 4311 3298 4380 jungun-

1712 4401 1815 4459 tur,
1845 4410 1905 4448 ac
1931 4395 2008 4450 sic
2047 4396 2112 4451 ad
2151 4397 2532 4452 duodenarium
2574 4409 2836 4454 sectarum
2876 4417 3154 4456 uulnerum
3182 4417 3296 4472 per-

1709 4488 1936 4541 vcnitur.
1978 4487 2083 4543 Sed
2127 4489 2226 4544 istc
2253 4504 2466 4559 quoque
2510 4507 2767 4546 numerus
2803 4491 3101 4562 duplicatur
3136 4493 3295 4549 adhi-

1711 4579 1815 4633 bita
1843 4596 1942 4633 una
1969 4579 2288 4646 differentia,
2317 4583 2529 4637 socialis
2563 4584 2808 4639 videlicet
2845 4586 2966 4640 vita:
2999 4605 3010 4640 :
3040 4588 3294 4656 quoniam

1710 4671 1950 4742 quisquis
1967 4682 2201 4726 sectatur
2216 4673 2444 4743 aliquam
2464 4675 2684 4728 istarum
2701 4675 2980 4730 duodecim
2999 4684 3292 4738 sectarum.

1710 4764 1947 4832 profecto
1987 4774 2079 4819 aut
2120 4776 2336 4836 propter
2375 4781 2435 4820 se
2479 4776 2678 4821 tantum
2723 4767 2775 4822 id
2819 4769 2946 4838 agit,
2995 4777 3089 4824 aut
3133 4771 3298 4826 etiam

1709 4866 1928 4928 propter
1955 4858 2180 4923 so'clnm,
2207 4859 2290 4913 cui
2317 4858 2477 4914 debet
2505 4859 2609 4916 hoc
2647 4861 2780 4915 velle
2808 4861 2949 4930 quod
2992 4864 3114 4917 sibi.
3142 4863 3292 4932 Quo-

1709 4952 1849 5006 circa
1886 4950 2166 5006 duodecim
2203 4961 2328 5006 sunt
2351 4967 2558 5017 eorum,
2604 4952 2695 5023 qui
2738 4964 2954 5024 propter
2986 4969 3044 5010 se
3089 4965 3294 5012 tantum

1709 5057 2139 5114 unamquamque
2179 5043 2460 5098 tenendam
2493 5053 2710 5114 putant;
2761 5055 2816 5100 et
2859 5046 2978 5101 alia:
3013 5047 3297 5104 duodecim

1709 5152 1916 5203 eorum,
1944 5138 2033 5208 qui
2061 5152 2166 5191 non
2192 5137 2364 5192 solum
2395 5147 2613 5207 propter
2640 5153 2699 5192 se
2728 5139 2806 5194 sic
2834 5138 2916 5192 vel
2951 5139 3029 5194 sie
3060 5140 3294 5210 philoso-

1711 5229 1981 5299 phandum
2029 5240 2150 5283 esse
2190 5227 2506 5292 decernunt,
2550 5228 2642 5283 Sed
2683 5231 2841 5283 etiam
2885 5241 3102 5298 propter
3137 5231 3293 5296 alios,

1710 5338 1933 5393 quorum
1969 5323 2164 5378 bonum
2198 5330 2456 5392 appetunt
2491 5323 2626 5378 sicut
2656 5337 2832 5376 suum.
2871 5321 2966 5376 l-lze
3004 5319 3183 5376 autem
3218 5337 3299 5378 se-

1710 5427 1810 5471 ctze
1850 5417 2032 5487 viginti
2070 5425 2299 5486 quatuor
2341 5416 2532 5471 iterum
2569 5415 2928 5485 geminantur,
2968 5414 3144 5469 addita
3188 5416 3296 5471 dif-

1711 5509 1932 5565 ferentia
1957 5526 2021 5564 ex
2052 5508 2380 5563 Academicis
2406 5508 2558 5562 novis
2583 5506 2679 5579 (a),
2709 5516 2762 5562 et
2786 5508 2918 5560 liunt
2945 5507 3294 5577 quadraginta

1710 5613 1850 5657 octo.
1885 5601 2097 5657 Illarum
2144 5603 2339 5672 quippe
2378 5599 2561 5668 viginti
2601 5608 2827 5668 quatuor
2869 5614 3298 5670 unamquamque

1709 5706 1972 5753 sectarum
2015 5704 2188 5764 potest
2214 5694 2435 5763 quisque
2470 5693 2550 5748 sic
2593 5701 2775 5750 tenere
2805 5709 2866 5749 ac
2901 5693 3194 5750 defendere
3236 5698 3295 5751 ul

1772 5854 1844 5916 (a)
1871 5850 1969 5902 \‘id.
1995 5848 2138 5913 paulo
2156 5845 2306 5910 infra,
2330 5859 2380 5896 n.
2403 5847 2449 5897 3.
