3826 6500
539 396 645 453 6‘25

540 522 758 577 certam,
790 507 1237 581 quemadmodum
1269 506 1620 563 defenderunt
1648 507 1834 573 Stoici,
1857 507 1997 577 quod
2031 507 2130 559 ho-

541 604 699 657 minis
740 603 958 669 bonum,
1010 616 1115 671 quo
1163 600 1349 657 beatus
1394 609 1553 664 esset,
1600 601 1649 654 in
1698 600 1860 654 animi
1903 608 2132 653 tantum-

540 695 702 750 modo
730 695 923 749 virtute
960 694 1279 748 consisteret
1310 710 1325 746 :
1354 701 1527 762 potest
1569 694 1701 747 alius
1754 700 1810 746 ut
1850 692 2129 755 incertam,

539 789 679 841 sicut
703 785 1063 841 defenderunt
1102 785 1404 839 Academici
1446 785 1588 851 novi,
1618 784 1756 856 quod
1790 784 1868 838 eis
1895 784 1996 840 etsi
2024 798 2129 837 non

541 895 771 947 certum,
807 894 981 937 tamen
1022 882 1315 937 verisimile
1345 881 1642 937 videbatur.
1674 882 1869 952 Viginti
1906 891 2131 952 quatuor

539 989 669 1044 ergo
696 975 828 1029 fiunt
861 991 958 1045 per
989 990 1103 1041 eos,
1140 976 1227 1045 qui
1259 989 1349 1029 eas
1380 974 1528 1029 velut
1551 984 1723 1029 certas
1752 984 1970 1045 propter
1992 974 2133 1029 veri-

542 1076 726 1132 tatem,
772 1074 824 1121 et
850 1066 970 1121 alia:
1012 1066 1193 1136 viginti
1240 1074 1465 1134 quatuor
1494 1081 1591 1135 per
1630 1080 1743 1131 eos,
1788 1067 1875 1135 qui
1915 1065 2127 1121 easdem

537 1161 783 1229 qiiznnvis
814 1160 1041 1214 incertas
1083 1168 1299 1229 propter
1342 1158 1856 1214 verisimilitudinem
1904 1173 2132 1229 sequen-

537 1253 632 1305 das
661 1261 862 1315 putant.
900 1252 1124 1316 Itur-sus,
1158 1251 1280 1320 quia
1308 1265 1731 1320 unamquamque
1760 1251 1979 1305 istarum
2010 1267 2132 1320 qua-

539 1345 781 1414 draginta
824 1354 945 1399 octo
984 1352 1246 1398 sectarum
1280 1352 1460 1414 potest
1485 1343 1707 1411 quisque
1751 1343 1900 1412 sequi
1949 1342 2129 1398 habitu

537 1447 854 1497 caeli-rerum
897 1434 1356 1505 philosophorum,
1390 1435 1622 1503 itemque
1652 1442 1826 1503 potest
1866 1435 2003 1489 alius
2036 1436 2129 1491 ha-

537 1528 651 1582 bitu
676 1527 1021 1599 Cynicorum,
1048 1544 1111 1581 ex
1140 1525 1240 1581 hac
1266 1525 1423 1580 etiam
1449 1525 1747 1580 differentia
1770 1525 2125 1595 duplicantur,

537 1629 592 1676 et
634 1619 919 1689 nonaginta
950 1634 1043 1675 sex
1086 1618 1237 1672 fiunt.
1280 1617 1482 1672 Deinde
1512 1618 1634 1687 quia
1665 1633 1848 1672 earnm
1892 1618 2129 1687 singulas

533 1734 775 1789 quasque
818 1722 884 1772 ita
918 1715 1052 1772 tueri
1092 1716 1333 1770 homines
1360 1705 1580 1787 possunt
1621 1723 1780 1784 atque
1822 1715 2039 1778 sectari,
2074 1724 2130 1769 ιιι

535 1818 627 1864 aut
663 1810 886 1864 otiosam
915 1809 1134 1880 diligant
1163 1809 1343 1875 vitam,
1372 1809 1513 1863 sicut
1550 1808 1600 1862 hi
1638 1809 1727 1878 qui
1759 1808 2129 1862 tantummodo

536 1903 725 1957 studiis
761 1901 1019 1956 doctrina:
1066 1915 1252 1954 vacare
1292 1899 1573 1955 voluerunt
1612 1908 1771 1969 atque
1813 1899 2125 1964 valuerunt;

537 2003 629 2047 aut
657 1995 1006 2062 negotiOsam,
1050 1992 1187 2046 sicut
1216 1991 1267 2045 hi
1305 1992 1393 2060 qui
1439 2006 1559 2045 cum
1600 1990 2125 2061 philosopharentur,

539 2094 713 2137 t:nnen
753 2083 1215 2138 administratione
1244 2083 1548 2152 reipublic-.e
1576 2084 1926 2153 regendisque
1966 2083 2127 2139 rebus

535 2174 781 2228 humanis
818 2175 1209 2245 occupatissimi
1249 2174 1493 2239 fuerunt;
1526 2184 1617 2228 aut
1658 2189 1726 2229 ex
1768 2185 1992 2245 utroque
2032 2189 2127 2244 ge-

534 2281 667 2321 nere
698 2275 1066 2336 tempcratam,
1111 2267 1249 2322 sicut
1287 2266 1339 2321 hi
1379 2267 1468 2336 qui
1504 2267 1694 2335 partim
1736 2267 1948 2322 erudito
1991 2268 2123 2335 otio,

533 2362 727 2429 partim
759 2364 1061 2415 necessario
1089 2362 1323 2429 negotio,
1354 2361 1669 2414 alternantia
1702 2361 1821 2414 vita:
1855 2376 1965 2415 sua:
1993 2370 2127 2416 tem-

533 2468 663 2521 pora
696 2452 993 2507 tribuerunt
1021 2470 1033 2503 :
1060 2462 1275 2521 propter
1299 2452 1392 2505 has
1418 2451 1743 2507 dilfcrcntias
1768 2463 1937 2521 potest
1961 2454 2124 2508 etiam

535 2542 790 2611 triplicari
850 2558 1103 2596 numerus
1152 2544 1254 2596 iste
1295 2550 1582 2607 sectarum,
1639 2553 1691 2597 et
1743 2543 1810 2596 ad
1860 2544 2126 2599 ducentas

532 2636 803 2703 octoginta
830 2643 953 2688 octo
983 2632 1218 2702 perduci.

604 2728 661 2782 3.
702 2726 825 2780 lltcc
850 2728 917 2781 de
950 2726 1198 2781 Varronis
1226 2726 1382 2791 libro,
1409 2737 1662 2795 quantum
1696 2727 1861 2796 potui,
1893 2726 2125 2784 breviter

530 2833 594 2873 ac
620 2818 847 2873 dilucide
876 2819 1048 2887 posui,
1080 2819 1373 2873 sententias
1401 2819 1517 2888 ejus
1544 2820 1677 2873 meis
1705 2820 1979 2888 explicans
2006 2838 2125 2878 ver-

530 2909 633 2965 bis.
662 2909 939 2977 Quomodo
980 2920 1160 2964 autem
1207 2908 1450 2964 refutatis
1492 2911 1702 2965 cretei-is
1738 2928 1895 2965 unam
1939 2913 2119 2983 eligat,

529 3018 690 3071 quam
726 3002 837 3057 vult
865 3017 985 3058 esse
1014 3002 1455 3057 Academicorum
1482 3015 1745 3069 veterum,
1773 3020 1907 3074 quos
1934 3020 1965 3059 a
2004 3006 2122 3060 Pla-

530 3106 657 3149 tone
701 3096 966 3149 institutos
1018 3108 1188 3165 usque
1235 3094 1303 3149 ad
1350 3095 1722 3161 Polemonem,
1775 3098 1863 3166 qui
1914 3098 1981 3151 ab
2028 3098 2122 3153 illo

529 3197 749 3257 quartus
788 3186 903 3256 ejus
940 3186 1179 3241 scholam
1227 3187 1414 3249 tenuit,
1464 3202 1584 3256 qua:
1620 3186 1938 3242 Acndemia‘
1980 3188 2121 3244 dicta

527 3292 631 3344 est,
678 3280 930 3334 habuisse
968 3289 1112 3334 ccrta
1152 3280 1398 3349 dogmata
1431 3281 1539 3333 vult
1571 3279 1773 3344 videri;
1825 3290 1881 3334 et
1919 3280 1989 3335 ob
2019 3281 2122 3337 hoc

527 3371 805 3442 diStinguit
834 3370 903 3425 ab
941 3371 1278 3425 Academicis
1318 3373 1490 3435 novis,
1530 3372 1721 3440 quibus
1766 3371 1968 3426 incerta
1997 3382 2124 3430 sunt

526 3466 725 3530 omnia,
767 3464 910 3534 quod
953 3464 1302 3534 ιιιιὶιοευριιίιιι
1344 3479 1512 3534 genus
1561 3466 1629 3518 ab
1674 3466 1912 3519 Arcesila
1957 3468 2122 3537 cmpit

526 3572 840 3613 successore
861 3558 1165 3613 Polemonis
1184 3557 1292 3629 (a);
1322 3572 1547 3626 eamque
1584 3564 1805 3621 sectam,
1842 3557 1891 3611 id
1920 3566 2003 3613 est
2032 3572 2122 3612 ve-

524 3658 699 3704 terum
749 3648 1226 3715 Academicorum,
1280 3648 1420 3703 sicut
1463 3647 1798 3703 dubitatione
1853 3650 1923 3703 ita
1975 3649 2119 3704 omni

523 3756 709 3796 errore
748 3755 931 3795 carere
968 3738 1279 3805 arbitretur,
1324 3739 1538 3809 longum
1579 3748 1662 3795 est
1690 3756 1787 3810 per
1824 3742 2001 3795 omnia
2034 3743 2121 3797 de-

522 3846 824 3889 monstrare
852 3850 865 3886 :
896 3848 997 3887 nec
1027 3842 1202 3887 tamen
1241 3832 1387 3887 omni
1414 3846 1483 3887 ex
1527 3841 1678 3902 parte
1705 3848 1791 3887 res
1826 3834 2118 3889 ouiittenda

521 3934 625 3978 est.
657 3925 915 3980 ltemovet
940 3939 1067 3994 ergo
1090 3924 1236 3992 prius
1264 3923 1379 3978 illas
1407 3938 1595 3978 omnes
1620 3923 1967 3989 diﬂ‘erentias,
1996 3941 2118 3996 qua;

522 4030 807 4069 numerum
846 4016 1267 4085 multiplicavere
1291 4024 1556 4070 sectarum
1587 4033 1600 4070 :
1630 4031 1761 4086 quas
1787 4016 1906 4072 ideo
1935 4034 2117 4071 remo-

519 4105 721 4161 Vendas
752 4116 920 4176 putat,
960 4108 1080 4176 quia
1129 4122 1233 4160 non
1278 4107 1331 4160 in
1378 4108 1458 4162 eis
1486 4117 1569 4162 cst
1596 4107 1715 4163 finis
1758 4108 1900 4162 boni.
1933 4108 2115 4179 Neque

521 4198 664 4252 enim
691 4198 960 4252 existimat
981 4199 1140 4252 ullam
1165 4198 1518 4269 philosOphiae
1556 4209 1755 4253 sectam
1782 4215 1902 4255 esse
1930 4200 2118 4255 dicen-

521 4287 668 4357 dam,
694 4305 814 4359 quat
842 4304 945 4343 non
975 4306 1041 4344 eo
1069 4290 1230 4358 distet
1255 4306 1284 4343 a
1320 4292 1549 4352 cmteris,
1578 4291 1717 4360 quod
1749 4291 1991 4346 diversos
2019 4292 2113 4346 ha-

518 4380 641 4436 beat
666 4382 799 4437 fines
828 4381 1088 4436 bonorum
1114 4392 1168 4436 et
1196 4381 1476 4436 malorum.
1500 4381 1937 4452 Quandoquidem
1970 4384 2113 4439 nulla

522 4483 606 4528 est
637 4472 838 4529 homini
875 4489 1035 4529 causa
1066 4473 1500 4544 philosophandi,
1529 4473 1633 4529 nisi
1662 4484 1721 4529 ut
1762 4474 1950 4530 beatus
1994 4476 2063 4530 sit
2093 4493 2108 4531 :

524 4564 667 4634 quod
705 4574 885 4619 autem
915 4565 1133 4619 beatum
1160 4564 1307 4630 facit,
1341 4564 1456 4635 ipse
1495 4574 1578 4619 est
1618 4565 1738 4619 iiuis
1763 4565 1885 4620 boni
1918 4583 1931 4619 :
1964 4567 2110 4620 nulla

517 4668 602 4712 est
632 4658 788 4727 igitur
807 4672 967 4711 causa
994 4656 1424 4726 philosophandi,
1455 4656 1555 4710 nisi
1582 4655 1702 4710 finis
1725 4656 1849 4710 boni
1880 4673 1893 4708 ε
1924 4673 2112 4726 quam-

522 4747 710 4802 obrem
750 4764 868 4817 qua:
896 4749 1098 4803 nullum
1128 4747 1252 4801 boni
1293 4748 1452 4801 tinem
1482 4756 1736 4807 sectatur.
1767 4748 1907 4801 nulla
1936 4747 2112 4816 philo-

517 4838 723 4909 sOphia:
760 4848 905 4895 secta
933 4838 1158 4894 dicenda
1196 4846 1297 4893 est.
1328 4837 1462 4893 Cum
1492 4853 1619 4907 ergo
1643 4839 1900 4908 queritur
1923 4837 1991 4893 de
2028 4853 2111 4895 so-

518 4931 640 4985 ciali
669 4932 797 4997 vita,
842 4943 1018 4985 utrum
1067 4930 1137 4985 sit
1185 4930 1412 4986 tenenda
1462 4931 1709 4999 sapienti,
1742 4939 1801 4985 ut
1840 4947 2107 4987 summum

514 5024 735 5088 bonum,
766 5039 871 5093 quo
898 5023 957 5078 fit
986 5023 1145 5077 homo
1174 5023 1381 5089 beatus,
1412 5025 1485 5078 ita
1524 5025 1654 5079 velit
1690 5035 1745 5080 et
1772 5036 1921 5082 curet
1948 5028 2106 5082 amici

515 5115 620 5182 sui,
650 5114 1093 5184 quemadmodum
1141 5129 1319 5177 suum.
1360 5130 1428 5169 an
1457 5128 1565 5169 sua:
1593 5117 1960 5171 tantummodo
1992 5118 2109 5173 bea-

519 5205 763 5265 titudinis
801 5219 961 5259 causa
1007 5202 1168 5259 faciat
1212 5204 1470 5274 quidquid
1514 5205 1673 5269 facit;
1727 5222 1830 5260 non
1876 5206 1944 5261 de
1991 5208 2107 5277 ipso

516 5310 730 5352 summo
759 5295 901 5351 bono
925 5296 1149 5366 quaastio
1170 5302 1270 5360 est,
1305 5278 1399 5351 sed
1428 5294 1498 5351 de
1532 5296 1855 5351 assumendo
1886 5299 1970 5353 vel
2000 5316 2106 5356 non

514 5388 838 5449 assumeudo
871 5388 1019 5459 socio
1045 5387 1112 5444 ad
1140 5387 1296 5459 hujus
1330 5387 1786 5457 participationem
1817 5390 1963 5459 boni,
1997 5408 2104 5448 non

517 5493 739 5553 propter
777 5496 835 5536 se
865 5481 1059 5552 ipsum,
1099 5480 1194 5535 sed
1236 5490 1452 5551 pr0pter
1489 5481 1738 5537 eumdem
1783 5484 2006 5550 socium,
2050 5493 2106 5539 ut

513 5577 632 5648 ejus
658 5578 801 5631 bono
842 5575 913 5629 ita
954 5573 1213 5651 gaudeat,
1246 5576 1385 5632 sicut
1418 5574 1614 5646 gaudet
1657 5588 1776 5630 suo.
1819 5574 1949 5630 Item
1981 5592 2104 5632 cum

514 5668 769 5735 qiucritur
811 5665 879 5722 de
908 5664 1242 5723 Academicis
1280 5668 1456 5735 novis,
1496 5666 1689 5736 quibus
1734 5668 1935 5724 incerta
1979 5677 2104 5725 sunt

582 5803 595 5831 ³
635 5799 800 5848 Plures
822 5806 949 5856 Mss,
974 5800 1270 5850 .rrmdcmica.

576 5863 653 5925 (α)
672 5863 800 5911 conf.
824 5862 972 5911 cicer.
1000 5862 1083 5911 lib.
1111 5862 1141 5908 '5
1172 5863 1233 5911 de
1254 5869 1399 5924 orat,
1425 5875 1526 5925 cap.
1562 5862 1632 5911 t3.

1610 392 1698 448 or.
1739 391 2058 447 ClVlTATE
2103 390 2233 458 om,
2275 391 2333 447 s.
2378 394 2735 453 mensum
3649 416 3727 473 eg;

2241 510 2440 572 omnia,
2485 524 2659 564 u'rnni
2690 513 2758 565 ita
2800 512 2908 568 sint
2948 530 3033 567 res
3064 516 3334 583 habendze,
3379 517 3427 571 in
3461 521 3621 592 quibus
3641 527 3732 597 phi-

2241 600 2628 671 insephandum
2672 614 2772 670 est,
2802 620 2892 671 an,
2941 606 3073 660 sicut
3108 608 3225 662 aliis
3257 607 3559 679 philosophis
3583 617 3757 685 placuit'

2245 703 2419 749 certas
2463 711 2555 749 eas
2585 696 2783 753 habere
2825 698 3146 765 debeamus;
3178 716 3280 755 non
3323 704 3555 772 qntct'itur
3576 710 3674 777 quid
3696 714 3734 768 in

2241 783 2366 839 boni
2397 786 2501 842 fine
2534 788 2846 844 sectandum
2878 791 2967 855 sit,
3002 791 3093 846 sed
3132 791 3201 847 de
3236 793 3393 864 ipsius
3414 796 3526 851 boni
3547 802 3733 869 veritate,

2238 877 2380 947 quod
2406 880 2718 935 sectandum
2758 882 2988 949 videtur,
3022 894 3195 938 utrum
3231 885 3318 952 sit,
3355 902 3527 952 necne,
3555 889 3738 948 dubitan-

2238 968 2403 1024 dum:
2439 971 2537 1026 hoc
2564 981 2665 1039 est,
2714 983 2770 1028 ut
2799 974 2849 1027 id
2882 975 3088 1044 planius
3127 976 3363 1046 eloquar,
3404 991 3562 1036 utrum
3598 985 3739 1041 inse.

2236 1062 2488 1118 ctandum
2529 1065 2617 1132 sit,
2661 1075 2714 1121 ut
2760 1068 2849 1137 qui
2886 1077 3138 1132 sectatur,
3166 1068 3307 1124 dicat
3343 1086 3453 1126 csse
3488 1091 3740 1140 verumgan

2238 1155 2329 1221 ita,
2362 1169 2418 1210 ut
2447 1158 2536 1227 qui
2573 1168 2827 1226 sectatur,
2858 1161 3000 1216 dicat
3025 1178 3210 1218 verum
3247 1164 3342 1219 sibi
3380 1167 3552 1234 videri,
3587 1178 3741 1228 etiamsi

2237 1244 2372 1303 forte
2400 1250 2469 1303 sit
2500 1249 2724 1317 falsum;
2756 1260 2931 1307 tamen
2959 1262 3183 1324 uterque
3209 1266 3436 1311 sectetur
3463 1275 3604 1313 unum
3630 1271 3744 1331 atque

2236 1340 2377 1396 idem
2419 1344 2637 1399 bonum.
2666 1343 2723 1399 In
2754 1346 2842 1400 iila
2868 1348 3027 1401 etiam
3065 1347 3368 1404 diﬂ'erentia
3394 1367 3503 1421 qua:
3528 1353 3745 1408 adhibetur

2234 1448 2297 1486 ex
2326 1432 2506 1487 habitu
2550 1444 2603 1490 et
2641 1436 3026 1493 consuetudine
3050 1437 3396 1509 Cynicorum,
3436 1459 3531 1496 non
3552 1447 3747 1513 qumriuu

2233 1526 2477 1595 quisnam
2523 1528 2593 1581 sit
2635 1526 2757 1583 finis
2784 1530 2932 1595 boni,
2972 1531 3064 1585 sed
3109 1546 3291 1586 utrum
3333 1534 3383 1588 in
3426 1534 3509 1589 illo
3534 1534 3682 1591 habitu
3710 1548 3746 1592 ct

2232 1619 2620 1674 consuetudine
2666 1622 2737 1676 sit
2782 1622 3063 1677 vivendum
3108 1625 3181 1690 ei,
3222 1625 3315 1694 qui
3366 1642 3536 1681 verum
3573 1639 3748 1683 sectatur

2233 1707 2452 1776 bonum,
2485 1712 2756 1779 quodlibet
2782 1714 2831 1768 ei
2862 1730 3047 1769 verum
3085 1716 3332 1771 videatur
3372 1732 3484 1773 esse
3521 1729 3652 1789 atque
3684 1736 3748 1775 se-

2233 1800 2504 1855 ctandum.
2538 1803 2775 1873 Denique
2805 1804 3041 1871 fuerunt,
3085 1808 3177 1876 qui
3222 1824 3345 1862 cum
3384 1809 3574 1863 diversa
3604 1826 3750 1879 seque-

2234 1902 2418 1947 rentur
2466 1895 2601 1949 bnna
2645 1897 2844 1964 linalia,
2892 1899 2980 1953 alii
3027 1900 3303 1964 virtutem,
3344 1901 3431 1954 alii
3472 1901 3747 1971 voluptatein,

2230 1985 2476 2040 eumdem
2509 1996 2681 2043 tamen
2723 1989 2960 2044 habitum
2988 2001 3039 2046 et
3078 1993 3512 2047 consuetudinem
3541 1995 3747 2059 tenebant,

2232 2094 2295 2131 ex
2329 2096 2429 2148 qua
2454 2081 2467 2110 ¹
2499 2080 2683 2149 Cynici
2713 2084 3141 2151 appellabantur.
3170 2085 3246 2139 Ita
3279 2085 3405 2139 illud
3434 2086 3651 2156 quidquid
3674 2096 3745 2149 et,

2232 2172 2373 2226 unde
2421 2172 2719 2242 philosophi
2758 2174 2943 2245 Cynici
2982 2175 3366 2231 discernuntur
3407 2193 3435 2229 a
3471 2178 3665 2237 exteris.
3701 2178 3745 2229 ad

2229 2262 2537 2331 eligendum
2585 2279 2648 2319 ac
2698 2264 2989 2320 tenendum
3032 2266 3257 2325 bonum,
3294 2284 3399 2336 quo
3430 2267 3555 2321 beati
3587 2266 3743 2331 ﬁerent,

2230 2354 2414 2424 utique
2450 2356 2525 2409 nil
2552 2355 2779 2411 valebat.
2811 2356 2945 2411 Nam
2978 2358 3022 2411 si
3059 2359 3268 2429 aliquid
3295 2359 3358 2413 ad
3388 2361 3481 2413 hoc
3511 2360 3743 2415 inter-essu.

2230 2446 2470 2516 profecto
2497 2448 2636 2503 idem
2678 2448 2892 2505 habitus
2924 2450 3176 2506 eumdem
3205 2450 3369 2505 ﬁnem
3408 2452 3548 2522 sequi
3570 2463 3743 2521 cogent.

2228 2548 2280 2593 et
2308 2538 2555 2595 diversus
2578 2539 2791 2596 habitus
2814 2541 3063 2597 eumdem
3093 2544 3249 2613 sequi
3276 2542 3433 2598 tinem
3460 2557 3555 2596 non
3580 2542 3740 2596 sineret.

2228 2651 2454 2709 CAPUT
2493 2654 2556 2709 ll.
2584 2686 2653 2696 —
2687 2655 2970 2721 Quomodo,
3002 2658 3212 2711 remotis
3241 2657 3469 2710 omnibus
3494 2654 3738 2722 άὶΙσιιιᾱὶι,

2298 2765 2413 2818 qua:
2448 2767 2548 2803 non
2582 2760 2746 2815 accire,
2780 2752 2866 2804 sed
2892 2751 3196 2820 quastione:
3226 2759 3365 2817 sunt,
3406 2750 3471 2802 ad
3507 2750 3739 2817 tripertitam

2299 2841 2483 2894 summi
2522 2840 2637 2894 boni
2678 2841 3022 2908 deﬁnitionem
3077 2839 3248 2896 Varro
3287 2841 3547 2912 perveniat,
3583 2854 3737 2911 qam

2299 2942 2465 2988 tamen
2489 2950 2590 2987 una
2617 2934 2681 2987 sit
2714 2934 2965 3005 eligenda.

2299 3044 2356 3099 In
2390 3045 2559 3101 tribus
2585 3062 2796 3117 quoque
2842 3047 2948 3102 illis
2992 3048 3115 3103 vita:
3140 3049 3447 3119 generibus,
3478 3063 3571 3103 uno
3592 3046 3731 3102 scilicet

2226 3151 2332 3190 non
2355 3138 2608 3206 segniter,
2655 3138 2749 3193 sed
2790 3139 2841 3193 in
2872 3141 3330 3210 contemplatione
3359 3142 3437 3196 vel
3473 3139 3732 3209 inquisitione

2226 3228 2466 3283 veritatis
2494 3231 2688 3297 otioso,
2718 3230 2887 3285 altero
2917 3232 2968 3285 in
2989 3232 3245 3301 gerendis
3269 3233 3430 3287 rebus
3451 3229 3732 3285 huinanisne-

2224 3319 2455 3391 gotioso,
2505 3324 2665 3375 tertio
2710 3336 2775 3375 ex
2819 3330 3044 3393 utroque
3080 3339 3286 3392 genere
3330 3332 3615 3392 temperato,
3650 3333 3729 3373 cum

2226 3410 2482 3479 qumritur
2510 3411 2635 3480 quid
2664 3410 2854 3466 horum
2892 3413 2962 3467 sit
3000 3414 3182 3483 potius
3209 3414 3520 3484 eligendum,
3546 3426 3630 3465 non
3655 3410 3730 3463 linis

2226 3500 2349 3557 beni
2377 3503 2531 3556 habet
2553 3504 2972 3558 controversiam
2995 3522 3009 3570 ;
3037 3504 3136 3559 sed
3165 3506 3289 3576 quid
3314 3505 3492 3558 horum
3520 3503 3646 3557 trium
3664 3499 3731 3552 dif-

2228 3595 2516 3650 ficultatem
2568 3595 2653 3650 vel
2698 3594 3001 3651 facilitatem
3045 3597 3238 3653 atTerat
3275 3597 3342 3652 ad
3378 3592 3727 3667 consequendum

2225 3688 2310 3743 vel
2342 3688 2677 3742 retinendum
2702 3686 2861 3742 finem
2892 3690 3035 3756 boni,
3069 3689 3124 3744 id
3166 3692 3220 3744 in
3248 3691 3346 3744 ista
3372 3690 3627 3760 quaestione
3645 3699 3725 3737 vero

2225 3787 2392 3832 satur.
2425 3777 2570 3833 Finis
2595 3779 2737 3834 enim
2779 3777 2926 3842 boni,
2956 3794 3077 3834 cum
3113 3780 3181 3833 ad
3221 3796 3343 3834 eum
3370 3780 3574 3849 quisque
3594 3787 3727 3845 perve-

2224 3870 2381 3934 nerit,
2412 3870 2651 3939 protinus
2692 3869 2903 3924 beatum
2934 3869 3078 3924 facit.
3118 3870 3171 3923 In
3203 3872 3315 3925 otio
3338 3879 3502 3923 autem
3539 3868 3721 3925 litterato,

2223 3963 2304 4017 vel
2338 3965 2388 4016 in
2431 3964 2641 4033 negotio
2667 3963 2899 4032 publico,
2929 3964 3011 4017 vel
3034 3964 3253 4033 quando
3292 3972 3551 4030 utrumque
3582 3956 3724 4010 vicibus

2222 4057 2415 4127 agitur,
2442 4072 2549 4111 non
2574 4057 2827 4111 continuo
2847 4056 3073 4127 quisque
3102 4056 3293 4111 beatus
3320 4065 3416 4110 est.
3439 4053 3565 4107 Multi
3586 4049 3721 4118 quippe

2224 4147 2275 4201 in
2308 4148 2545 4218 quolibet
2573 4147 2761 4202 horum
2800 4148 2956 4202 trium
2990 4158 3215 4217 possunt.
3256 4148 3444 4208 vivere,
3471 4144 3581 4198 etin
3605 4152 3718 4208 appe-

2223 4240 2382 4294 tendo
2414 4240 2537 4294 boni
2561 4239 2664 4293 fine
2685 4255 2789 4309 quo
2816 4239 2873 4292 fit
2912 4238 3075 4293 homo
3102 4238 3312 4304 beatus,
3350 4251 3532 4292 errare.
3558 4232 3644 4287 Alia
3665 4236 3718 4282 es!

2220 4332 2380 4403 igitur
2407 4332 2631 4402 quaestio
2655 4334 2722 4386 de
2768 4330 2963 4385 finibus
2991 4330 3257 4385 bonorum
3299 4339 3351 4385 et
3377 4328 3717 4389 multinominis

2218 4440 2647 4496 unamquamque
2678 4423 3119 4493 philosophorum
3162 4431 3361 4478 sectam
3390 4420 3534 4474 facit:
3561 4426 3603 4471 et
3633 4412 3713 4465 alis

2222 4526 2349 4573 sunt
2378 4516 2703 4587 quaestiones
2730 4516 2796 4570 de
2825 4516 3009 4569 sociali
3037 4517 3165 4580 vita,
3210 4516 3279 4571 de
3306 4512 3599 4569 cunctatione
3620 4506 3711 4557 Aca-

2217 4610 2571 4675 demicorum,
2596 4610 2667 4665 de
2696 4610 2887 4664 vestitu
2926 4619 2980 4663 et
3006 4608 3145 4663 victu
3172 4608 3495 4679 Cynicorum,
3518 4601 3571 4656 de
3596 4597 3705 4652 tribus

2218 4705 2344 4757 vitm
2367 4705 2674 4774 generibus,
2703 4702 2897 4769 otioso,
2929 4711 3171 4767 actuoso,
3205 4713 3260 4758 et
3287 4718 3350 4757 ex
3375 4709 3570 4766 utroque
3588 4688 3703 4745 modi-

2218 4798 2410 4863 ficato;
2438 4814 2659 4868 quarnm
2687 4796 2831 4851 nulla
2862 4806 2964 4863 est,
2998 4796 3051 4851 in
3090 4812 3193 4866 qua
3222 4797 3288 4851 de
3316 4796 3543 4849 bonorum
3564 4795 3604 4841 et
3625 4779 3701 4836 tm-

2218 4890 2390 4945 lorum
2442 4889 2634 4943 finibus
2673 4888 2994 4958 disputatur.
3045 4888 3271 4942 Proinde
3314 4877 3701 4955 quoniamilarctli

2218 4981 2387 5036 Varro
2417 4981 2513 5035 has
2562 4992 2787 5049 quatuor
2811 4979 3072 5034 adhibens
3112 4979 3440 5037 dilferentias,
3469 4972 3513 5027 id
3544 4976 3619 5029 esi,
3656 4976 3697 5013 τι

2216 5075 2319 5127 vita
2350 5073 2551 5138 soeiali,
2593 5088 2657 5127 ex
2688 5072 3019 5128 Academicis
3046 5073 3216 5137 novis,
3249 5088 3308 5125 ex
3337 5066 3534 5139 Cynicis,
3559 5075 3607 5113 ex
3629 5056 3697 5108 i510

2216 5165 2335 5218 vita:
2384 5179 2580 5232 genere
2612 5163 2876 5232 tripartito
2921 5162 2986 5217 ad
3031 5174 3206 5217 sectas
3230 5164 3461 5214 ducentas
3499 5145 3693 5237 octoginta

2214 5267 2335 5312 OCIO
2358 5257 2623 5327 pervenit,
2653 5264 2710 5311 et
2735 5256 2779 5310 si
2810 5272 2927 5326 qua:
2954 5256 3073 5310 alia:
3100 5264 3317 5325 possunt
3340 5248 3547 5306 similiter
3564 5237 3687 5304 adjia;

2213 5353 2434 5406 remotis
2469 5350 2547 5404 eis
2584 5348 2852 5414 omnibus,
2893 5349 3146 5418 quoniam
3187 5347 3251 5402 de
3287 5340 3507 5400 set-tando
3540 5336 3689 5386 summa
3778 5386 3779 5395 χ

2214 5446 2355 5500 bono
2382 5445 2581 5499 nullam
2612 5445 2842 5501 inferunt
2867 5444 3238 5515 qumstionem,
3266 5450 3312 5495 et
3339 5437 3442 5493 ideo
3462 5438 3587 5486 secta:
3605 5431 3686 5524 nm‘c

2212 5547 2358 5604 ευηι»
2388 5553 2487 5593 nec
2510 5536 2762 5593 vocanda:
2789 5546 2931 5602 sunt,
2964 5538 3029 5590 ad
3057 5537 3173 5591 illas
3198 5530 3463 5592 duodecim,
3484 5524 3526 5577 in
3549 5514 3684 5608 quibus

2211 5602 2469 5700 quieritnr
2496 5628 2621 5699 quid
2663 5629 2732 5683 sit
2769 5628 2968 5684 bonum
3013 5627 3257 5691 hominis,
3285 5637 3376 5694 quo
3414 5618 3605 5671 assecuta
3641 5602 3680 5649 ίη

2211 5724 2419 5785 beatus,
2453 5731 2510 5777 ut
2535 5738 2602 5778 ex
2628 5722 2706 5777 eis
2736 5737 2896 5775 tinam
2941 5737 3141 5788 veram,
3173 5729 3371 5777 emeras
3396 5710 3522 5766 falsas
3544 5704 3677 5753 osten-

2272 5861 2290 5892 ι
2325 5862 2395 5908 Sic
2418 5863 2525 5906 Mss.
2550 5855 2665 5905 [ditt
2690 5862 2875 5916 autem,
2896 5866 2960 5903 rx
2985 5866 3092 5916 mro.
