3882 6396
89 338 185 399 625

91 446 172 500 dat
193 457 329 509 esse,
381 442 680 500 revertitur.
716 446 846 502 Nam
879 461 1082 508 remoto
1135 466 1226 511 Illo
1259 455 1524 523 tripartito
1552 469 1649 524 ge-

93 551 210 592 nere
239 539 378 604 vitm,
421 537 538 592 dum
566 551 740 608 partes
769 547 925 611 hujus
949 549 1152 600 numeri
1193 547 1566 611 detrahuntur,
1600 557 1656 602 et

91 639 236 684 secta:
261 629 540 698 nonaginta
569 647 661 686 sex
691 644 983 690 remanent.
1009 636 1230 691 Remota
1261 654 1387 692 vero
1407 638 1658 695 differen-

90 723 151 774 tia
192 735 254 776 ex
301 720 511 793 Cynicis
547 723 748 792 addita,
799 727 866 782 ad
905 728 1180 785 dimidium
1226 733 1556 805 rediguntur,
1602 743 1658 790 et

86 812 421 882 quadraginta
470 823 595 872 octo
635 818 788 873 ﬁunt.
837 819 1156 878 Auferamus
1199 825 1357 879 etiam
1402 826 1542 896 quod
1589 842 1654 882 ex

88 903 405 960 Academicis
431 909 586 964 novis
614 909 912 968 adhibitum
943 924 1045 982 est,
1075 930 1260 974 rursus
1285 917 1502 973 dimidia
1534 935 1655 989 pars

86 1007 332 1064 remanet,
385 999 435 1054 id
487 1013 569 1056 est
602 1003 783 1074 viginti
828 1016 1075 1076 quatuor.
1119 1010 1191 1062 De
1217 1011 1396 1065 sociali
1444 1028 1655 1082 quoque

83 1091 176 1146 vita
224 1093 374 1161 quod.
414 1107 732 1164 accesserat,
757 1099 1005 1154 similiter
1031 1100 1318 1166 auferatur,
1369 1103 1654 1160 duodecim

81 1195 194 1238 sunt
218 1185 454 1256 reliqum,
476 1203 607 1257 quas
634 1189 732 1243 ista
773 1191 1091 1260 differentia,
1124 1202 1184 1248 ut
1209 1194 1394 1265 viginti
1425 1205 1654 1263 quatuor

83 1276 278 1342 fierent,
310 1277 700 1347 duplicaverat.
733 1281 805 1336 De
833 1282 913 1336 bis
937 1299 1064 1352 ergo
1085 1284 1365 1340 duodecim
1398 1287 1526 1341 nihil
1549 1287 1654 1342 dici

80 1375 260 1435 potest,
305 1383 409 1422 cur
448 1380 611 1424 secta:
657 1387 759 1425 non
805 1373 914 1426 sint
964 1374 1244 1430 habendm.
1291 1375 1430 1431 Nihil
1459 1379 1654 1449 quippe

79 1457 207 1512 aliud
237 1459 288 1513 in
320 1459 400 1515 eis
429 1463 705 1530 quaeritur,
752 1479 910 1534 quam
939 1465 1073 1522 fines
1101 1467 1361 1523 bonorum
1403 1480 1457 1524 et
1486 1472 1654 1526 malo-

79 1566 203 1604 rum.
231 1551 466 1608 Inventis
481 1566 659 1610 autem
681 1557 941 1612 bonorum
969 1559 1180 1628 finibus,
1206 1563 1442 1631 profecto
1468 1579 1498 1618 e
1525 1579 1654 1618 con-

78 1643 224 1698 trario
251 1652 378 1700 sunt
426 1647 707 1701 malorum.
739 1647 832 1702 I-lae
882 1658 1056 1704 autem
1104 1660 1160 1706 ut
1203 1652 1330 1707 fiant
1370 1653 1649 1710 duodecim

79 1741 260 1800 sectae,
313 1733 402 1788 illa
447 1745 676 1806 quatuor
722 1739 1094 1810 triplicantur,
1148 1743 1415 1812 Voluptas,
1473 1745 1644 1814 quies,

79 1833 363 1895 utrumque,
395 1838 450 1882 et
499 1830 669 1899 prima
711 1842 934 1898 naturae,
981 1850 1100 1903 quae
1127 1836 1438 1906 primigenia
1483 1839 1650 1894 Varro

80 1925 218 1971 vocat
247 1917 342 1989 (a).
377 1919 503 1974 Huic
532 1922 728 1991 quippe
757 1932 986 1993 quatuor
1011 1924 1137 1979 dum
1188 1927 1493 1998 singillatim
1540 1930 1648 1983 vi‘r-

77 2008 161 2062 tuti
182 2009 466 2080 aliqnando
494 2013 818 2082 subdentur,
848 2025 1032 2071 utnon
1063 2025 1282 2088 propter
1310 2034 1369 2074 se
1395 2021 1528 2090 ipsa,
1553 2021 1647 2078 sed

75 2110 278 2170 propter
325 2103 563 2159 officium
609 2106 818 2162 virtutis
852 2111 1151 2179 appetenda
1202 2111 1500 2180 videantur,
1543 2115 1645 2169 ali-

76 2191 268 2259 quando
313 2194 695 2262 prtefernntnr,
751 2207 809 2254 ut
859 2216 966 2255 non
1015 2210 1234 2272 propter
1281 2217 1340 2258 se
1387 2205 1520 2274 ipsa,
1550 2206 1646 2263 sed

77 2293 274 2354 propter
299 2286 417 2341 haec
445 2288 787 2359 adipiscenda
817 2293 901 2348 vel
945 2295 1309 2351 conservanda
1341 2301 1643 2356 necessaria

79 2377 230 2431 virtus
255 2387 492 2446 putetur,
518 2381 804 2452 aliquando
838 2385 1098 2455 jungitur,
1131 2395 1187 2441 ut
1215 2399 1431 2459 propter
1450 2406 1509 2446 se
1533 2392 1645 2462 ipsa

77 2475 119 2521 et
145 2468 320 2537 virtus,
349 2481 408 2526 et
439 2472 538 2528 ista
569 2476 864 2546 appetenda
895 2478 1215 2545 credantur;
1244 2483 1645 2550 quaternm-ium

78 2576 331 2618 numerum
367 2566 586 2636 triplum
633 2569 894 2639 reddunt,
950 2581 1004 2626 et
1045 2572 1111 2628 ad
1154 2572 1436 2630 duodecim
1473 2585 1645 2633 sectas

77 2655 392 2722 perveniunt.
427 2658 504 2714 Ex
539 2660 640 2715 illis
669 2670 845 2717 autem
877 2676 1104 2734 quatuor
1142 2667 1302 2722 rebus
1332 2667 1503 2724 Varro
1535 2678 1644 2727 tres

77 2745 210 2813 tollit,
241 2748 568 2818 voluptatem
603 2753 824 2820 scilicet,
871 2765 926 2809 et
953 2757 1205 2826 quietem,
1235 2767 1290 2813 et
1319 2768 1640 2831 utrumque:

75 2848 166 2888 non
192 2837 324 2906 quod
350 2853 450 2894 eas
479 2840 764 2911 improbet,
795 2844 886 2899 sed
916 2847 1056 2917 quod
1088 2847 1401 2920 primigenia
1430 2850 1519 2905 illa
1544 2865 1642 2907 na-

75 2935 190 2980 ture
209 2939 259 2983 et
287 2931 618 3002 voluptatem
651 2935 701 2988 in
733 2951 793 2991 se
839 2935 1088 3005 habeant,
1123 2948 1177 2994 et
1204 2940 1457 3013 quietem.
1504 2943 1643 3012 Quid

73 3032 181 3088 ergo
200 3036 327 3092 opus
353 3033 530 3080 estex
562 3025 646 3081 his
673 3027 880 3084 duabus
908 3032 1005 3085 tria
1039 3032 1281 3103 quaedam
1309 3034 1510 3104 facere,
1537 3037 1644 3094 duo

77 3112 295 3182 scilicet,
347 3115 483 3172 dum
533 3117 840 3191 singillatim
889 3133 1215 3195 appetuntur
1259 3128 1503 3199 voluptas
1551 3111 1644 3185 aut

77 3202 224 3271 quies,
269 3216 317 3262 et
346 3209 586 3275 tertium,
631 3227 752 3267 cum
780 3215 949 3271 ambae
976 3218 1170 3286 simul;
1210 3221 1640 3294 quandoquidem

78 3297 222 3363 prima
268 3311 473 3358 natura:
519 3315 572 3359 et
603 3304 767 3375 ipsas,
817 3316 871 3365 ct
915 3320 1110 3381 prmtcr
1140 3312 1283 3383 ipsas
1323 3315 1426 3370 alia
1473 3299 1638 3374 mulla

77 3391 349 3447 contineant
370 3394 396 3448 ?
430 3395 503 3450 De
534 3397 704 3453 tribus
734 3413 863 3471 ergo
892 3403 1056 3457 sectis
1083 3404 1132 3459 ei
1161 3407 1333 3476 placet
1356 3407 1640 3480 diligenter

78 3493 178 3535 esse
201 3486 555 3556 tractandum,
602 3505 846 3560 quaenam
893 3493 964 3548 sit
1005 3495 1180 3565 potius
1209 3498 1473 3570 eligenda.
1517 3501 1639 3559 Non

78 3572 196 3661 enim
227 3591 402 3631 veram
438 3578 552 3647 plus
575 3596 731 3650 quam
765 3599 923 3638 unam
951 3601 1073 3640 vera
1104 3589 1239 3642 ratio
1268 3605 1388 3646 esse
1422 3594 1640 3661 permit-

79 3660 146 3726 tit,
169 3664 271 3720 sive
300 3667 352 3721 in
382 3667 468 3722 his
495 3669 668 3726 tribus
696 3673 785 3738 sit,
814 3676 926 3730 sive
955 3675 1149 3732 alicubi
1176 3679 1324 3748 alibi,
1352 3660 1492 3752 quod
1517 3693 1638 3754 post

76 3755 364 3818 videbimus.
392 3762 611 3818 Interim
629 3763 696 3820 de
713 3765 794 3819 his
812 3768 981 3824 tribus
999 3772 1268 3840 quomodo
1290 3789 1446 3828 unam
1464 3774 1636 3832 Varro

74 3845 227 3917 eligat,
251 3861 508 3922 quantum
535 3855 769 3912 breviter
793 3868 1083 3931 aperteque
1119 3876 1424 3932 possumus,
1459 3864 1634 3921 disse-

76 3951 250 3996 ramus.
273 3943 394 4001 lsta:
425 3961 618 4018 nempe
644 3955 755 4004 tres
779 3959 939 4005 secta:
964 3952 1034 4006 ita
1066 3952 1219 4019 fiunt,
1247 3969 1369 4008 cum
1414 3955 1496 4010 vel
1522 3957 1633 4025 pri-

74 4042 144 4083 ma
169 4043 362 4091 natura:
383 4046 608 4108 propter
632 4039 884 4097 virtutem
894 4043 1008 4112 ,vel
1031 4043 1199 4099 virtus
1227 4056 1443 4116 preptcr
1463 4047 1633 4116 prima

73 4133 270 4195 natum,
295 4129 377 4184 vel
397 4139 642 4201 utraque,
667 4131 719 4186 id
745 4143 849 4200 (εει,
878 4135 1114 4190 etvirtus
1139 4137 1382 4208 etprima
1404 4147 1628 4206 natura},

73 4226 264 4285 propter
291 4236 349 4277 se
375 4222 491 4292 ipsa
521 4233 645 4279 sunt
670 4225 988 4295 expetenda.

71 4322 269 4386 CAPUT
307 4333 394 4389 ΙΙΙ.
425 4363 497 4375 -
535 4335 613 4392 De
639 4338 796 4392 tribus
833 4340 978 4394 sectis
1005 4357 1255 4396 summum
1291 4343 1512 4398 hominis
1535 4345 1629 4400 ba.-

130 4439 238 4478 num
274 4429 631 4496 quwrentibus,
671 4446 823 4500 quant
851 4432 1138 4503 eligendam
1191 4432 1350 4488 Varro
1395 4435 1626 4507 deﬁniat,

127 4532 174 4569 se
206 4536 322 4576 uena
350 4524 531 4577 veteris
560 4524 872 4591 Academiae,
901 4527 1149 4582 Antiocho
1177 4537 1402 4594 auctore,
1430 4539 1628 4586 senten-

129 4609 258 4665 tiam.

132 4719 176 4774 l.
213 4721 367 4790 Quid’
387 4741 516 4797 ergo
555 4726 777 4783 istorum
811 4729 969 4784 trium
1010 4730 1080 4785 sit
1107 4745 1290 4787 verum
1330 4739 1490 4803 atque
1535 4749 1626 4790 se-

69 4813 289 4871 ctandum
312 4859 326 4884 ,
361 4820 466 4875 isto
511 4820 672 4876 modo
716 4822 1040 4892 persuadere
1085 4833 1332 4882 conatur.
1363 4826 1622 4894 Primum,

67 4905 169 4971 quia
195 4924 453 4966 summum
477 4913 676 4969 bonum
705 4914 756 4969 in
781 4916 1114 4987 philosophia
1142 4935 1248 4974 non
1269 4919 1497 4988 arboris,
1517 4937 1626 4978 non

65 4999 268 5068 pecoris,
298 5019 400 5059 non
427 5004 536 5072 dei,
573 5007 666 5063 sed
695 5007 931 5064 hominis
949 5009 1225 5080 quaeritur,
1255 5010 1381 5082 quid
1407 5012 1475 5066 sit
1511 5012 1625 5082 ipse

65 5082 222 5156 homo,
247 5097 591 5164 quaerendum
617 5106 783 5170 putat.
802 5100 974 5156 Sentit
997 5102 1194 5174 quippe
1221 5103 1272 5159 in
1294 5105 1410 5174 ejus
1435 5115 1623 5163 natura

61 5175 154 5269 (luo
177 5197 288 5242 esse
313 5190 578 5258 quaedam,
605 5207 800 5263 corpus
823 5203 877 5249 et
900 5194 1131 5250 animam
1159 5213 1174 5250 :
1205 5205 1259 5251 et
1293 5197 1480 5252 horum
1501 5202 1622 5269 qui-

61 5267 166 5362 dem
205 5275 425 5337 duorum
454 5285 650 5341 melius
674 5300 795 5342 esse
820 5287 1052 5342 animam
1097 5289 1358 5361 longeque
1396 5267 1619 5362 praestas

61 5356 200 5420 bilius
223 5372 434 5428 omnino
455 5389 561 5430 non
588 5374 829 5444 dubitat;
857 5376 954 5434 sed
977 5387 1151 5434 utrum
1175 5356 1351 5435 anima
1393 5356 1506 5437 sola
1549 5383 1620 5440 sit

61 5446 224 5546 homo,
261 5471 317 5515 ut
347 5463 416 5520 ita
444 5466 515 5522 sit
558 5467 608 5522 ci
647 5482 844 5539 corpus
884 5479 1134 5542 tanquam
1176 5487 1346 5543 equus
1383 5475 1614 5546 equiti’.

62 5535 216 5611 E‘llles
239 5553 379 5610 enim
404 5571 510 5614 nou
539 5557 700 5616 homo
727 5535 782 5615 et
809 5535 1006 5632 equus,
1024 5561 1118 5618 sed
1140 5535 1286 5619 solus
1310 5535 1471 5620 homo
1491 5576 1573 5624 est
1598 5583 1624 5621 :4

112 5677 480 5767 ξ’ἶίὲιῖθὲβίιίδ
513 5694 720 5767 iam?!"
745 5699 1059 5767 φιτετεηάρφι
1097 5705 1232 5765 Putat
1259 5713 1278 5752 :
1313 5715 1402 5765 ιιι-ο
1435 5715 1532 5767 quo
1567 5703 1615 5752 in

58 5739 149 5819 "5,5:
164 5739 869 5819 _r9l,ipquiiii}‘sifi§aiiaiébdﬁiﬁ;
882 5739 1096 5812 νάῖίίῦἦῑ.

111 5802 174 5866 (ιι)
201 5809 294 5859 \iil.
313 5802 1163 5890 ωςέὲἑῖιῖὖῖἷὰῐε”ὗίῖἱίῐ›ὐὲ,“ὲῆὶῗἰι,
1195 5835 1242 5878 et
1263 5825 1346 5878 lib.
1371 5829 1417 5891 5,
1437 5840 1543 5892 cap.
1559 5829 1606 5878 7.

1226 319 1230 322 ’
1273 339 1474 395 Lmen
1515 338 1814 396 DECIMUS
1851 340 2093 398 NONUS.

3242 342 3344 397 69.6

1766 455 1888 510 ideo
1931 467 2105 513 tamen
2145 471 2308 529 eques
2349 458 2562 525 dicitur,
2591 458 2730 531 quod
2762 459 2940 529 aliquo
2971 458 3130 514 modo
3157 473 3215 514 se
3247 459 3345 510 ha—

1759 549 1884 606 beat
1908 550 1973 606 ad
2001 567 2217 622 equum.
2269 554 2348 606 An
2379 569 2573 623 corpus
2619 554 2789 608 Solum
2830 554 2899 607 sit
2951 552 3132 615 homo,
3165 551 3344 621 aliquo

1759 642 1920 698 modo
1948 658 2006 698 se
2036 642 2240 700 habens
2267 643 2332 698 ad
2360 645 2614 711 animam,
2639 647 2776 699 sicut
2803 645 3050 714 poculum
3079 643 3144 697 ad
3171 644 3345 713 potio~

1759 749 1881 788 nem
1909 752 1922 788 :
1952 750 2056 788 non
2096 736 2239 789 enim
2268 735 2402 789 calix
2433 744 2487 790 et
2515 737 2682 805 potio,
2714 752 2872 806 quam
2903 735 3141 790 continet
3180 734 3340 798 calix.

1759 824 1915 879 simul
1944 823 2138 880 dicitur
2163 826 2433 896 poculum,
2466 826 2557 881 sed
2605 827 2739 881 eulix
2770 827 2956 890 solus;
3000 824 3122 880 ideo
3163 832 3342 878 tamen

1757 914 1897 986 quod
1926 915 2125 986 potioni
2155 917 2489 970 continendm
2520 919 2586 971 sit
2611 917 3064 971 acconunodatus.
3102 916 3185 970 An
3216 931 3348 970 vero

1757 1023 1859 1065 nec
1885 1009 2058 1063 anima
2089 1011 2220 1076 sola,
2255 1026 2351 1064 nec
2377 1010 2548 1064 solmn
2577 1025 2792 1080 corpus,
2821 1010 2912 1064 sed
2948 1009 3105 1064 simul
3135 1019 3332 1064 utrum.

1757 1115 1861 1172 que
1881 1101 1949 1155 sit
1977 1086 2156 1166 homo,
2190 1102 2342 1171 cujus
2370 1117 2490 1172 pars
2512 1105 2579 1155 sit
2607 1119 2707 1155 una
2746 1101 2856 1156 sive
2883 1102 3057 1155 anima
3083 1102 3194 1155 sive
3220 1116 3345 1156 eor-

1757 1190 1879 1262 pus,
1930 1193 2018 1247 ille
2062 1203 2239 1247 autem
2281 1203 2422 1247 totus
2453 1209 2516 1247 ex
2549 1203 2774 1263 utroque
2817 1201 3047 1258 constet,
3079 1202 3138 1247 ut
3183 1191 3346 1246 homo

1757 1283 1826 1337 sit
1851 1301 1864 1337 :
1896 1285 2034 1339 sicut
2058 1285 2194 1339 duos
2217 1299 2382 1354 equos
2406 1285 2616 1354 junetos
2642 1283 2790 1354 bigas
2823 1298 3093 1348 vocamus,
3117 1299 3344 1354 quorum

1754 1375 1866 1430 sive
1903 1375 2111 1440 dexter,
2158 1376 2272 1430 sive
2317 1377 2551 1441 sinister,
2601 1389 2725 1445 pars
2756 1385 2839 1430 est
2885 1374 3146 1444 bigarum,
3181 1391 3343 1429 unum

1755 1481 1883 1520 vero
1907 1483 2092 1522 eorum
2115 1483 2326 1539 quoquo
2350 1468 2507 1523 modo
2529 1484 2586 1522 se
2617 1468 2805 1524 habeat
2830 1467 2896 1522 ad
2924 1468 3168 1535 alterum,
3199 1468 3346 1537 bigas

1757 1573 1862 1613 non
1886 1559 2132 1626 dicimus,
2182 1561 2275 1616 sed
2303 1563 2488 1616 ambos
2518 1563 2696 1617 simul.
2736 1562 2934 1618 llcrum
2962 1570 3140 1618 autem
3185 1561 3344 1616 trium

1758 1651 1858 1708 hoe
1887 1652 2035 1724 eligit
2073 1655 2308 1719 tertium,
2339 1653 2719 1725 hominemque
2749 1670 2847 1709 nec
2887 1655 3120 1708 animam
3149 1653 3343 1717 solam,

1754 1758 1852 1798 nec
1879 1746 2048 1798 solum
2077 1760 2289 1814 corpus,
2322 1745 2415 1800 sed
2446 1745 2676 1800 animam
2705 1745 2862 1801 simul
2906 1753 2960 1800 et
2988 1760 3182 1815 corpus
3223 1760 3346 1801 esse

1752 1835 2060 1890 arbitratur.
2091 1837 2320 1892 Proinde
2351 1853 2616 1892 summum
2649 1838 2846 1893 bonum
2872 1837 3122 1900 hominis,
3152 1854 3260 1906 quo
3287 1838 3347 1891 fit

1753 1927 1959 1995 beatus,
1982 1943 2047 1983 ex
2066 1928 2340 1999 utriusque
2363 1931 2438 1983 rei
2465 1929 2618 1983 bouis
2639 1940 2887 1983 constare
2908 1928 3056 1989 dicit,
3081 1937 3133 1983 et
3153 1928 3346 1981 anima:

1751 2021 1954 2076 scilicet
1976 2030 2029 2076 et
2054 2023 2312 2094 corporis.
2343 2022 2419 2077 Ac
2445 2037 2540 2092 per
2563 2023 2665 2078 hoc
2691 2022 2859 2094 prima
2886 2023 2971 2077 illa
2997 2031 3198 2076 naturze
3222 2039 3346 2092 pro-

1750 2122 1872 2184 pter
1896 2129 1954 2169 se
1985 2115 2094 2185 ipsa
2123 2115 2391 2170 existimat
2420 2116 2742 2185 expetenda,
2773 2116 3054 2186 .ij'samque
3091 2115 3341 2169 virtutem

1749 2221 1908 2276 quam
1954 2207 2194 2260 doctrina
2226 2207 2412 2262 inserit
2451 2208 2599 2261 velut
2633 2216 2804 2262 artem
2843 2206 3078 2270 vivendi,
3124 2221 3242 2277 qua:
3289 2207 3341 2260 in

1751 2299 1942 2352 anima:
1966 2298 2118 2352 bonis
2139 2306 2219 2352 est
2237 2298 2741 2353 excellentissimum
2763 2298 2979 2351 bonum.
3008 2297 3344 2367 Quapropter

1749 2389 1944 2444 eadem
1966 2389 2153 2454 virtus,
2188 2389 2242 2442 id
2262 2397 2347 2444 est
2383 2405 2470 2444 ars
2499 2390 2718 2458 agendae
2743 2390 2884 2455 vit-.c,
2926 2405 3048 2444 cum
3075 2388 3344 2459 acceperit

1750 2481 1918 2552 prima
1949 2492 2170 2548 naturae,
2203 2498 2321 2551 qure
2352 2482 2467 2535 siue
2498 2482 2584 2536 illa
2616 2489 2788 2544 erant,
2831 2481 2924 2536 sed
2975 2491 3150 2536 tamen
3182 2490 3338 2536 erant

1749 2572 1911 2629 etiam
1939 2571 2151 2642 quando
2181 2573 2259 2626 eis
2286 2573 2524 2627 doctrina
2554 2572 2729 2627 adhuc
2767 2572 2970 2638 deerat,
3005 2572 3181 2626 omnia
3214 2587 3339 2642 proo

1749 2674 1868 2735 pter
1893 2680 1953 2719 se
1981 2665 2149 2734 ipsam
2179 2665 2402 2734 appetit,
2427 2664 2689 2734 simulque
2715 2665 2874 2718 etiam
2905 2679 2964 2718 se
2985 2663 3153 2733 ipsam
3178 2680 3192 2717 :
3216 2681 3335 2717 OIII-

1748 2755 1903 2812 nibus
1919 2773 2022 2828 que
2035 2757 2258 2812 simulet
2281 2772 2340 2811 se
2359 2757 2470 2826 ipsa
2488 2755 2744 2819 u‘itur,eo
2772 2758 2875 2812 line
2893 2765 2948 2810 ut
2975 2757 3222 2811 omnibus
3242 2756 3342 2810 de-

1748 2848 1973 2904 lectetur
1997 2859 2153 2918 atque
2178 2848 2495 2918 perfruatur,
2518 2849 2686 2918 magis
2708 2849 3010 2919 minusque,
3030 2857 3088 2903 ut
3112 2865 3337 2919 qumque

1747 2938 1889 2994 inter
1930 2954 1990 2995 se
2017 2940 2218 3008 majora
2260 2950 2421 3010 atque
2467 2939 2670 2994 minora
2699 2948 2840 3004 sunt,
2875 2948 3052 2995 tamen
3092 2940 3341 2996 omnibus

1745 3031 2002 3104 gaudens,
2044 3041 2098 3086 et
2127 3031 2365 3101 quzcdam
2397 3031 2622 3093 minora,
2669 3030 2712 3085 si
2744 3031 3036 3085 necessitas
3074 3031 3330 3108 postulat,

1748 3133 1966 3196 propter
1995 3124 2194 3195 majora
2225 3124 2309 3178 vel
2338 3123 2681 3193 adipiscenda
2709 3124 2790 3178 vel
2822 3123 3069 3191 tenenda,
3097 3133 3339 3178 conteru-

1745 3229 1899 3270 nens.
1928 3212 2176 3269 Omnium
2208 3222 2385 3268 autem
2432 3213 2691 3268 bonorum
2720 3213 2802 3268 vel
2843 3213 3005 3268 animi
3032 3214 3114 3268 vel
3141 3228 3337 3284 corpo-

1746 3306 1837 3370 ris,
1864 3303 1996 3359 nihil
2026 3305 2124 3359 sibi
2148 3304 2315 3360 virtus
2342 3307 2559 3358 omnino
2587 3304 2866 3374 prmponit.
2889 3303 3013 3359 llazc
3037 3304 3178 3359 enim
3201 3303 3339 3359 bene

1744 3397 1911 3453 utitur
1943 3405 1997 3452 et
2025 3411 2083 3449 se
2123 3396 2257 3464 ipsa,
2308 3404 2360 3449 et
2386 3393 2616 3458 caeteris,
2663 3411 2780 3466 qttzc
2819 3394 3087 3451 hominem
3137 3394 3338 3450 faciunt

1743 3488 1983 3552 beatum,
2036 3486 2212 3542 bouis.
2264 3485 2365 3542 Ubi
2407 3499 2534 3541 vero
2563 3486 2676 3556 ipsa
2720 3502 2828 3540 non
2878 3495 2982 3552 est,
3041 3485 3336 3555 quamlibet

1744 3581 1907 3635 multa
1937 3583 2044 3634 sint
2083 3579 2243 3646 bona,
2285 3593 2391 3633 non
2433 3576 2571 3633 bono
2601 3578 2718 3648 ejus
2746 3589 2869 3633 sunt
2901 3579 2939 3642 ¹,
2975 3578 3129 3648 cujus
3170 3586 3333 3639 sunt:

1741 3685 1803 3726 ac
1834 3685 1930 3741 per
1956 3670 2056 3725 hoc
2077 3670 2188 3741 jam
2221 3684 2320 3726 nec
2347 3668 2463 3740 ejus
2492 3667 2630 3724 bona
2653 3668 2879 3724 dicenda
2907 3680 3050 3735 sunt,
3081 3669 3167 3724 cui
3195 3670 3334 3725 male

1742 3766 1910 3822 uteuti
1938 3766 2086 3820 utilia
2112 3779 2234 3820 esse
2262 3778 2367 3818 non
2409 3769 2653 3834 possunt.
2682 3761 2809 3817 Haec
2855 3777 2983 3834 ergo
3016 3763 3122 3817 vita
3156 3763 3333 3818 homi-

1741 3856 1846 3923 nis,
1880 3873 1998 3926 qua:
2025 3857 2220 3912 virtute
2244 3863 2299 3911 et
2327 3854 2447 3910 aliis
2467 3854 2630 3909 animi
2667 3862 2722 3910 et
2746 3855 2986 3924 corporis
3016 3854 3189 3920 bouis,
3218 3855 3336 3910 sine

1739 3948 1933 4018 quibus
1963 3949 2129 4002 virtus
2159 3962 2280 4003 esse
2308 3961 2411 4001 non
2442 3954 2636 4016 potest,
2664 3945 2875 4012 fruitur,
2921 3946 3072 4000 beata
3103 3961 3224 4002 esse
3245 3946 3331 4000 di-

1732 4038 1878 4109 eitur
1903 4057 1917 4095 :
1945 4040 1989 4093 si
2013 4053 2140 4094 vero
2170 4047 2223 4093 ct
2247 4038 2386 4104 aliis,
2416 4039 2533 4092 sine
2563 4035 2756 4107 quibus
2784 4051 2904 4092 esse
2936 4038 3106 4092 virtus
3132 4046 3331 4105 potest,

1739 4133 1820 4188 vel
1845 4132 1987 4197 ullis,
2020 4133 2103 4186 vcl
2134 4131 2393 4201 pluribus,
2422 4130 2658 4185 beatior:
2690 4129 2734 4186 si
2766 4141 2942 4184 autem
2971 4144 3188 4200 prorsus
3208 4146 3329 4185 om-

1737 4224 1919 4292 nibus,
1950 4234 2007 4279 ut
2045 4223 2248 4278 nullum
2273 4222 2492 4276 omnino
2519 4222 2716 4276 bonum
2747 4222 2906 4287 desit,
2949 4223 3028 4276 vel
3058 4221 3221 4275 animi
3245 4223 3330 4276 vel

1737 4316 1998 4386 corporis,
2032 4314 2358 4370 beatissima.
2390 4311 2507 4368 Non
2555 4313 2696 4365 enim
2741 4310 2845 4366 hoc
2881 4319 2964 4365 est
3006 4311 3133 4376 vita,
3184 4311 3330 4382 quod

1738 4411 1944 4476 virtus;
1986 4409 2241 4480 quoniam
2288 4421 2393 4462 non
2437 4406 2610 4460 omnis
2657 4406 2783 4472 vita,
2832 4405 2927 4460 sed
2958 4407 3172 4476 sapiens
3218 4407 3329 4461 vita

1737 4501 1906 4558 virtus
1934 4511 2016 4557 est
2036 4519 2050 4555 :
2073 4509 2129 4557 et
2165 4509 2341 4555 tamen
2374 4498 2774 4569 qualiscumque
2802 4498 2906 4552 vita
2932 4498 3048 4554 sine
3079 4498 3185 4552 ulla
3215 4499 3329 4553 vir-

1736 4602 1848 4650 tute
1875 4603 2048 4665 potest
2077 4609 2230 4660 esse;
2255 4592 2427 4648 virtus
2455 4607 2583 4647 vero
2605 4592 2722 4646 sine
2748 4591 2852 4646 ulla
2881 4593 2985 4646 vita
3014 4608 3118 4646 non
3151 4601 3328 4663 potest

1735 4702 1876 4744 esse.
1907 4687 2018 4743 lloc
2047 4695 2102 4742 et
2126 4685 2194 4742 de
2220 4686 2476 4741 memoria
2508 4684 2736 4740 dixerim
2759 4693 2919 4756 atque
2949 4686 3176 4751 ratione,
3205 4687 3328 4742 etsi

1733 4781 1860 4852 quid
1885 4780 2027 4836 aliud
2061 4780 2165 4834 tale
2195 4787 2277 4833 est
2306 4779 2356 4832 in
2384 4777 2619 4832 homine.
2653 4775 2791 4832 Sunt
2813 4778 2958 4832 enim
2987 4776 3104 4831 lucc
3123 4785 3178 4832 et
3199 4786 3326 4833 ante

1733 4872 2052 4937 doctrinam,
2085 4870 2204 4926 sine
2233 4869 2318 4923 his
2361 4877 2536 4924 autem
2571 4883 2675 4924 uon
2717 4878 2893 4938 petcst
2931 4882 3051 4923 esse
3091 4868 3195 4922 ulla
3221 4868 3327 4924 do-

1732 4965 1942 5020 ctrina:
1971 4979 2033 5019 ac
2080 4978 2176 5034 per
2218 4963 2320 5017 hoc
2345 4977 2442 5017 nec
2484 4961 2672 5026 virtus,
2724 4976 2846 5030 qua:
2876 4961 3059 5032 utique
3079 4961 3322 5016 discitur.

1734 5055 1880 5111 Bene
1907 5063 2086 5110 autem
2116 5068 2354 5121 currere,
2383 5051 2668 5123 pulchrum
2693 5064 2815 5107 esse
2841 5065 3088 5122 corpore,
3120 5053 3324 5108 viribus
3381 5081 3384 5084 -

1733 5147 2033 5220 ingentibus
2062 5146 2388 5217 prmvalere,
2405 5153 2459 5199 et
2483 5153 2676 5200 caetera
2701 5141 3005 5213 hujusmodi
3030 5144 3151 5197 talia
3173 5153 3321 5209 sunt,

1732 5251 1859 5299 utet
1885 5242 2054 5296 virtus
2079 5241 2194 5295 siue
2223 5239 2304 5294 bis
2348 5253 2468 5294 esse
2495 5237 2683 5308 possit,
2711 5245 2767 5292 et
2790 5238 2903 5308 ipsa
2938 5237 3056 5291 sine
3084 5237 3279 5291 virtute
3303 5252 3317 5289 :

1729 5335 1868 5391 bona
1890 5343 2012 5389 sunt
2043 5342 2255 5396 tamen;
2283 5340 2332 5385 et
2361 5330 2652 5384 secundum
2683 5327 2839 5382 istos'
2866 5329 3028 5382 etiam
3053 5327 3165 5396 ipsa
3195 5341 3318 5395 pro-

1729 5437 1848 5499 pter
1876 5441 1934 5481 se
1962 5427 2128 5496 ipsam
2155 5423 2326 5495 diligit
2356 5423 2544 5490 virtus,
2574 5421 2846 5490 utiturque
2891 5419 2996 5474 illis
3023 5427 3077 5474 ct
3102 5417 3316 5484 fruitur,

1727 5521 1874 5576 sicut
1896 5520 2142 5574 virtutem
2182 5519 2355 5572 decet.

1789 5637 1805 5668 ι
1843 5636 1977 5696 aditi,
2003 5645 2096 5684 non
2133 5633 2253 5683 bona
2287 5631 2393 5693 ejus
2425 5637 2550 5682 sunt.
2578 5625 2742 5677 Melius
2764 5633 2894 5689 Mss,
2935 5639 3028 5676 non
3065 5625 3184 5676 bene
3212 5623 3317 5687 dna

1721 5707 1980 5818 8w'u'editi,
2000 5765 2046 5810 et
2068 5759 2175 5822 ipsa,
2194 5755 2295 5806 sine
2318 5760 2490 5805 virtute
2512 5753 2632 5804 bona
2655 5752 2747 5804 sint
2770 5765 2785 5802 :
2811 5757 2966 5804 tamen
2991 5757 3032 5802 tt
3054 5748 3316 5800 secundum

1722 5824 1856 5887 istos,
1883 5829 1976 5874 etc.
2006 5821 2323 5873 t‘.tue..dautur
2350 5833 2411 5868 ex
2439 5827 2542 5868 Mss.
