3826 6488
511 313 615 369 6'37

582 427 637 483 ἓ.
682 426 827 483 lianc
867 427 1028 489 vitam
1072 427 1280 483 beatam
1324 430 1483 484 etiam
1532 429 1783 487 socialem
1826 428 2108 499 perhibent

515 533 663 587 esse.
716 535 833 588 (ιιιίιξ
875 520 1168 593 amicorum
1215 522 1352 576 bona
1405 531 1621 590 propter
1658 537 1717 575 se
1764 523 1875 591 ipsa
1924 520 2110 591 diligat

514 611 649 664 sicut
692 626 785 666 sua
813 653 829 677 ,
872 612 1054 681 eisque
1083 622 1298 681 propter
1326 612 1468 681 ipsos
1494 611 1594 665 hoc
1623 613 1742 666 velit
1785 611 1924 681 quod
1964 610 2062 666 sibi
2088 628 2104 675 ;

513 702 628 756 sive
657 702 707 754 in
736 701 895 755 domo
922 702 1048 768 sint,
1082 703 1220 756 sicut
1247 703 1437 772 conjux
1461 713 1513 756 et
1536 703 1687 757 liberi
1711 714 1761 757 et
1784 703 2107 774 quicumque

519 778 828 860 domestici;
876 795 986 851 sive
1019 796 1070 848 in
1113 796 1259 861 lrco,
1306 795 1392 848 ubi
1422 795 1611 859 domus
1636 796 1751 865 ejus
1781 806 1900 863 est,
1953 795 2108 849 sicuti

512 897 596 945 est
625 887 752 943 urbs
777 929 792 957 ,
838 896 895 942 ut
925 897 1048 942 sunt
1077 888 1127 941 bi
1160 889 1247 959 qui
1278 890 1422 943 cives
1446 900 1732 954 vocantur;
1775 889 1888 945 sive
1913 888 1965 943 in
1998 897 2108 950 toto

514 979 643 1034 orbe
663 1016 679 1042 ,
722 988 778 1032 ut
803 987 925 1032 sunt
952 988 1172 1050 gentes,
1219 995 1352 1050 quas
1380 981 1428 1036 ei
1456 982 1683 1036 societas
1713 980 1939 1034 humana
1971 994 2105 1035 con-

515 1070 719 1141 jungit;
747 1071 859 1126 sive
886 1072 938 1127 in
967 1074 1080 1144 ipso
1108 1074 1328 1139 mundo,
1358 1075 1446 1145 qui
1474 1085 1723 1139 censetur
1747 1077 1963 1130 nomine
1987 1075 2107 1130 cceli

516 1174 571 1218 et
607 1173 784 1229 terrm,
818 1165 954 1219 sicut
983 1180 1102 1219 esse
1140 1166 1321 1235 dicunt
1347 1168 1506 1235 deos,
1539 1184 1673 1238 quos
1700 1168 1883 1222 volunt
1908 1168 2110 1225 amicos

513 1270 635 1321 esse
658 1255 858 1321 homini
874 1259 1121 1327 sapienti,
1136 1275 1269 1329 quos
1291 1276 1386 1313 nos
1404 1259 1714 1317 familiarius
1726 1262 1960 1332 Angelos
1974 1261 2108 1320 dici-

459 1338 463 1347 ’
518 1360 661 1400 mus.
694 1346 769 1409 De
795 1348 1056 1409 bonorum
1079 1359 1256 1405 autem
1280 1358 1333 1403 ct
1357 1367 1388 1406 e
1408 1352 1677 1421 contrario
1700 1352 1959 1406 malorum
1991 1352 2112 1408 tini-

517 1437 621 1493 bus
646 1450 837 1509 negant
863 1441 972 1506 ullo
998 1441 1159 1498 modo
1189 1458 1306 1498 esse
1336 1443 1703 1508 dubitandum,
1731 1454 1785 1500 et
1814 1444 1951 1500 hanc
1973 1446 2112 1501 inter

516 1542 577 1585 se
603 1540 657 1586 et
684 1547 850 1597 novos
875 1533 1224 1603 Academicos
1241 1535 1507 1603 affirmant
1523 1554 1641 1601 esse
1666 1538 1992 1606 distantiam,
2012 1554 2113 1599 nec

517 1635 705 1691 corum
739 1623 959 1679 interest
980 1626 1287 1697 quidquam,
1315 1628 1428 1683 sive
1457 1629 1667 1701 cynico,
1701 1630 1812 1684 sive
1834 1631 1944 1685 alio
1971 1647 2108 1701 quo-

517 1715 647 1778 libet
680 1716 859 1771 habitu
887 1727 942 1772 ct
968 1720 1107 1775 victu
1136 1720 1189 1774 in
1216 1722 1297 1775 his
1321 1720 1537 1788 finibus,
1560 1737 1696 1792 quos
1718 1739 1876 1778 veros
1903 1733 2108 1794 putant,

517 1807 745 1877 quisque
784 1809 1211 1880 philosophetur.
1243 1813 1317 1867 Ex
1352 1814 1521 1868 tribus
1549 1831 1706 1884 porro
1735 1814 1839 1870 illis
1865 1818 1987 1871 vita:
2016 1833 2113 1887 ge-

519 1900 761 1967 neribus,
793 1903 983 1960 otioso.
1014 1914 1255 1968 actuoso,
1290 1916 1345 1960 et
1373 1906 1513 1976 quod
1542 1922 1610 1962 ex
1640 1917 1866 1979 utroque
1895 1924 2115 1980 compo-

518 1989 677 2047 situm
705 2002 819 2057 cst,
870 1993 971 2053 hoc
1001 1996 1211 2049 tertium
1244 1998 1341 2059 sibi
1376 1999 1589 2066 placere
1625 2010 1957 2060 asseverant.
1990 2002 2115 2067 Hcce

518 2081 754 2138 sensisse
796 2092 954 2154 atque
1000 2085 1246 2142 docuisse
1295 2088 1644 2144 Academicos
1670 2100 1912 2157 veteres,
1944 2088 2114 2149 Varro

520 2175 731 2241 asserit,
764 2185 985 2232 auctore
1010 2179 1293 2243 Antiocho,
1324 2181 1577 2251 magistro
1606 2182 1882 2237 Ciceronis
1911 2192 1960 2238 et
1992 2198 2111 2252 suo,

521 2281 685 2337 quem
711 2284 839 2324 sane
882 2271 1074 2327 Cicero
1101 2274 1152 2327 in
1182 2274 1420 2343 pluribus
1454 2272 1616 2331 fuisse
1644 2275 1879 2336 Stoicum
1902 2318 1917 2343 ,
1955 2292 2113 2345 quam

520 2366 759 2427 veterem
796 2360 1174 2428 Academicum
1217 2364 1332 2417 vult
1372 2363 1539 2418 videri
1588 2363 1685 2433 (ιι).
1729 2364 1833 2419 Sed
1877 2366 2002 2435 quid
2047 2364 2116 2420 ad

524 2462 646 2513 nos.
671 2450 758 2520 qui
776 2452 951 2520 potius
969 2452 1036 2515 de
1054 2453 1213 2517 rebus
1236 2454 1364 2524 ipsis
1380 2455 1617 2524 judicare
1638 2456 1894 2511 debemus
1915 2499 1927 2519 ,
1957 2472 2113 2527 quam

521 2554 621 2614 pro
649 2557 839 2612 magno
858 2543 926 2599 de
952 2544 1255 2605 hominibus
1283 2547 1408 2617 quid
1434 2548 1661 2619 quisque
1686 2550 1914 2604 senserit
1939 2550 2116 2604 scire?

522 2652 751 2711 CAPUT
793 2654 1073 2711 lV.—De
1096 2674 1291 2712 summa
1325 2660 1454 2713 bona
1493 2670 1539 2713 et
1580 2677 1775 2715 summa
1813 2663 1947 2716 malo
1994 2663 2116 2733 quid

598 2742 872 2800 Christiani
911 2750 1126 2802 sentiant
1153 2760 1330 2804 contra
1356 2752 1713 2823 philosophos,
1866 2773 2118 2833 summurn

598 2834 785 2888 bonum
814 2836 866 2893 in
890 2854 944 2892 se
968 2838 1063 2901 sibi
1092 2856 1198 2893 esse
1218 2840 1471 2897 dixerunt.

599 2965 653 3019 1.
686 2966 742 3020 Si
769 2982 895 3036 ergo
924 2980 1193 3038 qumratur
1213 2986 1240 3023 a
1264 2972 1436 3038 nobis,
1464 2974 1587 3043 quid
1614 2974 1800 3030 civitas
1821 2975 1916 3030 Dei
1943 2976 2008 3031 de
2036 2977 2119 3034 his

526 3055 754 3127 singulis
781 3059 1099 3131 interrogata
1133 3065 1469 3133 respondeat,
1494 3082 1555 3121 ac
1579 3068 1803 3136 primum
1832 3069 1899 3123 de
1927 3070 2119 3125 finibus

529 3149 792 3211 bonorum
822 3153 1185 3225 malorumque
1216 3156 1339 3227 quid
1359 3158 1572 3223 sentiat,
1592 3160 1933 3231 respondebit
1958 3172 2117 3219 aeter-

526 3258 649 3309 nam
698 3245 861 3300 vitam
914 3262 1032 3313 esse
1082 3263 1349 3303 summum
1394 3248 1590 3305 bonum
1620 3292 1632 3313 ,
1683 3260 1937 3306 teternam
1991 3269 2120 3311 vero

530 3344 756 3389 mortem
789 3350 1052 3391 summum
1082 3340 1276 3393 malutn
1303 3357 1317 3393 :
1341 3351 1556 3411 propter
1579 3342 1718 3397 illam
1752 3343 1974 3411 proinde
2002 3343 2118 3399 adi-

528 3424 836 3493 piscendam
856 3469 871 3493 ,
905 3428 1163 3500 istamqnc
1192 3430 1495 3495 vitandam,
1524 3442 1667 3487 recte
1695 3434 1850 3488 nobis
1878 3450 1996 3490 esse
2034 3435 2116 3489 vi-

526 3516 780 3571 vendum.
800 3518 1023 3588 PrOpter
1042 3521 1180 3590 quod
1203 3523 1456 3591 scriptum
1480 3533 1581 3590 est,
1598 3523 1776 3580 Justus
1793 3544 1857 3581 ea:
1873 3527 1974 3602 ﬁde
2000 3527 2117 3581 vivit

527 3605 798 3683 (Ilabacuc
826 3624 882 3672 ll,
906 3614 968 3674 la;
1001 3608 1170 3677 Colat.
1194 3628 1272 3677 ιιι,
1299 3613 1387 3684 it)
1411 3615 1691 3683 :quoniam
1719 3633 1890 3686 neque
1922 3618 2116 3673 bonum

525 3707 765 3753 nostrum
813 3699 924 3768 jam
966 3701 1245 3768 videmus,
1295 3703 1434 3757 unde
1477 3714 1690 3773 Oportet
1744 3717 1799 3759 ut
1850 3705 2118 3765 credendo

524 3806 855 3860 qumramus;
892 3806 1064 3861 neque
1095 3792 1267 3863 ipsum
1300 3804 1445 3849 recte
1470 3796 1647 3851 vivere
1676 3796 1827 3855 nobis
1857 3812 1923 3869 ex
1962 3799 2116 3855 nobis

525 3889 643 3945 cst,
683 3882 783 3935 nisi
823 3882 1100 3945 credentes
1144 3884 1359 3954 adjuvet
1384 3894 1437 3940 et
1461 3896 1711 3954 orantes,
1746 3889 1835 3959 qui
1864 3898 1917 3944 et
1945 3890 2116 3960 ipsam

516 3969 687 4024 ﬁdem
729 3971 908 4037 dedit,
957 3989 1057 4042 qua
1094 3989 1190 4029 nos
1217 3975 1284 4029 ab
1314 3976 1403 4031 illo
1430 3976 1755 4047 adjuvandos
1779 3996 1898 4035 esse
1924 3982 2116 4037 creda-

527 4076 667 4129 mus.
701 4060 977 4127 Illiautcm
1004 4064 1091 4134 qui
1121 4065 1171 4119 in
1200 4067 1297 4120 ista
1324 4068 1431 4121 vita
1460 4070 1591 4123 lines
1622 4068 1880 4124 bonorum
1910 4082 1963 4127 et
1992 4086 2111 4126 ma-

526 4153 699 4219 lorum
723 4168 845 4213 esse
866 4163 1203 4224 putaverunt,
1224 4158 1337 4214 sive
1369 4159 1420 4213 in
1443 4174 1685 4229 corpore,
1708 4161 1818 4218 sive
1841 4162 1892 4216 in
1914 4162 2113 4232 animo,

525 4245 639 4301 sive
669 4246 721 4299 in
751 4257 976 4317 utroque
1005 4261 1264 4316 ponentes
1292 4264 1556 4306 summum
1585 4252 1782 4306 bonum
1806 4269 1820 4320 ;
1852 4263 2031 4323 atque,
2058 4236 2117 4309 ut

526 4336 579 4393 id
606 4339 917 4408 eaplicatius
955 4341 1196 4412 eloquar,
1232 4344 1344 4398 sive
1375 4344 1427 4398 in
1455 4344 1753 4415 voluptate,
1786 4346 1897 4402 sive
1928 4346 1980 4400 in
2008 4347 2116 4402 vir-

526 4437 639 4499 tute
659 4472 674 4497 ,
722 4431 835 4485 sive
861 4432 911 4486 in
941 4442 1196 4504 utraque;
1226 4434 1337 4489 sive
1367 4435 1418 4489 in
1450 4436 1650 4505 quiete,
1681 4436 1793 4491 sive
1820 4437 1869 4491 in
1896 4427 2111 4504 virtute,

524 4519 641 4579 sive
682 4520 733 4575 in
773 4532 1026 4593 utraque;
1071 4525 1182 4579 sive
1222 4525 1272 4579 in
1305 4525 1572 4595 voluptate
1606 4526 1763 4581 simul
1809 4535 1864 4581 et
1898 4528 2073 4597 quiete
2098 4570 2113 4596 ,

526 4610 641 4665 sive
668 4610 718 4665 in
744 4613 961 4680 virtute,
982 4615 1095 4675 sive
1114 4616 1164 4669 in
1184 4617 1455 4688 utrisque;
1485 4617 1596 4671 sive
1615 4617 1665 4671 in
1686 4618 1868 4687 primis
1888 4628 2112 4685 naturm,

528 4705 645 4759 sive
686 4705 738 4765 in
766 4707 984 4773 virtute,
1032 4709 1143 4765 sive
1174 4710 1224 4765 in
1258 4710 1492 4779 utrisque
1513 4728 1524 4762 :
1544 4710 1628 4764 hic
1660 4710 1796 4765 beati
1826 4725 1943 4765 esse
1964 4753 1977 4776 ,
2007 4719 2060 4765 et
2084 4724 2115 4766 a

526 4812 586 4851 se
610 4797 738 4867 ipsis
760 4799 898 4854 beati
929 4801 1042 4857 fieri
1073 4802 1203 4854 mira
1226 4802 1458 4857 vanitate
1484 4802 1789 4857 voluerunt.
1819 4802 1986 4865 irrisit
2017 4802 2115 4869 bos

527 4887 739 4943 Veritas
780 4906 873 4959 per
899 4892 1209 4961 prophetam
1241 4894 1536 4960 dicentem,
1572 4894 1727 4949 Novit
1758 4895 2005 4949 Dominus
2031 4912 2115 4952 co-

532 4980 798 5047 gilotioncs
826 4980 1084 5039 hominum
1099 5000 1118 5048 ;
1150 4983 1252 5049 vel,
1278 4985 1412 5038 sicut
1433 4985 1533 5039 hoc
1555 4986 1914 5041 testimonium
1940 4988 2115 5056 posuit

523 5070 798 5139 apostolus
837 5072 1033 5126 Paulus
1053 5114 1068 5139 ,
1118 5072 1365 5137 Dominus
1396 5077 1529 5136 novit
1555 5078 1879 5147 cogitationes
1908 5079 2113 5146 sapien-

522 5165 664 5230 tium,
690 5165 928 5234 quoniam
947 5180 1091 5223 vana:
1109 5176 1223 5220 sunt
1246 5164 1417 5237 (Psal.
1441 5185 1589 5241 xcnt,
1612 5170 1633 5223 1
1651 5172 1671 5225 ι
1694 5187 1707 5236 ;
1729 5169 1888 5245 lCor.‘
1903 5186 1979 5236 ιιι,
1998 5169 2112 5242 ω).

586 5319 660 5382 (a)
683 5321 766 5372 llic.
788 5320 1045 5389 Antiochus
1077 5320 1339 5389 Ascalonita
1358 5323 1490 5389 _fuit,
1529 5325 1788 5389 docuitque
1811 5328 2113 5389 Ciceronem,

524 5388 804 5442 varronem,
829 5383 1070 5433 Lucullum
1097 5392 1148 5433 et
1169 5383 1289 5435 alios
1311 5385 1585 5495 (plerosque
1630 5383 1825 5451 nobiles
1857 5383 2113 5452 Romanos}

524 5445 923 5495 senuebaturoue
960 5454 1182 5495 veterem
1223 5454 1309 5495 Aca
1347 5450 1537 5495 emiatn.
1563 5449 1651 5495 sed
1677 5452 1739 5495 ita
1765 5458 1818 5495 ut
1838 5450 1896 5495 ad
1920 5454 2113 5495 Zenoni-

522 5445 923 5511 sequebaturque
944 5454 1182 5511 _veterem
1223 5445 1537 5511 Academiam,
1563 5449 1651 5499 sed
1677 5452 1739 5499 ita
1765 5448 1825 5499 ιιι¹
1838 5450 1896 5498 ad
1920 5445 2117 5501 Zenoni;

522 5505 626 5563 cant
650 5505 1143 5575 sectam‘incliuaret;
1171 5522 1377 5575 eamque
1410 5505 1644 5559 non-tant
1667 5514 1867 5562 Stoicam
1908 5512 2117 5575 discipli-

524 5578 634 5615 nam
656 5581 824 5644 novam
848 5571 1105 5644 vocandum
1127 5574 1596 5644 autttttialiat,‘qttam
1613 5577 1826 5644 antiqum
1852 5571 2115 5644 Academia:

522 5631 877 5697 correctionem
902 5645 922 5697 :_
942 5632 1118 5697 idcirco
1141 5633 1248 5694 ejus
1274 5631 1484 5682 Antiochi
1522 5641 1571 5684 et
1593 5636 1656 5684 de
1680 5631 1790 5696 aliis~
1823 5631 1977 5685 rebus
2000 5651 2113 5697 per-

524 5690 690 5756 multis
714 5698 764 5740 et
776 5692 834 5756 _in
854 5694 1020 5752 primis
1042 5694 1105 5741 de
1128 5690 1317 5743 summo
1355 5697 1483 5745 bono
1506 5700 1748 5753 sententia
1782 5693 1931 5745 Marco
1954 5690 2111 5756 Bruto,

524 5752 739 5821 qurejus
771 5752 968 5802 fratrem
990 5756 1237 5814 audiebat,
1272 5752 1559 5821 ueterisque
1600 5761 1766 5809 Stoicis
1789 5752 2109 5810 vehementer

528 5812 839 5867 probabatur.
866 5822 973 5865 Lun.
1003 5826 1155 5868 \‘tvt-zs.

950 5890 1014 5938 Α

1511 315 1599 372 DE
1639 316 1957 383 CIVITATE
1997 314 2127 381 DEI,
2166 314 2221 372 S.
2266 316 2630 374 AUGUSTINI
3655 322 3741 379 Gl

2286 430 2339 482 εὶ.
2370 432 2498 496 Quis
2521 431 2662 487 enim
2680 430 2899 507 sufficit,
2920 430 3196 500 quantovis
3217 429 3523 499 eloquentia:
3539 428 3747 498 nomine,

2212 522 2333 576 vitm
2372 522 2527 592 hujus
2568 524 2808 577 miserias
2848 524 3142 592 explicare?
3170 524 3342 589 Quam
3372 523 3665 577 lamentatus
3688 538 3753 579 e~t

2211 613 2401 671 Cicero
2440 615 2490 669 iu
2520 614 2896 670 Consolatione
2925 615 2993 670 de
3020 625 3185 669 tnorle
3220 614 3375 679 ﬁlim,
3421 615 3551 668 sicut
3578 617 3752 683 potuit:

2211 705 2306 759 sed
2338 716 2592 776 quantum
2624 714 2705 761 est
2731 705 2871 776 quod
2903 708 3108 777 potuit?
3135 708 3206 761 Ea
3235 707 3435 774 quippe
3462 722 3573 775 qua:
3599 707 3757 761 dicun-

2212 804 2298 849 tur
2328 797 2495 869 prima
2529 807 2729 851 naturze
2754 839 2769 863 ,
2799 798 3012 867 quando
3036 840 3049 863 ,
3086 798 3202 863 ubi,
3238 798 3507 869 quomodo
3528 808 3625 850 tam
3652 797 3760 852 bene

2209 901 2269 941 se
2297 886 2495 943 habere
2540 889 2592 943 in
2638 888 2737 944 hac
2774 890 2879 943 vita
2914 897 3168 957 possunt,
3210 898 3272 943 ut
3314 904 3419 942 non
3462 892 3559 947 sub
3584 889 3765 945 incertis

2210 980 2425 1047 casibus
2466 981 2751 1037 fluetucnt‘?
2796 982 2924 1049 Quis
2968 982 3112 1037 enim
3155 981 3314 1037 dolor
3362 982 3653 1036 contrarius
3693 998 3767 1036 v0-

2211 1072 2397 1144 luptati
2420 1116 2435 1140 ,
2479 1092 2595 1144 qum
2643 1075 2953 1146 inquietudu
2982 1076 3251 1139 contraria
3282 1076 3451 1145 quieti
3475 1117 3491 1141 ,
3529 1075 3581 1129 in
3606 1090 3767 1143 mrpus

2211 1166 2404 1235 cadere
2444 1168 2697 1237 Sapientis
2726 1185 2827 1221 non
2858 1170 3071 1237 porest?
3116 1168 3484 1223 Membrorum
3523 1178 3657 1222 certe
3680 1184 3773 1221 ain-

2212 1260 2414 1329 putatio
2441 1260 2521 1316 vel
2546 1259 2792 1321 debilitas
2813 1260 3047 1335 hominis
3067 1270 3339 1345 expugnat
3370 1260 3774 1328 incolumitatem,

2212 1347 2525 1405 deformitas
2567 1349 3058 1419 pulchritudinem,
3110 1350 3459 1407 imbecillitas
3504 1353 3779 1418 sanitatem,

2211 1439 2353 1494 vires
2400 1440 2675 1507 lassitudo,
2724 1441 3077 1497 mobilitatem
3135 1452 3359 1512 torpor,
3412 1453 3505 1498 aut
3557 1443 3781 1499 tarditas:

2214 1532 2403 1607 ecquid
2438 1533 2625 1599 horum
2656 1542 2739 1598 est
2759 1575 2777 1609 ,_
2807 1534 2950 1604 quod
2983 1545 3211 1606 nequeat
3238 1536 3295 1590 in
3323 1551 3545 1590 carnem
3571 1537 3786 1605 sapientis

2214 1624 2454 1680 irruere?
2503 1626 2682 1681 Status
2726 1642 2940 1697 quoque
2989 1632 3232 1699 corporis
3264 1639 3435 1698 atque
3468 1639 3788 1693 motus,cutn

2213 1714 2466 1770 decentes
2498 1726 2658 1786 atque
2683 1728 3037 1787 congruentes
3066 1728 3208 1793 sunt,
3244 1719 3395 1789 inter
3424 1728 3626 1785 natura:
3651 1720 3790 1788 prima

2214 1816 2591 1872 numerantur:
2613 1808 2705 1862 sed
2730 1810 2855 1879 quid
2878 1810 2921 1865 si
2943 1811 3116 1887 aliqua
3139 1811 3279 1871 maia
3305 1812 3563 1866 valetudo
3587 1812 3789 1866 membra

2217 1908 2452 1953 tremore
2498 1900 2803 1955 concutiat?
2852 1901 2977 1971 quid
3019 1902 3063 1955 si
3106 1917 3279 1972 usque
3324 1903 3396 1957 ad
3446 1903 3708 1972 ponendas
3750 1904 3790 1956 in

2216 1999 2413 2065 terram
2468 2007 2655 2047 manus
2704 1992 2850 2047 dorsi
2906 1994 3057 2062 spina
3114 2006 3412 2061 curvetur,
3462 2004 3520 2049 et
3557 1994 3789 2047 Immineat

2216 2082 2616 2153 quodammodo
2672 2084 3072 2154 quadrupedem
3121 2086 3322 2141 faciat?
3379 2103 3563 2142 nonne
3612 2103 3790 2142 omnem

2220 2174 2486 2227 statuendi
2515 2176 2756 2253 corporis
2784 2186 2837 2244 et
2866 2178 3111 2231 movendi
3139 2182 3383 2249 speciem
3413 2178 3678 2245 decusque
3697 2194 3791 2247 per-

2218 2265 2423 2319 vertet?
2458 2264 2595 2331 Quid
2641 2266 2809 2334 ipsius
2849 2268 3014 2326 animi
3043 2268 3362 2338 primigenia
3400 2286 3527 2339 qua:
3551 2270 3788 2338 ηιρειιιιιο

2218 2364 2305 2409 tttr
2351 2355 2527 2417 bona,
2580 2356 2667 2411 ubi
2715 2357 2822 2411 duo
2867 2359 3033 2427 prima
3080 2369 3283 2428 ponunt
3326 2372 3558 2431 propter
3583 2375 3789 2429 compre-

2220 2443 2534 2499 hensionem
2588 2449 3091 2519 perceptioncmqne
3144 2448 3439 2517 veritatis,
3502 2465 3705 2504 sensum
3749 2459 3789 2504 et

2221 2533 2586 2590 intellectum?
2620 2537 2722 2593 Sed
2755 2539 2925 2608 qualis
2952 2547 3287 2609 quantusque
3314 2549 3569 2595 remanet
3605 2555 3787 2606 senm,

2219 2627 2287 2692 si,
2322 2636 2377 2680 ut
2405 2628 2507 2680 alia
2538 2637 2739 2682 taceam
2767 2670 2781 2693 ,
2814 2630 2902 2683 fiat
2934 2631 3091 2683 homo
3118 2632 3318 2685 surdus
3343 2642 3402 2686 ct
3434 2632 3642 2686 crocus?
3666 2631 3788 2685 Ratio

2218 2733 2349 2771 vero
2397 2728 2451 2789 et
2499 2719 2839 2795 intelligentia
2886 2738 2990 2795 quo
3027 2722 3261 2793 recedet,
3309 2724 3403 2776 ubi
3458 2724 3721 2793 sapietur,
3754 2723 3786 2774 si

2219 2810 2398 2879 aliquo
2450 2811 2637 2866 inorbo
2686 2812 2949 2868 efficiatur
2998 2815 3251 2869 insanus?
3300 2815 3614 2873 [’hrcnetici
3656 2813 3785 2867 multa

2219 2902 2448 2958 absurda
2493 2920 2611 2959 cum
2640 2904 2856 2971 dicunt,
2898 2907 2979 2960 vel
3012 2906 3242 2975 faciunt,
3276 2909 3602 2976 plerumque
3624 2922 3653 2960 a
3677 2906 3785 2959 bono

2221 3008 2318 3048 suo
2350 2997 2623 3069 proposito
2653 3006 2706 3050 et
2734 2996 2970 3050 moribus
3014 2997 3216 3062 aliena,
3252 2999 3360 3050 imo
3395 3013 3498 3051 suo
3526 2998 3659 3051 bono
3686 3009 3783 3065 pro-

2222 3090 2394 3159 posito
2424 3090 2767 3159 uxoribusque
2789 3090 3076 3153 contraria,
3106 3090 3217 3154 sive
3245 3090 3333 3157 illa
3363 3092 3677 3161 cogitemus,
3696 3091 3781 3141 sire

2220 3182 2527 3248 videamus,
2580 3182 2622 3235 si
2662 3180 2823 3252 digne
2851 3181 3249 3241 consideremus
3274 3223 3289 3246 ,
3336 3182 3612 3252 lacrymas
3635 3188 3781 3235 tenere

2221 3274 2305 3327 vix
2342 3288 2622 3341 possumus
2647 3315 2661 3339 ,
2691 3282 2782 3326 aut
2812 3271 2946 3331 forte
2977 3288 3073 3326 nec
3106 3287 3391 3341 po~snmus
3411 3274 3451 3325 ί.
3483 3273 3619 3341 Quid
3643 3272 3779 3324 dicam

2221 3364 2289 3419 de
2317 3363 2421 3427 Itis,
2446 3364 2533 3433 qui
2563 3364 2863 3419 daemonum
2894 3365 3162 3435 patiuntur
3187 3364 3472 3417 incursus?
3494 3366 3585 3418 ubi
3616 3364 3777 3416 habent

2219 3456 2585 3511 absc0uditatn
2610 3457 2692 3510 vel
2715 3457 2956 3511 obrutam
2986 3456 3388 3527 intelligcn'iam
3413 3473 3589 3523 suum,
3606 3452 3779 3526 quando

2221 3548 2514 3603 secundum
2554 3562 2702 3601 Suam
2736 3549 3057 3603 voluntatem
3085 3559 3137 3603 et
3166 3550 3342 3602 anima
3372 3566 3564 3604 eorum
3602 3558 3650 3604 et
3683 3562 3777 3601 cor-

2222 3655 2353 3711 pore
2396 3641 2658 3711 tnaliguns
2701 3642 2867 3695 utitur
2892 3642 3150 3709 Spiritus?
3196 3642 3262 3696 Et
3312 3644 3434 3712 quis
3475 3642 3777 3698 eontidithoc

2222 3715 2420 3789 malum
2454 3732 2503 3785 in
2533 3732 2631 3785 hac
2648 3734 2753 3786 vita
2776 3733 2995 3786 evenire
3021 3750 3123 3787 non
3150 3748 3307 3802 posse
3323 3736 3591 3803 sapienti?
3614 3732 3774 3788 Deinde

2221 3825 2497 3895 perceptio
2523 3825 2760 3878 veritatis
2789 3825 2840 3878 in
2871 3824 2968 3878 hac
2998 3840 3157 3879 Carne
3184 3825 3357 3893 qualis
3380 3836 3472 3879 aut
3491 3835 3674 3895 quanta
3694 3831 3769 3886 est.

2221 3915 2467 3985 quando,
2520 3914 2657 3979 sicut
2702 3914 2926 3985 legimus
2978 3916 3029 3968 in
3081 3916 3255 3971 veraci
3309 3915 3446 3969 libro
3497 3914 3769 3984 Sapientia,

2222 4006 2415 4077 Corpus
2442 4008 2767 4077 corruptibili:
2804 4018 3045 4079 aggrovot
3086 4008 3330 4071 animum,
3375 4018 3422 4062 et
3452 4009 3673 4079 deprimit
3697 4018 3771 4059 ter-

2220 4117 2343 4154 rena
2369 4101 2666 4163 inhabitatio
2688 4117 2885 4165 sensum
2910 4102 3066 4155 multa
3088 4101 3391 4171 cogitantem
3414 4100 3565 4172 (Sap.
3590 4118 3654 4164 Ix,
3675 4096 3768 4167 15)?

2225 4190 2455 4261 impetus
2496 4206 2655 4261 porro
2694 4192 2774 4245 vel
2818 4191 3043 4247 actionis
3079 4193 3378 4263 appetitus,
3421 4194 3465 4247 si
3510 4193 3604 4247 hoc
3643 4189 3769 4245 modo

2220 4292 2367 4338 recte
2406 4283 2569 4337 latine
2613 4283 2911 4352 appellatur
2940 4298 3001 4335 ea
3033 4298 3189 4352 quam
3220 4281 3393 4350 (ξηραί
3430 4294 3610 4337 vocant
3633 4288 3767 4350 ὁρμὴν,

2221 4375 2341 4443 quia
2361 4387 2409 4427 et
2430 4376 2595 4443 ipsam
2622 4374 2806 4443 primis
2834 4383 3036 4426 natura:
3063 4374 3322 4442 deputant
3349 4374 3503 4427 bonis
3522 4374 3768 4444 (a),nonoe

2218 4466 2335 4535 ipse
2365 4478 2476 4533 est,
2522 4482 2627 4537 quo
2655 4476 2911 4537 geruntur
2934 4468 3096 4522 etiam
3130 4467 3441 4520 insanorum
3474 4468 3546 4520 illi
3585 4467 3763 4519 auset-a-

2220 4560 2356 4614 bilcs
2387 4572 2559 4628 motus
2581 4603 2595 4627 ,
2626 4572 2671 4614 et
2709 4560 2842 4614 facta
2875 4576 2993 4629 qua:
3020 4560 3325 4625 horremus,
3360 4560 3571 4631 quando
3595 4572 3762 4632 perver-

2221 4654 2349 4706 titur
2376 4667 2564 4706 sensus
2593 4653 2833 4721 ratioque
2859 4652 3102 4721 sopitur?

2291 4747 2343 4807 ἃ.
2380 4745 2544 4798 Porro
2572 4746 2686 4814 ipsa
2714 4745 2883 4800 virtus
2906 4786 2920 4810 ,
2965 4760 3082 4814 qua:
3110 4758 3213 4799 non
3243 4754 3324 4803 est
3356 4744 3496 4799 inter
3526 4743 3674 4814 prima
3693 4753 3760 4791 n1-

2220 4848 2351 4893 tunc
2371 4879 2386 4903 ,
2432 4839 2682 4907 quoniam
2711 4837 2790 4891 cis
2819 4845 3000 4906 postea
3042 4836 3284 4890 doctrina
3316 4834 3669 4889 introducente
3688 4844 3757 4883 su-

2220 4931 2458 5000 pervenit
2481 4971 2493 4994 ,
2527 4944 2647 4983 cum
2677 4928 2776 4983 sibi
2817 4929 3075 4994 bonorum
3104 4927 3318 4981 culmen
3345 4926 3578 4980 vindicet
3615 4926 3759 4976 hum»

2220 5037 2430 5084 norum,
2464 5020 2592 5090 quid
2635 5019 2723 5075 hic
2751 5020 2856 5091 agit
2885 5020 2985 5073 nisi
3018 5027 3274 5089 perpetua
3304 5017 3445 5071 bella
3475 5031 3588 5072 cum
3617 5012 3755 5071 vitiis,

2220 5129 2320 5183 nec
2346 5112 2736 5177 exterioribus,
2776 5110 2870 5168 sed
2919 5110 3292 5174 interioribus;
3322 5124 3424 5163 nec
3449 5106 3654 5169 alienis,
3688 5096 3757 5154 sed

2220 5204 2377 5275 plane
2420 5204 2616 5258 nostris
2655 5213 2709 5257 et
2748 5203 3006 5272 propriis;
3053 5201 3283 5256 maxime
3320 5201 3431 5265 illa,
3472 5214 3585 5271 qua:
3624 5205 3755 5267 grue

2218 5304 2503 5369 cﬂypop't'lv'n,
2532 5297 2697 5351 latine
2716 5296 3063 5365 temperantia
3091 5294 3418 5360 neminatur,
3441 5308 3540 5364 qua
3561 5288 3755 5345 mutatos

2219 5389 2497 5444 frenantur
2544 5388 2810 5456 libidines,
2859 5406 2926 5445 ne
2973 5392 3023 5443 iu
3068 5404 3292 5459 qumque
3339 5387 3529 5457 ﬂagitia
3566 5390 3753 5438 mentem

2284 5611 2298 5643 ⁸
2334 5609 2443 5671 Sola
2479 5610 2628 5663 editio
2666 5611 3029 5674 Lmjaniensium
3072 5609 3263 5669 omittit,
3296 5613 3377 5657 aut
3408 5608 3525 5669 forte
3550 5614 3628 5651 nec
3662 5608 3746 5659 pa-

2215 5686 2379 5725 sumus
2386 5709 2395 5718 .

2218 5819 2249 5868 ά
2283 5756 2355 5868 sna)
2529 5756 2682 5851 facer.
2709 5756 2792 5805 lib.
2814 5758 2844 5807 5
2864 5757 2927 5806 de
2948 5756 3154 5813 Finibus,
3176 5766 3278 5817 cap.
3305 5751 3352 5811 6,
3377 5757 3427 5800 et
3448 5748 3521 5799 ‘jb.
3544 5743 3641 5795 {de
3661 5746 3738 5788 sat.

2255 5835 2280 5869 ς
2328 5832 2375 5880 ·.,
2408 5834 2421 5844 ’
2491 5852 2601 5867 ..-.

2255 5832 2375 5880 cora,
2395 5832 2500 5880 cap.
2529 5832 2601 5867 τε.
