3882 6396
88 435 496 495 consentientem
533 438 746 495 trahant
777 442 887 514 (αν
934 442 1116 513 Neque
1159 445 1300 500 enim
1333 446 1530 500 nullum
1569 455 1651 499 est

92 529 303 594 vitium,
333 542 473 594 cum,
517 529 652 584 sicut
679 530 808 586 dicit
837 534 1116 601 Apostolus
1139 575 1155 600 ,
1188 533 1319 589 Caro
1344 536 1653 604 concupiscit

89 620 318 680 adversus
353 621 581 689 spiritum
601 625 717 677 :cui
749 623 875 678 vitio
901 628 1162 682 contraria
1193 630 1357 683 virtus
1389 637 1490 695 est,
1509 643 1652 695 cum,

89 710 216 772 sicut
238 708 376 765 idem
398 710 545 775 dicit,
575 712 804 781 Spiritus
832 719 1139 788 concupiscit
1165 721 1406 774 adversus
1429 736 1650 775 carnem.

93 800 211 855 Han:
233 803 384 867 enim,
412 803 600 874 inquit,
627 807 838 861 invicem
863 810 1230 878 adversantur;
1251 823 1306 866 ut
1333 830 1433 868 non
1463 831 1521 867 ea
1544 830 1658 882 qua

89 893 226 948 vultis
262 894 463 962 faciatis
492 894 688 966 (Galat.
717 915 770 964 v,
805 901 913 971 l7).
941 901 1076 969 Quid
1101 913 1279 958 autem
1309 904 1481 961 facere
1506 906 1656 960 volu-

90 1001 216 1052 mus,
245 1000 364 1040 cum
391 988 572 1056 perlici
601 978 848 1048 volumus
875 994 1032 1049 linem
1060 997 1253 1052 summi
1284 999 1404 1054 boni
1426 1041 1441 1066 ,
1472 999 1571 1055 nisi
1600 1007 1658 1054 ut

89 1093 203 1136 caro
226 1077 486 1135 adversus
525 1083 768 1152 spiritum
800 1101 911 1143 non.
933 1090 1273 1158 concupiscat
1296 1133 1312 1157 ,
1359 1106 1458 1147 nec
1494 1093 1560 1146 sit
1602 1092 1653 1148 in

89 1168 229 1222 nobis
253 1168 354 1224 hoc
383 1171 566 1226 vitium
590 1214 606 1240 ,
649 1185 834 1232 contra
862 1179 1001 1248 quod
1033 1181 1249 1249 spiritus
1278 1185 1655 1252 concupiscat?

87 1259 223 1328 Quod
252 1261 302 1314 in
339 1261 438 1316 bac
467 1264 573 1318 vita
613 1269 859 1336 quamvis
899 1271 1158 1338 velimus,
1189 1273 1437 1342 quoniam
1481 1275 1656 1331 facere

88 1369 182 1406 non
209 1355 470 1422 valemus,
504 1357 554 1412 id
583 1360 770 1415 saltem
802 1362 853 1416 in
879 1362 1142 1433 adjutorio
1170 1365 1258 1421 Dei
1286 1368 1557 1431 faciamus,
1590 1384 1655 1424 ne

86 1445 218 1499 carni
246 1448 642 1516 concupiscenti
685 1451 954 1510 adversus
977 1454 1250 1528 spiritum,
1299 1458 1487 1527 spiritu
1531 1475 1655 1515 suc-

88 1534 356 1591 cumbente
389 1538 678 1608 cedamus,
718 1551 772 1596 et
814 1543 878 1598 ad
926 1547 1334 1614 perpetrandum
1382 1559 1653 1618 pec:atuni

89 1633 252 1678 nostra
274 1628 630 1684 consensione
653 1631 1042 1701 pertrahamur.
1061 1635 1212 1690 Absit
1227 1652 1354 1708 ergo
1369 1649 1445 1702 ut,
1471 1654 1656 1709 quam-

88 1714 167 1772 diu
194 1716 245 1771 in
274 1717 374 1773 boc
406 1719 548 1776 bello
589 1722 842 1779 intestino
871 1741 1086 1794 sumus,
1113 1729 1222 1799 jam
1253 1746 1352 1785 nos
1379 1732 1657 1787 beatitudi-

89 1821 220 1870 nem,
249 1808 314 1863 ad
345 1825 506 1880 quam
535 1814 800 1871 vincendo
828 1818 1072 1875 volumus
1103 1823 1401 1891 pervenire,
1433 1825 1654 1896 adeptos

87 1911 193 1956 esse
226 1900 528 1958 credamus.
561 1904 624 1960 Et
657 1909 776 1977 quis
801 1918 882 1964 est
926 1927 1094 1983 usque
1131 1914 1265 1970 adeo
1307 1918 1552 1986 sapiens,
1599 1929 1655 1974 ut

85 1999 250 2044 contra
279 1991 526 2048 libidines
556 1997 753 2052 nullum
783 1999 975 2056 habeat
999 2005 1216 2059 omnino
1242 2007 1546 2064 conﬂictum
1560 2009 1595 2064 Τ.

146 2081 195 2134 ι.
222 2081 355 2150 Quid
386 2085 470 2140 illa
515 2087 681 2143 virtus
701 2131 714 2156 ,
747 2107 865 2162 qua:
893 2093 1172 2162 prudentia
1209 2097 1436 2154 dicitur?
1476 2117 1654 2158 nonne

87 2177 179 2224 tota
208 2172 475 2242 vigilantia
515 2192 610 2232 sua
641 2179 778 2235 bona
823 2182 1078 2241 discernit
1101 2201 1130 2241 a
1161 2189 1314 2243 malis
1334 2231 1348 2255 ,
1375 2199 1434 2251 ut
1470 2192 1525 2248 in
1554 2194 1654 2248 illis

85 2266 386 2332 appetendis
431 2267 652 2340 istisque
679 2274 922 2334 vitandis
976 2281 1150 2334 mullus
1200 2299 1352 2339 error
1397 2286 1654 2356 obrepat?

85 2352 151 2409 Ac
186 2370 276 2425 per
299 2355 404 2413 hoc
449 2368 502 2414 et
533 2361 640 2430 ipsa
678 2380 774 2420 nos
804 2367 854 2420 in
895 2369 1051 2424 malis
1067 2413 1094 2439 ,,
1109 2371 1193 2432 vel
1236 2374 1375 2429 mala
1405 2375 1460 2432 in
1500 2352 1654 2434 nobis

83 2459 190 2501 esse
225 2456 470 2504 testatur.
500 2450 613 2522 Ipsa
659 2454 800 2510 enim
841 2457 996 2514 docet
1032 2477 1162 2526 nos,
1193 2465 1388 2520 malum
1428 2483 1548 2522 esse
1586 2469 1653 2524 ad

84 2539 394 2602 peccandum
433 2546 767 2611 consentire,
802 2547 1110 2620 bonumque
1152 2569 1272 2611 esse
1315 2557 1381 2612 ad
1425 2574 1650 2628 peccan-

81 2623 316 2698 dum'non
341 2634 654 2690 consentire
676 2636 901 2694 libidini.
933 2641 1064 2703 Illud
1089 2654 1266 2702 tamen
1296 2623 1495 2704 malum
1516 2692 1531 2716 ,
1565 2652 1649 2708 cui

81 2731 166 2770 nos
211 2736 310 2776 non
338 2727 668 2782 consentire
714 2729 868 2788 docet
911 2734 1220 2803 prudentia,
1269 2739 1392 2796 facit
1445 2751 1650 2813 tempe-

78 2809 262 2875 rantia,
294 2830 402 2868 nec
448 2819 758 2886 prudentia,
805 2839 903 2879 nec
953 2830 1300 2898 temperantia
1341 2833 1486 2888 tollit
1529 2809 1653 2890 liuic

233 2901 375 2971 Quid
411 2907 635 2975 justitia,
667 2912 818 2982 cujus
848 2932 1038 2972 munus
1078 2928 1160 2974 est
1201 2937 1296 2977 sua
1339 2924 1529 2996 cuique
1558 2928 1652 2982 tri-

75 2988 221 3047 buere
250 2997 318 3068 (b)
365 2998 526 3068 (unde
549 3001 603 3056 lit
632 3004 684 3059 in
708 3007 820 3076 ipsn
847 3008 1060 3066 homine
1077 3013 1292 3083 quidam
1317 2988 1491 3088 justus
1519 3021 1652 3078 ordo

78 3094 282 3156 natum,
312 3101 377 3145 ut
415 3094 591 3148 anima
633 3097 891 3155 subdatur
934 3102 1044 3158 Deo
1076 3115 1131 3161 et
1168 3106 1361 3164 animae
1401 3125 1560 3179 caro,
1588 3127 1652 3168 ac

81 3190 163 3246 per
189 3178 286 3236 hoc
318 3182 433 3238 Deo
471 3195 526 3240 et
548 3188 801 3252 animaet
829 3193 1002 3266 caro),
1033 3211 1212 3254 nonne
1236 3178 1569 3258 demonstrat
1599 3203 1650 3261 in

82 3283 138 3322 eo
163 3285 216 3325 se
252 3272 433 3333 adhuc
472 3291 634 3347 opere
677 3281 926 3341 laborare.
967 3288 1176 3357 potius,
1209 3307 1367 3362 quam
1411 3293 1461 3348 in
1495 3295 1650 3368 hujus

81 3363 240 3429 operis
275 3365 386 3434 jam
437 3367 540 3424 fine
592 3373 965 3443 requiescere?
1018 3378 1189 3436 Tanto
1230 3384 1427 3453 quippe
1474 3363 1650 3444 minus

82 3454 234 3508 anima
255 3458 502 3515 subditur
527 3461 655 3529 Deo,
689 3477 889 3536 quanto
911 3470 1086 3525 minus
1109 3471 1272 3528 Deum
1305 3475 1355 3530 in
1385 3476 1514 3547 ipsis
1539 3478 1652 3536 suis

81 3548 481 3636 cegitationibus.
506 3555 770 3627 concipit;
811 3568 863 3614 et
902 3568 1048 3628 tanto
1087 3565 1262 3628 minus
1297 3569 1487 3636 anima:
1520 3570 1652 3626 sub.

80 3633 206 3694 ditur
232 3656 355 3696 caro
379 3654 634 3715 ,_quant'o,,
668 3650 835 3719 magis
872 3652 1128 3710 adversus
1173 3657 1416 3726 Spiritum
1455 3675 1653 3718 concu-

82 3726 234 3794 piscit.
265 3731 530 3809 Quamdiu
560 3752 690 3809 ergo
716 3741 869 3796 nobis
900 3743 1037 3810 inest
1061 3745 1176 3803 haec
1199 3748 1502 3821 infirmitas,
1535 3753 1650 3810 hazc

81 3823 260 3892 pestis,
293 3825 379 3881 hic
412 3827 654 3900 languor,
687 3837 962 3903 quomodo,
992 3855 1089 3895 nos
1128 3841 1236 3910 jam
1270 3843 1480 3912 salvos;
1509 3857 1563 3902 et
1603 3850 1650 3905 si

81 3913 292 3971 nondum
323 3919 523 3990 salvos,
555 3925 825 3994 quomodo
844 3927 954 3998 jam
979 3930 1161 3987 beatos
1193 3935 1281 3990 illa
1309 3936 1453 3994 finali
1477 3938 1648 3997 beati-

82 4003 242 4064 tudine
264 4009 446 4066 dicere
471 4014 820 4074 audebimus?
852 4020 968 4076 iam
999 4039 1125 4080 vero
1152 4025 1237 4080 illa
1265 4028 1463 4097 virtus,
1495 4032 1650 4102 cujus

80 4108 253 4188 nomen
283 4111 362 4155 est
395 4100 683 4175 fortitudo,
713 4107 766 4162 in
793 4121 1218 4185 quantacumque
1246 4118 1503 4188 sapientia
1533 4100 1649 4178 evi-

79 4184 367 4248 dentissima
391 4197 541 4251 testis
566 4207 649 4254 est
671 4199 1022 4259 humanorum
1049 4184 1332 4276 malorum,
1357 4227 1474 4281 qua:
1500 4229 1649 4270 com-

79 4282 275 4375 pellitur
297 4287 552 4357 patientia
580 4292 825 4349 tolerare.
847 4294 976 4368 Quae
997 4298 1133 4352 mala
1159 4300 1322 4357 Stoici
1339 4303 1647 4375 pbilomphi

78 4374 226 4468 miror
252 4395 354 4450 qua
396 4381 569 4440 fronte
607 4385 746 4441 mala
774 4402 879 4443 non
916 4403 1036 4446 esse
1071 4393 1429 4462 contendant,
1457 4374 1649 4468 quibus

77 4463 308 4532 fatentur,
339 4473 386 4527 si
421 4483 563 4528 tanta
592 4474 821 4544 fuerint,
856 4488 998 4536 utea
1029 4483 1243 4552 sapiens
1268 4487 1351 4541 vel
1391 4463 1497 4542 non
1526 4504 1650 4560 pos-

78 4556 166 4626 sit,
196 4563 274 4616 vel
305 4579 414 4618 non
459 4565 650 4622 debeat
675 4571 970 4637 sustinere,
999 4576 1114 4644 cogi
1146 4591 1268 4630 eum
1305 4556 1543 4636 mortem.
1571 4584 1647 4638 si-

78 4645 226 4711 bimet
251 4657 470 4725 inferre,
496 4656 653 4732 atque
678 4680 744 4720 ex
766 4664 864 4721 bac
893 4669 994 4721 vita
1025 4670 1288 4740 emigrare
1321 4671 1412 4746 (c).
1443 4675 1647 4733 Tantus

77 4752 239 4801 autem
277 4752 543 4820 superbia:
582 4764 768 4824 Stupor
799 4765 880 4811 est
909 4758 957 4810 in
992 4759 1073 4813 liis
1097 4759 1438 4830 hominibus,
1479 4767 1566 4822 hic
1588 4781 1660 4826 se.

78 4831 259 4895 habere
303 4841 466 4896 finem
509 4843 632 4898 boni
665 4854 719 4902 et
754 4861 785 4901 a
822 4862 882 4902 se
909 4849 1035 4922 ipsis
1074 4850 1187 4906 fieri
1233 4854 1420 4910 beatos
1453 4867 1646 4927 putan-

79 4926 237 4998 tibus;
269 4943 328 4988 ut
369 4934 582 5005 sapiens
606 4951 829 5005 eorum,
873 4938 974 4994 hoc
1018 4951 1134 5007 est,
1162 4944 1372 5014 qualem
1417 4926 1646 5006 mirabili

76 5022 292 5078 vanitate
318 5024 660 5106 describunt,
686 5030 891 5086 etiamsi
919 5042 1234 5099 excmcetur,
1263 5036 1611 5097 obsurdescat
1628 5084 1645 5112 ,

77 5110 416 5185 Obmutescat,
446 5121 698 5177 membris
723 5123 1046 5190 debilitetur,
1073 5125 1341 5184 doloribus
1361 5110 1646 5203 crucietur,

77 5212 123 5256 et
147 5207 187 5258 si
215 5207 342 5276 quid
367 5210 510 5265 aliud
536 5210 718 5265 talium
743 5213 1002 5269 malorum
1045 5215 1148 5272 dlci
1176 5229 1264 5272 aut
1307 5219 1522 5291 cogitari
1548 5240 1649 5296 po-

79 5301 190 5364 test,
219 5299 413 5355 ineidat
438 5305 490 5356 in
513 5316 652 5370 eum,
677 5318 786 5375 quo
810 5304 910 5360 sibi
939 5318 1162 5364 mortem
1186 5320 1407 5382 Cogntur
1426 5314 1644 5384 inferre,

130 5475 200 5596 ξπ)
229 5477 326 5527 vid.
347 5481 522 5541 Cicera,
545 5489 722 5553 Quzest.
739 5482 930 5536 Tuscul.
955 5484 1038 5534 lib.
1060 5486 1108 5546 5,
1128 5499 1233 5549 cap.
1259 5487 1306 5535 8;

152 5539 199 5596 ιθ)
222 5543 409 5592 JuStitia
439 5545 505 5594 ita
524 5543 752 5596 delinitur
777 5548 828 5596 in
851 5549 1246 5596 tustitutionilms.
1272 5552 1306 5596 ti

145 5539 199 5607 λιι)
222 5543 409 5592 JuStitia
439 5539 752 5601 ita'detinitur
777 5548 828 5598 in
851 5539 1246 5608 Institutionitnis,
1272 5552 1346 5600 ut.
1365 5550 1432 5601 de
1464 5558 1654 5605 insutia

77 5606 244 5679 ειιιυςξε
267 5615 292 5679 ξ.
317 5619 340 5646 ι
365 5613 601 5679 Perpetua
626 5615 677 5659 et
711 5617 936 5657 constans
978 5612 1198 5660 voluntas
1235 5606 1324 5663 ‘sua
1362 5616 1543 5679 cuique
1564 5621 1648 5670 ιι-ί-

82 5677 100 5703 ι
125 5662 313 5713 huendi.
337 5678 359 5708 ι
381 5662 628 5724 εοόυευε.

80 5725 351 5834 ΤυῺιίνιιι]
373 5732 671 5792 Ciceronem,
695 5729 779 5782 lib.
806 5733 837 5782 3
869 5731 932 5783 de
967 5734 1176 5796 Finibus,
1204 5743 1255 5786 et
1277 5736 1362 5788 tib.
1409 5741 1436 5792 ι
1473 5749 1646 5802 ριιρτδί.

1263 329 1462 383 leliR
1503 325 1793 381 DECIMUS
1829 327 2072 386 NONUS.

3241 339 3344 395 630

1768 442 1902 499 hanc
1932 447 1982 500 in
2012 447 2094 502 bis
2119 450 2270 505 malis
2293 452 2451 506 vitam
2478 454 2838 520 constitutam,
2863 470 2956 512 eos
2976 471 3080 512 non
3112 457 3300 525 pudeat
3323 462 3339 490 '

1760 537 1968 593 beatam
2015 557 2225 597 vocare.
2273 546 2317 598 υ
2360 547 2518 600 vitam
2570 546 2814 614 beatam,
2846 564 2964 618 quae
2993 557 3050 602 ut
3093 547 3337 616 finiatur,

1762 631 1947 683 movtis
1982 633 2171 700 quterit
2214 634 2506 690 auxilium!
2551 636 2606 692 Si
2638 636 2788 692 beata
2830 646 2944 703 est,
2973 649 3247 693 maneatur
3288 635 3340 694 in

1759 734 1821 777 ea
1847 739 1861 774 :
1894 721 1937 775 si
1969 738 2095 776 vero
2124 735 2341 794 propter
2369 727 2467 785 ista
2499 729 2635 787 mala
2664 727 2857 798 fugitur
2877 729 2942 785 ab
2965 745 3047 794 ea,
3073 732 3340 800 quomodo

1759 820 1842 866 est
1871 811 2061 868 beata?
2091 816 2193 870 Aut
2219 818 2245 856 ¹ι
2267 819 2534 886 quomodo
2575 820 2672 874 ista
2702 836 2804 873 non
2853 831 2976 875 sunt
3019 823 3152 875 mala
3176 863 3191 888 ,
3224 839 3342 892 qnze

1761 902 1978 960 vincunt
1995 904 2317 962 fortitudinis
2349 909 2542 963 bonum
2563 951 2576 974 ,
2606 909 2955 981 eamdemque
2979 911 3338 968 fortitudinem

1760 1008 1866 1050 non
1895 996 2068 1050 solum
2109 999 2208 1052 sibi
2235 999 2459 1066 cedere,
2496 1016 2681 1055 verum
2720 1004 2882 1056 etiam
2921 1002 3146 1059 delirare
3189 1019 3335 1059 corn-

1761 1085 1996 1155 pellunt,
2031 1098 2090 1149 ut
2117 1090 2360 1146 eamdem
2395 1092 2557 1145 vitam
2589 1100 2642 1146 et
2681 1092 2818 1147 dicat
2849 1093 3055 1149 beatam
3078 1136 3094 1160 ,
3125 1105 3179 1151 et
3217 1112 3340 1166 pero

1759 1178 1974 1237 suadeat
2003 1195 2122 1236 esse
2151 1183 2489 1252 fugiendam?
2513 1184 2642 1249 Quis
2671 1200 2836 1254 usque
2869 1184 3002 1239 adeo
3039 1200 3210 1241 czncus
3237 1196 3340 1250 est,

1759 1280 1825 1327 ιιι
1863 1287 1970 1327 non
2019 1274 2194 1328 videat
2221 1275 2383 1345 quod,
2438 1276 2482 1330 si
2531 1277 2680 1330 beata
2730 1287 2894 1343 esset,
2942 1277 3183 1348 fugienda
3231 1295 3336 1332 non

1758 1364 1938 1418 esset?
1967 1363 2074 1420 Sed
2112 1366 2158 1419 si
2183 1377 2403 1438 propter
2445 1368 2766 1422 infirmitatis
2796 1369 3025 1440 pondus,
3056 1385 3158 1439 qua
3213 1385 3336 1439 pre-

1760 1456 1942 1520 mitur,
1973 1456 2110 1510 banc
2156 1456 2456 1527 fugiendam
2480 1457 2742 1525 fatentur;
2791 1460 2916 1530 quid
2955 1459 3117 1530 igitur
3165 1475 3341 1515 causa:

1759 1558 1843 1605 cst
1861 1549 1902 1618 ³,
1933 1565 2028 1605 cur
2057 1565 2161 1605 non
2190 1552 2349 1607 etiam
2381 1555 2628 1606 miseram
2655 1551 2820 1607 fracta
2851 1553 3113 1622 superbia:
3136 1553 3342 1608 cervice

1759 1639 2066 1695 fateantur?
2097 1641 2303 1710 Utrum,
2332 1643 2575 1704 obsecro,
2602 1642 2733 1698 Cato
2763 1645 2852 1699 ille
2875 1646 2949 1714 (α)
2975 1645 3244 1712 patientia,
3274 1660 3340 1700 an

1758 1733 1933 1803 potius
1955 1733 2279 1803 impatientia
2305 1749 2364 1790 se
2384 1734 2791 1804 peremit?ANnn.
2806 1735 2946 1789 enim
2972 1735 3072 1789 hoc
3101 1733 3336 1798 fecisset,

1757 1824 1862 1882 nisi
1901 1825 2176 1883 victoriam
2221 1826 2450 1884 Caesaris
2489 1825 2828 1896 impatienter
2871 1826 3098 1880 tulisset.
3133 1825 3229 1881 Ubi
3257 1835 3342 1879 est

1758 1915 2044 1970 fortitudo?
2090 1916 2292 1988 Nempe
2332 1917 2524 1983 cessit,
2564 1932 2755 1988 nempe
2793 1916 3104 1982 succubuit,
3148 1931 3342 1983 nempe

1759 2023 1925 2078 usque
1951 2008 2085 2064 adeo
2110 2019 2360 2078 superata
2403 2019 2516 2075 est,
2548 2018 2607 2062 ut
2660 2010 2822 2064 vitam
2859 2008 3067 2063 beatam
3105 2007 3342 2062 derelin—

1753 2110 1974 2171 queret,
2005 2101 2310 2169 desereret,
2355 2101 2575 2172 fugeret.
2612 2103 2691 2155 An
2736 2116 2842 2156 non
2868 2109 2978 2155 erat
3006 2100 3114 2170 jam
3155 2099 3341 2153 beata?

1755 2191 1948 2247 Misera
1993 2208 2120 2262 ergo
2163 2202 2297 2248 erat.
2342 2191 2618 2265 Quomodo
2664 2193 2823 2261 igitur
2859 2191 2998 2245 mala
3036 2205 3142 2244 non
3186 2199 3342 2245 erant

1756 2299 1877 2349 qua:
1909 2283 2066 2336 vitam
2099 2283 2344 2338 miseram
2379 2282 2784 2354 fugiendumque
2812 2280 3114 2335 faciebant?

1827 2375 1882 2429 5.
1910 2374 2244 2444 Quapropter
2281 2377 2440 2430 etiam
2474 2376 2593 2444 ipsi,
2624 2376 2710 2445 qui
2753 2375 2890 2428 mala
2933 2374 3029 2428 ista
3061 2389 3180 2428 esse
3209 2388 3341 2427 cono

1757 2464 1883 2520 fessi
1905 2475 2048 2530 sunt,
2073 2467 2208 2521 sicut
2238 2467 2592 2536 Peripate'iei,
2617 2468 2753 2520 sicut
2779 2475 2984 2519 vrteres
3015 2464 3337 2530 Academici,

1755 2573 1984 2626 quorum
2019 2566 2218 2612 sectam
2250 2558 2415 2612 Varro
2451 2557 2719 2622 defendit,
2755 2556 3084 2611 tolerabilius
3123 2555 3336 2625 quidem

1756 2648 2044 2719 loquuntur
2073 2667 2086 2703 :
2119 2649 2212 2705 scd
2243 2665 2426 2704 eorum
2461 2665 2670 2719 quoque
2697 2650 2860 2702 mirus
2885 2657 2966 2701 est
2986 2663 3168 2713 error,
3197 2647 3342 2716 quod

1755 2739 1809 2795 in
1839 2740 1923 2795 Itis
1949 2741 2123 2806 malis,
2155 2743 2253 2797 etsi
2289 2751 2393 2800 tam
2425 2743 2733 2810 grav-insint
2757 2783 2770 2807 ,
2809 2751 2866 2796 ιιι
2895 2751 3066 2795 morte
3092 2738 3340 2810 fugienda

1754 2831 1895 2896 sint,
1923 2833 1990 2886 ab
2021 2833 2136 2903 ipso
2175 2833 2390 2888 sibimet
2433 2834 2571 2886 illata
2593 2875 2606 2896 ,
2631 2834 2717 2902 qui
2764 2832 2877 2885 lucc
2923 2831 3147 2901 patitur,
3175 2831 3337 2885 vitam

1756 2924 1964 2980 beatam
1993 2933 2170 2980 tamen
2197 2939 2318 2980 esse
2347 2924 2845 2980 contenduntﬂaln
2865 2934 3000 2989 sunt,
3021 2923 3208 2991 inquit,
3231 2933 3340 2976 tor—

1755 3030 1924 3072 menta
1947 3027 2097 3088 atque
2135 3018 2388 3071 cruciatus
2415 3018 2641 3088 corporis
2664 3033 2682 3080 ,°
2709 3025 2755 3069 et
2798 3023 2934 3068 tanta
2962 3024 3081 3068 sunt
3119 3015 3297 3084 pejora
3320 3055 3337 3078 ,

1753 3117 1939 3180 quanto
1952 3109 2202 3178 potuerint
2217 3124 2322 3162 esse
2337 3111 2532 3181 majora
2547 3125 2566 3172 ;
2581 3106 2761 3176 quibus
2777 3112 3044 3168 tit-careas,
3059 3120 3119 3157 ea:
3135 3105 3226 3157 hac
3237 3105 3340 3157 vita

1755 3199 2048 3272 fugiendum
2064 3210 2156 3254 est.
2179 3198 2685 3267 Quavita,obsecro?
2703 3196 2832 3264 llac,
2847 3196 3163 3267 inquit,qn:e
3181 3193 3340 3248 tantis

1755 3303 2070 3363 aggravatur
2098 3292 2268 3346 malis.
2299 3290 2456 3345 Certe
2473 3303 2602 3359 ergo
2620 3288 2775 3344 beata
2804 3296 2886 3343 est
2910 3288 2961 3341 in
2989 3285 3189 3342 eisdem
3211 3285 3342 3355 ipsis

1756 3385 1940 3447 malis,
1989 3393 2207 3456 propter
2231 3399 2350 3454 quae
2389 3381 2525 3436 dicis
2551 3395 2673 3436 esse
2715 3378 3060 3450 fugiendam?
3091 3378 3171 3432 An
3217 3375 3339 3430 ideo

1755 3477 1963 3532 beatam
1989 3476 2156 3540 dicis,
2186 3475 2305 3544 quia
2346 3473 2469 3534 licet
2495 3471 2587 3526 tibi
2631 3471 2699 3524 ab
2727 3469 2811 3524 bis
2839 3468 2993 3522 malis
3031 3474 3204 3520 morte
3229 3465 3343 3519 dis-

1753 3567 1984 3624 cedere?
2011 3566 2147 3634 Quid
2181 3567 2378 3635 εἴθε-εί)
2411 3563 2463 3617 in
2498 3564 2577 3618 eis
2603 3561 2781 3632 aliquo
2811 3558 3011 3633 judicio
3051 3556 3232 3613 divino
3255 3564 3341 3610 te-

1755 3659 1980 3722 nercris,
2007 3673 2106 3712 nec
2133 3655 2516 3726 permittereris
2543 3655 2696 3716 mori,
2715 3666 2816 3706 nec
2837 3664 3066 3718 unquam
3093 3647 3208 3702 sine
3233 3645 3339 3700 illis

1753 3767 1874 3807 esse
1903 3749 2158 3806 siuereris
2185 3747 2244 3802 ‘1'
2267 3747 2469 3816 Nempe
2507 3754 2633 3800 tunc
2674 3743 2861 3798 saltem
2901 3740 3147 3794 miseram
3178 3738 3339 3793 talem

1753 3842 1963 3898 diceres
1992 3842 2174 3894 vitam.
2201 3837 2317 3902 Non
2359 3838 2518 3905 igitur
2555 3845 2834 3906 propterea
2863 3830 3059 3887 misera
3087 3843 3193 3884 non
3219 3837 3298 3884 est
3318 3869 3336 3894 ,

1754 3935 1875 4005 quia
1919 3934 2027 3988 cito
2073 3930 2429 4001 relinquitur:
2472 3924 2900 3998 quandoquidem
2941 3923 2985 3978 si
3016 3920 3340 3993 sempiterna

1753 4029 1843 4095 sit,
1875 4027 2036 4083 etiam
2076 4026 2174 4080 abs
2207 4034 2257 4079 te
2285 4026 2398 4092 ipso
2441 4021 2633 4076 misera
2674 4019 2960 4090 judicatur.
3007 4015 3122 4070 Non
3163 4015 3342 4084 itaque

1753 4127 2070 4189 prepterea,
2098 4115 2346 4186 quoniam
2395 4113 2568 4167 brevis
2597 4120 2710 4176 est,
2744 4109 2888 4164 nulla
2928 4107 3140 4162 miseria
3179 4105 3342 4160 debet

1753 4209 1958 4274 videri;
1985 4216 2078 4263 aut
2097 4249 2112 4274 ,
2135 4205 2276 4277 quod
2316 4202 2737 4268 estabsnrdius,
2767 4201 2892 4270 quia
2920 4198 3095 4252 brevis
3125 4197 3339 4251 miseria

1753 4311 1856 4370 est,
1891 4301 2011 4356 ideo
2039 4300 2198 4355 etiam
2238 4296 2510 4353 beatitudo
2538 4293 2813 4366 appellari.
2842 4291 3025 4360 Magna
3054 4290 3136 4342 vis
3161 4296 3247 4342 est
3286 4289 3342 4380 in

1752 4394 1832 4450 eis
1848 4392 2021 4459 malis,
2045 4407 2162 4462 qua:
2178 4397 2374 4460 cogunt
2395 4387 2686 4451 hominem,
2698 4383 2993 4447 secundum
3018 4382 3161 4452 ipsos
3177 4381 3340 4436 etiam

1752 4486 2045 4556 sapientem
2067 4526 2081 4550 ,
2110 4483 2324 4538 sibimet
2347 4478 2559 4534 auferre
2583 4477 2725 4547 quod
2758 4476 2921 4531 homo
2945 4485 3029 4531 est
3056 4493 3070 4529 :
3102 4489 3223 4530 cum
3257 4472 3341 4556 di-

1752 4547 1912 4646 cant,
1952 4586 2008 4632 et
2047 4547 2233 4633 verum
2272 4575 2484 4638 dicant,
2522 4572 2661 4627 banc
2699 4585 2821 4626 esse
2867 4578 3073 4623 natura:
3111 4547 3338 4637 prima“)

1752 4669 2148 4744 quodammodo
2175 4676 2231 4725 et
2261 4666 2545 4722 maximam
2581 4678 2788 4726 vocem,
2811 4670 2871 4715 ut
2895 4661 3056 4715 homo
3085 4657 3342 4713 concilie-

1755 4774 1840 4822 tur
1872 4765 2008 4832 sibi,
2039 4772 2093 4818 et
2122 4769 2402 4833 propterea
2432 4766 2661 4814 mortem
2692 4753 3002 4810 naturaliter
3031 4751 3196 4822 fugiat
3221 4767 3234 4816 ;
3268 4751 3343 4805 ita

1752 4859 1856 4917 sibi
1884 4858 2108 4924 amicus,
2135 4864 2192 4911 ut
2217 4868 2340 4911 esse
2363 4867 2424 4909 se
2446 4850 2662 4913 animal,
2684 4857 2739 4905 et
2764 4849 2818 4904 in
2844 4847 2943 4902 hac
2963 4845 3344 4918 conjunctione

1753 4953 1994 5023 corporis
2032 4959 2192 5020 atque
2234 4950 2428 5003 animae
2471 4945 2649 4999 vivere
2688 4942 2844 5007 velit,
2888 4939 3346 5008 vehementerque

1753 5044 1994 5117 appetat'
2028 5041 2123 5116 (ὁ).
2157 5041 2341 5112 Magna
2372 5040 2451 5094 vis
2487 5046 2570 5093 est
2604 5037 2655 5090 in
2685 5035 2764 5091 eis
2788 5032 2979 5101 malis,
3007 5031 3200 5103 quibus
3243 5029 3346 5085 iste

1819 5158 1838 5222 ε
1870 5163 1997 5217 ttss.,
2022 5169 2132 5207 etmv
2152 5166 2245 5205 non
2268 5152 2460 5222 pudeat.
2542 5221 2548 5222 ί
2631 5211 2641 5222 ,
2867 5220 2877 5222 Α
3015 5206 3026 5218 .

1819 5221 1841 5253 ⁸
1873 5202 2310 5270 ﬁliasue;
2329 5202 2573 5272 omittunt,
2598 5211 2773 5275 sirvero
2794 5212 2989 5275 promer
3008 5206 3100 5258 ista
3123 5203 3251 5254 mala
3271 5202 3348 5275 fu-

1755 5282 1885 5358 θίιιιν
1917 5281 1980 5331 αι’
2001 5295 2089 5354 εστ.
2117 5272 3344 5358 quereisat.tite:3:193}.e;“22.2’.'!3.‘:fte‘ff.'ff

1755 5325 1886 5398 iiii}:
1898 5325 2177 5406 ,ᾑῇτῖἷίὦὲ
2188 5325 2402 5406 jungunt
2407 5325 2430 5399 ,ί
2441 5325 2688 5398 tummodo
2707 5334 2811 5406 ista
2823 5325 3046 5406 rionrsfntt
3055 5325 3230 5406 P2095:
3237 5333 3339 5406 etne.

1823 5387 2488 5469 i'iwiuiéé'féi"pibii‘a‘emidc
2531 5407 2635 5469 uss.
2662 5411 2689 5469 ,τί
2720 5396 2811 5446 sed
2843 5399 3027 5469 αιηξνιιιΔ
3049 5387 3346 5453 inﬁrmitatis

1756 5481 1866 5521 voce
1889 5459 2399 5531 fugiantam'fateatnr
2430 5475 2446 5512 :
2471 5460 2587 5531 quid
2605 5459 2754 5530 igitur
2777 5467 2938 5506 causa:
2958 5459 3060 5523 est.

1821 5534 1843 5563 ι
1875 5521 1978 5579 sola
1998 5530 2147 5578 editio
2169 5521 2298 5585 ὼν..
2320 5521 2731 5576 ηιονεεζδίηενὲνὶδ.

1819 5595 1842 5628 ³
1877 5599 1926 5641 ιιι
1943 5598 2069 5651 Mssa,
2094 5587 2201 5640 velit
2221 5583 2516 5639 telamteiuer
2537 5591 2680 5647 atque
2702 5583 2910 5644 appetat.

1820 5679 2028 5746 te.)qu
2051 5675 2321 5746 υιίςὲηδὶδκ
2386 5731 2458 5746 _...
2494 5733 2520 5742 ..
2650 5744 2656 5746 _
2732 5727 2746 5746 .
2813 5735 2853 5746 -.
2892 5718 3212 5746 ιε

1823 5719 1894 5800 ἴδε
1919 5719 2354 5806 6§Br§1'ii6.“i‘_nc
2378 5731 2564 5791 (illiciis,
2590 5744 2692 5792 i-ap.
2730 5727 2767 5787 l,
2808 5735 2857 5778 et
2890 5724 2952 5775 de
2971 5722 3165 5772 Finibus
3186 5719 3268 5806 lib.
3293 5719 3341 5781 3,

1759 5816 1862 5865 esp.
1879 5799 1934 5864 ὅ,
1962 5802 2043 5850 lib.
2065 5801 2110 5860 5,
2133 5812 2233 5861 cap.
2254 5799 2300 5846 9.
3190 5803 3224 5838 ,ι
