3826 6462
421 339 519 398 63!

418 465 623 514 natura
648 452 876 510 vincitur
920 465 1142 518 sensus,
1167 465 1274 522 quo
1318 462 1465 506 mors
1504 449 1648 505 omni
1695 445 1857 502 modo
1889 458 2009 500 om-

419 549 579 608 nibus
625 547 828 602 viribus
872 545 1258 614 conatibusquc
1285 543 1513 607 vitatur;
1555 549 1610 596 et
1651 541 1718 594 ita
1760 537 2010 601 vincitur,

420 649 481 696 ut
506 655 625 710 qua:
654 639 938 702 vitabatur,
975 645 1218 707 optetur,
1255 643 1560 705 appetatur,
1591 641 1668 698 et,
1695 634 1739 687 si
1785 646 1889 685 non
1920 642 2016 699 po-

421 733 586 792 tuerit
611 731 825 790 aliunde
850 731 1179 800 contingere,
1209 728 1276 783 ab
1303 729 1417 797 ipso
1444 726 1661 780 homine
1691 724 1902 779 sibimet
1933 723 2017 776 in-

423 825 647 885 feratur.
671 824 857 893 Magna
888 823 969 878 vis
1003 833 1083 878 est
1112 823 1162 876 in
1185 822 1262 876 eis
1291 821 1476 882 malis,
1503 834 1623 889 qua:
1653 815 2020 872 fortitudinem

427 916 630 971 faciunt
657 913 978 969 homicidam
1015 932 1029 968 :
1057 913 1100 968 si
1125 921 1304 967 tamen
1331 911 1503 966 adhuc
1532 907 1760 964 dicenda
1799 914 1881 962 cst
1911 905 2020 959 for-

427 1006 602 1062 titudo
619 1048 636 1076 ,
660 1022 779 1077 quin
798 1005 868 1060 ita
893 1005 975 1060 bis
993 1006 1146 1059 malis
1165 1004 1416 1068 vincitur,
1440 1011 1500 1057 ut
1519 1001 1816 1065 hominem,
1836 1012 2020 1070 quem,

428 1098 568 1152 sicut
612 1097 802 1163 virtus,
849 1097 1142 1166 regendum
1190 1095 1556 1164 tuendumque
1603 1090 1869 1162 suscepit,
1917 1103 2024 1144 non

430 1189 592 1246 modo
621 1205 729 1245 non
764 1189 934 1260 possit
977 1203 1072 1258 per
1097 1188 1408 1258 patientiam
1449 1170 1722 1240 custodire
1741 1224 1757 1250 ,
1787 1179 1881 1238 sed
1911 1181 2026 1252 ipsa

432 1284 654 1354 insuper
681 1293 902 1354 cogatur
939 1283 1206 1340 occidere.
1241 1281 1408 1336 Debet
1441 1280 1658 1351 quidem
1699 1279 1859 1334 etiam
1885 1292 2029 1332 mor-

434 1384 547 1433 tem
575 1376 790 1446 sapiens
819 1376 962 1430 lerre
982 1375 1262 1445 patienter,
1287 1373 1387 1430 sed
1412 1389 1532 1444 qtae
1559 1370 1755 1427 accidit
1775 1368 2025 1425 aliunde:

371 1510 379 1528 ι
434 1469 729 1526 secundum
758 1469 888 1524 istos
916 1479 1093 1523 autem
1131 1468 1176 1522 si
1206 1483 1326 1523 eam
1352 1467 1451 1521 sibi
1498 1466 1612 1536 ipse
1643 1463 1844 1519 inferre
1879 1477 2028 1516 com-

435 1560 676 1632 pellitur,
705 1559 941 1629 profecto
970 1557 1244 1617 fatendum
1265 1566 1348 1613 est
1371 1557 1450 1612 eis
1469 1598 1484 1624 ,
1517 1572 1624 1610 non
1655 1556 1832 1610 solum
1870 1551 2030 1618 mala,

437 1649 534 1712 sed
563 1650 920 1706 intolerabilia
949 1651 1109 1705 etiam
1138 1649 1277 1708 mala
1308 1664 1450 1714 esse,
1481 1663 1600 1720 quae
1629 1646 1731 1702 hoc
1759 1661 1880 1701 eum
1907 1660 2030 1715 per-

440 1751 660 1820 petrare
701 1742 1047 1812 compellunt.
1098 1741 1220 1796 Vita
1259 1741 1453 1812 igitur,
1490 1755 1608 1810 quae
1657 1739 1882 1794 istorum
1927 1746 2033 1793 tam

439 1851 756 1906 magnorum
799 1845 1014 1906 tamque
1051 1836 1290 1906 gravium
1333 1835 1597 1889 malorum
1637 1841 1730 1887 aut
1775 1831 2038 1903 premitur

441 1927 729 1990 oneribus,
763 1934 856 1985 aut
879 1927 1120 1997 Subjacet
1144 1926 1377 1990 casibus,
1409 1925 1558 1980 nullo
1589 1923 1749 1979 modo
1774 1923 1926 1978 beata
1955 1921 2038 1976 di-

443 2027 678 2083 ceretur,
706 2018 752 2074 si
781 2018 1024 2073 homines
1049 2019 1136 2087 qui
1172 2020 1271 2072 hoc
1298 2017 1515 2084 dicunt,
1549 2018 1684 2072 sicut
1720 2015 1846 2071 victi
1883 2013 2037 2069 malis

445 2110 942 2182 ingravescentibus
962 2151 976 2174 ,
1004 2125 1125 2168 cum
1152 2109 1255 2166 sibi
1279 2109 1531 2180 ingerunt
1566 2118 1815 2174 mortem,
1843 2106 2040 2162 cedunt

447 2203 744 2266 infelicitati
770 2246 786 2271 ,
818 2203 885 2258 ita
915 2203 1041 2258 victi
1081 2203 1244 2260 certis
1275 2203 1599 2267 rationibus,
1632 2215 1754 2256 cum
1797 2207 2043 2271 quaerunt

446 2298 665 2354 beatam
695 2296 1246 2368 vitam,dignarentur
1264 2296 1454 2352 cedere
1485 2295 1712 2358 veritati,
1731 2302 1787 2349 et
1814 2309 1918 2348 non
1941 2291 2041 2350 sibi

449 2398 704 2461 putarent
747 2389 800 2445 in
849 2389 950 2444 ista
996 2388 1318 2444 mortalitate
1364 2387 1471 2443 ﬁne
1509 2385 1706 2441 summi
1745 2385 1868 2441 boni
1922 2398 2043 2439 esse

451 2480 822 2553 gaudendum;
863 2480 952 2536 ubi
979 2481 1200 2536 virtutes
1231 2481 1381 2549 ipsas,
1412 2477 1606 2549 quibus
1627 2477 1715 2532 hic
1737 2485 1883 2531 certe
1913 2474 2045 2529 nihil

453 2573 832 2649 melius-atque
857 2572 1040 2629 utilius
1061 2572 1112 2626 in
1140 2571 1358 2626 homine
1385 2570 1671 2640 reperitur,
1704 2577 1903 2638 quanto
1931 2580 2046 2621 ma-

453 2663 572 2734 jora
599 2670 723 2716 sunt
749 2662 1017 2732 adjutoria.
1039 2671 1224 2717 contra
1250 2661 1354 2714 vim
1376 2659 1752 2730 periculorum,
1781 2657 2044 2722 laborum,

458 2754 742 2820 dolorum,
790 2761 940 2808 tanto
971 2752 1210 2809 lideliora
1254 2751 1558 2807 testimonia
1599 2749 1956 2804 miseriarum.
1991 2747 2048 2802 Si

458 2844 600 2899 enim
626 2859 767 2899 verae
796 2843 1020 2899 virtutes
1049 2853 1193 2910 sunt,
1225 2858 1344 2914 qua:
1367 2842 1467 2896 nisi
1499 2842 1549 2896 in
1579 2841 1679 2908 eis,
1706 2839 1899 2910 quibus
1925 2852 2050 2893 vera

459 2933 602 2992 inest
629 2933 830 3002 pietas,
872 2947 994 2988 esse
1036 2948 1143 2988 non
1184 2940 1445 3003 possunt;
1483 2945 1590 2986 non
1633 2945 1693 2986 se
1738 2930 2053 3001 proﬁtentur

461 3025 566 3085 hoc
595 3039 751 3096 posse
805 3033 862 3082 ut
889 3025 1065 3083 nullas
1090 3025 1334 3080 miserias
1371 3025 1643 3096 patiantur
1679 3022 1952 3087 homines,
1998 3021 2051 3076 in

462 3117 656 3186 quibus
681 3126 804 3181 sunt
836 3134 850 3171 :
879 3132 1054 3188 neque
1081 3117 1223 3172 enim
1248 3116 1538 3171 mendaces
1565 3124 1692 3171 sunt
1713 3131 1855 3171 verte
1883 3115 2054 3170 virtu-

463 3220 566 3277 tes,
598 3219 656 3266 ut
680 3209 784 3266 huc
827 3210 1220 3281 proﬁteantur;
1253 3209 1346 3265 sed
1393 3218 1452 3264 ut
1478 3209 1585 3264 vita
1637 3208 1867 3264 humana
1891 3249 1907 3275 ,
1937 3222 2056 3278 quae

463 3312 544 3358 tot
571 3311 626 3358 et
663 3303 824 3358 tantis
855 3300 1012 3372 huius
1047 3301 1227 3356 smeuli
1257 3300 1410 3356 malis
1436 3315 1561 3356 esse
1607 3299 1813 3371 cogitur
1838 3298 2052 3367 misera,

463 3411 562 3467 spe
589 3395 750 3457 futuri
801 3395 984 3450 saeculi
1014 3395 1086 3453 sit
1109 3393 1283 3462 beata,
1321 3394 1461 3450 sicut
1485 3402 1542 3450 et
1575 3394 1741 3448 salva.
1769 3391 2054 3462 Quomodo

467 3489 609 3544 enim
635 3490 788 3545 beata
811 3497 914 3555 est,
942 3504 1063 3559 qua:
1081 3487 1316 3543 nondum
1346 3487 1492 3542 salva
1514 3486 1639 3542 est?
1666 3485 1816 3541 Unde
1844 3493 1900 3540 et
1923 3498 2058 3553 apo—

466 3583 638 3637 stolas
686 3581 881 3638 Paulus
911 3596 1018 3658 non
1044 3580 1111 3637 de
1139 3580 1445 3636 hominibus
1473 3577 1919 3650 imprudentibus,
1955 3577 2059 3630 im.

467 3672 812 3743 patientibus,
841 3672 1317 3742 intemperantibus
1340 3680 1396 3725 et
1421 3670 1636 3740 iniquis,
1661 3668 1755 3723 sed
1779 3667 1950 3723 dehis
1970 3665 2062 3736 qui

471 3763 766 3820 secundum
806 3778 988 3819 veram
1015 3763 1264 3833 pietatem
1290 3760 1553 3826 viverent,
1583 3767 1636 3814 et
1686 3757 1808 3813 ideo
1837 3757 2064 3811 virtutes

470 3870 605 3926 quas
659 3854 956 3920 haberent,
1006 3868 1160 3908 veras
1218 3852 1519 3918 haberent,
1575 3849 1702 3917 ait,
1773 3847 1879 3918 Spe
1930 3847 2064 3902 enim

471 3947 600 4002 salvi
619 3946 741 4016 facti
767 3962 960 4001 sumus.
986 3945 1116 4017 Spes
1145 3953 1310 3998 autem
1335 3960 1451 4015 qua:
1474 3944 1690 4010 videtur,
1707 3959 1808 3996 non
1832 3949 1905 3996 est
1927 3954 2065 4012 spes:

472 4040 608 4107 quod
639 4039 780 4095 enim
819 4039 932 4110 quis
978 4039 1146 4106 videt,
1194 4039 1317 4110 quid
1358 4038 1572 4108 sperat?
1608 4037 1669 4092 Si
1709 4044 1879 4091 autem
1928 4033 2067 4104 quod

475 4149 580 4189 sum
622 4132 850 4188 videmus
901 4149 1164 4203 speramus
1189 4174 1203 4197 ,
1240 4149 1328 4201 per
1373 4132 1667 4203 patientiam
1717 4139 2066 4201 exspectamus

479 4225 656 4293 (ﬂant.
687 4242 799 4290 vnt,
817 4225 887 4281 24
913 4235 960 4280 et
974 4225 1090 4296 25).
1121 4225 1270 4281 Sicut
1289 4239 1416 4294 ergo
1429 4239 1526 4294 spe
1547 4223 1698 4290 salvi,
1723 4223 1793 4278 ita
1815 4237 1910 4293 spe
1926 4222 2066 4279 beati

480 4318 602 4374 I‘acti
630 4333 812 4373 sumus
836 4334 854 4373 :
881 4328 936 4376 et
965 4319 1101 4373 sicut
1128 4317 1373 4382 salutem,
1399 4317 1470 4370 ita
1497 4315 1904 4381 beatitudinem,
1959 4328 2065 4370 non

477 4411 586 4482 jam
615 4419 859 4466 tenemus
885 4417 1202 4480 praesentem
1226 4451 1242 4475 ,
1273 4408 1365 4464 sed
1393 4414 1768 4478 exspectamus
1794 4405 2026 4460 futuram
2051 4422 2065 4460 :

478 4513 536 4561 et
565 4503 665 4560 hoc
690 4520 778 4576 per
806 4504 1128 4574 patientiam;
1158 4502 1284 4572 quia.
1308 4503 1359 4556 in
1405 4500 1564 4556 malis
1588 4515 1796 4565 sumus,
1827 4515 1946 4568 quae
1973 4513 2066 4568 pa-

481 4591 677 4652 ti‘entcr
721 4596 949 4652 tolerare
989 4595 1245 4651 debemus
1273 4636 1287 4657 ,
1327 4593 1500 4649 donec
1546 4591 1615 4646 ad
1657 4591 1747 4646 illa
1793 4591 2072 4645 veniamus

481 4687 622 4742 bona
654 4688 741 4742 ubi
766 4689 944 4743 omnia
974 4696 1168 4753 erunt,
1201 4685 1392 4756 quibus
1442 4682 1786 4739 ineﬁ‘abiliter
1835 4681 2071 4736 delecte-

483 4792 606 4836 mur
637 4798 653 4848 ;
684 4781 814 4836 nihil
841 4781 944 4836 erit
969 4789 1171 4846 autem,
1204 4777 1346 4849 quod
1371 4777 1481 4848 jam
1503 4777 1733 4832 tolerare
1761 4775 2072 4831 debeamus.

485 4873 630 4928 Talis
658 4875 821 4939 salus,
843 4889 962 4943 quae
989 4873 1041 4926 in
1073 4871 1252 4927 futuro
1279 4869 1385 4926 erit
1407 4869 1625 4936 saeculo,
1646 4869 1759 4940 ipsa
1784 4868 1887 4924 erit
1914 4867 2077 4922 etiam

487 4963 664 5018 ﬁnalis
692 4961 983 5017 beatitudo.
1013 4961 1182 5028 Quam
1205 4960 1588 5017 beatitudinem
1617 4960 1704 5016 isti
1734 4957 2033 5030 philosophi
2058 4999 2076 5026 ,

493 5056 741 5126 quoniam
768 5070 876 5112 non
898 5053 1139 5109 videntes
1165 5055 1352 5109 nolunt
1375 5053 1614 5118 credere,
1645 5052 1731 5108 hic
1755 5052 1855 5108 sibi
1881 5066 2080 5107 conan-

490 5163 578 5206 tur
605 5148 940 5204 falsissimam
969 5146 1231 5205 t‘abricare
1255 5189 1270 5216 ,
1298 5158 1501 5220 quanto
1547 5148 1859 5219 superbiore
1880 5189 1896 5215 ,
1931 5154 2080 5202 tanto

491 5241 838 5298 mendaciore
863 5239 1081 5296 virtute.

496 5335 728 5392 CAPUT
762 5334 824 5390 V.
848 5364 922 5377 -—
945 5333 1024 5396 De
1043 5332 1222 5388 sociali
1245 5332 1365 5399 vita,
1395 5347 1508 5401 quat
1537 5348 1653 5386 cum
1682 5331 1901 5391 maxime
1925 5346 2081 5400 expc.

510 5446 512 5448 ν
603 5425 755 5480 tendo
781 5426 848 5479 sit
864 5466 879 5488 ,
906 5423 1080 5479 multis
1106 5421 1466 5491 o/Tensionibus
1492 5435 1626 5490 stepe
1653 5421 1973 5475 subvertitur.

568 5519 721 5589 Quod
751 5527 929 5574 autem
955 5516 1208 5573 socialem
1236 5515 1396 5571 vitam
1432 5513 1615 5579 volunt
1640 5528 1761 5569 esse
1788 5512 2043 5582 sapientis
2067 5553 2081 5576 ,

496 5629 599 5668 nos
624 5611 792 5667 multo
821 5609 1048 5681 amplius
1097 5607 1478 5679 approbamus.
1509 5605 1644 5661 Nam
1672 5603 1814 5660 unde
1863 5605 1960 5658 ista
1989 5604 2084 5658 Dei

498 5705 688 5766 civitas
711 5747 725 5772 ,
747 5704 815 5760 de
835 5719 936 5776 qna
957 5701 1118 5773 hujus
1141 5701 1322 5772 operis
1348 5716 1471 5758 ecce
1490 5699 1600 5770 jam
1635 5697 2085 5754 undevicesimum

500 5795 696 5858 librum
726 5810 998 5852 versamus
1026 5796 1079 5850 in
1103 5794 1368 5865 manibus,
1393 5794 1476 5850 vel
1507 5792 1846 5851 inchoaretur
1873 5801 2082 5860 exortu,

1521 335 1610 391 DE
1649 329 1970 391 CIVITATE
2002 327 2138 396 DEI,
2170 327 2230 384 S.
2273 323 2634 385 ACGUSTINI

3595 303 3696 361 σεε

2119 444 2201 498 vel
2235 441 2643 514 progrederetur
2669 450 2897 495 excursu
2921 475 2938 503 ,
2965 431 3050 488 vel
3093 418 3703 505 apprehenderetdebi-

2120 545 2204 592 tos
2235 513 2388 604 ﬁnes,
2399 537 2447 589 si
2474 551 2577 589 non
2605 542 2749 588 esset
2778 529 2992 587 socialis
3013 526 3119 580 vita
3144 514 3511 578 sanctorum?
3535 513 3638 568 Sed
3661 514 3710 568 in

2120 629 2278 699 lmjus
2299 626 2636 682 mortalitatis
2653 635 2887 679 aerumna
2903 628 3026 690 quot
3056 627 3110 671 et
3127 613 3354 686 quantis
3367 605 3603 662 abundet
3615 619 3714 657 tua.

2122 697 2429 776 lissocietas
2445 719 2670 772 humana
2694 757 2710 781 ,
2734 714 2857 784 quis
2875 724 3187 766 enumerare
3203 705 3394 759 valeat
3411 701 3437 751 1
3464 697 3584 769 quis
3597 697 3719 751 testi-

2121 829 2270 871 mare
2299 811 2563 866 sufﬁciat?
2593 807 2826 864 Audiant
2849 802 2990 873 apud
3013 800 3249 856 comicos
3283 809 3424 850 suos
3457 787 3717 844 hominem

2123 921 2244 964 cum
2266 920 2426 960 sensu
2462 913 2620 974 atque
2647 913 2912 956 consensu
2931 894 3168 951 omnium
3193 888 3495 945 hominum
3516 881 3724 938 dicere:

2197 999 2319 1071 qusi
2344 1007 2569 1054 uxorem,
2591 1005 2737 1058 quam
2761 991 2830 1040 ibi
2851 989 3096 1040 miseriam
3117 983 3212 1034 vidi
3237 984 3254 1032 ε
3277 979 3393 1030 sati
3419 975 3530 1035 ﬁlii,

2187 1059 2284 1116 Alia
2307 1071 2438 1113 cura.
3485 1097 3518 1112 _

2273 1122 2291 1183 (
2322 1127 2485 1171 Terent
2511 1115 2833 1178 Adelphortun
2853 1119 2963 1166 actu
2982 1112 3033 1170 5,
3055 1122 3186 1161 scen.
3208 1107 3258 1166 4,
3283 1115 3428 1156 vers.
3456 1100 3538 1157 io,
3569 1095 3683 1157 ιι.)

2128 1208 2262 1278 Quid
2296 1206 2474 1262 itidem
2507 1204 2629 1270 illa,
2675 1217 2796 1272 qua:
2841 1201 2891 1254 in
2937 1212 3121 1251 amore
3162 1193 3295 1245 vitia
3347 1188 3736 1248 commemorat

2131 1299 2270 1354 idem
2314 1296 2632 1358 Terentius,
2675 1291 2914 1361 injurim,
2961 1285 3334 1356 suspiciettes,
3366 1271 3740 1334 inimicitim‘,

2132 1391 2350 1453 bellum,
2371 1404 2469 1457 pax
2495 1401 2705 1442 rursum
2731 1381 2996 1454 (Eunuclt.
3024 1387 3124 1432 act.
3153 1377 3206 1439 ί,
3225 1390 3349 1428 scen
3382 1388 3422 1436 t,
3441 1386 3492 1423 ν.
3523 1364 3742 1433 Ili-16):

2135 1497 2312 1537 nonne
2343 1497 2426 1535 res
2455 1479 2711 1533 humanas
2741 1476 2935 1544 ubique
2962 1467 3358 1540 impleverunt?
3382 1475 3579 1518 nonne
3609 1466 3662 1513 et
3701 1457 3745 1510 in

2135 1575 2427 1629 amicorum
2455 1571 2694 1625 honestis
2733 1566 3004 1622 amoribus
3035 1563 3355 1634 plerumque
3394 1550 3748 1622 contingunt?

2109 1679 2314 1720 nonne
2345 1666 2426 1718 his
2458 1674 2833 1738 usquequaque
2863 1657 3038 1738 plena:
3063 1662 3189 1709 sunt
3216 1667 3308 1710 res
3339 1650 3642 1711 humanm,
3668 1640 3751 1699 ubi

2140 1755 2390 1825 injurias,
2420 1737 2783 1822 suspiciones,
2818 1737 3140 1810 inimicitias,
3163 1742 3368 1798 bellum
3390 1780 3406 1804 ,
3441 1737 3587 1792 mala
3616 1743 3752 1788 certa

2139 1847 2430 1907 sentimus;
2464 1859 2648 1915 pacem
2703 1856 2831 1895 vero
2883 1839 3144 1894 incertum
3197 1833 3405 1895 bonum
3437 1870 3454 1893 ,
3508 1825 3752 1902 quoniam

2139 1937 2300 1994 corda
2323 1952 2530 1998 eorum,
2549 1951 2669 1990 cum
2687 1932 2875 2003 quibus
2889 1945 3004 1985 eam
3025 1938 3208 1984 tenere
3237 1924 3523 1985 volumus,
3556 1918 3754 1986 ignora-

2144 2044 2301 2093 mus;
2335 2037 2384 2082 et
2414 2027 2459 2081 si
2487 2041 2644 2080 nosse
2670 2023 2828 2078 hodie
2851 2034 3127 2093 possemus
3147 2060 3161 2082 ,
3195 2015 3374 2087 qualia
3425 2025 3562 2068 cras
3588 2007 3752 2062 futura

2141 2129 2324 2179 essent
2351 2121 2529 2187 utique
2548 2114 2917 2172 nesciremus?
2944 2112 3045 2181 Qui
3077 2125 3237 2182 porro
3265 2109 3414 2162 inter
3447 2119 3511 2158 se
3543 2099 3752 2160 amicio-

2145 2231 2234 2271 res
2261 2213 2435 2269 solent
2464 2227 2605 2277 esse,
2633 2210 2715 2266 vel
2743 2209 2970 2271 debent,
3001 2220 3159 2276 quam
3189 2203 3277 2272 qui
3307 2215 3414 2254 una
3446 2197 3618 2252 etiam
3645 2207 3751 2250 con-

2147 2305 2384 2360 tinentur
2412 2303 2608 2358 domo?
2639 2301 2704 2355 Et
2735 2309 2912 2355 tamen
2943 2297 3060 2367 quis
3087 2294 3209 2351 inde
3233 2304 3472 2349 securus
3499 2295 3583 2342 est
3601 2329 3616 2352 ,
3641 2299 3748 2339 cum

2147 2406 2293 2452 tanta
2325 2411 2467 2465 smpe
2487 2393 2627 2449 mala
2657 2409 2722 2449 cx
2743 2407 2929 2447 eorum
2951 2388 3172 2444 occultis
3194 2383 3404 2440 insidiis
3428 2377 3747 2439 exstiterint;

2151 2500 2298 2546 tanto
2323 2490 2586 2544 amariora
2611 2529 2626 2553 ,
2677 2495 2876 2556 quanto
2922 2499 3023 2554 pax
3051 2480 3259 2534 dulcior
3307 2477 3444 2540 fuit;
3491 2488 3614 2544 qua:
3637 2484 3745 2524 vera

2150 2588 2331 2653 putata
2357 2588 2438 2636 est
2460 2622 2472 2644 ,
2503 2595 2623 2634 cum
2651 2574 2974 2631 astutissime
3005 2568 3330 2642 ﬁngeretur?
3359 2567 3599 2636 Propter
3623 2558 3745 2632 quod

2151 2674 2391 2730 omnium
2425 2681 2642 2743 pectora
2671 2670 2748 2724 sic
2793 2666 3037 2736 attingit,
3070 2672 3127 2717 ut
3168 2670 3326 2732 cogat
3372 2659 3425 2714 in
3459 2655 3741 2727 gemitum,

2153 2765 2295 2838 quod
2321 2766 2394 2820 ait
2415 2765 2620 2819 Tullius
2651 2779 2663 2815 :
2697 2760 2874 2815 Nulla:
2896 2767 3014 2814 sunt
3039 2754 3334 2813 occultiores
3360 2750 3588 2812 insidior,
3611 2760 3742 2814 qum

2155 2857 2236 2912 lue
2254 2873 2366 2928 qua:
2394 2857 2549 2911 latent
2579 2856 2630 2909 in
2646 2852 2966 2908 simulatione
2989 2842 3138 2918 ofﬁcii
3152 2888 3168 2912 ,
3191 2854 3282 2898 aut
3310 2844 3363 2896 in
3391 2842 3570 2911 aliqua
3593 2850 3740 2890 neces-

2156 2949 2394 3006 situdinis
2419 2949 2636 3004 nomine.
2667 2943 2808 3000 Nam
2834 2959 2948 3002 eum
2975 2941 3064 3012 qui
3102 2937 3276 3009 palam
3302 2945 3374 2990 est
3402 2928 3737 2992 aduersarius,

2158 3042 2309 3114 facile
2331 3041 2550 3096 cavendo
2579 3039 2738 3093 vitare
2765 3035 2928 3108 possis
2954 3050 2972 3088 :
3001 3033 3094 3086 hoc
3120 3045 3234 3084 vero
3267 3026 3537 3089 occultum,
3569 3019 3738 3075 intesti-

2159 3152 2280 3190 num
2309 3150 2370 3188 ac
2403 3131 2730 3186 domesticum
2755 3127 2944 3181 malum
2968 3141 3069 3178 non
3104 3121 3270 3179 solum
3310 3117 3478 3172 existit
3499 3117 3544 3179 ²,
3587 3124 3736 3165 verum

2162 3230 2314 3283 etiam
2363 3224 2630 3295 opprimit,
2662 3231 2931 3290 antequam
2975 3213 3261 3287 prospicere
3302 3221 3451 3281 atque
3494 3204 3738 3295 explorare

2163 3321 2385 3394 potueris
2427 3294 2612 3387 (Cicer.
2635 3315 2688 3369 in
2730 3313 2930 3368 Verrem
2952 3318 3050 3364 act.
3069 3308 3124 3371 ἓ,
3147 3305 3237 3360 lib.
3263 3304 3316 3367 1,
3339 3319 3454 3394 cap.
3482 3300 3596 3394 i5).-
3620 3294 3735 3394 Prov

2163 3385 2280 3486 pter
2297 3385 2608 3482 quodetiam
2629 3406 2809 3462 divina
2840 3417 2940 3457 vox
2964 3402 3073 3464 illa,
3097 3398 3160 3452 Et
3188 3395 3378 3450 inimici
3409 3390 3639 3452 hominis,

2163 3476 2356 3560 inestiei
2381 3504 2492 3574 ejus
2523 3499 2731 3573 (Matth.
2761 3513 2819 3559 ι,
2849 3493 2938 3566 5b)
2961 3536 2975 3560 ,
3006 3507 3124 3546 cum
3157 3502 3352 3558 magno
3378 3485 3555 3539 dolore
3578 3476 3732 3574 cordis

2165 3567 2421 3653 audituri
2451 3567 2572 3664 quia
2594 3592 2692 3646 etsi
2721 3589 2944 3659 quisque
2973 3597 3076 3638 tam
3101 3581 3253 3636 fortis
3274 3581 3364 3644 sit,
3391 3584 3446 3631 ut
3470 3587 3617 3643 mque
3633 3567 3732 3622 ani-

2167 3707 2255 3746 mo
2288 3688 2543 3758 perierat;
2576 3684 2657 3737 vel
2691 3691 2796 3736 tam
2825 3678 3066 3751 vigilans,
3091 3683 3147 3729 ut
3174 3669 3398 3744 provido
3421 3665 3633 3722 consilio
3655 3676 3729 3715 ca-

2166 3755 2308 3842 veat,
2341 3794 2458 3849 qua:
2490 3775 2748 3831 adversus
2775 3787 2897 3825 eum
2929 3769 3145 3823 molitur
3192 3762 3428 3818 amicitia
3470 3755 3729 3813 simulata:

2169 3887 2354 3928 corum
2385 3880 2560 3923 tamen
2605 3864 2879 3919 hominum
2924 3857 3250 3931 perﬁdorum
3284 3853 3457 3916 malo,
3498 3862 3613 3902 cum
3653 3855 3728 3897 eos

2171 3979 2290 4020 esse
2315 3960 2577 4032 pessimos
2603 3957 2875 4026 experitur
2893 3993 2909 4018 ,
2953 3951 2995 4005 si
3035 3949 3148 4018 ipse
3174 3946 3349 4002 bonus
3379 3949 3487 4007 est,
3527 3934 3728 4008 graviter

2172 4029 2510 4112 excrucietur
2540 4062 2762 4104 necesse
2789 4053 2906 4105 est;
2938 4042 3051 4096 sive
3075 4053 3291 4106 semper
3318 4034 3440 4089 mali
3469 4029 3662 4089 iuerint,
3686 4031 3726 4077 et

2173 4163 2233 4204 se
2262 4147 2433 4201 bonos
2455 4141 2722 4204 ﬁnxerint,
2752 4137 2863 4191 sive
2890 4135 2941 4188 in
2969 4134 3122 4187 istam
3153 4128 3409 4184 malitiam
3436 4140 3497 4179 ex
3526 4120 3726 4175 bonitate

2175 4238 2362 4296 mutati
2401 4237 2526 4291 siut.
2570 4233 2625 4289 Si
2672 4245 2798 4302 ergo
2827 4229 3017 4290 domus
3055 4237 3341 4282 commune
3387 4215 3650 4291 perfugium
3683 4209 3726 4262 ia

2177 4334 2260 4390 his
2291 4333 2444 4386 malis
2471 4329 2686 4384 humani
2711 4324 2923 4398 generis
2951 4330 3063 4376 tuta
3105 4335 3213 4378 non
3241 4324 3327 4374 est
3341 4313 3364 4378 ,“
3387 4313 3508 4384 quid
3542 4309 3721 4398 civitas,

2175 4442 2297 4498 qua:
2320 4432 2519 4496 quanto
2545 4396 2847 4490 major—cst,
2876 4424 3024 4472 tanto
3070 4412 3244 4472 forum
3274 4409 3392 4481 ejus
3416 4405 3581 4460 litibus
3599 4407 3643 4455 et
3663 4396 3723 4450 ci-

2178 4497 2370 4572 vilibus
2395 4523 2448 4570 et
2473 4510 2840 4568 criminalibus
2861 4507 3090 4578 plenius,
3116 4501 3323 4558 etiamsi
3347 4497 3620 4570 quiescant,
3641 4502 3719 4543 non

2181 4609 2352 4665 solum
2377 4605 2698 4662 turbulenta:
2721 4645 2737 4670 ,
2767 4616 2954 4657 verum
2984 4597 3178 4666 stcpius
3207 4601 3262 4648 et
3289 4597 3520 4647 cruenta:
3555 4581 3719 4639 seditio-

2181 4717 2299 4768 nes,
2326 4714 2388 4754 ac
2415 4699 2548 4754 bella
2577 4696 2773 4760 civilia,
2797 4709 2828 4747 a
2852 4704 3076 4762 quorum
3103 4684 3310 4749 eventis
3339 4690 3462 4739 sunt
3489 4670 3718 4748 aliquando

2185 4789 2366 4847 liberte
2393 4789 2658 4854 civitates,
2686 4801 2716 4840 a
2744 4780 2997 4857 periculis
3027 4773 3338 4848 nunquam?

2184 4901 2408 4966 CAPUT
2443 4899 2530 4955 Ἠ.
2555 4931 2625 4942 ——
2649 4897 2724 4952 De
2742 4911 2911 4950 errore
2939 4893 3279 4946 humanorum
3297 4883 3614 4961 judiciorum,
3637 4887 3717 4929 clm

2806 4989 2986 5043 veritas
3016 4985 3152 5040 latet.

2257 5088 2393 5160 Quid
2425 5087 2537 5160 ipsa
2565 5083 2761 5156 judicia
2793 5081 3073 5137 hominum
3099 5077 3170 5134 de
3201 5073 3520 5138 hominibus,
3542 5082 3641 5138 qun
3660 5061 3716 5116 ci-

2187 5179 2438 5236 vitatibus
2464 5179 2517 5233 in
2547 5174 2876 5247 quantalibet
2920 5185 3050 5242 pace
3094 5166 3429 5224 manentibus
3451 5161 3618 5217 deesse
3639 5165 3716 5208 nol

2188 5280 2447 5346 possunt,
2473 5270 2648 5342 qualia
2699 5274 2948 5338 putamus
2971 5276 3125 5325 esse,
3158 5273 3318 5330 quam
3361 5256 3542 5310 misera
3558 5291 3580 5346 ,1
3597 5256 3714 5343 quem

2188 5340 2416 5421 dolenda
2440 5363 2464 5418 ζ’
2493 5340 2936 5432 quandoquidem
2953 5351 3283 5423 hijudicant,
3310 5347 3397 5417 qui
3421 5340 3711 5432 conscientias

2189 5472 2398 5525 eorum,
2429 5454 2497 5510 de
2521 5421 2712 5524 quibus
2735 5421 2996 5520 iudicant,
3022 5421 3268 5501 cernere
3313 5421 3710 5525 nequettnt._llade

2193 5567 2335 5620 stupe
2353 5555 2616 5619 coguntur
2644 5541 2923 5599 tormentis
2941 5536 3302 5593 innocentium
3321 5531 3518 5585 testium
3545 5521 3598 5575 ad
3617 5517 3708 5620 (illi:

2197 5659 2316 5703 nam
2344 5654 2558 5696 causam
2605 5635 2961 5709 pertinentem
3003 5641 3244 5701 quatrere
3292 5621 3564 5678 veritatem.
3607 5604 3704 5677 ll"id

2256 5757 2276 5788 ί
2313 5755 2397 5805 Hic
2415 5752 2540 5815 apud
2561 5749 2841 5802 Terentium
2865 5745 3069 5815 additur,
3088 5738 3323 5815 induct'ﬁ

2260 5820 2278 5850 ¹
2314 5805 2745 5880 Apud'tzioeronem
2757 5847 2772 5877 ,
2798 5823 2889 5862 non
2913 5808 3054 5862 modo
3075 5818 3165 5857 non
3183 5805 3355 5854 mittit.
