3826 6524
125 369 237 426 035

127 495 255 534 cum
285 477 340 532 in
367 490 460 532 sua
491 488 648 530 causa
669 470 892 543 quisque
927 474 1203 539 torquetur
1230 483 1246 532 ;
1275 474 1326 521 et
1366 480 1485 520 cum
1520 463 1719 535 quatri-

126 580 217 626 tur
246 578 428 623 utrum
453 567 523 622 sit
550 577 769 629 noeens,
801 561 1089 625 cruciatur,
1133 565 1188 613 et
1217 557 1472 611 innocens
1501 555 1600 610 luit
1629 569 1727 624 pro

131 661 344 716 incerto
391 658 593 713 scelere
637 652 970 710 certissimos
1013 663 1237 721 poenas;
1266 661 1371 702 non
1413 645 1538 716 quia
1596 643 1727 699 illud

129 751 471 808 commisisse
497 748 784 817 detegitur,
808 743 903 800 sed
930 743 1052 814 quia
1079 756 1185 796 non
1209 738 1543 796 commisisse
1556 737 1730 792 nesci-

130 855 218 900 tur
243 845 268 898 ?
300 845 382 898 Ao
409 857 505 912 per
521 840 625 894 hoc
645 837 942 910 ignorantia
963 834 1158 906 judieis
1188 833 1501 903 plerumque
1529 837 1614 884 est
1639 843 1731 883 ca-

131 938 348 994 lamitas
380 936 700 992 innocentis.
732 931 960 1003 thuod
989 939 1071 986 est
1099 928 1502 992 intolerabilius,
1533 925 1730 994 magis-

135 1047 241 1100 que
269 1028 654 1100 plangendum,
683 1025 1089 1096 rigandumque,
1127 1022 1171 1076 si
1195 1020 1308 1076 fieri
1337 1020 1505 1089 possit
1543 1017 1584 1077 ⁸.
1613 1015 1734 1069 lon-

135 1122 281 1176 tibus
337 1121 696 1191 lacrymarum
731 1132 748 1182 ;
784 1130 904 1169 cum
956 1121 1237 1184 propterea
1277 1109 1439 1179 judex
1486 1114 1733 1176 torqueat

135 1223 473 1276 accusatum,
507 1227 576 1266 ne
605 1208 815 1265 occidat
840 1207 1092 1264 nesciens
1143 1208 1511 1268 innocentem,
1547 1201 1605 1254 fit
1635 1213 1734 1269 per

135 1305 458 1378 ignorantia:
487 1302 780 1366 miseriam,
829 1311 888 1354 ut
938 1307 994 1354 et
1038 1306 1234 1352 tortum
1282 1303 1338 1350 et
1396 1294 1734 1347 innocentem

136 1395 376 1460 occidat,
394 1407 555 1464 quem
591 1407 660 1447 ne
698 1391 1037 1446 innocentem
1087 1385 1357 1441 occideret
1404 1388 1649 1438 torserat.
1681 1379 1738 1434 Si

137 1488 284 1544 enim
311 1483 611 1541 secundum
634 1483 856 1537 istorum
898 1478 1214 1549 sapientiam
1268 1474 1526 1544 delegerit
1549 1486 1612 1525 ex
1642 1469 1741 1523 hac

139 1581 247 1639 vita
282 1579 489 1649 fugere,
529 1591 690 1647 quam
745 1574 949 1630 diutius
989 1571 1075 1626 illa
1125 1568 1389 1624 sustinere
1429 1570 1737 1626 tormenta;

136 1673 282 1745 quod
302 1689 412 1728 non
429 1665 720 1735 commisit,
750 1665 1086 1722 commisisse
1118 1679 1178 1718 se
1205 1662 1350 1718 dicit.
1383 1657 1741 1726 Quodamua-
1787 1651 1791 1654 ’

144 1775 201 1821 to
231 1775 288 1821 et
329 1765 514 1820 occiso
542 1804 558 1829 ,
587 1771 765 1816 utrum
787 1766 1070 1814 nocentem
1121 1770 1186 1809 an
1219 1754 1556 1808 innocentem
1579 1746 1742 1817 judex

141 1857 428 1921 occiderit,
450 1855 624 1909 adhuc
646 1852 836 1914 nescit,
866 1864 1024 1919 quem
1047 1863 1114 1904 ne
1131 1847 1467 1900 innocentem
1498 1838 1742 1896 nescit-ns

141 1949 426 2007 occideret
453 1947 648 2002 torsit:
679 1959 744 1999 ac
780 1958 878 2014 per
904 1941 1006 1996 hoc
1055 1941 1390 1994 innocentem
1419 1943 1472 1989 et
1500 1942 1557 1987 ut
1585 1931 1747 1986 sciret

148 2042 330 2105 torsit,
353 2048 410 2095 et
433 2038 560 2094 dum
593 2036 824 2092 nesciret
851 2033 1065 2088 occidit.
1098 2031 1155 2085 ln
1206 2030 1290 2083 his
1335 2025 1570 2082 tenebris
1623 2023 1747 2076 vitae

143 2133 395 2200 socialis,
417 2129 624 2185 sedebit
647 2127 811 2198 judex
838 2126 929 2180 ille
941 2124 1175 2193 sapiens,
1203 2137 1269 2174 an
1296 2133 1402 2174 non
1453 2114 1660 2173 sedebit
1688 2113 1748 2167 ’?

147 2222 384 2282 Sedebit
413 2223 589 2292 plane.
618 2218 950 2288 Constringit
996 2215 1140 2272 enim
1167 2228 1310 2278 eum,
1342 2219 1395 2267 et
1421 2209 1485 2264 ad
1532 2208 1633 2262 hoc
1663 2205 1749 2260 of—

149 2316 338 2373 ficiqu
366 2313 624 2384 pertrahit
645 2312 877 2366 humana
897 2309 1147 2371 societas,
1177 2319 1337 2376 quam
1364 2302 1616 2357 deserere
1660 2313 1753 2353 ne~

149 2407 235 2464 fas
267 2406 438 2462 ducit.
473 2405 585 2460 Iloc
605 2403 746 2458 enim
769 2401 919 2458 nefas
948 2414 1068 2455 esse
1091 2412 1194 2452 non
1220 2394 1389 2457 ducit,
1415 2391 1556 2463 quod
1587 2397 1754 2446 testes

149 2489 549 2556 innocentesin
580 2495 754 2552 causis
776 2500 1091 2564 torquentur
1146 2486 1535 2557 alieniszqnod
1585 2484 1753 2554 hiqui

152 2601 478 2665 arguuntur,
500 2591 551 2645 vi
580 2590 780 2646 doloris
826 2588 1138 2658 plerumque
1185 2581 1446 2652 superati,
1497 2587 1552 2634 et
1601 2579 1667 2632 de
1698 2593 1756 2631 se

158 2687 295 2741 falsa
324 2683 576 2750 confessi,
609 2685 770 2736 etiam
811 2679 1106 2750 puniuntur
1136 2676 1470 2736 innocentes,
1500 2687 1620 2729 eum
1647 2671 1756 2740 jam

159 2777 291 2832 torti
319 2775 516 2830 fuerint
534 2775 877 2828 innocentes:
904 2769 1045 2839 quod
1071 2767 1170 2823 etsi
1201 2781 1304 2820 non
1327 2774 1500 2820 morte
1531 2764 1772 2834 puniam.

160 2880 276 2936 tur,
301 2869 355 2923 in
382 2867 510 2938 ipsis
529 2866 613 2920 vel
635 2879 702 2918 ex
730 2862 860 2934 ipsis
880 2859 1159 2916 tormentis
1183 2859 1492 2928 plerumque
1517 2853 1759 2910 moriun-

161 2971 292 3018 tur:
325 2959 468 3030 quod
491 2959 514 2990 ³
547 2955 833 3028 aliquando
874 2964 929 3010 et
980 2953 1078 3023 ipsi
1115 2952 1204 3022 qui
1234 2957 1482 3020 arguunt,
1517 2949 1762 3002 humana:

161 3052 410 3111 societati
438 3049 688 3113 fortasse,
713 3063 780 3103 ne
806 3046 1030 3102 crimina
1063 3043 1319 3113 impunita
1346 3042 1474 3108 sint,
1508 3038 1763 3110 prodesse

163 3147 468 3218 cupientes,
498 3151 554 3198 ct
575 3141 954 3197 mentientibus
977 3139 1220 3202 testibus,
1261 3150 1462 3206 reoqne
1493 3135 1608 3205 ipso
1635 3148 1766 3187 con-

168 3250 253 3294 tra
283 3245 549 3292 tormenta
589 3234 817 3290 durante
842 3230 1169 3295 immaniter,
1197 3242 1297 3283 nec
1324 3227 1542 3290 fatente,
1572 3224 1765 3296 proba-

165 3346 231 3388 ιε
256 3330 397 3402 quod
422 3328 683 3400 objiciunt
707 3342 814 3379 non
840 3325 1101 3387 valentes,
1141 3319 1384 3390 quamvis
1405 3334 1528 3372 vera
1555 3316 1767 3385 objece-

166 3424 301 3488 rint,
327 3438 356 3475 a
379 3421 558 3491 judice
587 3418 858 3474 nesciente
897 3415 1232 3470 damnantur.
1268 3413 1392 3466 llaec
1413 3420 1489 3464 tot
1529 3419 1580 3463 ct
1622 3419 1765 3461 tanta

167 3515 313 3573 mala
344 3529 452 3570 non
479 3513 700 3582 deputat
740 3524 859 3564 esse
882 3517 1093 3578 peccata
1128 3525 1142 3561 :
1182 3519 1288 3560 non
1339 3504 1479 3558 enim
1510 3501 1623 3555 luce
1647 3501 1768 3553 facit

170 3609 391 3678 Sapiens
436 3605 602 3676 judex
651 3601 876 3658 nocendi
930 3600 1202 3653 voluntate
1236 3638 1250 3661 ,
1300 3596 1392 3649 sed
1451 3593 1767 3649 necessitate

173 3697 498 3764 nesciendi;
552 3704 606 3752 ει
647 3705 826 3749 tamen
872 3692 993 3762 quia
1042 3690 1185 3759 cogit
1235 3688 1464 3741 humana
1517 3685 1762 3747 Societas,

174 3781 995 3854 necessitatevetiamjndimudi.
1027 3780 1153 3834 ll:ee
1202 3788 1286 3833 est
1335 3792 1466 3846 ergo
1495 3789 1652 3844 quant
1683 3773 1767 3826 di-

175 3883 374 3948 cimus,
407 3879 622 3934 miseria
670 3885 817 3931 certc
866 3873 1117 3935 hominis,
1151 3872 1250 3926 etsi
1283 3887 1385 3924 non
1431 3869 1628 3923 malitia
1680 3882 1768 3920 sa-

179 3975 395 4047 pientis.
425 3975 509 4027 An
538 3985 664 4025 vero
695 3969 1012 4024 necessitate
1052 3964 1325 4020 nesciendi
1349 3975 1504 4032 atque
1527 3962 1773 4030 judican-

179 4068 232 4123 di
263 4074 480 4136 torquet
518 4063 779 4125 insontes,
815 4057 963 4128 punit
993 4058 1251 4121 insontes,
1305 4065 1358 4108 et
1386 4069 1571 4123 parum
1590 4060 1672 4105 est
1697 4050 1771 4104 illi

179 4159 324 4230 quod
355 4175 463 4213 non
509 4167 592 4212 est
639 4169 784 4220 reus,
830 4153 875 4207 si
931 4166 1034 4205 non
1063 4151 1133 4203 sit
1172 4149 1388 4216 insuper
1429 4155 1483 4200 et
1539 4144 1773 4199 beatus?

181 4254 395 4322 Quanto
419 4250 806 4305 consideratius
834 4255 888 4302 et
938 4245 1151 4299 homine
1211 4242 1421 4312 dignius
1455 4238 1692 4309 agnoscit
1719 4237 1772 4290 in

184 4345 284 4400 ista
315 4343 633 4399 necessitate
682 4340 971 4404 ntisoriam,
1001 4352 1226 4404 eamque
1276 4336 1328 4388 in
1370 4349 1428 4386 se
1455 4330 1602 4385 odit“
1632 4347 1646 4395 ;
1697 4338 1768 4394 et,

186 4437 230 4492 si
259 4436 348 4507 pie
367 4433 526 4506 sapit,
557 4432 751 4486 clamat
787 4430 852 4484 ad
902 4429 1092 4494 Deum,
1124 4426 1201 4481 De
1249 4424 1622 4480 necessitatibus
1651 4421 1774 4474 meis

186 4547 306 4585 erue
329 4530 451 4598 me(
478 4527 625 4582 Psul.
655 4542 804 4590 XXIV,
836 4526 901 4578 l7
934 4523 997 4593 )?

187 4642 420 4699 CAPUT
457 4640 656 4696 Vll.—
686 4638 758 4694 De
794 4638 1081 4692 diversitate
1119 4636 1427 4705 linguarum.
1472 4647 1570 4702 qua
1615 4629 1775 4688 socie-

257 4746 337 4788 tas
356 4733 615 4787 hominum
639 4729 928 4793 dirimitur;
954 4737 998 4782 et
1025 4726 1300 4781 dentiseria
1337 4723 1600 4786 bellorum,
1625 4721 1776 4774 etiam

258 4843 373 4898 qua:
384 4825 526 4897 justo
547 4825 804 4877 dicuntur.

261 4941 394 4997 Post
419 4940 694 4998 civitatem
723 4935 807 4989 vel
853 4933 1036 4991 urbem
1068 4930 1306 5000 sequitur
1342 4927 1487 4994 orbis
1517 4936 1694 4988 terra),
1725 4922 1779 4980 in

189 5049 295 5104 quo
324 5032 541 5088 tertium
571 5029 793 5100 gradum
848 5033 1054 5096 ponunt.
1097 5022 1367 5078 societatis
1395 5020 1665 5082 humanae,
1698 5017 1780 5071 in-

190 5127 455 5197 cipientes
483 5138 512 5177 a
543 5122 723 5186 domo,
749 5129 910 5189 atque
953 5115 1075 5170 inde
1125 5114 1190 5168 ad
1242 5112 1448 5179 urbem,
1495 5107 1689 5165 deinde
1714 5107 1781 5162 ad

191 5218 380 5273 orbem
425 5211 815 5287 pt'ogrediendo
855 5210 1134 5266 venientes
1180 5225 1193 5259 :
1245 5207 1334 5276 qui
1391 5203 1594 5272 utique,
1645 5201 1784 5254 sicut

191 5323 454 5380 aquarum
470 5305 772 5376 congeries,
800 5311 998 5372 quanto
1024 5299 1194 5368 tnajor
1219 5307 1320 5362 εει,
1352 5304 1501 5349 tanto
1533 5292 1784 5363 periculis

197 5401 428 5474 plenior.
448 5397 507 5452 ltt
529 5413 635 5468 quo
649 5395 875 5466 primum
895 5393 1194 5463 linguarum
1213 5386 1492 5443 diversitas
1516 5383 1784 5440 hominem

261 5515 278 5546 ³
315 5513 391 5562 sic
420 5510 570 5572 nostri
593 5518 766 5558 omnes
786 5512 891 5554 ttss.
917 5511 966 5553 lu
992 5509 1062 5572 ᾳ,
1084 5505 1269 5572 posset.
1325 5504 1382 5546 tit.

258 5577 280 5607 '
313 5573 467 5623 Nostri
489 5571 696 5630 codices,
719 5581 784 5618 an
802 5579 896 5630 non
917 5562 1157 5630 audebit?
1233 5568 1290 5611 Μ.

262 5637 285 5669 ³
315 5635 424 5685 Sola
447 5633 595 5683 editio
617 5627 747 5689 Lov.,
773 5627 898 5690 Quid
917 5627 1064 5692 quod,
1090 5634 1186 5692 etc.

263 5697 286 5729 δ
317 5678 592 5746 milia:
618 5678 806 5747 etin:
835 5678 1014 5750 Qua'nto
1037 5678 1386 5750 consideratius
1407 5688 1453 5732 et
1486 5678 1674 5730 homine
1709 5678 1789 5750 di-

200 5740 438 5828 gnius};—
447 5740 688 5828 adiungis
723 5740 933 5819 agnoscit
958 5752 1006 5803 in
1036 5750 1128 5802 ista
1151 5747 1449 5808 necessitate,
1473 5754 1674 5807 eamque
1697 5740 1788 5795 mi-

203 5819 379 5876 ien‘ant
401 5819 448 5874 in
467 5831 517 5872 se
537 5819 654 5871 odit.

1259 360 1261 362 ·
1337 362 1342 366 ·
1377 353 1572 410 LIBER
1613 350 1910 408 DECIMUS
1942 333 2190 408 Naxus.

3307 343 3413 401 651

1832 465 2028 521 alienat
2045 466 2112 521 ab
2136 463 2371 520 homine.
2399 461 2528 520 Nam
2549 463 2595 520 si
2629 462 2736 520 duo
2773 462 2988 520 sibimet
3035 461 3258 516 invicem
3290 458 3418 514 flant

1833 557 2042 613 obviam
2071 598 2085 622 ,
2121 570 2297 626 neque
2327 556 2622 626 praeterire,
2669 555 2764 610 sed
2790 552 2947 610 simul
2975 567 3097 608 esse
3117 551 3292 620 aliqua
3320 563 3418 603 ne-

1833 650 2080 705 cessitate
2095 655 2372 718 cogantur,
2404 662 2631 719 quorum
2673 655 2864 702 neuter
2890 645 3032 699 norit
3075 643 3305 713 linguam
3336 638 3421 694 ale

1837 743 2002 797 terius
2028 757 2042 806 ;
2073 740 2283 796 facilius
2303 740 2404 796 sibi
2435 739 2684 796 animalia
2711 749 2878 804 muta,
2911 737 3071 794 etiam
3099 735 3298 792 diversi
3328 748 3423 805 ge-

1835 834 1999 898 neris,
2030 847 2188 904 quam
2209 833 2304 900 illi,
2336 847 2456 886 cum
2505 833 2612 886 sint
2641 829 2884 886 homines
2910 829 3088 896 ambo,
3122 827 3420 882 sociantur.

1835 924 2059 993 Quando
2107 924 2250 980 enim
2298 939 2417 996 qua:
2465 924 2722 988 sentiunt,
2765 922 2905 976 inter
2923 935 2982 975 se
3025 904 3424 975 communicare

1837 1033 1941 1071 non
1961 1026 2202 1088 possunt,
2231 1024 2450 1087 propter
2495 1017 2663 1071 solam
2692 1015 2885 1084 linguae
2914 1011 3304 1073 diversitatem,
3334 1008 3418 1064 ni-

1840 1108 1914 1163 hil
1949 1108 2166 1179 prodest
2195 1108 2261 1162 ad
2292 1107 2678 1163 eonsociandos
2715 1105 2961 1160 homines
2997 1111 3140 1157 tanta
3170 1101 3425 1156 similitu-

1837 1203 1909 1258 do
1937 1212 2176 1258 naturaaz
2205 1203 2276 1258 lta
2326 1212 2383 1257 ut
2403 1202 2654 1256 libentius
2699 1200 2861 1255 homo
2891 1200 2962 1254 sit
3004 1213 3123 1253 cum
3151 1211 3282 1252 cane
3304 1211 3424 1263 suo,

1840 1309 1996 1363 quam
2028 1309 2149 1347 cum
2184 1293 2401 1348 homine
2428 1293 2626 1348 alieno.
2663 1292 2734 1346 At
2759 1291 2901 1346 enim
2955 1304 3118 1359 opera
3165 1288 3286 1342 data
3323 1296 3427 1354 est,

1842 1385 2202 1454 ntimperiosa
2227 1385 2412 1440 civitas
2438 1399 2542 1438 non
2589 1383 2760 1437 solum
2803 1380 3008 1452 jugum,
3051 1395 3236 1434 verum
3267 1379 3428 1432 etiam

1841 1477 2073 1548 linguam
2102 1493 2251 1532 suam
2279 1477 2494 1532 domitis
2518 1475 2767 1547 gentibus
2791 1489 2887 1543 per
2924 1487 3107 1542 pacem
3153 1469 3426 1524 societatis

1844 1569 2142 1640 imponeret
2173 1586 2189 1631 :
2221 1585 2316 1639 per
2339 1584 2497 1638 quam
2525 1583 2628 1621 non
2660 1566 2891 1631 deesset,
2917 1565 3026 1618 into
3055 1571 3109 1618 et
3130 1561 3428 1617 abundaret

1845 1664 2003 1718 ctiam
2035 1663 2382 1731 interpretum
2438 1660 2611 1730 copia.
2639 1657 2836 1713 Verum
2865 1665 2947 1710 est
2978 1674 2990 1710 :
3020 1653 3112 1710 sed
3153 1655 3256 1710 hoc
3275 1669 3432 1722 quam

1846 1755 2026 1810 multis
2056 1764 2110 1809 et
2135 1770 2290 1824 quam
2318 1753 2606 1823 grandibus
2628 1750 2804 1815 hellis,
2826 1759 3019 1818 quanta
3048 1757 3224 1815 strage
3253 1741 3432 1798 homi-

1845 1862 1994 1910 num,
2021 1855 2213 1915 quanta
2232 1843 2494 1901 effusione
2525 1841 2739 1897 humani
2763 1840 3036 1911 sanguinis
3061 1841 3435 1906 comparatum

1849 1945 1976 2000 est?
1999 1943 2201 2010 Quibus
2219 1940 2519 2003 transactis,
2551 1954 2658 1994 non
2689 1944 2770 1991 cst
2793 1943 2968 1990 tamen
2984 1929 3295 1988 eorumdem
3315 1942 3434 1982 ma—

1847 2034 2022 2090 lorum
2053 2033 2195 2088 finita
2222 2033 2457 2087 miseria.
2505 2029 2758 2098 Quamvis
2804 2028 2946 2081 enim
2989 2039 3094 2078 non
3145 2019 3435 2083 defuerint,

1853 2141 2026 2196 neque
2051 2126 2227 2181 desint
2277 2125 2459 2179 hostes
2486 2124 2504 2155 ί
2538 2132 2737 2177 exterae
2791 2118 3058 2180 nationes,
3087 2124 3275 2170 contra
3300 2126 3436 2183 quas

1853 2231 2066 2287 semper
2093 2216 2230 2271 bella
2256 2223 2404 2286 gesta
2461 2222 2602 2278 sunt,
2645 2221 2698 2266 ct
2729 2220 2920 2281 gerunt
2941 2221 3026 2262 tr:
3068 2215 3248 2259 tamen
3273 2203 3435 2258 etiam

1856 2307 1968 2377 ipsa
1993 2307 2196 2376 imperii
2252 2305 2476 2359 latitudo
2513 2303 2717 2374 peperit
2771 2298 2972 2371 pejoris
3020 2295 3232 2368 generis
3279 2292 3437 2355 bella,

1857 2398 2071 2453 socialia
2093 2397 2297 2452 scilicet
2321 2405 2374 2450 ει
2393 2395 2566 2449 civilia
2591 2410 2605 2457 ;
2639 2391 2832 2463 quibus
2877 2387 3235 2444 miserabilius
3263 2382 3440 2454 quati-

1860 2498 1946 2544 tttr
1977 2503 2143 2558 genus
2189 2487 2500 2550 humanum,
2551 2485 2664 2540 sive
2716 2497 2836 2536 cum
2883 2478 3244 2547 belligeratttr,
3271 2483 3328 2527 ut
3349 2471 3441 2526 ali.

1860 2582 2074 2653 quando
2100 2582 2513 2651 conquiescant;
2545 2579 2661 2633 sive
2706 2590 2828 2631 cum
2857 2573 3095 2637 timetur,
3139 2584 3208 2623 ne
3263 2581 3446 2621 rursus

1862 2684 2171 2745 exsurgant.
2217 2673 2452 2740 Quorum
2494 2670 2757 2725 malorum
2815 2665 3010 2720 multas
3039 2669 3095 2718 et
3129 2658 3448 2728 multiplices

1862 2768 2064 2832 clades,
2095 2766 2256 2821 duras
2273 2773 2328 2820 et
2353 2765 2496 2818 diras
2524 2760 2892 2820 necessitates,
2923 2755 2968 2810 si
3013 2762 3072 2808 ut
3116 2752 3337 2822 dignum
3363 2757 3447 2804 est

1864 2861 2038 2930 eloqui
2063 2859 2246 2923 velim,
2267 2869 2568 2925 quanquam
2597 2863 2929 2921 nequaquam
2948 2845 3084 2900 sicut
3105 2858 3192 2898 res
3215 2841 3450 2911 postulat

1866 2953 2065 3026 possim
2091 2966 2104 3017 ;
2135 2947 2256 3020 quis
2286 2949 2387 3003 erit
2406 2948 2626 3017 prolixa:
2666 2940 3037 3013 disputationis
3085 2933 3320 2992 modus?
3347 2932 3451 2990 Sed

1866 3043 2098 3114 sapiens,
2126 3040 2388 3108 inquiunt,
2409 3038 2549 3106 justa
2589 3035 2726 3090 bella
2747 3040 2992 3103 gesturus
3013 3038 3113 3084 est.
3136 3026 3297 3093 Quasi
3325 3039 3452 3088 non,

1867 3140 1911 3193 si
1948 3153 2006 3192 se
2037 3134 2304 3189 hominem
2329 3129 2589 3191 meminit,
2623 3128 2791 3182 multo
2837 3123 3003 3194 magis
3041 3120 3244 3176 dolebit
3280 3119 3453 3187 justo-

1868 3247 1984 3286 rum
2008 3227 2377 3284 necessitatem
2436 3223 2535 3278 sibi
2567 3219 2836 3277 exstitisse
2883 3217 3144 3272 bellorum
3171 3229 3185 3278 ;
3209 3211 3334 3282 quia
3353 3210 3454 3286 nisi

1865 3322 2005 3392 jnsta
2033 3325 2234 3380 essent,
2261 3315 2307 3368 ei
2337 3312 2567 3383 gerenda
2585 3327 2687 3364 non
2705 3316 2905 3371 essent,
2931 3321 2994 3360 ae
3017 3302 3226 3374 perhoc
3239 3301 3455 3370 sapien-

1871 3415 1906 3467 ti
1938 3412 2078 3465 nnlla
2106 3407 2241 3460 bella
2271 3413 2469 3459 essent.
2520 3401 2774 3471 iniquitas
2815 3399 2956 3454 enim
2998 3395 3165 3464 partis
3219 3393 3458 3447 adversa!

1866 3507 2008 3574 justa
2038 3501 2172 3556 bella
2205 3500 2396 3570 ingerit
2431 3489 2918 3567 gerenda'sapienti
2950 3488 3026 3562 (a)
3060 3505 3073 3540 :
3112 3504 3230 3558 qua:
3261 3484 3458 3555 iniqui-

1873 3605 1952 3651 tas
1981 3595 2162 3666 utique
2184 3591 2384 3645 homini
2432 3597 2514 3643 est
2557 3584 2804 3645 dolenda,
2866 3582 2986 3652 quia
3041 3579 3314 3633 hominum
3355 3582 3462 3642 est,

1872 3688 1972 3745 etsi
2005 3687 2144 3741 nulla
2166 3701 2232 3739 ex
2260 3699 2322 3738 ea
2366 3679 2596 3738 bellandi
2645 3675 2935 3731 necessitas
2981 3679 3308 3726 nasceretur.
3338 3667 3461 3722 llaec

1874 3783 2053 3856 itaque
2075 3779 2211 3838 mala
2241 3787 2346 3832 tant
2378 3789 2590 3844 magna,
2631 3780 2737 3824 tam
2793 3765 3080 3830 horrenda,
3137 3773 3244 3816 tam
3293 3775 3458 3825 satva,

1875 3853 2116 3945 quisquis
2145 3887 2264 3926 cum
2290 3867 2477 3922 dolore
2528 3861 2850 3923 considerat,
2903 3855 3172 3910 miseriam
3207 3853 3454 3905 fateatur.

1874 3963 2126 4034 Quisquis
2154 3970 2330 4017 autem
2363 3958 2442 4012 vel
2472 3956 2666 4026 patitur
2689 3968 2749 4007 ea
2789 3951 2907 4006 sine
2947 3946 3109 4002 animi
3137 3944 3341 4008 dolore,
3383 3940 3465 3997 vel

1876 4033 2092 4126 Cogitat,
2125 4053 2294 4108 multo
2313 4049 2492 4117 utique
2520 4044 2766 4099 miserius
2808 4041 2927 4095 ideo
2958 4055 3016 4093 se
3047 4044 3196 4108 putat
3225 4033 3462 4098 beatunt,

1875 4153 1998 4221 quia
2023 4157 2077 4201 et
2103 4139 2392 4199 humanum
2418 4139 2646 4211 perdidit
2672 4147 2909 4190 sensum.

1876 4261 2101 4318 C.\PUT
2141 4258 2274 4314 VIII.
2301 4288 2372 4299 ——
2403 4254 2550 4320 Quod
2593 4249 2816 4304 amicitia
2867 4247 3111 4300 bonorum
3147 4255 3326 4295 secura
3363 4253 3468 4293 csse

1950 4371 2049 4409 non
2078 4352 2257 4424 possit,
2281 4349 2401 4402 dunt
2429 4363 2458 4399 a
2476 4341 2712 4416 periculis
2732 4354 2845 4410 qua:
2872 4338 2923 4390 in
2967 4336 3060 4388 hac
3086 4335 3184 4387 vita
3205 4340 3342 4396 sunt,
3365 4339 3466 4383 tre-

1952 4445 2117 4516 pidari
2137 4456 2334 4497 necesse
2356 4440 2440 4493 sit.

1952 4539 2008 4593 Si
2035 4545 2212 4592 autem
2241 4549 2348 4589 non
2374 4530 2644 4598 contingat
2671 4522 2912 4596 qutcdam
2960 4515 3256 4590 ignorantia
3281 4513 3471 4569 similis

1881 4635 2186 4699 dementiae,
2213 4646 2332 4703 qua:
2351 4639 2524 4684 tamen
2549 4624 2600 4679 in
2638 4621 2795 4692 lmjus
2817 4619 2938 4672 vitae
2987 4615 3179 4670 misera
3202 4609 3467 4665 conditio.

1883 4747 1951 4787 ne
1977 4744 2118 4798 saepe
2164 4721 2440 4792 contingit,
2490 4725 2550 4772 ut
2592 4713 2842 4770 credatur
2880 4708 2964 4764 vel
2993 4706 3198 4760 amicus
3239 4717 3358 4757 esse
3382 4699 3474 4772 qui

1885 4822 2130 4879 inimicus
2158 4827 2261 4882 est,
2283 4815 2368 4869 vel
2402 4810 2648 4866 inimicus
2694 4805 2783 4878 qui
2837 4801 3040 4856 amicus
3067 4807 3148 4852 cst
3177 4812 3192 4862 ;
3222 4793 3347 4864 quid
3376 4808 3476 4848 nos

1885 4914 2191 4971 consolatur
2204 4911 2255 4963 in
2275 4908 2374 4964 hac
2392 4907 2621 4958 humana
2636 4899 2891 4953 societate
2908 4889 3180 4949 erroribus
3200 4885 3476 4942 {erumnis-

1885 5022 1989 5079 que
2019 5001 2348 5075 plenissima,
2374 4995 2476 5051 nisi
2525 4991 2657 5047 fides
2683 5005 2786 5044 non
2810 4988 2948 5047 ficta,
2971 4992 3025 5038 et
3051 4990 3228 5036 mutua
3258 4975 3477 5031 dilectio

1889 5113 2137 5155 verorum
2161 5103 2215 5151 ει
2245 5095 2505 5148 bonorum
2543 5086 2834 5140 amicorum
2861 5080 2885 5132 ?
2914 5079 3058 5146 Quos
3075 5084 3275 5146 quanto
3301 5069 3482 5139 plures

1891 5203 1943 5250 et
1966 5193 2016 5247 in
2038 5189 2169 5246 locis
2202 5185 2440 5258 pluribus
2469 5179 2750 5241 habemus,
2791 5181 2938 5227 tanto
2983 5169 3190 5236 longius
3216 5162 3482 5230 latiusque

1893 5252 2217 5351 metuimus;
2236 5293 2303 5331 ne
2331 5271 2456 5344 quid
2480 5270 2560 5326 eis
2594 5268 2869 5334 contingat
2903 5259 3023 5315 mali
3050 5257 3119 5312 de
3158 5252 3319 5308 tantis
3369 5263 3483 5303 tua-

1893 5346 2066 5436 lorutn
2097 5343 2377 5446 aggeribus
2403 5366 2560 5438 hujus
2585 5361 2786 5419 smeuli.
2815 5356 2930 5411 Non
2949 5352 3090 5408 enim
3115 5343 3484 5402 tantummodo

1894 5469 2106 5528 solliciti
2131 5479 2336 5527 sumus,
2365 5477 2434 5516 ne
2469 5461 2630 5523 fame,
2664 5469 2731 5508 ne
2768 5449 2945 5509 bellis,
2970 5460 3038 5499 ne
3061 5436 3284 5503 morbis,
3303 5453 3369 5490 ne
3394 5450 3485 5488 ca-

1895 5525 2224 5635 ptivitatibus
2271 5525 2589 5623 affligantur,
2633 5559 2698 5599 uc
2740 5542 2794 5596 in
2843 5537 3032 5593 eadem
3067 5530 3320 5589 servitute
3359 5525 3482 5580 talia

1963 5741 1981 5772 ¹
2008 5740 2080 5787 sic
2099 5735 2246 5786 nostri
2264 5731 2470 5781 codices.
2500 5734 2546 5775 In
2569 5731 2640 5781 3.,
2675 5733 2826 5783 nrth
2850 5718 3004 5787 hostes
3027 5711 3198 5767 desint.
3271 5716 3328 5761 tt.

1965 5780 2392 5864 fittest.
2423 5793 2470 5840 in
2488 5780 2809 5843 Jesutn‘savc,
2834 5796 2883 5845 q.
2913 5780 2986 5830 10.
