3882 6396
470 263 576 322 635

472 373 780 450 patiantur,
825 368 1000 440 qualia
1057 381 1156 422 nec
1210 367 1444 435 cogitare
1497 361 1835 416 sufﬁcimus:
1869 371 2053 413 verum

477 467 662 532 etiam,
706 463 792 517 ubi
825 463 981 516 timor
999 469 1081 515 est
1103 459 1268 514 tunlto
1296 458 1551 522 amarior,
1580 470 1646 508 ne
1675 455 1724 506 in
1755 450 2056 523 perﬁdiam,

474 558 730 614 malitiam
786 553 1181 624 nequitiamque
1245 557 1534 610 mutcnt'r.
1580 545 1645 598 Et
1701 542 1912 614 quando
1962 541 2062 594 ista

471 648 786 714 contingunt
812 645 829 714 (
861 650 1008 697 tanto
1031 642 1208 710 utique
1235 639 1405 708 plura,
1437 647 1635 706 quanto
1663 634 1736 698 illi
1785 641 1912 688 sunt
1939 631 2059 700 pluo

475 754 584 804 res,
608 746 659 792 et
687 737 738 790 in
789 735 1026 805 pluribus
1080 732 1212 800 locis
1243 730 1306 802 ³)
1353 729 1481 784 etin
1539 738 1773 782 nostram
1824 723 2064 780 notitiam

483 831 841 900 perferuntur,
869 827 1061 897 quibus
1107 841 1200 880 cor
1228 832 1466 888 nostrum
1500 820 1676 890 [lagt-is
1703 827 1905 880 uratur,
1947 815 2067 886 quis

481 931 674 993 potest,
702 920 800 975 nisi
829 919 916 990 qui
947 918 1070 972 talia
1099 915 1283 980 sentit,
1313 913 1594 968 advertere
1619 917 1637 964 ’ί
1657 910 1892 965 Mortnos
1915 908 2068 977 quip—

482 1031 548 1086 pe
574 1014 756 1068 audire
776 1013 1058 1067 mallemus
1098 1028 1110 1062 :
1142 1008 1386 1079 quamvis
1405 1015 1460 1064 et
1485 1005 1585 1059 hoc
1611 1005 1727 1058 sine
1753 1001 1937 1055 dolore
1963 1013 2068 1054 non

484 1106 750 1176 pessimus
806 1103 1007 1156 audire.
1066 1101 1304 1169 Quorum
1352 1098 1494 1153 enim
1547 1110 1644 1149 nos
1690 1095 1796 1148 vita
1851 1098 2074 1164 preptetj

484 1196 731 1250 amicitia:
777 1194 962 1248 solatia
1004 1193 1023 1223 ²
1065 1190 1385 1255 delectabat,
1433 1185 1734 1242 unde‘fieri
1801 1191 1974 1253 potest
2016 1189 2074 1236 ut

481 1304 665 1343 eorum
701 1302 844 1341 mors
892 1285 1093 1339 nullam
1146 1282 1300 1337 nobis
1357 1282 1563 1351 ingerat
1608 1274 2074 1332 mmstitndinem‘t

481 1378 650 1446 Quam
683 1377 770 1448 qui
801 1376 1067 1447 prohibet,
1116 1374 1415 1444 prohibeat,
1449 1373 1494 1425 si
1549 1379 1745 1440 potest,
1775 1369 1945 1423 amica
1966 1370 2076 1422 col-

488 1470 687 1540 loquia,
713 1468 994 1523 interdicat
1030 1466 1308 1521 amicalem
1338 1463 1422 1518 vel
1447 1461 1728 1516 intercidat
1753 1459 1999 1515 allectum
2031 1458 2073 1525 ³,

490 1560 730 1614 ornnium
759 1558 1112 1612 bumanarmn
1163 1552 1613 1615 necessitudinum
1646 1550 1856 1606 vincula
1886 1549 2080 1604 mentis

488 1650 681 1705 immiti
713 1658 928 1718 stupore
961 1647 1256 1715 disrumpat
1284 1661 1299 1711 ;
1328 1655 1419 1699 aut
1449 1644 1527 1706 sic
1553 1644 1630 1698 eis
1667 1642 1919 1697 utendum
1955 1655 2080 1698 ceu.

489 1751 628 1807 seat,
658 1749 714 1795 ut
744 1740 884 1795 nulla
903 1755 965 1794 ex
989 1740 1068 1794 eis
1093 1739 1326 1792 animum
1349 1735 1574 1791 dulcedo
1597 1733 1899 1810 perfundat.
1928 1731 2094 1800 Quod.

487 1834 535 1889 si
568 1835 680 1890 ﬁeri
704 1834 847 1893 millo
879 1832 1036 1886 modo
1059 1839 1253 1901 potest,
1283 1830 1442 1892 etiam
1494 1829 1594 1883 hoc
1623 1842 1728 1898 quo
1768 1833 1921 1896 pacto
1942 1823 2082 1878 futu-

491 1942 608 1980 rutn
639 1936 738 1988 est,
765 1935 816 1977 ut
836 1925 951 1994 ejus
981 1925 1132 1978 nobis
1153 1938 1332 1976 amara
1362 1937 1506 1976 mors
1533 1936 1639 1976 non
1668 1920 1729 1974 si’
1795 1919 1948 1986 cujus
1964 1917 2085 1973 dul-

497 2019 578 2073 cis
606 2027 682 2071 est
716 2021 818 2071 vita
846 2018 869 2070 ?
900 2017 1031 2071 lline
1061 2025 1143 2070 est
1170 2017 1311 2070 enim
1338 2024 1394 2070 et
1447 2014 1642 2078 luctus,
1689 2012 1953 2084 quoddam
1978 2025 2084 2066 non

498 2110 770 2165 inhumani
797 2109 973 2165 cordis
999 2109 1020 2141 δ
1042 2126 1191 2177 quam
1221 2109 1430 2172 vulnus,
1457 2117 1548 2161 aut
1574 2107 1747 2168 ulcus,
1780 2107 1865 2160 cui
1886 2120 2083 2160 sanan-

494 2202 566 2258 do
592 2203 912 2257 adhibentur
937 2201 1190 2258 ofﬁciosa:
1211 2199 1623 2254 consolationes.
1648 2197 1762 2251 Non
1791 2196 1934 2253 enim
1963 2211 2090 2266 pro:

500 2303 682 2365 pterea
714 2303 919 2348 nonest
969 2291 1112 2362 quod
1155 2301 1395 2358 sanetur,
1439 2289 1692 2359 quoniam
1745 2297 1944 2358 quanto
2001 2295 2084 2342 est

496 2385 705 2440 animus
743 2385 955 2450 melior,
983 2392 1128 2438 tanto
1157 2383 1208 2437 in
1235 2399 1299 2436 eo
1323 2381 1479 2438 citius
1499 2379 1808 2450 faciliusque
1849 2390 2085 2434 sanatur.

501 2475 635 2531 Cum
665 2476 820 2544 igitur
853 2476 1011 2530 ctiatu
1039 2474 1105 2528 de
1143 2473 1579 2527 cbarissimorum
1612 2471 1886 2536 mortibus,
1923 2470 2090 2524 maxi-

503 2581 588 2620 tne
613 2581 836 2636 quorum
859 2575 982 2619 sunt
1022 2565 1270 2618 humana:
1301 2562 1540 2617 societati
1572 2559 1744 2616 ofﬁcia
1766 2561 2088 2630 necessaria,

501 2672 642 2711 nunc
667 2657 866 2721 mitius,
894 2672 1034 2710 nunc
1055 2654 1296 2725 aSperius
1316 2653 1576 2724 afﬁigatur
1610 2654 1715 2707 vita
1747 2654 2048 2707 mortalium
2075 2670 2088 2716 ;

507 2757 740 2801 mortuos
769 2755 945 2802 tamen
971 2763 1084 2811 eos,
1115 2762 1249 2816 quos
1272 2746 1563 2816 diligimus,
1608 2761 1764 2816 quam
1802 2745 1882 2799 vel
1909 2762 1938 2798 a
1966 2745 2089 2811 title,

507 2839 590 2893 vel
620 2855 650 2894 a
681 2839 832 2894 bonis
857 2841 1094 2894 moribus
1123 2839 1320 2908 lapsos,
1374 2838 1475 2893 hoc
1499 2847 1597 2903 est,
1666 2839 1716 2892 in
1770 2838 1880 2907 ipsa
1919 2838 2091 2890 anima

505 2940 746 2983 tuorluos
775 2930 960 2984 audire
1010 2944 1103 2984 seu
1147 2928 1331 2983 videre
1382 2929 1661 2988 mallemus
1693 2947 1707 2983 :
1736 2944 1837 2998 qua
1891 2927 2094 2998 ingenti

507 3021 726 3076 materia
758 3022 1016 3076 malorum
1047 3022 1200 3091 plena
1225 3030 1308 3076 est
1338 3029 1511 3086 terra;
1546 3030 1763 3090 propter
1791 3019 1932 3090 quod
1963 3021 2096 3074 scri-

507 3123 653 3181 ptum
683 3124 783 3177 est,
822 3113 1087 3189 Numquid
1131 3130 1231 3167 non
1272 3112 1574 3183 tentatio(a)
1608 3126 1677 3166 est
1723 3113 1822 3166 vita
1861 3115 2088 3177 [tutatuta

507 3220 659 3272 super
684 3215 868 3257 terram
890 3202 1026 3270 (Job
1052 3219 1154 3269 vtt,
1185 3203 1208 3259 1
1242 3203 1298 3274 )?
1329 3203 1394 3257 Et
1421 3212 1636 3272 propter
1674 3203 1825 3274 quod-
1859 3205 1972 3274 ipse
1997 3206 2099 3259 Do-

509 3295 685 3348 minus
711 3297 805 3360 ait,
839 3293 927 3349 Vw
953 3296 1141 3349 mundo
1163 3294 1224 3348 ab
1247 3293 1503 3348 scandulis
1532 3293 1550 3366 (
1575 3293 1763 3349 Matth.
1794 3312 1940 3360 xvm,
1979 3295 2049 3367 7)
2080 3315 2093 3350 :

507 3395 561 3439 et
592 3387 802 3450 iterum,
837 3385 1086 3453 Quoniam
1107 3386 1398 3449 abundavit,
1452 3387 1638 3456 inquit,
1662 3387 1917 3457 iniquitas,
1943 3389 2096 3459 refri-

509 3489 670 3550 gescet
701 3480 923 3533 Charitas
955 3481 1228 3553 multorum
1260 3480 1278 3548 (
1307 3477 1394 3532 Id.
1438 3495 1584 3546 xxnv,
1617 3479 1684 3533 1‘2
1778 3479 1854 3533 Ex
1884 3496 1988 3550 quo
2017 3481 2094 3546 ﬁt,

510 3580 568 3623 ut
600 3571 752 3624 bonis
776 3572 960 3624 amicis
1006 3572 1230 3625 mortuis
1271 3570 1622 3640 gratulemur,
1676 3581 1728 3626 et
1776 3587 1895 3626 cum
1955 3588 2098 3628 mors

509 3675 696 3715 eorum
731 3678 826 3714 nos
865 3663 1162 3726 contristet,
1225 3662 1336 3731 ipsa
1382 3678 1479 3716 nos
1506 3663 1706 3716 certius
1749 3664 2094 3720 consoletur:

509 3753 757 3820 quoniam
785 3753 940 3805 malis
978 3761 1284 3819 caruerunt,
1341 3752 1532 3822 quibus
1560 3752 1608 3805 in
1637 3752 1735 3810 hac
1789 3754 1896 3808 vita
1937 3755 2097 3810 etiam

511 3840 636 3894 boni
670 3841 912 3895 homines
944 3843 1025 3896 vel
1070 3853 1438 3910 conteruntur,
1480 3845 1563 3898 vel
1607 3843 1983 3914 depravantur,
2010 3847 2096 3903 vel

511 3929 564 3986 in
597 3943 819 4003 tt'roqttc
837 3933 1222 4002 periclitantur.

512 4044 738 4100 CAPUT
780 4045 867 4100 IX.
907 4077 977 4087 -—
1015 4047 1093 4101 De
1135 4048 1358 4101 amicitia
1404 4057 1692 4106 sanctorum
1750 4049 2094 4120 Angetorum,

583 4154 696 4208 qua:
721 4139 911 4192 homini
935 4140 986 4192 in
1009 4140 1102 4193 hoc
1129 4141 1316 4193 mundo
1341 4157 1442 4193 non
1472 4150 1766 4214 potestlesse
1793 4143 2059 4213 manifesta
2077 4184 2094 4211 ,

586 4241 792 4300 propter
815 4230 1072 4301 fallaciam
1101 4231 1406 4298 danuonum,
1435 4233 1487 4285 in
1513 4249 1636 4302 quas
1688 4232 1970 4288 inciderunt
2013 4234 2099 4304 qui

585 4322 772 4375 multos
801 4321 896 4375 sibi
925 4323 1043 4377 deos
1069 4323 1302 4377 colendos
1325 4333 1585 4392 putarunt.

566 4433 642 4487 .ln
689 4436 946 4491 societate
994 4451 1120 4491 vero
1175 4444 1482 4492 sanctorum
1533 4438 1894 4508 Angelorum,
1936 4454 2095 4510 quam

515 4526 815 4598 philosophi
843 4528 938 4594 illi,
969 4529 1058 4598 qui
1089 4528 1243 4582 nobis
1265 4528 1394 4583 deos
1414 4529 1615 4583 amicos
1643 4545 1763 4585 esse
1793 4529 2094 4599 voluerunt,

510 4627 702 4686 quarto
729 4618 1119 4672 constituerunt
1142 4619 1262 4673 loco
1283 4661 1296 4685 ,
1322 4618 1468 4673 velut
1495 4618 1561 4671 ad
1590 4619 1842 4674 tnundnm
1881 4621 2098 4677 venien.

516 4717 596 4762 tes
621 4708 690 4761 ab
715 4708 846 4763 orbe
874 4718 1134 4764 terrarum
1158 4751 1173 4775 ,
1205 4719 1260 4764 ut
1310 4712 1386 4765 sic
1417 4711 1810 4780 quodammodo
1859 4714 2098 4784 comple-

514 4809 787 4853 eterentur
813 4809 868 4855 et
893 4803 1120 4867 caelum;
1153 4803 1298 4857 nullo
1326 4803 1484 4858 modo
1514 4804 1730 4875 quidem
1778 4808 2092 4876 metuimus,

513 4906 580 4946 ne
605 4891 736 4944 tales
765 4892 919 4947 amici
949 4895 1034 4948 vel
1084 4904 1253 4948 morte
1287 4910 1384 4950 nos
1430 4911 1524 4950 sua
1549 4938 1564 4961 ,
1595 4899 1677 4952 vel
1718 4879 2097 4968 depravatione

511 4982 848 5036 contristent.
884 4983 987 5038 Sed
1015 4986 1135 5054 quia
1165 4985 1320 5041 nobis
1352 5002 1456 5040 non
1477 5002 1536 5040 ea
1569 5003 1672 5058 qua
1725 4989 1969 5046 homines
2019 4992 2096 5048 fa-

578 5092 592 5124 ¹
617 5094 736 5205 1ιίοᾶ
754 5093 944 5156 lerique
967 5096 1275 5156 manuscripti
1291 5099 1534 5156 omittunt,
1551 5105 1598 5149 et
1619 5099 1672 5149 in
1695 5099 1914 5160 pluribus
1937 5100 2068 5151 locis.

578 5155 594 5186 ¹
625 5156 705 5204 \‘itt
743 5191 755 5204 .
778 5165 875 5205 Alit.
901 5163 995 5205 ΕΓ..
1019 5156 1246 5205 amiritiw
1267 5159 1487 5205 sneciulis
1525 5161 1710 5205 solatia.
1739 5170 1846 5205 Inv-
1871 5163 2068 5205 amicitia

574 5155 606 5218 ’_
625 5155 755 5218 Vind.
778 5155 875 5218 Am;
901 5163 995 5215 Era,
1019 5155 1246 5206 amicitia:
1267 5159 1487 5218 specialis
1524 5155 1710 5211 Solatia;
1739 5170 1846 5218 Lov,
1871 5163 2096 5218 muicr'tire

508 5216 698 5328 soriafia
738 5217 924 5269 solatia.
952 5227 1006 5269 Αι
1028 5216 1334 5282 manuscripti
1360 5235 1452 5271 nec
1473 5221 1672 5283 habent,
1701 5216 1922 5287 specialis
1939 5259 1953 5285 ,
1981 5216 2092 5288 nec,

509 5292 638 5328 socia
659 5293 716 5328 is.

509 5292 716 5330 socratis.

575 5343 595 5372 ⁸
629 5349 676 5389 tu
703 5342 862 5397 editis.
885 5340 1141 5393 interdico!
1159 5342 1409 5393 amicalem
1432 5344 1717 5402 societatem,
1746 5345 1818 5395 vel
1836 5346 2093 5399 intercidat

508 5403 747 5471 aﬂi'rttnn.
791 5407 970 5462 Abest,
997 5406 1283 5471 societatem,
1329 5419 1356 5455 a
1399 5409 1764 5470 manuscriptis;
1792 5415 1843 5457 et
1871 5411 2092 5466 verbum,

509 5465 790 5533 (maculam,
835 5481 890 5516 re
913 5477 1046 5517 ertur
1067 5468 1126 5515 ad
1169 5469 1391 5530 aﬂ‘cctum
1411 5504 1423 5528 ,
1451 5465 1674 5531 tanquam
1713 5471 2000 5533 adjectivum
2033 5465 2092 5522 ad

508 5527 875 5576 substantivum.

572 5591 607 5660 ‘_
628 5596 690 5635 tta
730 5591 951 5660 plerique
979 5597 1028 5660 et
1052 5590 1266 5639 melioris
1291 5601 1415 5660 natm
1440 5596 1692 5660 manuscri,
1713 5596 1762 5644 li.
1805 5594 1920 5645 l-itliti
1958 5609 2091 5655 vero,

512 5645 666 5697 luctus
689 5645 884 5710 quidam
903 5650 952 5699 in
975 5652 1180 5699 Itunmno
1203 5656 1364 5702 corde.

574 5712 643 5769 (τι)
670 5717 718 5758 1η
747 5712 963 5774 \ttlgah,
991 5710 1092 5760 mili
1113 5713 1179 5762 ist.

1578 251 1662 305 ne
1703 245 2019 304 etvmrs
2055 241 2188 310 DEI,
2229 243 2288 300 s.
2318 209 2684 304 Aususrnu

3599 251 3678 312 εδδ

2165 357 2470 414 ntiliaritate
2494 358 2783 414 miscentur
2811 357 2974 428 (quod
3003 358 3167 414 etiam
3196 358 3370 428 ipsum
3393 361 3452 414 ad
3474 377 3685 419 aruum-:3

2168 447 2324 516 hujus
2347 450 2573 518 pertinet
2603 449 2759 520 vitze)
2789 459 2842 504 et
2866 450 3148 520 aliquando
3185 461 3431 518 satanas,
3451 453 3568 508 sicut
3585 457 3688 527 legi.

2167 558 2287 599 mus
2313 543 2652 613 transfigurat
2676 559 2734 598 se
2764 543 2906 600 velut
2933 544 3184 613 angelum
3216 545 3233 575 ¹
3265 543 3397 598 lucis
3419 544 3478 615 (Il
3502 546 3602 600 Cor.
3622 565 3691 615 xl,

2169 636 2281 706 14).
2299 636 2365 691 ad
2396 636 2676 692 tentandos
2694 651 2786 692 eos
2804 651 2939 707 quos
2955 637 3026 689 ita
3039 636 3123 691 vel
3144 634 3350 690 erudiri
3378 650 3504 705 opus
3520 647 3613 700 est.
3632 640 3696 696 vel

2169 730 2338 800 decipi
2366 731 2566 800 justum
2589 741 2706 796 est;
2737 746 2924 800 magna
2950 731 3040 784 Dei
3086 729 3457 784 misericordia
3499 747 3699 786 necessa-

2173 822 2250 876 ria
2280 831 2363 878 est
2384 865 2397 886 ,
2427 839 2494 877 ne
2511 823 2792 892 quisquam
2812 864 2826 888 ,
2860 839 2982 876 cum
3007 821 3180 876 honos
3211 821 3443 891 Angelos
3469 822 3640 878 amicos
3660 839 3703 880 se

2173 913 2369 969 habere
2403 926 2578 985 putat,
2613 916 3000 972 habeatmalos
3025 915 3309 970 dmmones
3327 916 3519 971 amicos
3560 917 3703 983 ﬁctos,

2173 1022 2374 1077 eesque
2391 1016 2536 1062 tanto
2565 1008 2932 1073 nocentiores,
2967 1017 3168 1076 quanto
3196 1007 3479 1060 astutiores
3515 1023 3570 1062 ac
3595 1007 3707 1063 falla-

2173 1102 2348 1154 ciorcs
2377 1102 2604 1169 patiatur
2635 1101 2898 1155 inimicos.
2935 1102 2998 1155 Et
3020 1102 3105 1156 cui
3134 1117 3334 1170 magna
3359 1101 3457 1155 ista
3483 1101 3566 1156 Dei
3591 1104 3711 1158 mise-

2177 1193 2404 1248 ricordia
2433 1192 2730 1247 necessaria
2758 1202 2858 1257 est,
2883 1193 2984 1248 nisi
3007 1208 3220 1264 magna:
3245 1192 3492 1247 humana:
3515 1193 3713 1262 miseria,

2177 1303 2295 1356 qua:
2324 1285 2617 1354 ignorantia
2650 1293 2792 1346 tanta
2819 1287 3114 1357 premitur,
3133 1296 3199 1341 ut
3242 1285 3403 1340 facile
3450 1287 3646 1340 ismrom
3665 1289 3716 1341 sio

2179 1378 2470 1432 mulatione
2506 1377 2760 1432 fallatur?
2793 1378 2858 1432 Et
2884 1379 3006 1432 illos
3055 1377 3284 1449 quidem
3338 1379 3652 1448 philosOphos
3680 1380 3717 1435 in

2180 1472 2340 1540 impia
2366 1473 2579 1527 civitate
2599 1513 2613 1538 ,
2639 1471 2731 1542 qui
2752 1471 2884 1526 deos
2908 1473 3010 1527 sibi
3061 1473 3277 1526 amicos
3332 1486 3452 1525 esse
3491 1471 3717 1538 dixerunt,

2181 1564 2234 1616 in
2264 1563 2536 1618 dzemones
2561 1565 2822 1634 malignos
2843 1564 3094 1632 incidisse
3120 1563 3488 1619 certissimum
3517 1572 3612 1629 est,
3637 1566 3722 1632 qni-

2182 1653 2281 1707 bns
2312 1662 2418 1707 tota
2448 1654 2558 1721 ipsa
2576 1655 2762 1708 civitas
2789 1655 3053 1720 subditur,
3071 1664 3344 1710 :cternum
3370 1671 3485 1710 eum
3509 1658 3577 1710 eis
3605 1657 3717 1711 habi-

2183 1754 2300 1800 tura
2326 1745 2662 1815 supplicium.
2697 1745 2784 1800 Ex
2814 1761 2998 1802 eorum
3025 1748 3230 1818 quippe
3260 1748 3430 1801 sacris
3453 1787 3467 1810 ,
3496 1746 3568 1800 vel
3590 1749 3722 1817 potius

2183 1836 2498 1906 sacrilegiis,
2516 1837 2705 1906 quibus
2725 1852 2818 1892 eos
2847 1837 3122 1895 colendos.
3165 1848 3223 1892 et
3260 1853 3331 1892 ex
3364 1836 3516 1900 ludis,
3542 1839 3722 1892 immun-

2183 1928 2440 1991 dissimis,
2473 1928 2561 1982 ubi
2594 1944 2782 1983 eorum
2803 1929 3026 1986 crimina
3048 1929 3430 1993 celebrantur,
3458 1929 3624 1998 quibus
3656 1943 3724 1984 eos

2187 2020 2474 2091 placandos
2523 2029 2874 2090 putaverunt,
2913 2019 3116 2076 eisdem
3174 2021 3333 2090 ipsis,
3381 2020 3651 2074 auctoribus
3686 2030 3724 2080 et

2185 2117 2520 2170 exactoribus
2551 2116 2736 2170 talium
2762 2125 3140 2186 tantorumque
3169 2114 3534 2182 dedecorum,
3553 2113 3660 2168 satis
3678 2114 3725 2167 ali

2189 2209 2267 2264 eis
2291 2210 2380 2280 qui
2410 2210 2653 2265 colantur
2677 2219 2919 2280 apertum
2947 2217 3048 2263 est.

2190 2345 2416 2403 CAPUT
2453 2345 2522 2402 Χ.
2561 2375 2635 2388 -
2675 2346 2801 2414 Quis
2824 2350 3016 2416 fructus
3043 2347 3239 2400 sanctis
3270 2345 3336 2399 de
3373 2354 3596 2418 superata
3615 2343 3723 2416 hujlt

2603 2438 2716 2492 vita
2735 2439 3004 2492 tentatione
3024 2447 3242 2507 paratus
3264 2439 3330 2492 sit
3359 2439 3402 2488 ¹.

2266 2572 2372 2628 Sed
2395 2587 2566 2643 neque
2595 2572 2764 2628 sancti
2786 2580 2840 2627 et
2868 2571 3056 2626 ﬁdeles
3084 2572 3252 2626 unius
3277 2571 3389 2626 veri
3420 2569 3510 2626 Dei
3555 2570 3718 2624 summi-

2195 2679 2298 2733 que
2347 2665 2615 2728 cultores,
2658 2663 2727 2718 ab
2751 2679 2934 2719 eorum
2966 2663 3194 2718 fallaciis
3242 2672 3300 2718 et
3341 2661 3626 2716 multiformi
3649 2671 3712 2715 ten

2197 2757 2396 2812 latione
2421 2757 2594 2811 securi
2623 2765 2766 2810 sunt.
2795 2755 2848 2809 ln
2873 2754 2973 2809 hoc
3001 2755 3146 2810 enim
3188 2754 3316 2809 loco
3369 2752 3654 2809 inﬁrmitatis
3686 2759 3720 2807 et

2195 2849 2382 2905 diebus
2414 2849 2660 2918 malignis
2680 2849 2840 2904 etiam
2868 2847 2968 2902 ista
2996 2846 3308 2903 sollicitudo
3326 2863 3429 2900 non
3456 2843 3722 2909 estinutilis,

2199 2952 2255 3000 ut
2282 2943 2368 2997 illa
2398 2943 2686 3007 securitas,
2718 2941 2805 2995 ubi
2833 2926 2935 3010 pax
2967 2940 3281 3010 plenissima
3311 2951 3468 3008 atque
3488 2937 3720 2992 certissim:

2197 3045 2316 3102 est,
2345 3034 2610 3090 desiderio
2645 3034 2968 3089 ferventiore
3005 3042 3301 3103 qumratnr.
3337 3032 3411 3085 lbi
3461 3030 3589 3086 enim
3613 3037 3722 3083 erunt

2199 3135 2403 3180 natura:
2449 3140 2702 3190 munera,
2758 3125 2860 3180 hoc
2907 3132 3022 3187 est,
3082 3140 3208 3194 qua:
3252 3132 3455 3176 natura:
3486 3129 3650 3175 nostra
3677 3116 3722 3172 ab

2197 3219 2434 3276 omnium
2469 3229 2776 3272 naturarum
2825 3215 3078 3272 Creatore
3119 3215 3414 3278 donantur,
3468 3227 3564 3266 non
3601 3209 3723 3263 solum

2199 3308 2334 3364 bona
2357 3350 2371 3373 ,
2403 3324 2587 3363 verum
2618 3309 2777 3362 etiam
2807 3307 3164 3376 sempiterna;
3196 3321 3306 3360 non
3321 3303 3488 3358 solum
3505 3302 3552 3356 in
3574 3300 3721 3361 animo,

2201 3401 2287 3470 qui
2318 3401 2566 3460 sanatnr'
2589 3416 2683 3470 per
2712 3399 3046 3470 sapientiam.
3065 3414 3259 3453 verum
3287 3397 3445 3452 etiam
3465 3395 3513 3448 in
3535 3404 3722 3461 corpore,

2199 3491 2342 3562 quod
2389 3493 2784 3547 resurrectione
2828 3491 3194 3546 renovabitur.
3257 3489 3331 3544 lbi
3385 3489 3614 3550 virtutes,
3644 3498 3719 3538 non

2201 3595 2387 3640 contra
2413 3585 2520 3639 ulla
2546 3585 2670 3639 vitia
2701 3584 2787 3638 vel
2817 3583 2955 3638 mala
2985 3597 3340 3653 quacumque
3370 3588 3636 3642 certantes,
3655 3573 3724 3632 sed

2203 3675 2468 3733 habentes
2511 3675 2746 3729 victorizc
2775 3675 3050 3742 praemium
3099 3682 3359 3728 :cternam
3391 3685 3586 3741 pacem,
3606 3680 3718 3737 qm!

2201 3769 2380 3823 nullus
2409 3766 3028 3836 adversariusinqnictet
3060 3765 3157 3836 (a).
3191 3767 3311 3835 Ipsa
3340 3774 3421 3818 est
3446 3763 3577 3818 enim
3599 3757 3718 3812 beati-

2203 3860 2330 3916 tudo
2354 3858 2525 3913 tinalis
2543 3899 2557 3922 ,
2582 3858 2695 3928 ipse
2722 3856 3062 3928 perfectionis
3081 3856 3203 3911 ﬁnis
3219 3896 3240 3925 ,
3264 3856 3357 3926 qui
3384 3859 3718 3908 consumentetn

2202 3966 2308 4005 non
2343 3949 2502 4006 habet
2533 3950 2710 4005 ﬁnem.
2743 3949 2843 4004 Hic
2867 3958 3046 4004 autem
3075 3948 3304 4003 dicimur
3349 3946 3546 4016 quidem
3588 3940 3712 4002 beati.

2201 4042 2413 4113 quando
2444 4057 2624 4112 pacem
2657 4042 2914 4096 habemus
2934 4082 2949 4107 ,
2975 4040 3455 4111 quantulacumque
3483 4036 3559 4090 hic
3581 4030 3715 4086 haberi

2201 4143 2374 4203 potest
2398 4133 2448 4187 in
2477 4134 2582 4186 vita
2613 4133 2782 4187 bona:
2813 4131 2907 4187 sed
2937 4131 3048 4186 luce
3073 4129 3346 4185 beatitudo
3397 4128 3499 4190 illi,
3522 4137 3648 4196 quam
3671 4120 3712 4174 li-

2203 4226 2375 4279 nalem
2398 4224 2624 4278 dicimus
2643 4265 2658 4288 ,
2689 4223 2994 4278 beatitudini
3036 4232 3344 4292 comparata
3363 4262 3378 4284 ,
3408 4233 3600 4289 prorsus
3638 4213 3710 4267 tui-

2201 4317 2338 4372 seria
2361 4317 2640 4386 reperitur.
2671 4316 2817 4370 llanc
2839 4331 2966 4386 ergo
2995 4330 3179 4384 pacem
3199 4356 3213 4381 ,
3242 4313 3414 4384 qualis
3459 4310 3538 4364 hic
3583 4311 3708 4375 potest

2202 4425 2320 4464 esse
2343 4450 2359 4477 ,
2385 4410 2636 4466 mortales
2667 4408 2910 4466 homines
2937 4408 2989 4461 in
3029 4407 3188 4462 rebus
3226 4404 3524 4462 mortalibus
3549 4394 3708 4470 quando

2203 4503 2490 4569 habemus,
2519 4505 2563 4556 si
2595 4515 2738 4558 recte
2761 4501 2986 4556 vivimus
3010 4542 3024 4565 ,
3052 4501 3206 4555 bonis
3247 4500 3362 4569 ejus
3415 4507 3544 4551 recte
3585 4492 3704 4546 utitur

2201 4596 2368 4652 virtus
2393 4612 2405 4648 :
2433 4593 2646 4665 quando
2675 4609 2802 4648 vero
2826 4608 2942 4647 eam
2975 4607 3079 4647 non
3103 4591 3386 4655 habemus,
3412 4588 3550 4642 etiam
3575 4581 3700 4638 malis.

2201 4702 2318 4758 qum
2342 4687 2500 4742 homo
2545 4687 2766 4757 patitur,
2791 4686 2926 4740 bene
2975 4683 3141 4738 utitur
3166 4684 3352 4744 virtus.
3383 4678 3478 4734 Sed
3523 4679 3698 4730 tuncest

2202 4797 2323 4838 vera
2353 4782 2540 4847 virtus,
2568 4779 2779 4850 quando
2813 4788 2863 4834 et
2887 4778 3061 4833 omnia
3095 4776 3232 4830 bona
3258 4775 3439 4846 quibus
3480 4771 3590 4824 bene
3625 4762 3698 4817 uti-

2203 4883 2305 4937 tur,
2336 4883 2389 4927 et
2415 4871 2743 4943 quidquidiu
2777 4870 2918 4924 bono
2961 4885 3058 4923 usu
3102 4868 3358 4922 bonorum
3407 4872 3458 4919 et
3499 4858 3693 4914 malorum

2203 4967 2422 5034 facit,et
2463 4981 2520 5020 se
2547 4966 2712 5034 ipsam
2755 4963 2822 5018 ad
2873 4978 2992 5017 eum
3038 4961 3194 5015 linem
3245 4957 3421 5020 refert,
3469 4952 3541 5007 ubi
3584 4945 3694 5002 nobis

2204 5061 2320 5115 talis
2347 5069 2403 5115 et
2432 5067 2573 5113 tanta
2605 5072 2702 5127 pax
2732 5056 2836 5111 erit
2857 5097 2875 5124 ,
2901 5053 3214 5126 qua'melior
3237 5061 3291 5108 et
3325 5048 3479 5119 major
3502 5057 3596 5100 esse
3614 5052 3686 5093 non

2200 5153 2386 5224 possit.

2262 5334 2278 5362 ι
2316 5329 2450 5388 Editi,
2475 5326 2524 5378 in
2560 5327 2798 5391 angelum.
2827 5333 2880 5377 At
2898 5331 3024 5387 Mss,
3049 5323 3175 5374 velut
3213 5318 3418 5385 intactum
3443 5320 3519 5365 :ct
3537 5309 3682 5367 sicna-

2197 5395 2286 5442 sim
2309 5393 2614 5454 Augustinus.

2259 5457 2280 5486 ²
2302 5452 2430 5507 Μεέ..
2454 5452 2688 5512 pariatur.
2706 5509 2740 5512 γ,
3237 5459 3258 5512 γ’

2261 5518 2282 5549 ⁸
2317 5523 2364 5564 tn
2392 5504 2551 5572 editis,
2576 5509 2838 5563 sanabitur.
2867 5519 2919 5561 Αι
2943 5515 2990 5562 in
3015 5504 3550 5572 mantisct'ittis,,satm-

2263 5579 2335 5641 (τι)
2356 5580 2485 5628 (ῥοιιῐ.
2514 5575 2594 5629 lib.
2627 5575 2684 5628 Η
2703 5576 2766 5626 de
2789 5575 2978 5636 'l‘rinit.,
2995 5589 3044 5624 u.
3071 5573 3143 5627 li.
