3940 6514
268 421 331 485 lii
1071 411 1113 456 ·’
1388 413 1473 452 λλ
1706 410 1871 473 LIBE]

1978 409 2150 473 INUS.

273 553 342 601 tum
356 543 570 613 possunt,
598 542 670 594 ut
699 535 937 596 videre
974 539 1215 597 Valeant
1240 538 1293 594 in
1320 535 1409 593 Dei
1436 535 1730 592 substantia
1757 551 1866 592 non

276 634 534 705 essealiquid
559 632 710 701 tale,
745 633 940 704 quasi
973 633 1138 689 aliud
1170 633 1242 690 ibi
1268 633 1333 688 sit
1376 631 1688 698 substantia,
1728 629 1870 684 aliud

276 731 362 802 quod
393 726 590 784 accidat
628 725 1036 792 substantiae,
1092 735 1148 782 et
1193 741 1296 781 non
1322 726 1388 780 sit
1411 724 1742 789 substantia;
1775 722 1870 778 sed

275 820 459 893 quidquid
498 819 579 875 ibi
620 818 883 890 intelligi
939 827 1160 889 potest,
1194 816 1480 872 substantia
1523 825 1626 872 est.
1667 814 1867 871 Verum

275 911 348 966 hac
365 911 456 966 dici
492 917 738 981 possunt
792 909 1003 974 facile,
1056 918 1113 964 et
1152 907 1296 963 credi
1326 925 1338 960 :
1364 906 1530 960 videri
1560 913 1737 961 autem
1767 903 1869 960 nisi

280 1005 396 1061 corde
411 1019 531 1074 puro
550 1000 852 1074 quomodo
877 1016 946 1056 se
967 999 1231 1068 habeant,
1257 998 1472 1054 omnino
1498 1012 1605 1052 non
1626 1004 1865 1067 possunt.

288 1104 557 1168 Quapropter
605 1096 731 1150 sive
772 1095 888 1149 ista
942 1108 1078 1149 vera
1123 1093 1196 1147 sit
1241 1091 1523 1159 sententia,
1571 1091 1681 1145 sive
1725 1089 1869 1146 aliud

292 1191 436 1260 aliquid
460 1190 544 1254 sit,
574 1188 714 1243 ﬁdes
736 1187 1086 1242 inconcussa
1113 1184 1342 1241 tenenda
1368 1192 1468 1248 est,
1498 1193 1558 1238 ut
1585 1184 1750 1238 Deum
1782 1183 1868 1237 di-

288 1299 432 1338 camus
467 1281 704 1347 Patrem,
751 1281 938 1334 Deum
971 1278 1192 1344 Filium,
1235 1278 1402 1333 Deum
1446 1276 1702 1346 Spiritum
1745 1291 1870 1331 san-

288 1383 444 1438 ctum;
467 1387 631 1443 neque
674 1381 794 1426 tres
825 1369 992 1439 deos,
1027 1369 1126 1424 sed
1166 1370 1319 1422 istam
1346 1367 1659 1422 Trinitatem
1704 1383 1868 1422 unum

295 1465 474 1529 Deum;
499 1480 664 1534 neque
690 1463 951 1518 diversos
979 1470 1194 1528 natura,
1232 1459 1326 1514 sed
1352 1459 1590 1530 ejusdem
1621 1459 1868 1515 substan-

295 1556 402 1622 tia;
444 1571 605 1626 neque
639 1562 699 1609 ut
739 1555 908 1610 Pater
935 1551 1225 1622 aliquando
1253 1550 1323 1605 sit
1351 1549 1534 1618 Filius,
1585 1551 1868 1622 aliquando

299 1651 357 1704 sit
372 1648 580 1720 Spiritus
601 1658 821 1704 sanctus
846 1664 863 1714 ;
886 1645 988 1702 sed
1014 1645 1176 1700 Pater
1199 1659 1414 1715 semper
1436 1645 1615 1712 Pater,
1634 1653 1689 1698 et
1704 1644 1868 1698 Filius

298 1757 491 1813 semper
524 1742 706 1810 Filius,
748 1749 806 1797 et
852 1739 1102 1810 Spiritus
1130 1747 1349 1794 sanctus
1393 1750 1603 1806 semper
1639 1736 1868 1806 Spiritus

302 1844 521 1889 sanctus.
556 1832 658 1888 Nec
681 1842 885 1889 temere
915 1831 983 1886 de
1022 1829 1378 1885 invisibilibus
1407 1828 1605 1898 aliquid
1631 1826 1868 1884 afﬁrme-

307 1942 422 1982 mus
446 1937 678 1997 tanquam
702 1927 946 1989 scientes,
981 1923 1078 1978 sed
1110 1932 1363 1992 tanquam
1390 1920 1707 1988 credentes;
1737 1935 1869 1990 quo-

317 2019 455 2073 niam
477 2018 631 2072 videri
661 2018 757 2072 nisi
778 2017 1029 2072 mandato
1057 2015 1222 2071 corde
1253 2029 1360 2069 non
1391 2023 1618 2084 possunt
1648 2031 1660 2066 :
1699 2021 1753 2067 et
1777 2013 1868 2083 qui

328 2125 394 2165 ea
413 2110 550 2165 videt
567 2111 619 2164 in
639 2111 735 2164 hac
753 2111 854 2164 vita
877 2125 933 2164 ex
964 2117 1141 2180 parte,
1175 2115 1229 2162 ut
1259 2107 1456 2163 dictum
1480 2115 1580 2174 est,
1613 2115 1772 2176 atque
1812 2107 1868 2162 in

335 2202 599 2271 mnigmate
624 2199 664 2269 (ι
688 2200 794 2254 Cor.
829 2217 929 2268 xm,
971 2199 1091 2271 12),
1125 2214 1232 2255 non
1271 2207 1446 2269 potest
1480 2198 1694 2255 efﬁcere
1731 2206 1870 2254 utet

322 2291 417 2347 ille
455 2291 612 2346 videat
637 2292 712 2346 cui
733 2292 973 2363 loquitur,
1007 2292 1054 2348 si
1082 2291 1261 2347 cordis
1285 2291 1530 2346 sordibus
1557 2290 1865 2360 impeditur.

313 2381 460 2436 Beati
483 2393 642 2439 autem
664 2385 838 2439 mando
856 2385 1025 2451 corde,
1054 2385 1296 2455 quoniam
1319 2384 1419 2455 ipsi
1448 2383 1608 2437 Deum
1635 2383 1870 2438 videbunt

311 2475 513 2548 (Matth.
541 2495 588 2546 ν,
624 2479 699 2550 8).
736 2479 859 2536 Rrec
884 2479 1019 2536 ﬁdes
1043 2488 1130 2536 est
1167 2479 1234 2536 de
1258 2479 1372 2535 Deo
1399 2479 1676 2535 conditore
1702 2491 1755 2536 et
1782 2495 1870 2536 re-

310 2584 546 2630 uovatore
567 2586 754 2631 nostro.
1831 2654 1834 2658 _

377 2665 461 2720 21.
497 2666 590 2722 Sed
614 2669 852 2738 quoniam
879 2667 1096 2724 dilectio
1122 2682 1229 2724 non
1259 2675 1464 2724 tantum
1492 2668 1545 2723 in
1574 2669 1742 2724 Deum
1770 2681 1868 2723 no-

310 2755 392 2810 bis
426 2758 654 2828 imperata
680 2770 780 2828 est,
823 2775 946 2815 cum
976 2760 1178 2815 dictum
1223 2768 1326 2825 est,
1357 2759 1553 2831 Diliges
1590 2759 1870 2814 Dominum

313 2845 468 2901 Deum
489 2859 610 2903 tuum
644 2869 702 2905 ea:
737 2861 841 2906 toto
867 2852 1022 2906 corde
1051 2860 1158 2920 tuo,
1185 2861 1231 2906 et
1256 2864 1321 2906 ea:
1348 2860 1451 2906 tota
1477 2852 1653 2905 anima
1679 2861 1784 2920 tua,
1821 2862 1869 2906 et

316 2954 375 2991 CI
401 2948 494 2994 tota
528 2953 671 2996 mente
714 2953 845 3008 tua;
891 2943 989 2998 sed
1033 2943 1194 2998 etiam
1238 2943 1292 2997 in
1334 2943 1670 3014 proximum;
1702 2960 1866 3013 nam,

323 3023 518 3100 Diliges,
533 3032 697 3104 inquit,
717 3035 1010 3104 proximum
1029 3045 1174 3088 tuum
1199 3044 1438 3103 tanquam
1459 3045 1506 3088 te
1526 3036 1694 3105 ipsum
1716 3034 1865 3107 (Luc.

323 3133 377 3185 ι,
406 3120 487 3192 27)
512 3142 525 3176 :
549 3125 584 3178 si
605 3135 777 3181 autem
823 3127 926 3181 ista
966 3125 1110 3182 ﬁdes-
1147 3129 1613 3199 congregationem
1640 3129 1869 3184 societa-

321 3218 510 3284 lemque
533 3216 789 3275 hominum
820 3235 929 3275 non
951 3228 1150 3289 teneat,
1172 3221 1225 3276 in
1251 3238 1352 3292 qua
1380 3221 1615 3278 fraterna
1633 3223 1868 3280 Charitas

313 3319 555 3378 operetur,
582 3314 749 3369 minus
779 3313 1052 3369 fructuosa
1092 3321 1196 3369 est.

374 3399 576 3457 CAPUT
608 3403 676 3458 Χ.
713 3434 786 3446 -
825 3403 1059 3459 Ecclesia
1099 3406 1367 3460 catholica.
1413 3406 1662 3462 Remissio
1693 3425 1872 3479 pecca-

304 3495 481 3544 torum.
510 3491 548 3546 Τ
549 3494 669 3548 otius
697 3496 917 3550 hominis
957 3495 1014 3549 in
1056 3495 1236 3550 melius
1274 3499 1598 3552 commutatio
1643 3516 1871 3554 resurre-

304 3582 464 3637 ctione
497 3587 804 3654 perﬁcienda.
868 3587 1049 3642 Carnis
1101 3591 1417 3643 resurrectio.
1471 3589 1872 3646 Resurrectionis

311 3677 484 3743 futura
536 3681 703 3734 veritas
774 3682 1133 3751 conﬁrmatur.
1191 3683 1472 3740 Credimus
1529 3692 1584 3739 et
1632 3694 1872 3743 sanctam

312 3763 570 3824 Ecclesium
599 3773 637 3838 ί,
667 3772 856 3842 utique
899 3773 1237 3828 catholicam.
1276 3772 1434 3828 Nam
1457 3783 1512 3830 et
1555 3775 1792 3831 haeretici
1821 3785 1875 3834 ct

303 3855 596 3916 schismatici
622 3865 1069 3934 congregationcs
1095 3879 1219 3919 suas
1239 3865 1495 3921 ecclesias
1521 3876 1733 3922 vocant.
1765 3867 1874 3924 Sed

298 3947 519 4008 haeretici
542 3955 605 4010 de
631 3957 744 4011 Deo
771 3956 905 4011 falsa
941 3957 1222 4013 sentiendo
1251 3958 1419 4029 ipsam
1447 3959 1604 4014 ﬁdem
1634 3961 1870 4028 violant;

299 4042 600 4102 schismatici
646 4057 831 4103 autem
875 4048 1281 4105 discissionibus
1326 4051 1520 4120 iniquis
1566 4068 1596 4106 a
1640 4052 1872 4106 fraterna

298 4131 535 4192 charitate
574 4137 863 4205 dissiliunt,
913 4139 1160 4208 quamvis
1188 4155 1249 4194 ea
1291 4140 1509 4196 credant
1553 4157 1669 4212 qua:
1699 4142 1872 4197 credi-

298 4238 432 4280 mus.
460 4227 786 4300 Quapropter
813 4245 913 4285 nec
936 4230 1171 4285 hceretici
1197 4217 1465 4301 pertinent
1491 4233 1555 4286 ad
1578 4233 1883 4288 Ecclesium”

298 4316 614 4386 catholicam,
647 4336 770 4391 quae
797 4319 966 4391 diligit
1001 4322 1165 4376 Deum
1191 4338 1206 4388 ;
1234 4338 1332 4378 nec
1360 4323 1706 4390 sehismatiei,
1736 4341 1873 4394 quo—

303 4407 435 4461 niam
454 4409 611 4481 diligit
629 4413 974 4481 proximum;
1002 4421 1056 4467 ct
1077 4411 1195 4467 ideo
1223 4415 1452 4482 peccatis
1479 4416 1704 4484 proximi
1725 4415 1876 4470 facile

310 4495 531 4568 ignoscit,
572 4505 698 4573 quia
745 4504 845 4557 sibi
894 4512 1142 4574 precatur
1184 4505 1386 4574 ignosci
1424 4507 1490 4560 ab
1519 4507 1609 4561 illo
1641 4509 1728 4577 qui
1776 4523 1876 4564 nos

308 4594 641 4649 reconciliavit
685 4596 812 4663 sibi,
857 4595 1043 4651 dolens
1087 4598 1262 4651 omnia
1294 4599 1582 4668 praeterita,
1622 4609 1676 4654 et
1703 4601 1767 4655 ad
1798 4603 1876 4657 vi-

310 4687 406 4735 tam
444 4700 620 4740 novam
670 4701 771 4742 nos
816 4702 1012 4743 vocans
1045 4706 1058 4742 :
1089 4702 1244 4756 quam
1295 4689 1453 4743 vitam
1485 4689 1655 4746 donec
1699 4692 1876 4762 perle-

310 4782 437 4827 ctam
475 4780 761 4848 capiamus,
812 4779 927 4836 sine
968 4781 1201 4850 peccatis
1232 4795 1352 4838 esse
1394 4797 1501 4838 non
1541 4798 1826 4854 possumus
1859 4803 1873 4842 :

316 4863 514 4923 interest
535 4879 709 4927 tamen
739 4872 917 4942 qualia
941 4871 1069 4927 sint.

375 4955 457 5011 22.
493 4959 597 5018 Nec
637 4962 706 5018 de
734 4971 1076 5034 peccatorum
1108 4963 1406 5021 differentia
1435 4967 1594 5024 modo
1642 4978 1876 5025 tractan—

314 5045 428 5104 dum
453 5061 547 5120 est,
576 5054 672 5109 sed
714 5055 1040 5112 credendum
1079 5057 1316 5126 omnino,
1346 5060 1494 5116 nullo
1536 5061 1695 5116 modo
1724 5062 1878 5118 nobis

321 5138 496 5207 ignosci
539 5161 600 5201 ea
643 5163 763 5218 qua:
807 5163 1126 5219 peccamus,
1175 5150 1222 5204 si
1265 5165 1364 5206 nos
1400 5152 1766 5224 inexorabiles
1811 5154 1879 5209 ad

323 5229 608 5300 ignoscenda
634 5248 854 5309 peccata
897 5239 1151 5297 fuerimus
1181 5241 1390 5313 (Matth.
1419 5259 1494 5312 vr,
1540 5243 1651 5316 15).
1699 5243 1880 5316 Itaque

321 5326 555 5384 credimus
578 5341 630 5386 et
656 5331 1032 5387 remissionem
1059 5345 1418 5403 peccatorum.

381 5417 461 5475 25.
498 5422 561 5478 Et
599 5425 850 5495 quoniam
898 5427 999 5480 tria
1041 5435 1166 5482 sunt
1206 5429 1396 5500 quibus
1441 5430 1604 5487 homo
1633 5443 1878 5502 constat,

314 5511 531 5580 spiritus,
557 5517 732 5573 anima
756 5525 813 5573 ct
836 5533 1034 5588 corpus
1066 5534 1082 5571 :
1110 5536 1227 5591 quae
1265 5537 1454 5578 rursus
1478 5523 1586 5579 duo
1611 5525 1876 5593 dicuntur,

311 5603 424 5671 quia
449 5617 583 5677 sepe
617 5609 798 5664 anima
821 5608 984 5664 simul
1023 5623 1142 5666 cum
1169 5613 1355 5683 spiritu
1382 5616 1687 5671 nominatur
1712 5632 1725 5683 ;
1757 5632 1882 5688 pars

367 5758 510 5837 ί-ἶιξᾳ
529 5769 654 5824 llas,
671 5765 727 5815 in
748 5767 971 5837 sanctam
993 5765 1397 5837 Ecclesiumew;
1416 5777 1468 5837 et
1489 5769 1734 5837 aliquanto
1752 5781 1880 5837 post,

297 5816 698 5948 gem
641 5816 652 5824 ’
727 5816 1067 5892 ρεσεαιονωικ
1088 5816 1882 5900 s's"eraa’tnissa;;‘n'ct;n;

3455 437 3563 498 194

1975 539 2116 593 enim
2145 540 2386 611 quaedam
2414 543 2652 615 ejusdem
2683 549 2976 621 rationalis,
3008 568 3111 627 qua
3134 568 3320 618 carent
3347 562 3554 636 bestiae,

1975 631 2193 724 spiritus
2233 633 2425 690 dicitur
2476 657 2489 692 :
2532 639 2824 712 principale
2866 656 3106 704 nostrum
3155 654 3373 722 spiritus
3424 668 3506 714 est

1975 717 2169 777 deinde
2194 724 2301 779 vita
2326 739 2428 796 qua
2470 729 2840 802 conjungimur
2865 741 3099 808 corpori,
3129 717 3303 798 anima
3331 747 3555 815 dicitur;

1975 821 2245 880 postremo
2274 816 2446 886 ipsum
2471 834 2662 890 corpus
2682 826 2928 892 quoniam
2948 829 3156 887 visibile
3185 844 3287 901 est,
3314 838 3554 896 ultimum

1973 911 2215 959 nostrum
2239 915 2339 961 est.
2363 908 2487 964 llzec
2499 921 2674 967 autem
2693 916 2867 970 omnis
2895 928 3137 976 creatura
3160 925 3557 996 1ingemiscitet

1974 997 2379 1091 parturitusque
2404 1016 2542 1056 nunc
2562 1005 2859 1074 (Rom.vm,
2879 1008 2973 1080 22)
2991 1029 3002 1064 :
3019 1012 3163 1069 dedit
3186 1024 3359 1074 tamen
3383 1024 3541 1091 primi

1975 1087 2074 1142 tias
2094 1083 2328 1158 spiritus,
2349 1093 2468 1162 quia
2485 1096 2709 1152 credidit
2733 1099 2863 1168 Deo,
2881 1113 2932 1156 et
2951 1104 3102 1160 bonae
3123 1107 3233 1178 jam
3265 1083 3554 1174 voluntatis

1973 1188 2075 1278 est.
2100 1180 2432 1278 l-lic_spiritus
2452 1186 2613 1241 etiam
2632 1199 2852 1246 vocatur
2872 1209 3043 1262 meus,
3063 1197 3130 1252 de
3145 1215 3250 1270 quo
3276 1203 3559 1278 dicitApo-

1975 1270 2162 1337 stolus,
2193 1271 2363 1328 Mente
2391 1278 2548 1331 servio
2579 1280 2675 1350 legi
2699 1280 2796 1336 Dei
2826 1283 2998 1355 (Rom.
3032 1305 3124 1356 vn,
3156 1291 3273 1361 25).
3301 1294 3400 1362 Qui
3429 1270 3558 1355 item

1973 1364 2078 1426 alio
2107 1365 2222 1420 loco
2248 1367 2393 1435 dicit,
2420 1369 2581 1427 Testis
2610 1385 2682 1429 est
2717 1378 2852 1432 enim
2878 1381 3003 1434 mihi
3029 1382 3185 1450 Deus,
3215 1389 3297 1442 cui
3323 1392 3482 1446 servio
3507 1394 3559 1448 in

1958 1455 2153 1542 spiritu
2180 1474 2287 1512 meo
2310 1458 2416 1530 (Id.
2449 1479 2486 1530 ι,
2519 1463 2596 1536 9).
2641 1467 2829 1524 Anima
2861 1487 2991 1527 vero
3013 1463 3135 1531 eum
3162 1482 3391 1537 carnalia
3415 1483 3553 1542 bona

1972 1547 2144 1602 adhuc
2169 1551 2387 1620 appetit,
2417 1569 2542 1610 caro
2569 1547 2888 1616 nominatur'.
2930 1564 3059 1622 Pars
3089 1570 3230 1624 enim
3260 1572 3373 1642 ejus
3407 1590 3557 1645 qua:-

1972 1636 2094 1692 dam
2122 1641 2324 1696 resistit
2350 1645 2557 1712 spiritui
2585 1650 2627 1715 ²,
2656 1665 2760 1704 ηοη
2793 1648 3002 1723 natura,
3049 1659 3142 1713 sed
3172 1636 3557 1724 consuetu-dine

1955 1736 2332 1800 peccatorum.
2358 1737 2510 1793 Unde
2531 1739 2741 1810 dicitur,
2768 1743 2939 1801 Mente
2955 1751 3114 1805 servio
3144 1751 3242 1822 legi
3263 1754 3381 1822 Dei,
3406 1774 3556 1814 carne

1971 1832 2137 1877 autem
2149 1824 2246 1896 legi
2264 1830 2473 1897 peccati.
2495 1831 2622 1897 Quae
2640 1837 2969 1892 consuetudo
2986 1839 3038 1894 iu
3053 1849 3295 1899 naturam
3310 1862 3461 1902 versa
3475 1859 3558 1906 est

1971 1917 2260 1972 secundum
2279 1926 2674 1990 generationem
2693 1931 2972 1986 mortalem
2989 1944 3206 2003 peccato
3222 1938 3376 2006 primi
3393 1939 3560 2006 homi-

1971 2007 2074 2061 nis.
2107 2009 2334 2081 ldeoque
2362 2014 2616 2084 scriptum
2645 2027 2745 2084 est,
2773 2019 2834 2074 Et
2855 2015 2946 2076 nos
2965 2010 3238 2096 aliquando
3260 2030 3447 2099 fuimus
3467 2049 3560 2087 na-

1971 2099 2310 2169 turaliter/iiii
2348 2105 2440 2157 ἕνα»
2469 2107 2489 2138 ³
2512 2106 2723 2177 (Ep/tes.
2750 2127 2816 2177 ιι,
2847 2114 2902 2183 ὅ)
2923 2157 2938 2180 ,
2960 2116 3010 2170 id
3049 2127 3132 2172 est
3155 2121 3429 2192 vindictae,
3461 2139 3558 2195 per

1972 2207 2130 2261 quam
2160 2193 2356 2250 factum
2383 2207 2467 2253 est
2494 2208 2548 2253 ut
2573 2205 2864 2258 serviamus
2889 2207 2989 2276 legi
3016 2214 3237 2278 peccati.
3265 2214 3361 2270 Est
3379 2193 3555 2275 autem

1972 2287 2164 2341 anima:
2202 2297 2392 2346 natura
2430 2292 2663 2362 perfecta
2688 2336 2702 2362 ,
2745 2311 2870 2369 eum.
2903 2301 3110 2368 Spiritui
3148 2319 3245 2360 suo
3273 2308 3554 2380 subditur,

1972 2388 2026 2436 et
2053 2395 2171 2436 cum
2200 2385 2438 2453 sequitur
2466 2397 2773 2457 sequentem
2798 2392 2983 2448 Deum.
3007 2394 3131 2452 ldeo
3150 2400 3385 2455 animalis
3409 2404 3558 2460 homo

1971 2489 2072 2528 non
2107 2476 2320 2546 percipit
2344 2494 2457 2547 qua:
2484 2489 2600 2532 sunt
2631 2479 2855 2552 Spiritus
2881 2482 2977 2538 Dei
3003 2485 3048 2564 (1
3078 2487 3194 2542 Cor.
3226 2507 3285 2558 ιι,
3307 2492 3416 2564 14).
3451 2495 3557 2552 Sed

1971 2581 2077 2622 non
2112 2575 2216 2622 tam
2237 2570 2342 2624 cito
2363 2571 2538 2626 anima
2560 2575 2870 2645 subjugatur
2890 2563 3094 2646 spiritui
3119 2580 3185 2634 ad
3207 2581 3400 2638 bonam
3423 2600 3556 2656 ope-

1971 2660 2266 2725 rationem,
2312 2677 2468 2732 qnam
2499 2665 2605 2719 cito
2631 2666 2846 2734 Spiritus
2878 2668 2988 2724 Deo
3017 2671 3082 2725 ad
3112 2687 3289 2728 veram
3321 2675 3477 2732 ﬁdem
3505 2689 3560 2734 et

1971 2750 2165 2807 bonam
2191 2755 2516 2811 voluntatem
2545 2776 2556 2810 :
2583 2758 2675 2812 sed
2705 2759 2989 2830 aliquando
3023 2764 3223 2820 tardius
3244 2766 3357 2836 ejus
3387 2769 3558 2838 impe-

1975 2853 2060 2900 tus
2079 2888 2092 2912 ,
2117 2847 2296 2916 quoin
2326 2850 2558 2904 carnalia
2590 2861 2644 2906 ct
2673 2854 2981 2922 temporalia
3009 2855 3212 2924 deﬂuit,
3239 2860 3557 2915 refrenatur.

1974 2936 2079 2992 Sed
2119 2939 2368 3008 quoniam
2413 2951 2467 2996 ct
2501 2942 2612 3011 ipsa
2650 2943 2938 3000 mundatur
2961 2988 2974 3011 ,
3007 2948 3270 3018 recipiens
3298 2952 3559 3008 stabilita-

1974 3036 2078 3084 tem
2123 3039 2326 3086 naturm
2368 3047 2476 3087 sua:
2511 3032 2818 3091 dominante
2848 3038 3035 3106 spiritu
3060 3081 3075 3107 ,
3105 3040 3245 3110 quod
3275 3042 3375 3098 sibi
3402 3054 3562 3115 caput

1973 3129 2055 3175 est
2079 3163 2093 3187 ,
2119 3121 2203 3176 cui
2224 3121 2340 3189 ejus
2364 3123 2522 3193 capiti
2546 3133 2703 3194 caput
2725 3135 2806 3182 est
2827 3127 3069 3184 Christus
3092 3172 3106 3197 ,
3135 3145 3241 3186 non
3266 3141 3350 3188 est
3369 3133 3560 3205 despe-

1973 3213 2196 3268 randum
2246 3216 2404 3270 etiam
2453 3232 2646 3288 corpus
2689 3221 2897 3274 restitui
2927 3231 3129 3278 naturae
3159 3226 3388 3295 propria:
3418 3246 3431 3281 :
3464 3229 3560 3284 sed

1975 3305 2155 3376 utique
2183 3321 2287 3360 non
2318 3316 2423 3361 tam
2453 3309 2558 3363 cito
2589 3326 2746 3379 quam
2773 3312 2947 3368 anima
2973 3356 2987 3381 ,
3020 3316 3157 3371 sicut
3184 3329 3356 3388 neque
3384 3321 3560 3377 anima

1977 3404 2083 3452 tam
2127 3397 2232 3452 cito
2274 3414 2433 3469 quam
2473 3400 2726 3469 spiritus;
2779 3403 2872 3458 sed
2914 3406 3150 3474 tempere
3179 3418 3476 3478 Opportune
3504 3413 3560 3468 in

1975 3492 2265 3548 novissima
2309 3493 2431 3548 tuba
2453 3536 2468 3560 ,
2509 3509 2630 3549 cum
2672 3498 2855 3550 mortui
2883 3508 3142 3569 resurgent
3168 3501 3486 3572 incorrupti,
3514 3514 3562 3559 ct

1975 3601 2067 3639 nos
2089 3585 2482 3640 innnutabimur.
2516 3586 2582 3640 Et
2607 3587 2728 3642 ideo
2749 3589 3014 3644 credimus
3039 3600 3092 3645 et
3114 3594 3292 3647 carnis
3322 3609 3561 3652 resurre-

1977 3677 2206 3732 ctionem
2241 3694 2256 3743 ;
2297 3693 2406 3732 non
2446 3687 2647 3733 tantum
2692 3681 2813 3750 quia
2851 3671 3132 3750 reparatur
3173 3684 3349 3739 anima
3380 3727 3396 3753 ,
3442 3703 3561 3756 quae

1977 3767 2132 3824 nunc
2167 3779 2382 3840 propter
2420 3771 2664 3826 carnales
2702 3771 3010 3828 all'ectiones
3049 3759 3175 3829 caro
3214 3777 3558 3848 nominatur;

1978 3860 2073 3915 sed
2104 3860 2216 3916 haec
2237 3863 2395 3915 etiam
2417 3863 2638 3919 visibilis
2667 3878 2794 3919 caro
2817 3880 2936 3935 qum
2961 3866 3272 3922 naturaliter
3294 3877 3376 3923 est
3399 3884 3525 3926 caro
3542 3911 3560 3939 ,

1978 3954 2129 4025 cujus
2176 3969 2369 4011 nomen
2417 3957 2590 4010 anima
2621 3972 2726 4012 non
2756 3967 2974 4029 propter
3003 3969 3244 4016 naturam
3268 4003 3284 4030 ,
3316 3962 3408 4017 sed
3438 3979 3563 4033 pro-

1978 4056 2097 4116 pter
2134 4048 2441 4104 all‘ectiones
2477 4051 2717 4104 carnales
2742 4051 2946 4121 accepit
2974 4069 2988 4107 :
3018 4051 3134 4108 lucc
3160 4068 3286 4124 ergo
3308 4055 3559 4123 visibilis,

1980 4156 2098 4209 qure
2141 4142 2354 4212 proprie
2382 4142 2577 4197 dicitur
2604 4158 2730 4198 caro
2750 4186 2765 4212 ,
2799 4146 2914 4199 sine
2942 4144 3274 4202 dubitatione
3299 4147 3565 4204 credenda

1980 4241 2063 4287 est
2105 4248 2402 4304 resurgere.
2455 4234 2675 4290 Videtur
2714 4237 2853 4290 enim
2898 4237 3088 4293 Paulus
3133 4241 3407 4310 apostolus
3446 4256 3563 4296 eam

1982 4333 2231 4395 tanquam
2269 4327 2432 4397 digito
2459 4328 2743 4384 ostendere
2763 4371 2778 4396 ,
2809 4345 2931 4384 cum
2958 4331 3117 4399 dicit,
3151 4331 3358 4402 Oportet
3385 4351 3565 4390 corru-

1983 4416 2152 4486 ptibile
2194 4417 2286 4471 ltoc
2333 4419 2540 4473 induere
2579 4422 3022 4489 incorruptionem.
3063 4422 3193 4476 Cum
3229 4425 3371 4479 enim
3404 4425 3565 4493 dicit,

1982 4508 2105 4573 Itoc,
2137 4508 2188 4562 in
2216 4523 2332 4563 eam
2358 4509 2511 4578 quasi
2537 4510 2757 4580 digitum
2785 4511 3027 4566 intendit.
3051 4512 3202 4580 Quod
3232 4521 3407 4569 autem
3439 4517 3569 4570 visi-

1981 4599 2088 4655 bilc
2129 4610 2246 4666 est,
2292 4601 2342 4656 id
2388 4611 2563 4671 potest
2605 4602 2771 4671 digito
2811 4603 3021 4658 ostendi
3061 4622 3073 4659 :
3115 4605 3363 4675 quoniam
3389 4615 3572 4676 posset

1983 4691 2143 4746 etiam
2187 4692 2362 4746 anima
2403 4692 2763 4765 corruptibilis
2807 4693 2959 4759 dici;
3008 4709 3131 4749 nam
3175 4695 3317 4750 vitiis
3359 4712 3570 4754 morum

1983 4785 2096 4855 ipsa
2123 4786 2498 4856 corrumpitur.
2529 4786 2596 4840 Et
2624 4789 2832 4842 mortale
2861 4788 2954 4842 hoc
2981 4789 3187 4843 induere
3213 4790 3572 4844 immortalita-

1983 4886 2080 4931 tem
2102 4868 2221 4950 '(Id.
2251 4895 2338 4942 xv,
2368 4877 2437 4933 52
2469 4887 2515 4932 et
2545 4879 2659 4950 55),
2692 4894 2811 4934 cum
2841 4880 3054 4950 legitur,
3084 4881 3271 4937 eadem
3299 4881 3572 4952 signiﬁca-

1985 4979 2071 5024 tur
2097 4971 2319 5025 visibilis
2345 4985 2489 5034 caro,
2521 4973 2641 5040 quia
2670 4971 2721 5025 in
2749 4987 2864 5026 eam
2891 4971 3183 5028 identidem
3213 4975 3357 5028 velut
3377 4975 3571 5044 digitus

1986 5061 2294 5116 intenditur.
2340 5061 2521 5116 Potest
2558 5063 2701 5118 enim
2741 5072 2794 5119 et
2831 5065 3007 5120 anima
3050 5066 3187 5121 sicut
3214 5066 3574 5136 corruptibilis

1986 5164 2203 5226 propter
2246 5171 2454 5211 morum
2501 5156 2622 5210 vitia
2655 5198 2670 5223 ,
2715 5158 2782 5212 ita
2821 5159 2980 5212 etiam
3011 5158 3253 5213 mortalis
3279 5158 3403 5214 dici.
3432 5157 3574 5214 Mors

1986 5248 2179 5319 quippe
2208 5249 2397 5303 anima:
2430 5256 2512 5303 est
2558 5257 2857 5319 apostatarc
2900 5264 2931 5303 a
2977 5249 3087 5304 Deo
3123 5249 3308 5321 (Eccli.
3338 5263 3407 5317 ι,
3437 5248 3524 5320 li)
3558 5266 3572 5304 :

1987 5342 2127 5413 quod
2159 5343 2386 5412 primum
2420 5343 2536 5413 ejus
2555 5353 2830 5414 peccatum
2855 5343 2909 5399 in
2935 5343 3184 5414 paradiso
3211 5344 3378 5400 sacris
3399 5343 3572 5400 Litte-

1987 5439 2061 5494 ris
2088 5439 2410 5494 continetur.

2057 5532 2148 5589 24.
2193 5533 2453 5603 Resurget
2488 5533 2647 5604 igitur
2686 5548 2881 5606 corpus
2919 5533 3210 5590 secundum
3232 5531 3577 5590 cbristianam

2055 5717 2069 5748 ί
2107 5717 2176 5765 sic
2214 5720 2319 5764 Mss.
2356 5719 2415 5781 At
2435 5712 2551 5762 editi
2578 5725 2592 5762 :
2616 5719 2716 5761 Hoc
2751 5706 3097 5781 autemmnmis
3119 5714 3358 5781 creatura.
3411 5766 3424 5780 _
3460 5767 3472 5781 .

2052 5781 2082 5853 ³.
2093 5785 2301 5837 Quatuor
2319 5776 2480 5847 probae
2504 5781 2630 5853 notae
2647 5781 2775 5834 Mss,
2795 5769 3066 5823 nominatur
3085 5778 3135 5823 et
3154 5770 3334 5825 resistit
3343 5768 3575 5844 spiritui;

1989 5843 2193 5900 omisso,
2215 5851 2330 5903 pars
2348 5839 2454 5900 ejus
2509 5839 2720 5886 uatdam.
2949 5893 2980 5906 η
3015 5897 3028 5908 .

2056 5905 2077 5940 ³
2111 5904 2298 5974 Aliquot
2316 5907 2447 5964 Mss,
2470 5849 2649 5964 Zamas
2678 5900 2856 5951 παίωνα
2885 5893 2981 5970 μα
3005 5908 3117 5964 σω,
