3882 6396
128 307 237 371 637

126 423 361 479 CAPUT
398 423 487 479 lx.
524 452 600 481 -_-
634 423 713 480 De
730 425 1031 485 beatitudine
1052 427 1193 496 pacis
1241 435 1472 494 acterna,
1520 430 1575 484 in
1613 446 1714 501 qua

408 516 592 571 sanctis
618 516 734 585 ﬁnis
755 527 858 584 est,
881 516 934 570 id
961 526 1034 571 est
1057 534 1174 576 uera
1189 520 1448 588 perfectio.

205 625 554 700 Quapropter.
574 642 855 696 possumus
878 627 1091 694 dicere,
1125 630 1256 685 ﬁnes
1288 630 1305 669 ι
1337 629 1599 691 bonorum
1629 645 1719 687 no-

124 726 370 770 Strorum
418 731 539 771 esse
585 732 809 786 pacem,
858 716 996 773 sicut
1035 726 1287 775 teteruam
1326 735 1446 775 esse
1487 720 1718 776 diximus

125 805 298 861 vitam
323 825 336 861 :
361 809 653 877 prmsertim
680 810 803 877 quia
835 809 930 879 ipsi
957 810 1152 864 civitati
1185 812 1305 876 Dei,
1333 811 1401 866 de
1435 828 1537 882 qua
1566 814 1718 867 nobis

123 907 216 952 est
262 898 363 953 ista
414 900 791 968 operosissima
839 901 1143 972 disputatio,
1201 903 1251 956 in
1296 914 1479 957 sancto
1526 904 1720 959 dicitur

123 992 387 1059 Psalmo,
433 992 652 1058 Lauda,
703 978 1023 1062 Jerusalem,
1101 994 1413 1065 Dominum;
1484 996 1719 1056 colluuda

124 1081 304 1139 Deum
335 1093 478 1137 tuum
510 1124 524 1146 ,
559 1082 707 1137 Sion.
742 1084 993 1148 Quoniam
1019 1085 1335 1153 conﬁrmavit
1372 1068 1516 1140 seras
1542 1096 1718 1155 porta-

124 1189 249 1229 rum
271 1184 505 1237 tuarum,
527 1172 779 1228 benedixit
807 1176 941 1243 filios
969 1185 1081 1229 tuos
1111 1177 1162 1231 in
1192 1186 1257 1241 te,
1281 1177 1367 1247 qui
1394 1179 1559 1247 posuit
1595 1178 1720 1245 ﬁnes

123 1274 252 1319 tuos
278 1283 448 1337 pacem
471 1266 646 1336 (Psal.
669 1283 881 1334 cnvu,
914 1267 1124 1338 12-14).
1156 1269 1380 1337 Quando
1406 1269 1546 1323 enim
1588 1283 1721 1323 con—

127 1357 365 1413 ﬁrmata:
391 1357 586 1413 fuerint
614 1374 748 1414 serae
770 1368 1039 1429 portarum
1061 1360 1176 1429 ejus
1192 1402 1204 1423 ,
1233 1358 1341 1429 jam
1372 1361 1422 1414 in
1445 1361 1587 1413 illam
1608 1360 1723 1414 nul-

127 1448 221 1503 ltts
248 1450 495 1523 intrabit,
525 1467 625 1507 nec
652 1451 719 1505 ab
747 1453 832 1506 illa
863 1453 1002 1515 ullus
1027 1453 1209 1506 exibit.
1235 1455 1311 1519 Ac
1342 1468 1434 1522 per
1462 1454 1562 1507 hoc
1591 1452 1722 1506 fines

124 1540 257 1609 ejus
284 1556 401 1595 eam
430 1540 686 1613 debemus
708 1542 793 1598 hic
824 1542 1119 1612 intelligere
1146 1558 1326 1612 pacem
1349 1584 1363 1605 ,
1394 1558 1552 1613 quam
1573 1543 1723 1604 volug

127 1645 261 1685 mus
297 1630 666 1687 demonstrare
722 1632 955 1695 ﬁnalem.
1015 1632 1146 1686 Nam
1188 1643 1242 1687 et
1286 1633 1448 1703 ipsius
1494 1632 1725 1689 civitatis

127 1722 419 1794 mysticum
452 1738 669 1788 nomen,
700 1723 751 1778 id
802 1734 885 1778 est
942 1724 1271 1789 Jerusalem,
1303 1725 1444 1795 quod
1497 1733 1552 1781 et
1599 1734 1724 1779 ante

124 1812 243 1883 jam
280 1813 506 1868 diximus
527 1856 541 1879 ,
573 1814 717 1869 Visio
738 1815 883 1884 pacis
905 1816 1298 1885 interpretatur.
1338 1815 1443 1870 Sed
1473 1816 1723 1885 quoniam

128 1909 286 1977 pacis
311 1923 503 1962 nomen
531 1908 690 1962 etiam
720 1908 771 1962 in
814 1908 896 1962 his
939 1909 1097 1963 rebus
1140 1908 1452 1963 mortalibus
1482 1908 1725 1971 frequens

131 2009 301 2066 tatur,
327 2001 413 2057 ubi
439 2002 619 2071 utique
649 2018 753 2055 non
778 2010 860 2055 est
879 2002 986 2057 vita
1015 2011 1237 2066 :eterna;
1257 2009 1535 2071 propterea
1564 2001 1723 2058 ﬁnem

129 2093 367 2161 civitatis
390 2092 578 2161 hujus,
613 2092 700 2146 ubi
725 2093 826 2147 erit
847 2109 1114 2148 summum
1142 2094 1336 2147 bonum
1390 2093 1536 2162 ejus,
1565 2102 1724 2146 aster-

137 2198 266 2236 nam
291 2183 450 2236 vitam
504 2183 787 2241 maluimus
836 2200 1257 2238 commemorare
1301 2199 1460 2254 quam
1516 2197 1718 2252 pacem.

136 2272 220 2327 De
241 2288 345 2339 quo
372 2273 476 2328 ﬁne
503 2273 787 2342 Apostolus
812 2275 885 2327 ait
904 2315 919 2338 ,
952 2272 1105 2327 Nunc
1125 2290 1239 2327 vero
1260 2274 1454 2327 liberati
1482 2290 1511 2327 a
1548 2289 1725 2343 pecca-

139 2377 217 2437 to,
249 2368 376 2421 servi
424 2377 591 2421 autem
635 2367 754 2438 facti
789 2367 914 2432 Deo,
939 2368 1129 2421 habetis
1178 2370 1398 2439 fructum
1435 2366 1727 2419 vestrumin

140 2459 592 2528 sanetiﬁcationem
612 2501 627 2524 ,
656 2461 807 2527 liuent
832 2474 947 2514 vero
975 2464 1128 2513 vitam
1156 2468 1395 2518 «sternam
1424 2457 1599 2530 (Rom.
1631 2459 1690 2511 vi
1711 2500 1724 2523 ,

138 2551 261 2621 22).
291 2552 395 2607 Sed
422 2566 605 2605 rursus
631 2552 750 2620 quia
779 2552 882 2604 vita
910 2562 1109 2605 aeterna
1158 2551 1224 2604 ab
1256 2551 1337 2603 his
1381 2550 1469 2619 qui
1498 2548 1726 2609 familia-

140 2647 351 2715 ritalem
401 2661 506 2698 non
554 2643 755 2698 habent
790 2660 909 2699 cum
941 2644 1231 2713 Seripluris
1275 2643 1509 2715 sanctis,
1554 2650 1730 2711 potest

139 2736 306 2806 accipi
350 2736 508 2790 etiam
540 2735 799 2792 maiorum
828 2738 964 2801 vita;
997 2736 1079 2790 vel
1130 2734 1422 2791 secundum
1468 2733 1727 2803 quosdam

141 2828 302 2884 etiam
331 2828 683 2898 philosophos
702 2870 714 2891 ,
746 2838 966 2897 propter
992 2829 1183 2882 anima:
1236 2829 1723 2893 immortalitatem;

141 2922 227 2977 vel
251 2921 408 2976 etiam
436 2921 731 2976 secundum
777 2921 933 2976 ﬁdem
975 2933 1210 2977 nostram
1237 2963 1250 2985 ,
1285 2932 1501 2991 propter
1548 2935 1730 2990 poenas

142 3006 573 3062 interminabiles
620 3007 939 3075 impiorum,
992 3008 1080 3076 qui
1130 3008 1308 3076 utique
1360 3008 1412 3061 in
1473 3016 1731 3061 attentum

141 3098 366 3153 cruciari
392 3113 495 3152 non
517 3107 800 3167 poterunt,
827 3098 926 3152 nisi
950 3100 1107 3151 etiam
1135 3100 1360 3152 vixerint
1378 3099 1426 3151 in
1450 3106 1727 3151 aeternum:

142 3188 384 3259 proiecto
414 3187 531 3242 linis
551 3189 777 3245 civitatis
808 3189 962 3256 hujus
981 3231 993 3253 ,
1024 3190 1077 3243 in
1097 3205 1202 3258 quo
1228 3204 1494 3243 summum
1518 3188 1732 3242 habebit

145 3283 367 3343 bonum,
388 3281 468 3333 vel
499 3296 600 3349 pax
631 3282 680 3333 in
712 3283 814 3335 vita
844 3282 1160 3349 :rterna,vel
1189 3283 1288 3334 vita
1308 3290 1505 3335 aeterna
1534 3280 1585 3334 in
1604 3295 1734 3349 pace

143 3372 399 3428 dicendus
425 3383 503 3426 est
525 3413 542 3437 ,
577 3383 632 3425 ut
661 3373 864 3427 facilius
892 3375 959 3428 ab
1007 3374 1255 3429 omnibus
1291 3374 1457 3442 possit
1487 3373 1730 3440 intelligi.

143 3460 369 3517 Tantum
389 3472 465 3516 est
484 3463 622 3515 enim
650 3463 792 3530 pacis
822 3464 1037 3523 bonum,
1059 3465 1287 3518 utetiam
1317 3466 1368 3519 in
1387 3466 1547 3519 rebus
1566 3474 1735 3519 terre-

144 3552 229 3629 nis
256 3561 413 3621 atque
441 3554 754 3615 mortalibus
785 3554 917 3619 nihil
950 3555 1149 3624 gratius
1172 3556 1343 3609 soleat
1375 3554 1580 3617 audiri,
1605 3553 1733 3609 nihil

145 3642 549 3696 desiderabilius
576 3644 876 3712 concupisci
901 3686 915 3710 ,
948 3634 1074 3698 nihﬂ
1105 3656 1379 3715 postremo
1402 3648 1570 3715 possit
1618 3662 1733 3700 mc-

147 3732 251 3787 lius
278 3732 524 3787 inVeniri.
561 3733 633 3788 Dc
662 3749 766 3803 quo
797 3735 838 3788 si
861 3735 1128 3804 aliquanto
1157 3736 1354 3789 diutius
1377 3737 1515 3805 loqui
1546 3739 1730 3790 volue-

144 3823 315 3877 rimus
336 3864 349 3886 ,
378 3838 480 3875 non
508 3823 727 3888 erimus,
758 3835 1011 3892 quantum
1044 3825 1293 3891 arbitror,
1317 3827 1529 3880 onerosi
1557 3826 1735 3895 legen-

143 3912 321 3983 tibus,
354 3922 406 3965 et
436 3925 649 3980 propter
683 3917 837 3967 lim-tn
865 3915 1094 3968 civitatis
1122 3915 1309 3984 hujus,
1342 3916 1407 3970 de
1455 3932 1555 3985 qua
1583 3916 1735 3971 nobis

145 4020 328 4061 sermo
354 4013 544 4070 est,et
569 4016 784 4074 propter
832 4006 998 4076 ipsam
1046 4005 1381 4062 dulcedinem
1430 4009 1574 4078 pacis
1617 4023 1734 4078 qua:

138 4095 394 4150 omnibus
421 4095 578 4149 chara
602 4107 675 4149 est
694 4136 707 4149 .

147 4198 374 4265 CAPUT
414 4206 527 4261 ΧΗ.
561 4237 631 4247 -
663 4206 810 4272 Quod
831 4210 980 4261 etiam
1006 4208 1298 4266 bellantium
1324 4210 1511 4263 sa'vitia
1541 4226 1736 4265 omnes-

222 4319 313 4373 que
335 4303 593 4356 hominum
636 4304 1004 4373 inquietudine;
1050 4303 1117 4356 ad
1148 4304 1286 4371 pacis
1332 4305 1483 4370 linem
1530 4307 1735 4374 cupiam

225 4394 481 4463 pervenire
503 4435 517 4457 ,
549 4394 655 4447 sine
674 4396 818 4465 cujus
838 4395 1063 4464 appetitu
1091 4395 1232 4447 nulla
1260 4404 1440 4448 natura
1466 4395 1550 4447 sit.

224 4508 281 4562 l.
320 4507 469 4575 Quod
497 4508 639 4562 enim
669 4522 875 4562 mecum
903 4508 1143 4577 quisquis
1165 4522 1252 4561 res
1277 4507 1534 4561 humanas
1580 4517 1735 4560 natu.

146 4614 372 4668 tamque
423 4614 759 4657 communem
815 4608 1099 4669 utcumque
1151 4599 1385 4657 intuetur
1454 4599 1733 4668 agnoscit,

141 4692 287 4746 sicut
324 4707 482 4747 nemo.
512 4702 605 4746 est
635 4691 722 4761 qui
743 4690 975 4761 gaudere
1031 4692 1183 4755 nolit,
1216 4692 1284 4745 ita
1316 4706 1473 4745 nemo
1511 4699 1593 4744 est
1646 4689 1734 4758 qui

144 4796 334 4853 pacem
369 4782 563 4836 habere
595 4783 767 4835 nolit’.
792 4782 1228 4852 Quandoquidem
1252 4792 1305 4835 ct
1330 4782 1427 4851 ipsi
1454 4782 1541 4850 qui
1596 4781 1736 4835 bella

142 4874 368 4938 volunt,
400 4874 529 4927 nihil
547 4873 686 4928 aliud
713 4890 871 4943 quam
892 4874 1102 4928 vincere
1124 4873 1341 4930 Volunt:
1366 4872 1429 4925 ad
1452 4872 1734 4940 gloriosam

147 4982 281 5035 ergo
308 4982 491 5035 pacem
516 4966 760 5021 bellando
785 4967 1003 5035 cupiunt
1029 4968 1329 5034 pervenire.
1354 4965 1484 5019 Nam
1506 4964 1629 5033 quid
1656 4972 1738 5018 est

144 5060 290 5113 aliud
333 5060 586 5123 victoria,
646 5061 746 5113 nisi
801 5060 1058 5127 subjectio
1116 5057 1566 5126 repugnantium?
1596 5056 1736 5124 quod

145 5164 273 5205 eum
296 5150 488 5204 factum
537 5151 726 5216 fuerit,
758 5167 855 5218 pax
886 5152 1012 5205 erit.
1046 5151 1196 5206 Pacis
1247 5151 1406 5219 igitur
1445 5150 1739 5204 intentione

150 5251 412 5311 geruntur
431 5251 485 5296 et
511 5240 647 5296 bella
670 5283 686 5306 ,
712 5242 779 5296 ab
808 5242 888 5295 his
912 5242 1072 5297 etiam
1105 5242 1192 5311 qui
1218 5244 1467 5295 virtutem
1495 5241 1735 5295 bellicam

155 5332 375 5387 student
400 5348 652 5388 exercere
694 5333 1005 5402 imperando
1046 5346 1204 5405 atque
1235 5333 1537 5403 pugnando.
1591 5332 1741 5387 Unde

150 5442 337 5496 pacem
388 5437 595 5481 constat
652 5428 776 5482 belli
825 5444 943 5483 esse
990 5430 1276 5498 aptabilem
1325 5431 1504 5483 ﬁnem.
1557 5429 1740 5483 Omnis

214 5541 231 5606 ξ
256 5546 328 5587 Er.
353 5547 406 5588 et
428 5547 555 5606 t.o_v.,
582 5539 741 5604 ﬁnem.
760 5543 936 5606 caeteri
963 5542 1089 5599 libri,
1114 5540 1247 5606 fines.

212 5604 233 5671 ξ
258 5608 339 5670 Er._
371 5602 519 5671 Lugd.
564 5602 681 5652 Ven.
729 5605 798 5652 sic
824 5603 993 5665 legunt
1019 5602 1145 5652 hunc
1189 5603 1375 5653 locum:
1405 5602 1534 5663 Quod
1558 5615 1742 5671 mecum

146 5663 363 5724 quisquis
396 5663 472 5711 res
494 5664 725 5727 lnonanas
747 5663 1062 5727 naturamque
1083 5678 1375 5715 communem
1399 5673 1649 5727 uterum/ne
1671 5663 1742 5727 in-

143 5731 323 5781 tuetur,
368 5726 597 5792 agnoscit.
622 5725 748 5792 sicut
771 5726 914 5792 enim
938 5724 1074 5792 nemo
1096 5734 1163 5776 est
1184 5727 1264 5790 qui
1287 5728 1496 5792 gumlcre
1518 5725 1650 5786 nolit,
1676 5724 1741 5776 ita

144 5799 287 5837 nemo
307 5792 378 5837 est
399 5782 481 5848 qui
502 5800 670 5851 pacm
703 5787 874 5839 habere
891 5787 1020 5839 nolit.
1120 5782 1205 5837 It.’
1287 5782 1295 5793 '

1339 311 1540 371 LIBER
1582 313 1877 371 DECIMUS
1913 314 2156 371 NONUS.

3298 316 3402 372 638

1825 432 1970 487 enim
1991 430 2153 486 homo
2178 431 2338 486 etiam
2360 429 2723 501 belligerando
2752 444 2936 501 pacem
2965 431 3217 501 requirit:
3243 446 3401 487 nemo

1820 530 1999 579 autem
2023 522 2218 578 bellum
2254 522 2597 592 paciﬁcando.
2624 521 2755 576 Nam
2776 530 2830 576 et
2860 522 2934 575 illi
2983 524 3073 592 qui
3102 538 3283 591 pacem
3306 565 3319 587 ,
3344 524 3397 577 in

1808 630 1922 685 qua
1949 623 2090 679 sunt,
2122 615 2413 684 perturbari
2431 615 2632 677 volunt,
2666 629 2768 667 non
2790 627 2970 683 pacem
3013 614 3275 680 oderunt,
3305 615 3399 670 sed

1821 721 1937 760 eam
1955 721 2047 775 pro
2064 706 2281 760 arbitrio
2296 720 2392 759 suo
2408 704 2969 774 cupiuntcommutari.
2990 704 3102 758 Non
3117 718 3245 774 ergo
3264 714 3317 757 ut
3336 705 3407 759 sit

1821 813 1929 868 pax
1948 797 2152 862 nolunt,
2176 797 2269 851 sed
2284 806 2337 849 ut
2354 812 2415 850 ea
2435 798 2671 865 sitquam
2693 796 2893 849 volunt.
2912 794 3147 864 Denique
3169 796 3270 849 etsi
3308 808 3405 863 per

1820 891 2133 945 seditionem
2155 905 2213 945 se
2233 890 2300 942 ab
2324 890 2439 943 aliis
2464 889 2847 959 separaverint,
2871 903 2994 944 cum
3018 889 3096 943 eis
3123 888 3252 957 ipsis
3276 903 3407 943 con-

1822 980 2037 1049 Spiratis
2067 981 2147 1034 vel
2185 980 2473 1049 conjuratis
2524 980 2633 1034 suis
2686 979 2785 1034 nisi
2828 980 3265 1048 qualemcumque
3303 992 3402 1047 pa-

1823 1072 1900 1141 cis
1927 1073 2157 1143 Speciem
2191 1080 2436 1135 teneant,
2470 1084 2575 1124 non
2627 1068 2866 1124 efﬁciunt
2903 1069 3044 1139 quod
3104 1068 3403 1126 intendunt.

1823 1164 2051 1219 Proinde
2076 1149 2306 1219 latrones
2337 1164 2470 1232 ipsi,
2502 1173 2559 1217 ut
2589 1162 2960 1222 vehementius
3007 1169 3061 1215 et
3110 1161 3272 1214 tutius
3326 1160 3405 1212 in-

1824 1254 1945 1311 festi
1974 1256 2079 1310 sint
2109 1255 2223 1325 paci
2252 1266 2569 1311 cancrorum
2594 1295 2607 1317 ,
2634 1268 2819 1323 pacem
2843 1252 3027 1306 volunt
3071 1250 3269 1304 habere
3310 1263 3404 1303 so-

1824 1347 2047 1402 ciorum.
2079 1346 2186 1400 Sed
2213 1347 2315 1401 etsi
2344 1361 2478 1401 unus
2504 1346 2571 1399 sit
2600 1354 2705 1399 tam
2739 1343 3053 1413 praepollens
3079 1342 3279 1395 viribus
3303 1380 3319 1406 ,
3347 1348 3405 1395 et

1825 1440 2104 1511 conscios‘
2135 1441 2202 1493 ita
2226 1454 2451 1503 cavens,
2480 1449 2535 1492 ut
2562 1436 2695 1493 nulli
2749 1435 2897 1489 socio
2950 1450 3009 1488 se
3056 1433 3357 1488 committat
3383 1471 3399 1496 ,

1825 1532 2077 1600 solusque
2122 1529 2377 1585 insidians
2446 1539 2500 1583 et
2546 1527 2877 1597 praevalens,
2933 1526 3126 1596 quibus
3177 1522 3411 1593 potuerit

1827 1624 2098 1707 oppressis
2146 1632 2200 1676 et
2242 1621 2521 1687 exstinctis
2561 1620 2767 1689 praedas
2806 1629 2945 1689 agat,
3000 1632 3121 1672 cum
3147 1617 3225 1673 eis
3264 1623 3411 1671 certe

1825 1705 1960 1784 quos
1985 1713 2229 1769 occidere
2256 1729 2357 1767 non
2388 1722 2595 1782 potest,
2621 1719 2675 1765 et
2714 1725 2851 1780 quos
2904 1709 3019 1763 vult
3057 1709 3225 1763 latere
3267 1705 3411 1776 quod

1825 1804 1986 1871 facit,
2011 1805 2453 1875 qualemcumque
2478 1802 2717 1860 umbram
2748 1801 2896 1871 pacis
2928 1808 3091 1859 tenet.
3142 1799 3196 1852 lu
3250 1797 3412 1852 domo

1818 1907 2001 1958 autem
2032 1911 2125 1951 sua
2147 1912 2266 1951 cum
2289 1910 2462 1951 uxore
2481 1904 2673 1950 etcum
2718 1894 2881 1958 ﬁliis,
2910 1903 2963 1947 et
3012 1893 3058 1947 si
3098 1906 3231 1961 quos
3277 1890 3412 1945 alios

1829 1987 1936 2043 illic
1960 1986 2148 2053 habet,
2174 1987 2352 2050 studet
2380 1986 2617 2056 profecto
2645 1999 2766 2040 esse
2810 1993 3056 2054 pacatus:
3085 1983 3165 2038 eis
3217 1981 3412 2050 quippe

1827 2080 1894 2143 ad
1937 2088 2122 2133 nutum
2174 2078 2670 2148 obtemperantibus
2720 2076 2837 2130 sine
2882 2074 3046 2135 dubio
3096 2073 3409 2129 delectatur.

1827 2172 1959 2229 Nam
2012 2174 2057 2227 si
2110 2187 2215 2227 non
2248 2172 2375 2237 ﬁat,
2404 2172 2730 2241 indignatur,
2766 2169 3026 2238 corripit,
3050 2166 3311 2221 vindicat:
3358 2171 3413 2218 et

1828 2265 2020 2321 domus
2042 2280 2153 2319 sua:
2180 2280 2363 2337 pacem
2382 2305 2398 2329 ,
2427 2266 2471 2318 si
2505 2265 2576 2317 ita
2599 2277 2821 2331 necesse
2849 2263 2918 2315 sit
2943 2302 2957 2325 ,
2991 2261 3151 2315 etiam
3179 2258 3407 2311 sazvieu-

1830 2356 1901 2411 do
1926 2358 2236 2425 componit;
2263 2371 2421 2426 quam
2450 2356 2612 2410 sentit
2633 2369 2753 2408 esse
2783 2368 2887 2407 non
2917 2366 3073 2422 posse
3092 2392 3106 2417 ,
3142 2348 3241 2404 nisi
3293 2347 3411 2401 cui-

1830 2446 1954 2505 dam
1984 2447 2240 2516 principio
2261 2489 2275 2513 ,
2304 2446 2445 2515 quod
2478 2446 2589 2516 ipse
2617 2445 2669 2499 in
2700 2444 2860 2497 domo
2887 2457 2981 2497 sua
2998 2451 3105 2506 est,
3131 2448 3323 2495 caetera
3356 2437 3410 2492 in

1832 2539 2023 2593 eadem
2052 2540 2340 2593 domestica
2360 2538 2616 2593 societate
2644 2537 2881 2605 subjecta
2935 2535 3059 2588 sint.
3091 2533 3318 2601 Ideoque
3361 2530 3409 2584 si

1833 2629 2113 2686 offerretur
2134 2632 2182 2685 ei
2212 2631 2445 2685 servitus
2475 2629 2706 2698 plurium
2725 2668 2740 2694 ,
2776 2630 2855 2680 vel
2883 2624 3111 2680 civitatis
3158 2622 3238 2676 vel
3279 2636 3412 2691 gen-

1834 2726 1901 2780 tis
1922 2765 1938 2790 ,
1970 2726 2040 2779 ita
2061 2732 2121 2778 ut
2143 2725 2221 2779 sic
2241 2724 2289 2779 ei
2317 2722 2582 2779 servirent
2604 2761 2620 2788 ,
2646 2716 3096 2790 quemadmodum
3138 2713 3241 2768 sibi
3268 2709 3416 2767 demi

1832 2831 1945 2871 sum
1973 2816 2167 2871 serviri
2197 2815 2579 2880 volebatpnon
2628 2826 2686 2866 se
2722 2812 2828 2885 jam
2885 2808 3144 2862 latronem
3198 2802 3418 2857 latebris

1834 2907 2241 2973 conderet,sed
2278 2921 2457 2976 regem
2504 2904 2849 2972 conspicuum
2896 2900 3239 2960 sublimaret,
3292 2910 3415 2950 cum

1835 3000 2021 3056 eadem
2044 3000 2095 3054 in
2129 3001 2221 3053 illo
2241 2999 2499 3068 cupiditas
2528 3007 2583 3052 et
2608 2996 2806 3051 malitia
2836 3001 3189 3062 permaneret.
3224 2989 3417 3043 Pacem

1836 3094 2013 3164 itaque
2042 3110 2161 3147 cum
2189 3096 2302 3148 suis
2322 3108 2506 3148 omnes
2531 3090 2727 3145 habere
2754 3086 2995 3156 cupiunt,
3021 3098 3153 3154 quos
3170 3081 3234 3135 ad
3253 3095 3409 3135 suum

1832 3188 2112 3243 arbitrium
2124 3187 2312 3242 volunt
2326 3187 2525 3240 vivere.
2546 3183 2677 3238 Nam
2694 3190 2880 3237 etcum
2902 3180 3094 3249 quibus
3110 3177 3305 3231 bellum
3325 3189 3418 3244 ge-

1836 3289 1982 3345 runt,
2014 3295 2142 3334 suos
2183 3279 2389 3343 facere,
2434 3278 2480 3337 si
2508 3276 2743 3347 possint,
2785 3274 3001 3339 volunt,
3024 3271 3207 3341 eisque
3235 3266 3417 3337 subje-

1836 3372 1937 3427 ctis
1960 3372 2103 3440 leges
2128 3386 2239 3425 suae
2261 3370 2409 3439 pacis
2437 3369 2730 3437 imponere.

1908 3463 1963 3516 2.
2003 3461 2107 3517 Sed
2140 3460 2400 3518 faciamus
2438 3460 2687 3527 aliquem,
2720 3455 2934 3526 qualem
2958 3451 3101 3507 canit
3128 3450 3331 3520 poetica
3363 3456 3419 3503 et

1838 3552 2074 3609 fabulosa
2102 3552 2374 3615 narratio;
2403 3565 2560 3620 quem
2597 3548 2840 3609 fortasse,
2880 3554 3098 3614 propter
3129 3543 3294 3610 ipsam
3329 3539 3416 3593 in-

1839 3645 2145 3700 sociabilem
2195 3644 2479 3707 feritatem,
2522 3639 2927 3696 semihominetn
2959 3650 3117 3705 quam
3148 3633 3416 3686 hominem

1838 3738 2016 3793 dicere
2061 3736 2362 3790 maluerunt
2407 3732 2504 3807 (a).
2537 3730 2787 3807 Quamvis
2829 3742 2957 3797 ergo
2998 3726 3152 3795 hujus
3196 3738 3417 3792 regnum

1838 3829 1969 3884 dira:
1995 3828 2265 3899 speluncae
2318 3825 2477 3882 fuerit
2504 3824 2753 3889 solitudo,
2791 3831 3006 3890 tamque
3036 3822 3056 3851 ²
3087 3818 3285 3873 malitia
3309 3817 3422 3870 sin-

1838 3922 2052 3991 gularis,
2086 3931 2144 3975 ut
2170 3936 2237 3975 ex
2282 3919 2379 3973 hac
2408 3919 2457 3972 ei
2496 3932 2687 3972 nomen
2729 3917 2998 3969 inventum
3029 3910 3131 3974 sit;
3160 3924 3281 3964 nam
3311 3922 3423 3961 ma-

1838 4016 1921 4077 lus
1951 4030 2123 4084 graece
2173 4024 2313 4075 κᾳκός
2350 4012 2543 4067 dicitur
2566 4052 2579 4073 ,
2610 4010 2748 4080 quod
2796 4008 2882 4063 ille
2911 4006 3199 4061 vocabatur
3236 4021 3248 4057 :
3280 4002 3424 4058 nulla

1839 4107 2031 4174 cenjux
2053 4106 2099 4161 ei
2120 4104 2371 4159 blandum
2401 4102 2565 4158 ferret
2590 4101 2917 4168 referretque
2945 4110 3267 4159 sermonem,
3299 4094 3421 4146 nul-

1840 4200 1907 4265 lis
1933 4198 2054 4263 filiis
2083 4198 2164 4253 vel
2207 4196 2469 4250 alluderet
2496 4194 2748 4263 parvulis,
2776 4192 2858 4245 vel
2895 4187 3285 4260 grandiusculis
3313 4186 3414 4238 im-

1840 4298 2069 4360 peraret,
2115 4289 2257 4342 tmllo
2301 4286 2457 4341 amici
2504 4282 2770 4351 collaquio
2822 4282 3110 4343 frueretur,
3157 4293 3258 4333 nec
3294 4276 3422 4329 Vul-

1838 4382 1957 4441 cani
1988 4382 2169 4451 patris,
2193 4395 2298 4450 quo
2342 4379 2424 4434 vel
2451 4377 2573 4433 hinc
2612 4384 2813 4430 tantum
2861 4389 2964 4428 non
2994 4388 3179 4442 parum
3222 4370 3425 4423 felicior

1840 4475 1962 4539 fuit,
1989 4474 2111 4544 quia
2142 4473 2246 4527 tale
2293 4482 2588 4525 monstrum
2620 4468 2731 4537 ipse
2760 4482 2864 4520 non
2886 4466 3071 4535 genuit
3103 4481 3116 4517 :
3148 4462 3277 4516 nihil
3301 4460 3413 4514 cui-

1841 4582 1999 4637 quam
2042 4565 2214 4629 daret,
2263 4564 2355 4618 sed
2403 4579 2431 4616 a
2473 4576 2576 4632 quo
2605 4567 2784 4630 posset
2830 4554 3085 4626 quidquid
3134 4554 3313 4616 vellet,
3367 4559 3422 4605 et

1840 4658 2052 4730 quando
2081 4667 2299 4726 posset,
2331 4664 2386 4711 et
2426 4662 2680 4724 quantum
2709 4649 2868 4703 vellet
2893 4647 2913 4678 ³
2940 4647 3171 4701 auferret
3201 4663 3214 4698 :
3245 4653 3417 4698 tamen

1844 4750 1894 4803 in
1938 4749 2052 4818 ipsa
2081 4762 2175 4801 sua
2203 4748 2456 4815 spelunca
2502 4741 2757 4804 solitaria,
2786 4738 2961 4808 cujus,
2990 4744 3046 4789 ut
3074 4733 3414 4793 describitur,

1841 4857 2054 4911 semper
2079 4841 2278 4895 recenti
2317 4838 2463 4893 carde
2493 4824 2700 4905 tepebat
2731 4836 2921 4886 humus
2946 4832 2966 4899 (
2992 4828 3174 4899 Virgil.
3203 4825 3420 4881 zEneid.

1843 4936 1928 4989 lib.
1954 4934 2008 4999 8,
2038 4949 2162 4986 vers.
2200 4931 2323 4997 195,
2354 4929 2456 4984 196
2486 4928 2504 4998 )
2530 4970 2545 4993 ,
2588 4926 2719 4980 nilnl
2748 4923 2887 4978 aliud
2916 4936 3074 4991 quam
3121 4932 3300 4989 pacem
3331 4930 3424 4970 γοα

1848 5026 2009 5093 lebat,
2037 5026 2087 5078 in
2115 5039 2215 5094 qua
2246 5037 2402 5078 nemo
2430 5021 2501 5075 illi
2533 5018 2790 5073 molestus
2817 5023 2979 5080 esset,
3010 5028 3108 5067 nec
3132 5011 3249 5079 ejus
3274 5007 3426 5077 quia.

1846 5135 1951 5179 tem
2003 5125 2081 5177 vis
2111 5122 2269 5176 ullius
2297 5131 2535 5175 terrorve
2574 5116 2831 5171 turbaret.
2877 5112 3010 5169 Cum
3052 5121 3276 5177 corpore
3323 5116 3427 5157 suo

1844 5219 2072 5289 denique
2105 5231 2288 5287 pacem
2318 5214 2515 5268 habere
2554 5209 2836 5280 cupiebat:
2878 5215 2932 5260 et
2977 5212 3231 5273 quantum
3262 5200 3424 5255 habeo

1909 5416 1925 5446 ¹
1949 5411 2053 5461 Sola
2077 5411 2224 5460 editio
2245 5414 2373 5466 Lov.,
2397 5403 2649 5456 consocios.
2673 5399 2815 5449 ——Sic
2836 5394 2973 5445 codd.
3000 5393 3092 5444 258
3114 5398 3164 5441 et
3185 5390 3321 5441 2030.
3366 5397 3405 5439 at

1908 5478 1928 5507 1
1963 5474 2126 5523 Mures
2150 5482 2274 5529 $155.,
2298 5478 2537 5531 tanquam.
2555 5526 2583 5533 __
2618 5531 2626 5533 Δ
2776 5523 2784 5533 ⁸
2922 5523 2953 5533 Α,
3001 5515 3073 5533 ιν,

1910 5538 1931 5570 ³
1952 5511 2627 5593 ἑὸᾏήἶῆιί’”ἦῖὲε’.ῖ’ᾆ⁷ιὶῶ’ὶῖὲ11εζ
2656 5536 2671 5579 :
2695 5523 2885 5593 omisso,
2910 5523 2972 5566 et.
2993 5511 3422 5593 utinquam-fivfl.

1846 5575 2464 5662 qumbj'ilii'k'uiii'ééizéi
2488 5575 2913 5651 paucis'exceptis,
2944 5580 3027 5641 qui
3051 5575 3159 5627 cum
3182 5576 3325 5623 editis
3349 5575 3426 5621 ba-

1848 5652 2468 5721 ὑπῄειφιᾳηιηηιξεμσζ-
2639 5708 2651 5721 _
2764 5719 2795 5721 ,_
3058 5698 3208 5721 rum
3267 5695 3294 5721 ,ι

2320 5694 2594 5771 iii'é'c'ams,
2623 5708 2687 5759 de
2708 5719 2805 5771 quo
2842 5701 3004 5765 Virgil.
3043 5698 3210 5749 .Encid
3267 5695 3348 5745 lib.
3376 5694 3424 5756 8,

1855 5800 1899 5835 γ.
1926 5783 2142 5833 183-375.
