3826 6532
416 344 520 403 659

416 460 529 525 bat,
574 467 779 516 tantum
817 460 890 516 illi
916 459 1054 518 bene
1079 468 1214 516 erat.
1263 459 1707 532 Quandoquidem
1748 461 2003 516 membris

415 552 907 624 obtemperantibus
937 552 1262 624 imperabat;
1291 560 1425 609 etut
1449 568 1597 609 suam
1626 553 2005 609 mortalitatem

416 646 702 701 adversum
724 661 782 702 se
806 661 873 701 ex
902 645 1191 717 indigentia
1213 646 1582 713 rebellantem,
1605 661 1666 701 ac
1689 646 2005 701 seditionem

418 738 574 794 famis
600 738 667 793 ad
690 736 1080 793 dissociandam
1100 745 1261 809 atque
1286 738 1671 795 excludendam
1701 737 1768 793 de
1783 752 2008 808 corpore

418 830 652 885 animam
690 830 1044 885 concitantem
1065 870 1082 897 ,
1113 838 1311 901 quanta
1342 840 1524 900 posset
1552 830 1891 885 festinatione
1915 844 2007 899 pa-

418 931 584 989 earet,
609 922 871 994 rapiebat,
901 922 1146 988 necabat,
1175 923 1434 989 vorabat;
1460 932 1515 980 et
1542 924 1786 995 quamvis
1816 924 2007 977 innua-

418 1014 504 1069 nis
529 1029 591 1070 ae
623 1012 786 1081 ferus,
819 1016 935 1085 paci
968 1024 1143 1071 tamen
1167 1032 1275 1071 suae
1301 1018 1424 1072 vita:
1450 1032 1513 1071 ac
1532 1017 1722 1073 salutis
1762 1016 2009 1071 immani-

420 1114 503 1161 ter
547 1115 601 1161 et
639 1105 892 1164 ferociter
928 1108 1238 1164 consulebat
1274 1127 1288 1163 :
1319 1124 1382 1165 ac
1429 1124 1524 1179 per
1564 1111 1665 1163 hoc
1706 1110 1750 1162 si
1796 1123 2006 1178 pacem,

428 1212 588 1267 quam
640 1198 694 1252 in
754 1214 847 1254 sua
901 1199 1155 1269 spelunca
1210 1209 1369 1271 atque
1418 1201 1471 1255 in
1520 1215 1579 1255 se
1636 1200 1752 1270 ipso
1815 1199 2011 1255 habere

422 1290 555 1346 satis
592 1291 780 1361 agebat
831 1292 872 1356 ¹,
912 1308 1033 1347 cum
1070 1293 1190 1348 aliis
1228 1294 1387 1349 etiam
1429 1293 1625 1349 habere
1676 1294 1853 1359 vellet,
1913 1309 2011 1349 nec

422 1384 631 1447 malus,
674 1401 772 1440 nec
820 1397 1114 1441 monstrum
1146 1428 1164 1456 ,
1212 1403 1313 1443 nec
1350 1388 1649 1443 semihomo
1707 1398 2008 1444 vocaretur.

423 1477 531 1531 Aut
556 1477 601 1531 si
630 1476 746 1547 ejus
769 1478 1010 1549 corporis
1039 1479 1208 1533 forma
1235 1520 1250 1545 ,
1279 1487 1336 1534 et
1363 1489 1598 1534 atrorum
1627 1480 1824 1550 ignium
1851 1480 2016 1535 vomi-

425 1576 512 1623 tus
537 1568 609 1623 ab
634 1584 703 1624 eo
727 1569 1032 1626 deterrebat
1060 1571 1336 1625 hominum
1364 1572 1673 1626 societatem
1698 1588 1714 1635 ;
1747 1572 1880 1627 forte
1907 1586 2013 1626 non

428 1660 655 1715 nocendi
683 1661 996 1730 cupiditate,
1029 1661 1125 1716 sed
1154 1661 1366 1717 vivendi
1397 1662 1712 1718 necessitate
1738 1660 2012 1716 smviebat.

432 1749 630 1805 Verum
673 1752 773 1808 iste
815 1768 919 1808 non
964 1753 1142 1820 fuerit,
1173 1754 1255 1809 vel
1278 1796 1293 1822 ,
1325 1755 1462 1826 quod
1495 1756 1662 1826 magis
1688 1755 2014 1810 credendum

427 1851 531 1906 est,
564 1842 684 1898 talis
713 1858 816 1898 non
847 1843 1028 1913 fuerit,
1055 1846 1229 1917 qualis
1258 1847 1490 1901 vanitate
1520 1848 1725 1916 poetica
1755 1846 2018 1901 describi-

431 1944 517 1992 tur
542 1953 555 1989 :
588 1935 687 1990 nisi
716 1937 858 1991 enim
878 1937 1038 1992 nimis
1063 1947 1407 1993 accusaretur
1431 1936 1623 2004 Cacus,
1654 1952 1841 2008 parum
1879 1937 2017 1993 lier-

430 2028 581 2082 cules
635 2028 958 2083 laudaretur.
1007 2029 1152 2084 Talis
1180 2046 1309 2100 ergo
1338 2030 1521 2097 homo,
1544 2032 1661 2084 sive
1695 2029 2016 2096 semibomo,

433 2120 647 2187 melius,
681 2130 739 2174 ut
767 2121 897 2186 dixi,
933 2122 1170 2177 creditur
1198 2138 1303 2177 non
1332 2122 1515 2188 fuisse,
1546 2123 1683 2178 sicut
1724 2123 1888 2177 multa
1921 2123 2019 2194 fig-

430 2223 613 2268 menta
650 2223 944 2283 poetarum.
991 2215 1121 2285 Ipsa:
1165 2218 1311 2271 enim
1347 2216 1657 2271 saevissima:
1695 2217 1845 2284 ferte,
1879 2217 2021 2273 unde

436 2304 527 2359 ille
548 2316 748 2375 partem
764 2305 948 2362 habuit
968 2307 1191 2362 feritatis
1208 2308 1351 2381 (nam
1372 2309 1715 2363 etsemiferus
1726 2308 1899 2364 dictus
1914 2310 2020 2381 est)

431 2398 451 2466 (
473 2395 676 2468 Virgil,
692 2396 905 2453 Αἳιιεὶά.
925 2399 1009 2454 lib.
1026 2400 1078 2465 8,
1093 2417 1141 2454 υ.
1156 2401 1307 2471 267),
1323 2415 1491 2470 genus
1509 2401 1777 2471 preprium
1791 2401 2019 2471 quadam

433 2503 566 2558 pace
592 2490 917 2558 custodiunt,
949 2494 1192 2547 coeundo
1215 2532 1230 2556 ,
1256 2493 1541 2563 gignendo,
1581 2492 1855 2563 pariendo,
1886 2493 2022 2549 fetus

432 2579 663 2635 fovendo
688 2589 851 2652 atque
881 2583 1183 2649 nutriendo,
1211 2598 1330 2637 eum
1363 2584 1470 2637 sint
1498 2582 1766 2653 pleraeque
1793 2583 2024 2639 insocia-

434 2670 572 2726 biles
618 2681 673 2726 et
709 2673 959 2743 solivaga:
990 2691 1001 2726 :
1035 2689 1140 2728 non
1176 2675 1379 2729 scilicet
1424 2683 1482 2728 ιιι
1525 2690 1674 2742 oves,
1715 2676 1881 2739 cervi,
1927 2690 2019 2731 co-

432 2761 648 2831 lumbae,
679 2765 870 2831 sturni,
916 2780 1082 2834 apes;
1116 2766 1210 2821 sed
1233 2775 1291 2821 ut
1315 2766 1518 2834 leones,
1558 2768 1765 2837 vulpes,
1806 2769 2019 2839 aquilae,

434 2863 665 2909 noctua).
715 2855 843 2924 Quae
872 2856 1012 2911 enim
1040 2855 1188 2927 tigris
1215 2873 1322 2913 non
1351 2859 1472 2913 filiis
1496 2860 1607 2916 suis
1632 2860 1774 2915 mitis
1802 2861 2024 2915 immur-

434 2956 649 3013 murat,
704 2957 757 3003 et
798 2959 980 3019 pacata
1028 2949 1239 3007 feritate
1276 2951 1588 3007 blanditur?
1636 2953 1754 3021 quis
1808 2953 2021 3022 milvus,

433 3041 824 3109 quantumlibet
848 3043 1116 3097 solitarius
1132 3044 1331 3113 rapinis
1355 3044 1724 3110 circumvolet,
1756 3061 1859 3100 non
1888 3060 2021 3099 cou-

434 3130 636 3202 jugium
663 3133 897 3202 copulat,
921 3134 1101 3189 nidum
1131 3137 1390 3207 congerit,
1421 3150 1520 3190 ova
1548 3136 1819 3203 confovet,
1850 3137 2024 3207 pullos

434 3224 565 3290 alit,
594 3232 649 3278 et
675 3224 825 3294 quasi
854 3240 974 3281 cum
1012 3242 1108 3281 sua
1136 3228 1535 3283 matrefamilias
1584 3230 1891 3284 societatem
1923 3229 2024 3284 do-

434 3314 712 3369 mesticam
741 3325 937 3385 quanta
968 3325 1140 3387 potest
1176 3333 1307 3389 pace
1334 3320 1655 3374 conservat?
1684 3320 1894 3387 Quanto
1921 3336 2027 3374 ma-

437 3407 519 3477 gis
560 3405 721 3463 homo
748 3408 916 3464 fertur
943 3412 1337 3478 quodammodo
1361 3423 1562 3468 natura:
1593 3430 1702 3469 sua:
1728 3414 1935 3485 legibus
1958 3416 2024 3472 ad

439 3500 725 3556 ineundam
789 3503 1097 3558 societatem
1153 3520 1447 3575 pacemque
1498 3522 1620 3562 eum
1685 3506 2020 3574 hominibus,

437 3605 694 3663 quantum
740 3596 792 3650 in
828 3595 946 3666 ipso
990 3606 1091 3663 est,
1143 3600 1392 3653 omnibus
1433 3600 1779 3655 obtinendam
1835 3618 1849 3654 :
1900 3616 2023 3655 cum

437 3687 599 3741 etiam
629 3687 755 3742 mali
783 3703 881 3758 pro
924 3704 1054 3759 pace
1080 3705 1297 3745 suorum
1326 3692 1668 3763 belligerem,
1703 3708 2024 3764 omnesque,

437 3778 483 3833 si
517 3779 740 3847 possint,
771 3794 899 3835 suos
939 3780 1117 3836 facere
1140 3782 1323 3848 velim,
1352 3792 1409 3836 ut
1433 3783 1521 3837 ttni
1548 3784 1725 3838 cuncti
1756 3794 1810 3840 et
1833 3792 2026 3840 cuncta

436 3868 765 3937 deserviant;
815 3888 924 3943 quo
968 3886 1143 3944 pacto,
1198 3875 1297 3929 nisi
1343 3876 1397 3930 in
1442 3876 1558 3946 ejus
1607 3893 1791 3948 pacem
1843 3879 1887 3946 ',
1942 3877 2027 3934 vel

439 3963 691 4031 amando,
722 3964 805 4019 vel
832 3965 1068 4020 timendo
1089 3967 1463 4023 consentiant?
1492 3969 1580 4024 Sic
1608 3972 1748 4025 enim
1778 3971 2025 4040 superbia

440 4069 692 4124 perverse
732 4054 971 4111 imitatur
1021 4057 1211 4112 Deum.
1259 4058 1382 4113 Odit
1433 4075 1667 4131 namque
1696 4076 1817 4117 cum
1863 4062 2026 4117 sociis

437 4145 794 4215 aequalitatem
823 4147 925 4203 sub
967 4148 1058 4204 illo
1084 4162 1099 4201 :
1130 4148 1227 4205 sed
1276 4150 1556 4219 imponere
1586 4153 1698 4207 vult
1727 4154 1888 4209 sociis
1922 4152 2025 4208 do-

440 4238 789 4296 minationem
824 4255 975 4297 suam
1017 4257 1113 4312 pro
1161 4242 1272 4297 illo.
1300 4242 1425 4298 Odit
1451 4259 1579 4315 ergo
1598 4244 1795 4315 justam
1840 4262 2024 4316 pacem

438 4329 534 4384 Dei
561 4339 617 4385 et
634 4339 780 4385 amat
806 4331 1038 4402 iniquam
1071 4348 1258 4403 pacem
1284 4349 1430 4389 suam
1463 4353 1475 4389 :
1506 4352 1612 4391 non
1633 4352 1814 4393 amare
1845 4347 2022 4394 tamen

440 4426 886 4497 qualemcumque
934 4443 1119 4499 pacem
1162 4431 1311 4485 nullo
1363 4431 1525 4486 modo
1572 4441 1766 4501 potest.
1810 4432 2024 4487 Nullum

440 4520 637 4591 quippe
661 4521 846 4575 vitium
882 4520 953 4576 ita
981 4530 1165 4577 contra
1192 4532 1435 4578 naturam
1465 4531 1567 4588 est,
1600 4534 1656 4579 ut
1691 4534 1896 4580 natura:
1934 4526 2028 4581 de-

443 4611 549 4666 leat
575 4612 734 4667 etiam
762 4620 1001 4668 extrema
1030 4615 1272 4684 vestigia.

515 4703 571 4757 5.
606 4704 787 4774 Itaque
824 4718 1009 4773 pacem
1039 4705 1340 4775 iniquorum
1377 4706 1429 4761 in
1457 4706 1601 4776 pacis
1631 4707 2028 4777 comparatione

442 4793 709 4865 justorum
732 4796 820 4851 ille
842 4796 1005 4859 videt,
1028 4811 1128 4851 nec
1151 4811 1335 4867 pacem
1360 4811 1481 4854 esse
1504 4798 1806 4861 dicendam,
1824 4802 1909 4870 qui
1935 4816 2030 4853 no-

442 4886 521 4940 vit
564 4901 876 4957 prazponere
927 4896 1071 4943 recta
1113 4889 1288 4959 pravis
1339 4895 1393 4944 et
1442 4889 1685 4944 ordinata
1732 4892 2024 4961 perversis.

442 4982 595 5051 Quod
624 4992 799 5039 autem
820 5000 1128 5056 perversum
1156 4996 1258 5053 est,
1306 4987 1407 5043 hoc
1433 4990 1592 5044 etiam
1623 5006 1842 5047 necesse
1868 5000 1950 5047 est
1974 5000 2031 5047 ut

447 5076 501 5131 in
537 5075 709 5147 aliqua
740 5086 791 5133 et
818 5092 883 5133 ex
909 5079 1083 5149 aliqua
1109 5091 1306 5137 etcum
1347 5082 1520 5154 aliqua
1550 5100 1727 5138 rerttm
1758 5098 1908 5155 parte
1936 5100 2029 5154 pa-

444 5179 623 5225 catum
649 5168 737 5233 sit,
770 5169 822 5224 in
853 5170 1043 5240 quibus
1070 5180 1172 5239 est,
1195 5174 1279 5227 vel
1304 5185 1373 5229 ex
1404 5175 1595 5245 quibus
1620 5185 1861 5242 constat;
1895 5176 2028 5230 alio-

446 5264 573 5335 quin
618 5262 748 5319 nihil
777 5272 920 5319 esset
965 5263 1203 5319 omnino.
1234 5265 1394 5321 Velut
1438 5269 1482 5322 si
1531 5270 1808 5339 quisquam
1856 5268 2030 5337 capite

446 5358 695 5413 deorsum
719 5358 966 5429 pendeat,
992 5373 1274 5428 perversos
1300 5369 1382 5413 est
1411 5360 1592 5429 utique
1617 5361 1751 5414 situs
1788 5361 2031 5430 corporis

445 5457 501 5504 et
525 5449 659 5504 ordo
686 5449 1086 5517 membrorum;
1113 5449 1322 5521 quia'id
1356 5450 1495 5521 quod
1524 5451 1756 5521 desuper
1783 5467 1905 5508 esse
1935 5469 2031 5508 na-

445 5550 561 5597 tura
583 5542 834 5612 postulat,
860 5543 1042 5598 subter
1057 5550 1157 5605 est,
1186 5551 1240 5597 et
1264 5540 1405 5613 quod
1426 5541 1512 5596 illa
1539 5542 1724 5597 subter
1749 5543 1863 5597 vult
1887 5558 2025 5609 esse,

444 5634 678 5705 desuper
706 5633 902 5690 factum
932 5644 1017 5690 est
1040 5652 1054 5700 ;
1081 5635 1415 5690 conturbavit
1440 5634 1461 5667 ³
1493 5635 1667 5691 carnis
1699 5650 1882 5706 pacem
1928 5635 2028 5689 ista

510 5728 527 5791 ξ
554 5726 631 5791 sic
647 5727 973 5791 manuscripti.
990 5727 1108 5791 Editi
1132 5741 1269 5787 vero,
1292 5726 1551 5791 satagebat.

509 5787 531 5855 ξ
554 5788 688 5855 Editl,
712 5786 807 5839 nisi
829 5786 951 5855 ιιιξίιι
993 5788 1097 5847 cits
1121 5786 1493 5855 ptirent._A_bEst,
1526 5796 1591 5851 ut,
1619 5803 1645 5841 ει
1674 5789 2025 5855 manuscriptts.

513 5850 532 5882 ³
556 5849 628 5899 sic
654 5857 759 5899 Mss.
783 5849 899 5899 Edili
918 5864 1054 5910 vero,
1079 5852 1389 5902 conturbabit.

1414 348 1500 403 DE
1538 345 1857 404 CIVITATE
1898 348 2033 419 DEI,
2070 348 2129 405 S.
2170 346 2537 405 AUGUSTINI
3581 349 3663 406 6i!)

2118 461 2473 533 perversitas,
2504 469 2558 517 et
2589 458 2708 517 ideo
2731 466 2812 515 est
2839 458 3061 515 molesta
3098 474 3114 513 :
3148 464 3503 513 verumtamen
3521 460 3667 515 anima

2113 553 2323 623 corpori
2346 568 2444 608 suo
2472 561 2659 622 pacata
2704 561 2807 617 est,
2852 560 2906 608 et
2931 566 3025 622 pro
3052 550 3180 620 ejus
3203 546 3379 603 salute
3403 549 3597 619 satagit,
3626 560 3673 605 et

2116 645 2236 701 ideo
2264 653 2347 701 est
2372 644 2463 715 qui
2479 644 2697 710 doleat;
2726 660 2845 713 qua
2865 645 2909 698 si
2935 643 3201 699 molestiis
3232 640 3352 711 ejus
3372 641 3566 694 exclusa
3588 642 3675 697 dis-

2113 738 2366 803 cesserit,
2408 736 2638 808 quandiu
2672 736 3031 792 membrorum
3065 742 3258 790 manet
3296 748 3571 804 compago.
3595 752 3679 790 non

2115 837 2199 884 est
2221 828 2339 884 sine
2360 829 2587 899 quadam
2614 829 2848 899 partium
2877 843 3010 898 pace
3037 826 3191 898 quod
3222 836 3485 889 remanet,
3513 835 3559 879 et
3587 827 3684 880 ideo

2116 912 2292 968 adhuc
2331 913 2530 983 estqui
2580 913 2829 983 pendeat.
2862 914 2928 967 Et
2959 912 3103 983 quod
3137 921 3422 966 terrenum
3448 924 3624 981 corpus
3647 914 3690 967 in

2120 1013 2314 1058 terram
2356 1004 2562 1069 nititur,
2607 1011 2661 1059 et
2687 1004 2901 1059 vinculo
2926 1018 3033 1073 quo
3057 1016 3397 1072 suapensum
3440 1010 3519 1054 est
3540 1003 3691 1055 reniti-

2119 1101 2223 1161 tur,
2252 1092 2306 1147 in
2327 1107 2436 1148 sum
2459 1094 2604 1163 pacis
2627 1094 2870 1149 ordinem
2889 1092 3078 1159 tendit,
3102 1100 3165 1147 et
3183 1092 3371 1146 locum
3398 1104 3502 1161 quo
3524 1093 3701 1162 requie-

2118 1194 2229 1239 scat
2254 1183 2651 1253 quodammodo
2690 1183 2942 1255 ponderis
2973 1198 3103 1239 voce
3132 1182 3343 1253 poscit,
3369 1182 3580 1252 jamque
3596 1198 3702 1236 exa-

2119 1274 2263 1329 nime
2277 1290 2341 1330 ac
2356 1276 2473 1329 sine
2487 1274 2593 1329 ullo
2610 1289 2792 1342 sensu,
2817 1290 2847 1329 a
2871 1290 3000 1346 pace
3017 1284 3207 1330 tamen
3234 1273 3471 1327 naturali
3497 1275 3573 1327 sui
3592 1274 3705 1328 ordi-

2120 1367 2203 1422 nis
2230 1383 2335 1421 non
2365 1367 2589 1432 recedit,
2612 1368 2697 1422 vel
2721 1383 2843 1423 cum
2863 1377 3008 1423 tenet
3028 1383 3180 1433 eam,
3214 1366 3309 1421 vel
3335 1380 3460 1420 eum
3482 1364 3637 1420 fertur
3656 1366 3708 1420 ad

2119 1475 2261 1515 eam.
2290 1459 2346 1515 Si
2367 1461 2508 1515 enim
2536 1460 2893 1517 adhibeantur
2934 1461 3371 1524 medicamenta,
3403 1467 3559 1528 atque
3577 1474 3713 1514 cura-

2122 1553 2217 1620 tio,
2258 1569 2375 1623 quae
2396 1552 2623 1607 formam
2652 1553 2930 1611 cadaveris
2955 1553 3187 1608 dissolvi
3230 1551 3512 1618 dilabique
3545 1568 3641 1605 non
3663 1552 3717 1605 si-

2121 1647 2267 1711 nat‘,
2299 1645 2474 1701 adhuc
2505 1663 2605 1717 pax
2639 1645 2879 1717 qutudam
2909 1657 3087 1716 partes
3134 1646 3396 1717 partibus
3432 1643 3617 1714 jungit,
3646 1654 3715 1699 to-

2123 1744 2339 1809 tamque
2365 1739 2560 1793 molem
2582 1739 2811 1810 applicat
2837 1747 3051 1793 terreno
3071 1746 3129 1792 et
3155 1736 3541 1797 convenienti,
3558 1751 3615 1789 ac
3638 1751 3719 1803 per

2124 1829 2227 1885 hoc
2292 1830 2414 1885 loco
2452 1841 2661 1900 pacato.
2691 1830 2746 1885 Si
2797 1838 2975 1885 autem
3027 1828 3176 1884 nulla
3254 1827 3579 1882 adhibeatur
3612 1840 3719 1880 cura

2122 1918 2473 1986 cnndiendi',
2512 1921 2607 1976 sed
2651 1920 2874 1974 naturali
2919 1918 3100 1974 cursui
3149 1917 3522 1988 relinquatur,
3545 1916 3719 1970 tamdiu

2123 2013 2274 2083 quasi
2344 2014 2693 2068 tumultuatur
2748 2013 3132 2070 dissidentibus
3188 2011 3621 2068 exaltationibus
3672 2017 3719 2063 et

2126 2113 2312 2160 nostro
2352 2105 2842 2161 inconvenientibus
2877 2106 3059 2161 sensui
3105 2122 3119 2158 :
3169 2104 3230 2159 id
3290 2104 3445 2159 enim
3493 2100 3718 2171 estquod

2124 2192 2180 2250 in
2230 2206 2418 2266 putore
2469 2198 2730 2264 sentitur,
2786 2196 2958 2252 donec
3022 2195 3211 2251 mundi
3277 2194 3573 2251 conveniat
3623 2192 3718 2246 cle-

2125 2288 2341 2354 mentis,
2373 2297 2427 2344 et
2457 2288 2508 2343 in
2531 2304 2719 2344 eorum
2762 2304 2944 2358 pacem
2972 2288 3355 2359 particulatim
3384 2285 3715 2356 paulatimque

2125 2382 2385 2438 discedat.
2438 2383 2597 2439 Nullo
2645 2383 2805 2438 modo
2859 2393 3034 2438 tamen
3093 2382 3223 2437 inde
3277 2379 3491 2450 aliquid
3538 2378 3715 2447 legibus

2125 2475 2321 2530 summi
2352 2475 2492 2530 illius
2516 2476 2787 2531 Creatoris
2828 2475 3279 2543 Ordinatorisque
3324 2469 3663 2533 subtrahitur,
3688 2484 3713 2521 a

2126 2581 2233 2636 quo
2277 2581 2381 2635 pax
2428 2566 2795 2621 universitatis
2831 2565 3244 2620 administratur
3295 2582 3310 2617 :
3360 2562 3489 2633 quia
3537 2561 3629 2614 eLsi
3660 2558 3714 2614 de

2126 2649 2392 2721 cadavere
2421 2650 2638 2721 majoris
2677 2650 2963 2704 animantis
2987 2649 3241 2703 animalia
3274 2648 3492 2702 minuta
3520 2659 3711 2699 nascan-

2130 2751 2217 2795 tur
2240 2784 2255 2807 ,
2288 2742 2475 2797 eadem
2503 2742 2620 2813 lege
2653 2742 2921 2797 Creatoris
2958 2756 3185 2811 quasque
3213 2739 3545 2808 corpuscula
3588 2739 3632 2791 in
3652 2750 3711 2789 sa

2128 2832 2253 2887 Iutis
2284 2849 2416 2903 pace
2462 2835 2574 2889 suis
2600 2833 2850 2889 animulis
2879 2834 2901 2866 ⁸
2926 2834 3170 2889 serviunt
3199 2853 3218 2888 :
3257 2834 3367 2888 etsi
3411 2841 3710 2885 mortuorum

2129 2939 2322 2980 carnes
2348 2924 2416 2979 ab
2454 2926 2572 2980 aliis
2600 2925 2919 2981 animalibus
2942 2924 3298 2989 devorentur,
3346 2922 3564 2978 easdem
3595 2921 3709 2988 leges

2130 3032 2227 3087 per
2255 3026 2447 3073 cuncta
2477 3016 2696 3071 diffusas
2722 3016 2787 3070 ad
2813 3016 3036 3070 salutem
3062 3016 3282 3085 generis
3308 3013 3573 3082 cujusque
3595 3023 3709 3061 mor-

2131 3106 2338 3171 talium,
2366 3122 2604 3177 congrua
2631 3107 2886 3177 congruis
2908 3104 3278 3177 pacificantes,
3307 3111 3703 3174 quaquaversum

2130 3197 2426 3266 trahantur,
2450 3207 2505 3253 et
2530 3197 2690 3253 rebus
2712 3198 3133 3266 quibuscumque
3153 3195 3480 3265 jungantur,
3503 3192 3617 3246 etin
3638 3202 3706 3242 γε

2128 3290 2394 3361 quaslibet
2428 3299 2808 3347 convertantur
2845 3298 2901 3344 et
2954 3295 3396 3350 commutentur,
3440 3281 3700 3338 inveniunt.

2128 3404 2356 3460 CAPUT
2395 3403 2536 3459 Xlll.
2565 3433 2635 3446 —-
2662 3402 2741 3460 De
2785 3419 2911 3475 pace
2948 3403 3244 3468 universali,
3288 3416 3408 3471 qua:
3432 3400 3558 3452 inter
3588 3406 3707 3462 quo

2203 3496 2322 3551 libet
2352 3495 2751 3567 perturbationes
2793 3495 2982 3566 privari
3021 3511 3122 3548 non
3173 3502 3340 3563 potest
3388 3492 3495 3558 lege
3518 3496 3698 3545 natura.

2202 3589 2325 3642 dum
2345 3587 2437 3641 sub
2454 3588 2597 3658 justo
2630 3587 2810 3657 judice
2850 3588 2917 3639 ad
2942 3586 2996 3640 id
3015 3586 3225 3656 quisque
3257 3582 3491 3656 pervenit
3517 3577 3698 3633 ordine-

2202 3680 2357 3745 tt'one,
2385 3679 2521 3749 quod
2548 3679 2726 3732 meruit
2745 3678 3019 3732 voluntate.
3318 3678 3329 3682 ’

2203 3792 2255 3847 1.
2288 3791 2393 3847 Pax
2429 3791 2606 3862 itaque
2652 3791 2929 3861 corporis,
2956 3798 3038 3845 est
3081 3788 3331 3844 ordinata
3380 3788 3698 3856 temperatura

2131 3884 2385 3955 partium.
2437 3884 2543 3938 Pax
2592 3884 2785 3939 anima:
2832 3881 3178 3947 irrationalis,
3227 3881 3474 3936 ordinata
3518 3873 3693 3944 requies

2130 3975 2538 4045 appetitionum.
2584 3973 2691 4029 Pax
2723 3972 2919 4028 anima:
2960 3973 3256 4038 rationalis,
3284 3972 3525 4027 ordinata
3549 3962 3697 4036 cogni-

2133 4067 2291 4120 tionis
2317 4066 2647 4135 actionisque
2676 4065 2976 4120 consensio.
3011 4064 3119 4119 Pax
3142 4066 3387 4136 corporis
3417 4072 3471 4118 et
3515 4059 3690 4118 animzc.

2132 4156 2375 4219 ordinata
2403 4158 2511 4212 vita
2534 4168 2589 4212 et
2617 4158 2761 4211 salus
2790 4156 3101 4210 animantis.
3134 4156 3244 4210 Pax
3273 4156 3503 4211 hominis
3526 4160 3688 4206 morta-

2132 4250 2197 4304 lis
2224 4261 2278 4305 et
2304 4251 2397 4305 llei
2426 4250 2467 4316 ⁸,
2492 4249 2733 4304 ordinata
2757 4250 2807 4303 in
2841 4249 2943 4303 fide
2963 4250 3062 4303 sub
3086 4258 3287 4302 mterna
3319 4249 3433 4318 lege
3458 4242 3675 4301 obedien-

2133 4344 2225 4398 tia.
2257 4343 2368 4399 Pax
2409 4344 2705 4411 hominum,
2745 4342 2985 4397 ordinata
3024 4341 3336 4396 concordia.
3369 4342 3471 4395 Pax
3511 4337 3685 4395 domui.

2132 4439 2378 4494 ordinata
2407 4436 2698 4507 imperandi
2726 4446 2885 4506 atque
2922 4433 3203 4491 obediendi
3247 4430 3523 4489 concordia
3547 4425 3678 4484 colla-

2132 4530 2438 4586 bitantiutn.
2486 4531 2591 4584 Pax
2642 4527 2900 4591 civitatis,
2936 4526 3181 4581 ordinata
3226 4524 3512 4595 imperandi
3553 4527 3679 4585 atque

2126 4621 2418 4677 'obediendi
2460 4620 2746 4674 concordia
2793 4619 3009 4673 civium.
3045 4617 3154 4671 Pax
3196 4617 3436 4672 cmlestis
3471 4607 3673 4669 civitatis.

2134 4713 2531 4769 ordinatissima
2556 4709 3055 4767 eteoncordissima
3098 4708 3335 4762 societas
3376 4702 3566 4761 fruendi
3593 4697 3677 4752 Deo

2133 4816 2189 4862 et
2213 4805 2439 4860 invicem
2468 4804 2520 4859 in
2566 4804 2694 4858 Deo.
2724 4801 2831 4855 Pax
2863 4800 3102 4855 omnium
3131 4814 3312 4853 rerum
3337 4839 3352 4864 ,
3385 4789 3676 4864 tranquillitas

2134 4898 2357 4954 ordinis.
2408 4895 2553 4952 Ordo
2606 4902 2688 4950 est
2729 4895 2936 4964 parium
2984 4892 3388 4961 dispar-irimque
3426 4901 3583 4946 rerum
3605 4893 3673 4934 sua

2135 4992 2330 5061 cuique
2361 4991 2478 5045 loca
2501 4989 2739 5043 tribuens
2768 4984 3069 5056 dispositio.
3102 4983 3335 5038 Proinde
3354 4980 3539 5045 miseri,
3563 4974 3672 5046 quia,

2136 5083 2188 5138 in
2217 5092 2474 5154 quantum
2524 5079 2705 5135 miseri
2752 5086 2896 5142 sunt,
2929 5076 3113 5145 utique
3158 5074 3210 5129 in
3262 5089 3394 5145 pace
3429 5087 3525 5128 non
3553 5072 3669 5123 sunt.

2138 5172 2521 5245 tranquillitate
2557 5169 2772 5242 quidem
2804 5167 3012 5225 ordinis
3047 5174 3253 5233 carent,
3285 5166 3374 5221 ubi
3404 5154 3672 5250 perturbatio

2137 5266 2280 5321 nulla
2310 5271 2393 5319 est
2425 5281 2441 5321 :
2467 5270 2833 5318 verumtamen
2867 5258 2991 5329 quia
3037 5256 3229 5312 merito
3266 5255 3505 5327 justeque
3532 5250 3666 5305 miseri

2137 5367 2279 5425 sunt,
2309 5358 2361 5413 in
2387 5371 2451 5413 ea
2478 5370 2689 5428 quoque
2735 5352 2846 5424 ipsa
2895 5367 2993 5408 sua
3024 5350 3237 5406 miseria
3271 5361 3458 5421 praeter
3479 5344 3666 5402 ordinem

2201 5537 2218 5568 ί
2244 5533 2344 5586 Sola
2366 5533 2514 5584 editio
2537 5540 2665 5590 l.ov.,
2687 5529 2862 5581 sinant.

2199 5600 2219 5631 ³
2245 5599 2396 5647 Nostri
2418 5596 2612 5645 codices
2630 5630 2643 5654 ,
2668 5591 2984 5657 rqndmdi.“
3023 5598 3079 5638 at.
3359 5652 3393 5657 η
3484 5612 3495 5619 -
3594 5629 3645 5657 ﬂ.

2203 5644 2383 5729 {:t‘ind.
2414 5644 2465 5708 et
2496 5644 2749 5719 Ani.,'sui.s
2766 5651 3073 5705 cubitalibus.
3118 5644 3329 5699 Nonnulli
3358 5652 3476 5703 Mss,
3514 5644 3658 5693 ειιὶωη·

2135 5722 2380 5857 "ﬂagitia,
2410 5787 2454 5835 et
2482 5779 2569 5833 Dei
2590 5777 2888 5847 numerariis.
2912 5778 3073 5838 abest,
3102 5768 3389 5832 mmwrtatis,
3411 5782 3435 5817 a
3456 5757 3656 5817 itth

2141 5856 2250 5910 [-tts.
