3826 6496
126 394 208 451 6M
1308 385 1504 441 LlBEll
1550 382 1839 439 DECIMUS
1874 382 2117 441 NONUS.

120 520 354 563 essenon
386 510 641 574 possunt;
672 516 776 556 non
820 500 1031 571 quidem
1058 501 1325 569 conjuncti
1361 501 1547 562 beatis,
1588 498 1683 553 sed

121 600 178 650 ab
204 597 278 650 eis
314 604 493 647 tamen
515 592 714 646 ordinis
734 592 846 661 lege
868 592 1113 661 scjuncti.
1146 591 1244 657 Qui
1271 606 1390 645 cum
1421 593 1535 644 sine
1566 605 1688 658 pcr-

124 685 413 737 lurhatione
442 690 563 737 sunt
592 683 631 747 ‘,
659 681 821 735 rebus
866 680 918 733 in
949 681 1137 749 quibus
1167 688 1310 746 sunt,
1344 689 1689 749 quantacum-

121 789 211 843 que
250 773 597 842 congruentia
637 779 951 838 coaptantur
988 788 1002 823 :
1038 786 1099 823 ac
1130 785 1223 838 per
1268 769 1367 823 hoc
1395 780 1475 823 est
1514 770 1565 822 in
1610 768 1689 823 eis

122 864 311 917 ordinis
359 861 616 915 nonnulla
667 860 1064 929 tranquillitas:
1098 860 1235 915 inest
1280 877 1405 929 ergo
1437 860 1689 914 nonnulla

122 968 234 1024 pax.
292 951 488 1005 \‘erum
520 950 640 1004 ideo
681 950 860 1004 miseri
900 958 1043 1012 sunt,
1078 951 1221 1019 quia,
1271 950 1370 1005 etsi
1428 949 1479 1003 in
1519 950 1691 1019 aliqua

124 1042 398 1097 securitate
428 1056 532 1094 non
557 1040 759 1105 dolent,
794 1056 897 1094 non
921 1048 1096 1093 tamen
1139 1040 1209 1093 ibi
1235 1048 1379 1105 sunt,
1402 1040 1492 1093 ubi
1518 1040 1691 1095 securi

123 1149 229 1190 esse
253 1148 314 1187 ac
336 1133 522 1187 dolere
552 1148 659 1186 non
676 1132 905 1187 debeant
930 1150 943 1185 :
968 1132 1272 1187 miseriores
1286 1142 1483 1198 autem,
1516 1133 1558 1187 si
1592 1148 1693 1202 pax

124 1226 190 1278 eis
216 1238 333 1277 cum
366 1224 479 1292 ipsa
510 1224 626 1293 lege
652 1238 757 1278 non
787 1232 889 1289 est,
932 1238 1032 1292 qua
1064 1224 1317 1278 naturalis
1354 1223 1484 1278 ordo
1526 1223 1697 1279 adrni-

125 1316 380 1371 nistl'atur.
406 1312 538 1369 Cum
562 1324 736 1367 autem
759 1313 959 1379 dolent,
984 1328 1052 1369 ex
1076 1328 1179 1383 qua
1208 1322 1355 1383 parte
1380 1314 1578 1378 dolent,
1607 1330 1697 1384 pa-

125 1404 193 1459 cis
216 1406 540 1474 perturbatio
566 1404 701 1461 facta
724 1415 834 1459 est:
864 1405 915 1459 in
946 1405 1032 1458 illa
1055 1420 1182 1458 vero
1204 1405 1375 1459 adhuc
1398 1422 1494 1473 pax
1517 1414 1619 1471 est,
1644 1405 1695 1459 itt

125 1511 215 1565 qua
236 1510 333 1550 nec
362 1495 519 1550 dolor
543 1496 666 1559 urit,
698 1510 795 1549 nec
819 1510 1073 1564 compago
1095 1494 1205 1564 ipsa
1234 1495 1557 1550 dissolvitur.
1584 1496 1699 1551 Sic-

126 1593 177 1638 ut
205 1600 328 1656 ergo
370 1594 456 1641 est
488 1585 728 1657 qumdam
772 1585 876 1639 vita
928 1586 1043 1639 sine
1076 1584 1283 1650 dolore,
1325 1586 1477 1639 dolor
1521 1595 1696 1640 autem

126 1676 227 1730 sine
269 1677 444 1746 aliqua
490 1676 596 1729 vita
625 1691 744 1731 esse
791 1690 894 1729 non
948 1686 1122 1745 potest
1154 1692 1167 1728 :
1196 1677 1274 1729 sic
1300 1687 1378 1730 est
1410 1692 1509 1745 pax
1554 1692 1700 1746 qum-

134 1767 241 1821 dam
264 1768 380 1821 sine
408 1768 517 1821 ullo
540 1767 700 1834 bello,
727 1767 921 1821 bellum
948 1783 1073 1821 vero
1098 1782 1215 1821 esse
1233 1767 1347 1821 sine
1370 1768 1543 1838 aliqua
1573 1782 1701 1837 pace

132 1872 226 1911 non
255 1866 471 1926 potest;
519 1874 629 1911 non
659 1857 948 1912 secundum
991 1857 1041 1911 id
1082 1858 1223 1927 quod
1254 1859 1448 1912 bellum
1481 1868 1579 1922 est,
1609 1859 1701 1913 sed

131 1948 402 2002 secundum
432 1949 483 2002 id
514 1948 654 2018 quod
683 1950 751 2003 ab
780 1949 857 2003 cis
880 1949 959 2003 vel
994 1949 1045 2002 in
1080 1950 1159 2002 eis
1184 1949 1386 2019 geritur
1409 1990 1424 2013 ,
1461 1966 1578 2019 qua:
1604 1951 1701 2005 ali-

130 2053 232 2105 quae
248 2050 450 2093 natura:
476 2049 599 2093 sunt
630 2056 643 2092 :
668 2039 807 2109 quod
828 2039 1145 2093 nullomodo
1165 2048 1362 2106 essent,
1383 2041 1425 2093 si
1446 2056 1550 2095 non
1573 2056 1701 2110 qua-

131 2121 377 2201 licumque
419 2147 547 2201 pace
582 2132 953 2186 subsisterent.

188 2220 237 2273 2.
269 2222 605 2291 QuaprOpIer
646 2231 832 2276 natura
875 2232 955 2276 est
980 2263 995 2288 ,
1031 2220 1081 2274 in
1113 2237 1215 2291 qua
1248 2221 1451 2276 nullum
1498 2223 1694 2277 malum

132 2324 220 2380 est,
240 2315 319 2369 vel
349 2315 511 2369 etiam
541 2316 592 2369 in
620 2330 721 2384 qua
751 2314 951 2367 nullum
981 2323 1148 2382 potest
1175 2329 1294 2367 esse
1321 2314 1517 2368 malum
1545 2332 1557 2366 :
1582 2330 1701 2370 esse

130 2415 287 2459 autem
319 2414 533 2469 natura,
566 2406 618 2458 in
649 2420 751 2473 qua
784 2404 983 2457 nullum
1016 2404 1210 2457 bonum
1243 2405 1332 2469 sit,
1366 2420 1473 2459 non
1504 2413 1697 2473 potest.

134 2500 343 2559 Proinde
371 2515 473 2555 nec
498 2499 664 2568 ipsius
692 2498 889 2553 diaboli
922 2506 1130 2563 natura,
1148 2497 1200 2551 in
1228 2506 1483 2566 quantum
1513 2508 1698 2553 natura

130 2598 235 2657 est,
278 2591 476 2645 malum
503 2596 589 2644 est
619 2604 634 2642 :
666 2588 757 2643 sed
806 2588 1125 2658 perversitas
1151 2603 1270 2641 eam
1312 2589 1507 2643 malam
1554 2588 1698 2643 facit.

132 2682 294 2752 Itaque
320 2683 372 2736 in
401 2682 629 2737 veritate
656 2696 761 2735 non
786 2680 932 2735 stetit
964 2680 1139 2751 (Jama.
1170 2696 1259 2734 vni
1282 2721 1296 2745 ,
1329 2681 1419 2751 44)
1448 2721 1464 2743 .
1492 2681 1584 2735 sed
1613 2698 1702 2738 ve-

132 2771 284 2841 ritatis
304 2772 568 2841 judicium
594 2787 699 2825 non
729 2772 893 2825 evasit
921 2788 934 2824 :
962 2771 1013 2824 in
1037 2772 1057 2801 ³
1088 2769 1290 2824 ordinis
1322 2772 1702 2841 tranquillitate

135 2878 224 2917 non
260 2868 493 2931 mansit,
526 2880 626 2920 nec
667 2866 786 2919 ideo
818 2873 993 2917 tamen
1024 2879 1052 2916 a
1084 2871 1345 2934 potestate
1369 2863 1702 2920 Ordinatoris

134 2954 317 3023 ellugit.
349 2956 555 3009 Bonum
591 2955 704 3019 Dei,
738 2954 879 3024 quod
913 2954 987 3007 illi
1016 2965 1096 3007 est
1126 2954 1176 3008 in
1205 2963 1411 3017 natura,
1448 2970 1549 3008 non
1578 2970 1701 3010 eum

136 3046 378 3100 subtrahit
399 3048 626 3116 justitize
654 3046 767 3111 Dei,
790 3061 891 3115 qua
919 3043 1195 3099 ordinatur
1220 3045 1271 3098 in
1298 3060 1455 3115 pmna
1476 3062 1489 3096 :
1512 3060 1611 3100 nec
1631 3046 1701 3101 ibi

135 3135 258 3195 Deus
302 3138 504 3193 bonum
550 3138 846 3209 insequitur
891 3136 1031 3207 quod
1077 3137 1314 3203 creavit,
1364 3137 1455 3191 sed
1502 3138 1700 3192 malum

133 3232 257 3301 quod
299 3230 387 3289 ille
433 3230 719 3288 commisit.
768 3227 951 3299 Neque
979 3228 1313 3283 enim-totum
1343 3227 1517 3283 aufert
1559 3229 1700 3300 quod

134 3337 316 3383 natura:
342 3328 531 3393 dedit;
565 3327 657 3381 sed
684 3321 879 3395 aliquid
911 3321 1131 3383 adimit,
1163 3320 1359 3390 aliquid
1405 3321 1697 3390 relinquit,

134 3423 183 3468 ut
219 3418 284 3472 sit
327 3420 417 3489 qui
449 3417 628 3472 doleat
652 3415 795 3487 quod
839 3409 1024 3468 adimit
1054 3410 1096 3463 ³.
1132 3408 1199 3464 Et
1228 3411 1339 3480 ipse
1367 3409 1521 3464 dolor
1551 3410 1701 3465 testi-

135 3509 349 3562 monium
394 3518 481 3563 est
507 3508 631 3563 boni
659 3506 889 3577 adempti
936 3513 990 3560 et
1034 3505 1155 3558 boui
1183 3502 1377 3558 relicti.
1406 3501 1515 3556 Nisi
1559 3503 1700 3556 enim

136 3594 308 3653 bonum
355 3600 603 3655 relictum
634 3605 812 3662 esset,
858 3598 1052 3651 bonum
1095 3597 1347 3650 amissum
1378 3592 1564 3649 dolere
1595 3608 1699 3647 non

138 3697 312 3754 posset.
332 3689 464 3743 Nam
488 3688 578 3759 qui
606 3698 810 3757 peccat,
834 3687 981 3757 pejor
1007 3694 1106 3749 est,
1127 3686 1170 3740 si
1197 3687 1405 3740 [artatur
1428 3686 1481 3740 in
1505 3685 1701 3742 danmo

136 3779 396 3847 :equitalis.
429 3779 530 3847 Qui
562 3794 689 3832 vero
730 3777 998 3832 cruciatur
1021 3818 1036 3842 ,
1066 3777 1108 3831 si
1153 3776 1282 3830 nihil
1313 3776 1433 3831 inde
1462 3779 1701 3848 acquirat

138 3862 283 3931 boni,
326 3870 475 3925 dolet
519 3869 769 3922 damnum
817 3868 1023 3922 salutis.
1070 3868 1138 3921 Et
1183 3868 1430 3937 quoniam
1479 3869 1701 3938 aequitas

138 3971 189 4012 ac
232 3962 371 4016 salus
424 3972 706 4031 utrumque
758 3960 954 4015 bonum
985 3968 1103 4027 est,
1136 3960 1365 4030 bonique
1414 3962 1701 4017 amissione

140 4046 402 4107 dolendum
435 4063 516 4108 est
543 4054 716 4123 potius
743 4067 900 4121 quam
945 4051 1230 4105 lactandum
1259 4051 1341 4122 (si
1375 4059 1549 4106 tamen
1595 4068 1699 4107 non

140 4142 197 4194 sit
233 4145 592 4215 compensatio
638 4143 913 4207 melioris,
957 4143 1144 4196 melior
1190 4151 1271 4196 est
1314 4152 1490 4196 autem
1537 4144 1700 4198 animi

140 4236 356 4304 aequitas,
388 4252 546 4306 quam
576 4236 819 4306 corporis
845 4234 1087 4303 sanitas),
1118 4235 1356 4304 profecto
1382 4236 1702 4289 convenien-

143 4327 229 4382 tius
270 4331 497 4401 injuslus
523 4330 668 4385 dolet
710 4331 759 4383 in
788 4329 1049 4399 supplicio
1072 4370 1087 4393 ,
1116 4344 1274 4399 quam
1304 4329 1509 4381 larlatus
1537 4336 1617 4381 est
1647 4327 1698 4383 in

140 4418 335 4478 delicto.
384 4424 535 4479 Sicut
575 4437 703 4493 ergo
752 4422 931 4477 laetitia
977 4421 1171 4475 deserti
1217 4420 1340 4475 boni
1382 4421 1435 4474 in
1483 4430 1701 4489 peccato

141 4516 273 4570 testis
311 4527 393 4573 est
422 4516 710 4571 voluntatis
741 4515 931 4579 malae;
965 4514 1035 4567 ita
1074 4512 1228 4567 dolor
1269 4512 1449 4566 amissi
1481 4511 1604 4566 boni
1647 4512 1700 4567 in

141 4606 375 4675 supplicio
423 4609 573 4662 testis
620 4615 702 4660 est
748 4614 949 4659 natura:
994 4604 1169 4659 bonae.
1219 4602 1317 4669 Qui
1366 4602 1506 4656 enim
1555 4600 1703 4657 dolet

141 4698 368 4755 amissam
415 4711 617 4755 natura}
661 4714 769 4753 suae
817 4712 998 4767 pacem
1025 4738 1039 4762 ,
1069 4710 1133 4749 ex
1177 4694 1437 4763 aliquibus
1466 4694 1701 4764 reliquiis

142 4789 268 4853 pacis
308 4791 357 4844 id
385 4790 529 4846 dolet
552 4831 565 4851 ,
594 4789 784 4859 quibus
829 4788 884 4840 lit
907 4828 921 4852 ,
971 4794 1024 4839 nt
1056 4785 1155 4838 sibi
1183 4784 1349 4837 amica
1379 4794 1565 4837 natura
1609 4784 1696 4838 sit.

144 4874 239 4932 lloc
277 4891 450 4937 autem
477 4882 529 4935 in
573 4890 814 4936 extremo
842 4876 1102 4948 supplicio
1128 4886 1269 4930 recte
1312 4877 1369 4929 ﬁt
1392 4919 1405 4940 ,
1438 4885 1493 4929 ut
1538 4876 1699 4945 iniqui

144 4976 190 5021 et
227 4972 365 5041 impii
410 4972 728 5027 naturalium
760 4970 1019 5024 bonorum
1050 4968 1241 5023 damna
1286 4968 1337 5021 in
1382 4966 1701 5022 cruciatibus

144 5059 390 5131 deﬂeant,
443 5065 734 5120 sentientes
781 5076 964 5116 eorum
1013 5059 1302 5113 ablatorem
1347 5057 1700 5127 justissitnum

146 5148 329 5218 Deum,
375 5172 533 5229 quem
577 5160 1013 5224 contempserunt
1060 5152 1495 5222 benignissimum
1545 5150 1705 5222 largi-

147 5249 314 5301 torem.
344 5251 483 5307 Deus
508 5264 636 5320 ergo
666 5258 970 5302 naturarum
997 5244 1234 5299 omnium
1278 5243 1702 5313 sapientissimus

145 5340 361 5396 Conditor
410 5351 463 5397 ct
503 5340 830 5412 iustissimus
875 5337 1189 5403 ordinator,
1234 5335 1322 5406 qui
1368 5344 1701 5402 terrenarum

148 5441 555 5490 ornamentorum
598 5433 888 5488 maximum
916 5430 1143 5485 instituit
1168 5427 1387 5483 mortale
1413 5444 1579 5497 genus
1607 5427 1704 5482 hu-

149 5534 337 5580 manum
364 5571 377 5593 ,
420 5528 563 5581 dedit
605 5525 909 5580 hominibus
947 5522 1186 5593 quaedam
1233 5522 1369 5576 bona
1414 5520 1535 5574 huic
1579 5520 1702 5573 vine

150 5624 394 5685 congrua,
448 5618 499 5672 id
547 5627 664 5681 est,
718 5629 902 5685 pacem
952 5612 1294 5683 temporalem
1342 5626 1440 5682 pro
1489 5609 1703 5666 modulo

204 5727 218 5757 ⁸
242 5731 309 5778 sic
324 5738 425 5781 Mss.
451 5730 566 5778 mliti
593 5741 724 5782 vero,
750 5740 839 5776 non
855 5726 963 5775 sint.

203 5787 365 5855 fruiti,
390 5792 499 5855 quia
522 5804 589 5840 ιη.
608 5798 664 5855 at
685 5803 798 5855 mss.
827 5800 920 5835 non
942 5786 1143 5845 habent,
1168 5784 1299 5848 quia.

207 5848 224 5880 ⁸
243 5856 309 5903 Er.
334 5862 381 5903 ct
404 5848 530 5914 Eliso,
553 5850 746 5902 oderitis.

3261 387 3365 445 οιε

1797 497 2038 549 mortalis
2067 498 2185 549 vitae
2227 496 2277 549 in
2319 497 2429 566 ipsa
2455 497 2624 553 salute
2648 504 2702 553 et
2727 497 3087 554 incolumitate
3112 513 3173 553 ac
3197 499 3369 555 socie-

1793 595 1902 641 tate
1948 588 2027 641 sui
2072 588 2322 656 generis,
2353 599 2407 643 et
2446 603 2673 658 quicque
2718 588 2842 644 huic
2885 590 2999 658 paci
3030 590 3113 644 vel
3158 590 3369 643 tuendze

1792 679 1874 733 vel
1903 679 2278 748 recuperanda:
2320 680 2617 734 necessaria
2648 689 2812 747 sunt,
2839 681 2976 734 sicut
2999 696 3061 735 ea
3087 696 3205 750 quae
3246 686 3371 748 apto

1793 783 1856 823 ac
1879 769 2258 824 convenienter
2282 769 2522 838 adjacent
2546 771 2789 825 sensibus
2812 811 2827 835 ,
2858 771 2942 825 lux
2968 811 2981 834 ,
3010 786 3114 823 nox
3138 771 3153 801 ί
3183 810 3199 834 ,
3226 783 3371 823 aura:

1794 860 2072 930 spirabiles
2097 902 2112 926 ,
2143 875 2293 929 aquae
2322 862 2576 929 potabiles
2598 902 2612 925 ,
2642 870 2697 916 et
2724 862 2974 931 quidquid
3002 862 3068 916 ad
3094 861 3368 927 alendum,

1796 951 2101 1020 tegendum,
2129 951 2420 1005 curandum
2444 951 2845 1020 ornandumque
2873 968 3065 1022 corpus
3086 954 3329 1022 congruit
3352 966 3368 1004 :

1796 1056 1861 1097 eo
1882 1036 2040 1110 pacto
2067 1040 2389 1110 :equissimo,
2413 1043 2577 1111 utqui
2601 1043 2838 1097 mortalis
2864 1043 3056 1097 talibus
3080 1043 3231 1099 bonis
3254 1041 3372 1111 paci

1798 1132 2102 1187 mortalium
2130 1131 2542 1186 accommodatis
2585 1142 2730 1187 recte
2760 1149 2883 1187 usus
2913 1132 3071 1187 fuerit
3092 1174 3109 1199 ,
3151 1133 3375 1200 accipiat

1798 1224 2053 1293 ampliora
2101 1230 2258 1291 atque
2300 1223 2518 1277 meliora
2544 1264 2560 1288 ,
2606 1223 2773 1293 ipsam
2816 1224 3021 1279 scilicet
3061 1223 3377 1279 immortali-

1801 1314 1923 1367 tatis
1947 1328 2150 1382 pacem,
2181 1314 2336 1383 eique
2362 1314 2763 1369 convenientem
2789 1315 3011 1384 gloriam
3038 1323 3092 1369 et
3117 1314 3375 1369 honorem

1802 1402 1855 1457 in
1903 1402 2009 1457 vita
2054 1413 2251 1457 mtcrna
2299 1404 2364 1456 ad
2414 1404 2692 1458 fruendum
2740 1405 2887 1469 Deo,
2934 1414 2989 1459 et
3034 1405 3278 1474 proximo
3324 1406 3377 1460 in

1804 1495 1913 1549 Deo
1946 1512 1957 1547 :
1989 1495 2077 1565 qui
2105 1506 2281 1550 autem
2314 1511 2631 1565 perperam,
2659 1511 2757 1551 nec
2782 1496 2870 1551 illa
2896 1496 3159 1567 accipiat,
3186 1506 3241 1552 et
3266 1495 3379 1551 haec
3470 1526 3473 1527 ν

1802 1586 2025 1639 amittat.

1803 1695 2025 1752 CAPUT
2055 1697 2194 1753 XIV.
2225 1728 2295 1738 —
2323 1697 2401 1751 De
2425 1698 2601 1753 ordine
2623 1715 2684 1753 ac
2712 1699 2819 1771 lege
2840 1742 2855 1767 ,
2886 1702 2989 1755 sive
3029 1702 3215 1755 caelesti
3238 1741 3254 1767 ,
3281 1702 3383 1756 sive

1874 1800 2089 1855 terrena,
2115 1808 2204 1860 per
2226 1808 2375 1860 quam
2397 1793 2621 1845 societati
2644 1792 2879 1846 [mutante
2899 1794 3048 1846 etiam
3073 1792 3383 1847 dominantia

1873 1884 2170 1949 consulitur,
2192 1884 2274 1936 cui
2293 1892 2339 1937 et
2360 1883 2666 1937 consulendo
2685 1885 2916 1938 servitur.

1873 1994 2058 2048 Omnis
2100 1995 2256 2063 igitur
2283 2008 2412 2049 usus
2441 2010 2618 2048 rerum
2663 1994 3031 2065 temporalium
3058 1993 3290 2050 refertur
3315 1992 3382 2047 ad

1803 2082 2031 2138 fructum
2061 2094 2285 2139 terrena:
2313 2085 2457 2153 pacis
2485 2085 2534 2138 in
2562 2085 2771 2139 civitate
2812 2096 3020 2138 terrena
3054 2101 3068 2137 :
3102 2085 3153 2138 in
3179 2081 3384 2140 cmlcsti

1804 2185 1979 2229 autem
2028 2176 2241 2230 civitate
2287 2174 2517 2229 refertur
2564 2174 2630 2229 ad
2680 2174 2907 2229 fructum
2957 2176 3101 2245 pacis
3146 2185 3383 2229 ceterum.

1804 2268 2137 2338 Quapropter
2170 2268 2215 2322 si
2262 2268 2585 2323 irrationalia
2613 2283 2852 2323 essemus
2895 2268 3180 2323 animantia
3207 2311 3222 2335 ,
3254 2268 3386 2325 nihil

1804 2368 2176 2427 appeteremus
2201 2365 2393 2427 prmter
2407 2357 2703 2412 ordinatam
2730 2367 3139 2429 temperaturam
3160 2359 3387 2429 partium

1804 2448 2043 2517 corporis
2071 2457 2125 2502 et
2157 2448 2393 2518 requiem
2420 2449 2804 2518 appetitionum
2839 2466 2853 2501 :
2886 2450 3015 2503 nihil
3042 2464 3169 2519 ergo
3197 2457 3389 2518 praeter

1804 2541 2036 2610 quietem
2063 2540 2238 2593 carnis
2263 2547 2317 2594 et
2344 2540 2550 2609 copiam
2577 2539 2930 2609 voluptatum,
2953 2550 3011 2594 ut
3030 2542 3051 2571 ³
3076 2552 3173 2609 pax
3199 2554 3390 2609 corpo-

1805 2631 1878 2687 ris
1904 2630 2180 2702 prodesset
2205 2632 2319 2701 paci
2346 2632 2559 2685 animm.
2585 2632 2640 2686 Si
2667 2634 2807 2686 enim
2831 2631 2965 2686 dc~il
2995 2647 3095 2702 pax
3125 2632 3388 2701 corporis,

1806 2722 2092 2792 impeditur
2109 2723 2267 2778 etiam
2287 2722 2608 2777 irrationalis
2634 2738 2735 2793 pax
2760 2724 2981 2787 anim-.e;
3001 2723 3123 2792 quia
3151 2724 3390 2793 requiem

1805 2817 2190 2886 appetitionum
2219 2815 2473 2886 consequi
2514 2831 2621 2870 non
2663 2826 2860 2886 potest.
2893 2815 3186 2885 Utrumque
3212 2826 3391 2871 autem

1805 2909 1964 2963 simul
1990 2909 2036 2963 ei
2068 2909 2179 2979 paci
2209 2909 2444 2978 prodest,
2476 2924 2633 2978 quam
2668 2910 2807 2963 inter
2833 2924 2890 2963 se
2916 2908 3111 2963 habent
3136 2908 3310 2963 anima
3336 2915 3393 2964 et

1806 3015 2000 3070 corpus
2025 3041 2040 3063 ,
2071 3000 2120 3054 id
2149 3010 2229 3054 est
2252 3042 2267 3066 ,
2298 3000 2554 3053 ordinata:
2579 3000 2697 3053 vita?
2724 3015 2786 3053 ac
2830 2999 3033 3052 salutis.
3060 3000 3208 3054 Sicut
3246 2999 3389 3057 enim

1806 3107 1989 3161 pacem
2018 3092 2255 3160 corporis
2283 3106 2464 3144 :unare
2502 3105 2562 3146 se
2592 3090 2879 3144 ostendunt
2906 3090 3195 3144 animantia
3221 3131 3236 3153 ,
3266 3105 3391 3147 cum

1808 3184 2009 3254 fugiunt
2025 3183 2283 3247 dolorem;
2307 3194 2355 3236 et
2376 3198 2556 3252 pacem
2576 3184 2788 3249 animm,
2806 3200 2928 3239 cum
2948 3182 3164 3254 propter
3179 3184 3393 3254 explen-

1805 3275 1902 3330 das
1939 3275 2254 3345 iudigentias
2277 3275 2658 3345 appetitionum
2698 3278 3019 3345 voluptatem
3046 3286 3340 3345 sequuntur
3373 3292 3388 3331 :

1807 3366 1877 3422 ita
1922 3374 2147 3421 mortem
2178 3365 2423 3435 fugiendo
2452 3367 2580 3420 satis
2610 3366 2845 3421 indicant
2885 3376 3139 3437 quantum
3168 3367 3392 3437 diligant

1805 3478 1991 3533 pacem
2017 3504 2032 3529 ,
2060 3478 2161 3532 qua
2198 3462 2298 3516 sibi
2342 3461 2695 3516 conciliantur
2720 3463 2895 3516 anima
2939 3472 2993 3517 et
3034 3477 3249 3531 corpus.
3281 3460 3391 3517 Sed

1806 3554 1929 3622 quia
1958 3552 2157 3607 homini
2186 3552 2459 3607 rationalis
2485 3554 2661 3607 anima
2705 3553 2878 3619 inest,
2912 3561 3077 3607 totum
3108 3554 3209 3607 hoc
3248 3550 3390 3622 quod

1807 3643 1968 3700 habet
1994 3660 2279 3699 connuune
2304 3660 2423 3698 cum
2454 3644 2637 3698 bestiis
2659 3684 2675 3710 ,
2719 3644 2896 3698 subdit
2926 3643 3041 3713 paci
3082 3646 3274 3697 anima:
3301 3658 3390 3697 ra-

1808 3737 2042 3802 tionalis,
2074 3747 2130 3790 ut
2156 3745 2334 3791 mente
2357 3735 2552 3805 aliquid
2581 3735 2988 3805 contempletur,
3017 3746 3071 3790 et
3097 3734 3390 3792 secundum

1808 3830 1910 3886 hoc
1935 3829 2135 3899 aliquid
2162 3840 2282 3899 agat
2306 3869 2321 3893 ,
2365 3838 2419 3881 ut
2444 3829 2513 3881 sit
2536 3828 2585 3881 ei
2612 3829 2849 3882 ordinata
2878 3829 3197 3899 cognitionis
3220 3828 3390 3883 actio-

1807 3923 1997 3993 nisque
2026 3921 2308 3976 consensio
2331 3962 2346 3985 ,
2373 3937 2532 3991 quam
2562 3936 2742 3989 pacem
2773 3921 3049 3975 rationalis
3090 3921 3281 3975 anima:
3305 3920 3393 3975 di-

1807 4026 2076 4066 xeramus.
2106 4012 2188 4066 Ad
2217 4013 2317 4066 hoc
2342 4013 2484 4065 enim
2526 4012 2663 4067 velle
2688 4012 2848 4068 debet
2890 4029 2987 4068 nec
3014 4012 3200 4067 dolore
3227 4012 3396 4068 mole.

1806 4102 1957 4169 stari,
1986 4116 2085 4155 nec
2113 4101 2380 4156 desiderio
2408 4102 2726 4171 perturbari,
2750 4118 2852 4157 nec
2875 4113 3046 4157 morte
3071 4103 3313 4169 dissolvi,
3336 4114 3395 4159 ut

1805 4194 2001 4265 aliquid
2028 4194 2155 4249 utile
2170 4202 2477 4264 cognoscat,
2495 4203 2549 4247 et
2573 4194 2865 4248 secundum
2891 4210 3008 4249 eam
3034 4194 3392 4264 cognitionem

1806 4287 1967 4341 vitam
2011 4300 2292 4356 moresque
2338 4294 2643 4354 componat.
2676 4284 2782 4340 Sed
2827 4301 2895 4340 ne
2940 4286 3054 4355 ipso
3097 4285 3275 4341 studio
3301 4302 3396 4342 eo.

1805 4376 2058 4447 guitionis
2109 4385 2325 4445 propter
2375 4374 2623 4430 humana:
2674 4376 2869 4430 mentis
2921 4376 3281 4431 inﬁrmitatem
3336 4377 3391 4432 in

1806 4481 2012 4542 pestem
2030 4469 2254 4539 alicujus
2268 4470 2468 4525 erroris
2486 4470 2740 4533 incurrat,
2760 4483 2895 4538 opus
2914 4467 3070 4523 habet
3087 4469 3393 4538 magisterio

1807 4565 1987 4621 divino
2010 4605 2025 4628 ,
2055 4564 2141 4619 cui
2167 4572 2345 4618 certus
2366 4562 2737 4630 obtemperet,
2766 4571 2819 4615 et
2844 4559 3111 4629 adjutorio
3135 4600 3151 4627 ,
3179 4570 3234 4615 ut
3256 4560 3395 4616 liber

1808 4658 2161 4726 obtemperet.
2191 4654 2259 4710 Et
2284 4654 2558 4725 quoniam,
2582 4653 2834 4724 quamdiu
2860 4662 2943 4709 est
2969 4653 3019 4706 in
3049 4653 3152 4708 isto
3178 4652 3392 4709 mortali

1807 4764 2053 4819 corpore,
2078 4747 2444 4818 peregrinatur
2470 4762 2501 4801 a
2534 4745 2757 4805 Domino
2782 4760 2797 4808 ;
2825 4744 3063 4799 ambulat
3087 4759 3183 4814 per
3208 4744 3392 4813 tidem,

1809 4854 1915 4894 non
1942 4854 2037 4908 per
2064 4838 2295 4906 speciem
2314 4836 2379 4909 (ll
2397 4836 2513 4890 Cor.
2533 4852 2584 4902 v,
2609 4837 2643 4891 6
2660 4845 2706 4889 et
2727 4834 2815 4907 7):
2839 4850 2905 4891 ac
2930 4851 3024 4905 per
3050 4836 3153 4891 hoc
3178 4851 3395 4893 omnem

1809 4945 1993 5001 pacem
2019 4930 2105 4985 vel
2146 4929 2387 4998 corporis
2410 4968 2426 4993 ,
2457 4926 2541 4982 vel
2580 4927 2775 4982 anima:
2797 4967 2813 4994 ,
2844 4927 2928 4982 vel
2955 4927 3111 4982 simul
3154 4929 3401 4997 corporis

1807 5030 1864 5076 et
1886 5020 2099 5086 animas,
2126 5020 2290 5075 refert
2313 5019 2379 5074 ad
2408 5020 2549 5073 illam
2578 5034 2785 5088 pacem,
2810 5034 2929 5089 qua:
2957 5018 3160 5073 homini
3185 5018 3397 5075 mortali

1809 5120 1894 5168 est
1916 5128 2038 5167 cum
2068 5110 2354 5165 immortali
2384 5110 2529 5173 Deo;
2564 5119 2619 5163 ut
2643 5109 2694 5165 ei
2723 5110 2793 5164 sit
2819 5109 3061 5164 ordinata
3086 5110 3139 5163 in
3167 5108 3272 5163 (ide
3296 5109 3399 5164 sub

1812 5214 2014 5261 teterna
2040 5203 2156 5273 lege
2182 5200 2507 5257 obedientia.
2550 5199 2667 5254 Jam
2699 5215 2825 5255 vero
2849 5201 2970 5270 quia
2998 5200 3103 5254 duo
3130 5198 3397 5268 praecipua

1812 5302 2114 5366 prrecepta,
2164 5292 2267 5347 hoc
2291 5300 2411 5358 est,
2456 5291 2794 5347 dilectionem
2823 5290 2919 5344 Dei
2962 5298 3016 5343 et
3055 5288 3395 5343 dilectionem

1814 5386 2082 5457 proximi,
2112 5386 2271 5440 docet
2294 5385 2547 5453 magister
2572 5384 2709 5437 Deus
2732 5397 2747 5443 ;
2777 5381 2832 5434 in
2856 5380 3047 5449 quibus
3075 5380 3172 5433 tria
3198 5379 3401 5435 invenit

1816 5480 1976 5534 homo
2005 5492 2124 5547 qua:
2149 5477 2371 5547 diligat,
2403 5476 2569 5531 Deum
2593 5512 2608 5537 ,
2637 5487 2695 5527 se
2722 5472 2894 5540 ipsum
2915 5511 2932 5536 ,
2960 5478 3015 5525 et
3056 5469 3355 5539 proximum
3380 5482 3398 5534 ;

1875 5660 1891 5690 ι
1934 5657 2005 5704 sic
2040 5668 2101 5704 ex
2128 5654 2411 5704 auctoritate
2437 5661 2542 5702 slss.
2569 5651 2840 5715 legendum
2871 5648 3252 5715 judicatjlorel,
3292 5649 3374 5700 Ele

1810 5726 1963 5768 ment.
2007 5717 2181 5773 uitia,
2211 5728 2321 5777 pag.
2371 5715 2475 5764 1255.
2518 5720 2568 5763 In
2604 5709 2672 5777 li,
2699 5712 2785 5764 tua“.
2822 5709 2915 5765 ista
2952 5709 3148 5762 visibilis
3171 5748 3185 5772 ,
3230 5724 3401 5778 amr,

1813 5786 1909 5829 etc.
1976 5785 2034 5825 at.

1878 5841 1899 5873 ⁸
1922 5840 2025 5887 sola
2050 5837 2199 5887 editio
2216 5844 2326 5887 ιον.
2347 5843 2411 5888 et.
