3882 6396
541 348 645 404 διδ

542 472 700 530 atque
728 459 815 513 ille
845 452 896 513 ln
926 468 982 512 se
1010 446 1277 525 diligendo
1304 465 1407 507 non
1434 462 1576 508 errat
1603 454 1689 523 qui
1716 452 1885 522 diligit
1914 455 2075 507 Deum
2103 469 2116 507 :

543 567 876 619 consequens
925 558 1043 614 cst,
1093 557 1151 602 ut
1193 547 1355 601 etiam
1403 545 1645 615 proximo
1688 544 1752 597 ad
1799 544 2120 612 diligendum

542 642 709 698 Ileum
736 641 999 702 consulat,
1023 654 1181 708 quem
1208 637 1421 707 jubetur
1446 638 1582 689 sicut
1607 651 1664 689 se
1686 636 1855 705 ipsum
1880 635 2118 704 diligere.

541 736 631 791 Sic
660 735 829 797 uxori,
860 734 934 787 sic
963 731 1101 795 liliis,
1132 732 1210 785 sic
1236 729 1565 794 domesticis,
1594 730 1670 783 sic
1696 728 1904 781 exteris
1933 726 2125 796 quibus

538 825 771 895 potuerit
816 822 1153 886 hominibus;
1203 830 1258 876 et
1303 820 1368 874 ad
1413 820 1513 874 hoc
1555 820 1654 873 sibi
1685 835 1713 872 a
1747 820 2028 887 proximo,
2078 818 2121 871 si

540 916 677 971 forte
704 916 903 985 indiget
927 956 941 979 ,
970 913 1173 969 consuli
1199 913 1328 967 Velit
1359 928 1371 963 :
1404 927 1465 965 ac
1494 926 1585 981 per
1612 910 1711 963 hoc
1737 910 1839 964 erit
1866 918 2081 978 pacatus
2107 949 2121 973 ,

538 1017 795 1077 quantum
825 1008 875 1060 in
922 1007 1036 1075 ipso
1062 1013 1144 1059 est
1166 1046 1179 1069 ,
1210 1004 1354 1058 omni
1384 1002 1583 1057 homini
1608 1043 1622 1066 ,
1651 1016 1779 1071 pace
1806 1000 2079 1056 hominum
2104 1040 2120 1067 ,

537 1098 590 1152 id
617 1108 698 1153 est
719 1097 959 1151 ordinata
986 1096 1270 1151 concordia
1292 1111 1303 1146 :
1325 1096 1475 1164 cujus
1502 1094 1587 1148 hic
1612 1094 1743 1146 ordo
1766 1102 1869 1159 est,
1893 1093 2121 1161 primum
2152 1144 2165 1159 ,

540 1198 597 1242 ιιι
625 1188 755 1242 nulli
800 1196 1024 1253 noceat,
1053 1185 1247 1241 deinde
1274 1194 1330 1241 ut
1369 1186 1527 1239 etiam
1551 1184 1718 1255 prosit
1743 1185 1827 1238 cui
1868 1184 2119 1253 patuerit.

537 1280 788 1334 Primitus
831 1294 958 1349 ergo
986 1279 1123 1332 inest
1164 1278 1212 1331 ei
1240 1291 1457 1331 suorum
1501 1291 1627 1329 cura
1663 1293 1675 1328 :
1708 1274 1774 1328 ad
1810 1289 1901 1329 eos
1928 1273 2121 1342 quippe

539 1370 698 1425 habet
715 1372 1149 1440 opportuniorem
1165 1368 1560 1436 facilioremque
1576 1366 1773 1420 aditum
1788 1366 2118 1430 consulendi,

539 1462 627 1514 vel
674 1471 877 1515 naturm
922 1460 1146 1522 ordine,
1194 1460 1279 1513 vel
1328 1459 1493 1528 ipsius
1537 1456 1808 1511 societatis
1852 1457 2117 1510 humana}.

537 1551 689 1607 Unde
715 1552 1000 1621 Apostolus
1026 1552 1152 1605 dicit
1185 1568 1195 1602 :
1233 1550 1469 1618 Quisquis
1494 1560 1660 1601 autem
1684 1550 1809 1613 suis,
1836 1557 1880 1602 et
1906 1549 2122 1601 maxime

538 1644 821 1699 domesticis
849 1661 950 1697 non
979 1644 1201 1713 providet
1226 1684 1239 1706 ,
1269 1643 1420 1710 ﬁdem
1448 1641 1657 1712 denegat
1682 1680 1698 1705 ,
1740 1650 1785 1693 et
1829 1651 1897 1693 est
1925 1640 2122 1708 inﬁdeli

538 1735 752 1789 deterior
772 1735 810 1805 (Ι
836 1734 969 1789 Tim.
988 1751 1039 1797 v,
1060 1735 1132 1805 8).
1157 1734 1290 1788 llinc
1319 1734 1495 1802 itaque
1522 1734 1680 1786 etiam
1711 1747 1810 1801 pax
1828 1730 2119 1785 domestica

535 1826 725 1890 oritur,
761 1824 810 1878 id
842 1834 943 1889 est,
975 1825 1213 1878 ordinata
1246 1822 1537 1892 imperandi
1568 1821 1955 1890 obediendique
1984 1836 2116 1875 con-

536 1916 717 1968 cordia
744 1914 1181 1968 cohabitantium.
1215 1914 1481 1981 Imperant
1510 1913 1651 1966 enim
1677 1912 1764 1981 qui
1793 1911 2114 1965 consulunt:

533 2008 670 2061 sicut
698 2008 777 2061 vir
817 2007 976 2061 uxori
1002 2049 1014 2066 .
1050 2014 1297 2075 parentes
1327 2005 1447 2057 tiliis
1472 2043 1485 2069 ,
1516 2003 1716 2056 domini
1760 2002 1950 2055 servis.
1982 2001 2120 2056 Obe-

535 2099 687 2153 diunt
728 2108 905 2152 autem
932 2098 1122 2167 quibus
1166 2097 1461 2151 consolitur
1492 2113 1505 2149 :
1541 2096 1679 2148 sicut
1724 2094 1976 2147 mulieres
2006 2109 2119 2146 ma-

531 2188 650 2242 ritis
674 2228 689 2253 ,
723 2188 815 2241 lilii
863 2188 1170 2257 parentibus
1195 2228 1208 2252 ,
1242 2188 1386 2241 servi
1429 2185 1677 2239 dominis.
1709 2185 1811 2239 Sed
1858 2186 1908 2238 in
1958 2185 2117 2239 demo

528 2277 659 2348 justi
689 2279 917 2333 viventis
945 2294 1004 2332 ex
1054 2280 1153 2333 [ide
1179 2320 1194 2344 ,
1225 2288 1279 2332 et
1316 2276 1491 2331 adhuc
1535 2277 1601 2330 ab
1631 2277 1715 2331 illa
1742 2276 1945 2330 cmlesti
1989 2276 2118 2329 civi-

534 2379 642 2426 tate
692 2371 1114 2440 peregrinantis,
1168 2370 1329 2423 etiam
1377 2368 1466 2437 qui
1519 2370 1816 2436 imperant,
1873 2368 2118 2421 serviunt

533 2462 653 2528 eis,
685 2462 875 2532 quibus
920 2462 1167 2515 videntur
1212 2461 1495 2531 imperare.
1527 2460 1708 2528 Neque
1754 2460 1894 2513 enim
1939 2458 2114 2513 domi-

532 2553 693 2607 nandi
738 2553 1025 2621 cupiditate
1075 2554 1375 2622 imperant,
1408 2550 1501 2605 sed
1550 2546 1729 2603 ofﬁcio
1758 2550 2110 2614 consulendi;

532 2659 630 2698 nec
678 2644 1006 2715 principandi
1054 2644 1342 2713 superbia,
1392 2643 1486 2695 sed
1535 2640 1852 2712 providendi
1900 2640 2114 2695 miseri-

526 2736 727 2791 cordia.

528 2848 754 2905 CAPUT
784 2848 900 2904 XV.
931 2879 1001 2889 -
1030 2849 1105 2904 De
1143 2848 1369 2903 libertate
1393 2847 1615 2902 naturali
1640 2888 1654 2911 ,
1683 2855 1729 2901 et
1756 2847 1817 2901 de
1841 2848 2074 2902 servitute
2093 2879 2115 2915 ,

601 2943 748 3011 cujus
795 2942 956 3011 prima
984 2958 1137 2995 causa
1184 2951 1442 3011 peccatum
1484 2951 1595 3006 est,
1627 2957 1728 3011 qua
1770 2941 1919 2994 homo
1967 2941 2115 2995 malae

598 3027 872 3085 voluntatis
888 3031 1081 3084 etiamsi
1108 3048 1205 3084 non
1222 3040 1295 3084 est
1321 3032 1627 3101 mancipium
1643 3031 1850 3085 alterius
1871 3031 2109 3099 hominis,

598 3136 768 3175 servus
787 3132 860 3175 est
879 3122 1099 3192 propria:
1124 3122 1365 3176 libidinis.

600 3234 712 3289 lloc
740 3235 996 3289 naturalis
1025 3233 1158 3289 ordo
1186 3235 1478 3305 praescribit
1505 3252 1519 3303 ;
1550 3235 1621 3291 ita
1651 3235 1799 3292 Deus
1841 3234 2110 3292 hominem

526 3328 785 3383 condidit.
832 3328 961 3383 Nam
983 3370 999 3395 ,
1028 3328 1368 3397 Dominetur,
1402 3330 1608 3399 inquit,
1656 3330 1873 3400 piscium
1914 3331 2071 3385 maris
2092 3370 2109 3396 ,

525 3432 575 3474 et
616 3423 895 3477 volatilium
938 3424 1049 3476 ειτιὶ
1073 3465 1088 3487 ,
1116 3432 1161 3476 et
1204 3425 1427 3477 omnium
1472 3422 1749 3493 repentium
1775 3428 1890 3492 quae
1930 3428 2111 3493 repunt

522 3522 674 3585 super
720 3524 904 3568 terram
950 3514 1121 3584 (Gen.
1170 3530 1224 3578 ι,
1255 3513 1388 3583 26).
1423 3514 1752 3568 Rationalem
1796 3512 1995 3568 factum
2040 3512 2109 3567 ad

523 3602 807 3675 imaginem
835 3620 983 3660 suam
1012 3605 1175 3658 noluit
1200 3606 1301 3659 nisi
1332 3604 1781 3659 irrationabilibus
1806 3604 2067 3657 dominari
2090 3619 2105 3657 :

522 3708 629 3751 non
675 3697 945 3751 hominem
996 3696 1234 3761 homini,
1281 3695 1378 3750 sed
1424 3696 1693 3751 hominem
1738 3696 1936 3765 pecori.
1982 3696 2109 3752 Inde

522 3789 679 3856 primi
727 3789 894 3857 justi,
945 3798 1185 3855 pastores
1233 3802 1485 3857 pecorum
1535 3768 1701 3858 magis
1745 3803 1904 3858 quam
1954 3796 2109 3858 reges

521 3877 794 3934 hominum
812 3881 1082 3934 constituti
1104 3891 1259 3935 sunt:
1280 3888 1337 3933 ut
1355 3880 1514 3934 etiam
1532 3880 1610 3935 sic
1630 3880 1921 3936 insinuaret
1943 3882 2101 3946 Detts,

520 3970 645 4041 quid
672 3972 903 4040 postulet
928 3972 1060 4025 ordo
1084 3980 1470 4037 creaturarum,
1500 3971 1625 4043 quid
1652 3972 1828 4041 exigat
1856 3973 2106 4028 meritum

518 4072 877 4132 peccatorum.
897 4062 1142 4118 Conditio
1156 4064 1350 4133 quippe
1368 4065 1641 4118 servitutis
1655 4064 1774 4133 jure
1793 4064 2108 4135 intelligitur

520 4154 769 4223 imposita
824 4154 1108 4223 peccatori.
1140 4152 1371 4209 Proinde
1418 4168 1676 4224 nusquam
1708 4153 2104 4223 Scripturarutn

514 4244 740 4315 legimus
764 4258 975 4300 servum
1002 4287 1018 4311 ,
1062 4254 1343 4314 antequam
1388 4244 1491 4299 hoc
1516 4245 1773 4299 vocabulo
1797 4245 1908 4300 Noe
1930 4245 2103 4315 justus

513 4348 791 4409 peccatum
822 4338 911 4392 lilii
939 4338 1233 4393 vindicaret
1260 4337 1382 4410 (Id.
1414 4353 1469 4392 ix
1493 4380 1507 4401 ,
1538 4336 1665 4409 25).
1696 4338 1898 4392 Nomen
1926 4338 2103 4408 itaque

514 4429 655 4484 istud
680 4430 833 4499 culpa
862 4430 1074 4493 meruit,
1104 4444 1208 4483 non
1236 4437 1441 4482 natura.
1469 4428 1631 4498 Origo
1654 4437 1831 4482 autem
1856 4428 2101 4484 vocabuli

514 4535 789 4576 servorum
820 4522 872 4575 in
903 4522 1061 4575 latina
1088 4520 1264 4591 lingua
1308 4521 1432 4575 inde
1473 4520 1710 4577 creditur
1733 4520 1891 4575 ducta
1914 4562 1931 4587 ,
1958 4521 2101 4591 quod

512 4607 567 4670 lli
614 4617 701 4686 qui
744 4617 863 4685 jure
908 4617 1035 4671 belli
1081 4625 1303 4686 possent
1346 4614 1552 4677 occidi,
1586 4629 1615 4667 a
1648 4614 1938 4669 victoribus
1978 4629 2100 4669 cum

508 4709 876 4771 servabantur,
900 4710 1037 4763 servi
1062 4709 1276 4773 ﬁebant,
1311 4724 1341 4762 ο
1370 4707 1631 4763 servando
1654 4707 1934 4777 appellati;
1958 4707 2100 4777 quod

510 4800 669 4853 etiam
700 4800 869 4868 ipsum
899 4801 1014 4855 sine
1036 4801 1235 4869 peccati
1261 4801 1451 4854 merito
1475 4816 1578 4854 non
1605 4808 1707 4854 est.
1734 4799 1863 4853 Nam
1892 4808 1946 4854 et
1974 4815 2099 4854 cum

508 4890 711 4958 justum
758 4891 959 4960 geritur
1004 4891 1241 4958 bellum,
1290 4906 1386 4960 pro
1428 4902 1648 4963 peccato
1691 4900 1745 4946 et
1773 4907 1801 4945 a
1831 4893 2099 4949 cOntrario

515 4979 799 5033 dimicatur
828 4981 844 5011 ί
880 4996 894 5033 :
924 4989 978 5035 et
1001 4981 1175 5036 omnis
1199 4982 1439 5047 victoria,
1468 4998 1588 5037 cum
1615 4983 1773 5037 etiam
1798 4984 1951 5039 malis
1977 4998 2102 5052 ριόα

512 5071 697 5137 venit,
724 5070 905 5126 divino
939 5071 1139 5141 judicio
1162 5074 1331 5128 victos
1368 5073 1613 5128 bumiliat
1637 5117 1651 5139 ,
1680 5075 1761 5129 vel
1807 5075 2098 5131 emendans

508 5172 723 5234 peccata
750 5206 765 5231 ,
797 5165 879 5220 vel
922 5166 1167 5235 puniens.
1214 5166 1388 5222 Testis
1415 5174 1498 5222 est
1539 5167 1701 5221 homo
1729 5167 1823 5222 Del
1871 5167 2091 5233 Daniel,

506 5270 627 5310 cum
670 5250 723 5311 in
770 5257 1076 5326 captivitate
1120 5258 1363 5328 positus,
1393 5267 1609 5329 peccata
1655 5273 1748 5313 sua
1779 5269 1833 5313 et
1877 5268 2092 5327 peccata

505 5350 686 5419 populi
714 5348 795 5403 sui
821 5351 1104 5404 conﬁtetur
1131 5350 1240 5404 Deo
1265 5380 1280 5415 ,-
1309 5360 1363 5403 et
1389 5350 1525 5405 hanc
1548 5363 1668 5404 esse
1708 5365 1921 5405 causam
1952 5350 2092 5407 illius

506 5442 825 5515 captivitatis
848 5442 934 5510 pio
958 5442 1140 5497 dolore
1169 5450 1388 5496 testatur
1416 5440 1575 5512 (Dan.
1605 5457 1682 5507 nt,
1712 5441 1885 5512 5-49).
1914 5442 2091 5498 Prima

506 5546 634 5603 ergo
671 5533 940 5588 servitutis
966 5548 1123 5587 causa
1152 5543 1427 5602 peccatum
1452 5541 1572 5599 est;
1604 5541 1660 5587 ut
1700 5532 1861 5589 homo
1890 5533 2090 5589 homini

562 5646 611 5713 ᾖ.
637 5644 770 5694 Vind.
797 5652 897 5694 Am.
926 5645 1197 5713 etmaliquot
1222 5653 1347 5698 MSS"
1371 5657 1461 5709 pro
1481 5651 1675 5707 peccato
1694 5658 1720 5696 e
1752 5646 1993 5713 contrario
2016 5646 2092 5713 di-

506 5706 730 5768 micatur.
768 5713 842 5754 Fr.
871 5714 920 5755 et
938 5706 1017 5755 alii
1040 5706 1234 5768 quidam
1259 5706 1384 5765 Mss;
1409 5720 1499 5767 pro
1520 5715 1713 5767 peccato
1735 5707 1974 5757 contrario
2011 5706 2089 5757 di-

498 5764 730 5875 micaturi
748 5792 810 5801 —
845 5769 997 5816 Nostri
1018 5764 1229 5827 codices,
1254 5781 1342 5831 pro
1363 5764 1555 5832 peccato
1575 5783 1601 5820 e
1625 5768 1866 5821 contrario
1885 5768 2089 5821 dimica-

1627 328 1711 393 nt:
1753 324 2068 393 CIVITATE
2112 326 2241 401 out.
2283 340 2343 396 s.
2380 331 2739 397 AL’CIZSTlNl
3636 350 3711 415 eu

2229 455 2546 509 conditionis
2567 456 2772 509 vinculo
2795 454 3109 511 subderetur
3139 473 3152 509 :
3187 459 3327 527 quod
3353 476 3448 513 non
3474 463 3522 515 lit
3542 466 3620 520 nisi
3639 469 3717 525 nco

2222 546 2494 615 judicante
2518 589 2533 613 ,
2583 546 2719 617 apud
2750 563 2905 617 quem
2957 563 3060 602 non
3092 558 3171 603 est
3219 550 3456 620 iniquitas
3479 596 3493 618 ,
3534 566 3577 610 et
3611 564 3722 618 norit

2227 636 2468 691 diversas
2516 653 2700 707 poenas
2750 638 2955 693 meritis
3000 638 3319 696 distribuere
3362 642 3721 714 delinquentium.

2227 729 2374 785 Sicut
2399 739 2577 785 autem
2616 742 2875 800 supernus
2905 731 3156 785 Deminus
3182 732 3311 787 dicit
3333 777 3346 799 ,
3377 734 3537 791 Omnis
3557 741 3626 808 qui
3643 742 3725 808 facit

2227 833 2485 893 peccatum
2509 864 2523 889 ,
2552 839 2721 878 servus
2747 834 2819 878 est
2844 825 3035 892 peccati
3056 827 3076 895 (
3097 824 3254 878 Joan.
3285 843 3371 881 vm
3393 870 3405 890 .
3432 828 3529 899 δι)
3558 848 3569 881 :
3594 846 3643 886 ac
3660 850 3728 901 per

2228 912 2330 968 hoc
2355 914 2504 967 multi
2522 913 2733 983 quidem
2758 914 2990 984 religiosi
3010 914 3243 970 dominis
3267 918 3468 988 iniquis,
3486 936 3576 975 non
3599 932 3728 980 tamen

2229 1003 2408 1059 liberis
2434 1004 2674 1061 serviunt
2706 1023 2718 1060 :
2750 1006 2793 1057 Α
2821 1022 2920 1077 quo
2946 1006 3078 1060 enim
3101 1008 3214 1077 quis
3238 1009 3451 1063 devictus
3472 1020 3563 1077 est,
3593 1006 3729 1069 hicat

2225 1098 2395 1151 seruus
2419 1098 2648 1151 addictus
2676 1108 2747 1151 est
2776 1098 2840 1169 (II
2873 1096 3014 1153 Petr.
3045 1115 3081 1153 ιι
3108 1141 3122 1167 ,
3156 1100 3270 1171 19).
3305 1101 3371 1155 Ει
3396 1103 3556 1173 utique
3579 1103 3731 1162 felicius

2226 1188 2457 1241 servitur
2498 1180 2697 1242 homini
2724 1230 2739 1253 ,
2767 1185 2923 1258 quam
2968 1188 3172 1243 libidini
3200 1207 3214 1253 ;
3246 1207 3368 1245 cum
3396 1194 3647 1248 s:evissitna
3667 1197 3733 1249 dos

2226 1272 2428 1332 mlnatu
2459 1288 2627 1334 vastet
2669 1278 2828 1333 corda
2877 1281 3177 1334 mortalium
3206 1323 3223 1347 ,
3254 1290 3314 1335 ut
3357 1283 3480 1337 alias
3515 1280 3732 1353 omittam,

2226 1368 2390 1423 libido
2438 1370 2550 1440 ipsa
2580 1370 2907 1424 dominandi.
2942 1372 3258 1426 Hominibus
3309 1382 3479 1427 autem
3518 1375 3596 1428 illo
3632 1380 3735 1445 pacis

2225 1461 2449 1525 ordine,
2479 1479 2585 1532 quo
2632 1462 2747 1517 aliis
2794 1463 2883 1516 alii
2934 1463 3161 1532 subjecti
3214 1473 3380 1529 sunt,
3411 1464 3536 1520 sicut
3576 1467 3736 1534 prodest

2224 1554 2496 1609 humilitas
2548 1555 2904 1610 servientibus
2937 1597 2952 1623 ,
3006 1556 3079 1609 ita
3132 1564 3297 1610 nocet
3345 1556 3570 1624 Superbia
3612 1560 3736 1613 domi-

2224 1645 2492 1700 nantibus.
2524 1646 2709 1699 Nullus
2752 1656 2928 1700 autem
2974 1655 3161 1700 natura
3190 1687 3205 1709 ,
3240 1646 3294 1699 in
3340 1661 3441 1715 qua
3481 1648 3607 1716 prius
3640 1649 3737 1705 Deus

2224 1735 2494 1791 hominem
2524 1737 2797 1801 Condidit,
2825 1752 3010 1790 servus
3051 1745 3133 1791 est
3161 1736 3398 1791 hominis
3421 1778 3434 1801 ,
3464 1747 3544 1790 aut
3568 1740 3734 1806 peccati.

2222 1827 2418 1883 Verum
2450 1837 2503 1882 et
2532 1828 2756 1897 poenalis
2798 1827 3027 1882 servitus
3072 1843 3133 1881 ea
3180 1828 3302 1897 lege
3332 1827 3617 1891 ordinatur,
3654 1844 3737 1898 qua

2223 1918 2513 1973 naturalem
2533 1918 2773 1973 ordinem
2789 1920 3091 1972 conservari
3115 1918 3295 1987 jubet,
3316 1919 3594 1987 perturbari
3606 1929 3735 1972 vetat:

2221 2009 2339 2078 quia
2358 2010 2402 2063 si
2429 2018 2610 2064 contra
2638 2024 2754 2062 eam
2782 2009 2949 2078 legem
2969 2024 3073 2062 non
3102 2017 3250 2063 esset
3274 2008 3617 2071 factum,nihil
3638 2018 3738 2064 esset

2222 2101 2417 2170 poenali
2474 2101 2732 2155 servitute
2790 2088 3169 2155 coercendum.
3236 2099 3467 2168 Ideoque
3516 2103 3738 2170 Apostolus

2220 2191 2379 2246 etiam
2408 2204 2589 2244 servos
2616 2198 2797 2244 monet
2821 2191 3058 2244 subditos
3085 2206 3208 2245 esse
3232 2190 3465 2245 dominis
3487 2192 3583 2244 suis
3601 2232 3613 2253 ,
3639 2200 3679 2244 et
3695 2207 3738 2245 ex

2219 2282 2398 2336 animo
2428 2282 2507 2335 eis
2532 2296 2650 2335 cum
2680 2280 2815 2335 bona
2837 2281 3106 2336 voluntate
3137 2282 3347 2336 servire
3368 2280 3569 2351 (Ephes.
3595 2298 3652 2347 vt,
3669 2285 3737 2351 5):

2219 2383 2279 2429 ut
2329 2375 2567 2438 scilicet,
2600 2374 2644 2427 si
2694 2389 2798 2428 non
2850 2385 3070 2444 possunt
3098 2390 3126 2428 a
3163 2376 3405 2429 dominis
3452 2375 3587 2428 liberi
3626 2373 3736 2439 ﬁeri,

2220 2481 2367 2522 suam
2396 2467 2707 2523 servitutem
2752 2467 2849 2536 ipsi
2881 2467 3281 2537 quodammodo
3307 2467 3523 2523 liberam
3562 2467 3735 2532 iaciant;

2217 2573 2324 2613 non
2354 2559 2543 2613 timore
2569 2558 2792 2611 subdolo
2817 2599 2831 2624 ,
2861 2558 2954 2612 sed
2994 2558 3137 2612 lldeli
3166 2558 3459 2614 dilectione
3483 2557 3735 2622 serviendo,

2218 2648 2388 2702 donec
2434 2656 2670 2702 transeat
2700 2648 2948 2717 iniquitas
2973 2689 2987 2713 ,
3019 2658 3073 2703 et
3118 2658 3414 2704 evacuatur
3456 2650 3609 2704 omnis
3633 2649 3736 2717 prius

2217 2739 2422 2808 cipatus
2446 2778 2461 2805 ,
2491 2749 2545 2794 et
2582 2748 2817 2809 potestas
2863 2739 3087 2794 humana
3114 2782 3131 2807 ,
3164 2750 3221 2795 et
3252 2742 3324 2795 sit
3353 2741 3489 2795 Deus
3527 2742 3671 2795 ocnnia
3704 2740 3738 2794 in

2216 2829 2485 2883 omnibus.

2379 2941 2602 2998 CAPUT
2643 2941 2779 2996 XVI.
2802 2972 2875 2982 —-
2912 2941 2988 2997 De
3012 2945 3157 3014 dequo
3176 2945 3307 3015 jure
3332 2944 3603 2998 dominandi

2285 3055 2542 3125 Quocirca
2573 3056 2782 3110 etiarnsi
2815 3054 3113 3110 habuerunt
3136 3072 3328 3112 servos
3352 3056 3475 3126 justi
3506 3065 3654 3126 patres
3674 3071 3738 3108 no-

2212 3148 2427 3211 stri,sic
2458 3146 2671 3216 quidem
2699 3146 3176 3201 administrabant‘
3209 3147 3548 3200 domesticam
3568 3160 3735 3222 pacem.

2213 3236 2581 3296 utsccundutu
2615 3237 2728 3296 hate
2754 3236 3063 3311 temporalia
3091 3235 3254 3307 bona,
3293 3243 3513 3299 filiorum
3539 3253 3697 3298 sortem
3715 3255 3735 3293 ι

2213 3346 2491 3387 scrvorum
2518 3334 2824 3389 conditione
2860 3334 3251 3405 distinguerent
3284 3353 3299 3401 ;
3342 3336 3406 3390 ad
3438 3337 3587 3390 Deum
3608 3346 3735 3389 autem

2213 3424 2521 3491 colendum,
2554 3426 2605 3479 in
2634 3442 2738 3495 quo
2767 3434 2968 3480 alterna
2994 3426 3130 3480 bona
3164 3429 3434 3496 speranda
3462 3436 3592 3491 sunt,
3610 3426 3735 3480 omni-

2213 3514 2313 3571 bus
2337 3516 2527 3571 domus
2555 3530 2664 3570 sua:
2691 3517 2945 3571 membris
2975 3518 3087 3587 pari
3120 3518 3414 3573 dilectione
3439 3518 3733 3572 consulerent.

2211 3607 2363 3675 Quod
2384 3600 2641 3662 naturalis
2658 3608 2790 3662 ordo
2818 3609 2888 3663 ita
2916 3610 3239 3678 prtescribit,
3269 3618 3328 3664 ut
3348 3619 3533 3665 nomen
3554 3618 3734 3679 patrum-

2211 3697 2442 3756 familias
2470 3701 2593 3755 hine
2618 3711 2861 3756 exortum
2893 3703 2961 3756 sit
2983 3744 2997 3766 ,
3026 3711 3081 3756 et
3111 3711 3219 3756 tam
3262 3704 3368 3757 late
3397 3703 3665 3772 vulgatum,
3695 3707 3734 3751 ut

2211 3794 2390 3863 inique
2420 3793 2578 3847 etiam
2610 3792 2947 3848 daminantes
2979 3793 3082 3849 hoc
3122 3810 3183 3849 se
3223 3794 3489 3865 gaudeant
3515 3792 3731 3863 appellari.

2210 3885 2309 3953 Qui
2330 3894 2505 3940 autem
2529 3887 2639 3940 veri
2663 3884 3073 3963 patreslamilias
3095 3897 3241 3954 sunt,
3262 3888 3503 3941 omnibus
3525 3887 3568 3939 in
3590 3884 3733 3938 familia

2210 3991 2305 4030 sua
2352 3972 2602 4048 tan'quam
2654 3978 2774 4031 filiis
2822 3978 2888 4032 ad
2911 3979 3227 4033 'colundum
3276 3989 3332 4034 et
3386 3976 3730 4049 promerendum

2213 4067 2376 4122 Deum
2405 4069 2721 4134 consulunt;
2753 4067 3117 4123 desiderantes
3142 4078 3308 4139 atque
3338 4078 3569 4138 aptantes
3596 4065 3731 4117 venire

2210 4160 2273 4214 ad
2298 4160 2569 4215 ctelcstem
2596 4160 2833 4225 domum,
2857 4161 2941 4215 ubi
2968 4162 3327 4215 necessarium
3354 4178 3454 4215 non
3476 4158 3726 4214 sitollicium

2210 4252 2504 4322 imperandi
2538 4253 2871 4317 mortalibus,
2903 4254 3022 4322 quia
3054 4255 3417 4308 necessarium
3445 4268 3542 4308 non
3568 4245 3726 4305 eritnl-

2208 4343 2387 4398 ficium
2418 4343 2729 4399 consulendi
2752 4345 2861 4413 jam
2894 4345 2945 4398 in
2974 4345 3063 4399 illa
3092 4346 3488 4400 immortalitate
3512 4342 3721 4398 felicibus:

2207 4453 2313 4507 quo
2336 4436 2507 4491 donec
2530 4438 2791 4495 veniatur.
2821 4437 2990 4507 magis
3012 4436 3211 4492 debent
3240 4447 3417 4507 patres
3441 4435 3568 4508 quod
3591 4432 3721 4487 domi-

2206 4537 2421 4591 nantur,
2463 4544 2620 4598 quam
2662 4530 2802 4583 servi
2836 4530 3065 4582 tolerare
3093 4528 3235 4599 quod
3281 4529 3528 4585 serviunt.
3564 4526 3608 4580 Si
3636 4520 3719 4591 quis

2205 4626 2381 4674 atttem
2431 4620 2482 4673 in
2524 4619 2685 4674 domo
2726 4636 2822 4690 per
2866 4620 3285 4675 inobedientiam
3323 4620 3603 4675 domestica:
3637 4612 3718 4685 pati

2204 4710 2536 4776 adversatur,
2580 4712 2891 4780 corripitur,
2921 4727 3015 4767 seu
3046 4711 3207 4766 verbo
3226 4754 3243 4780 ,
3273 4728 3367 4767 seu
3397 4711 3619 4770 verbere,
3650 4719 3715 4759 seu

2204 4801 2440 4872 quolibet
2467 4801 2572 4856 alio
2593 4817 2791 4871 genere
2832 4810 3003 4872 pinna:
3037 4803 3183 4872 justo
3212 4812 3371 4873 atque
3399 4803 3563 4863 licito,
3594 4810 3714 4867 quam

2207 4902 2314 4947 tum
2342 4894 2571 4947 societas
2599 4894 2831 4947 humana
2861 4895 3141 4959 concedit,
3175 4910 3270 4965 pro
3300 4895 3413 4963 ejus
3435 4892 3515 4963 qui
3540 4884 3709 4953 corriPi'

2202 4996 2290 5037 tur
2320 4983 2565 5049 utilitate,
2590 4991 2647 5036 ut
2672 4983 2788 5053 paci
2814 4982 2955 5037 unde
2982 4982 3284 5053 dissiluerat
3306 4990 3576 5051 coaptetur.
3602 4975 3709 5030 Sicut

2202 5077 2346 5132 enim
2379 5090 2481 5129 non
2510 5083 2593 5130 est
2621 5074 3005 5139 beneficentite,
3036 5075 3336 5146 adjuvando
3360 5073 3552 5130 eflicere
3575 5075 3618 5123 ut
3641 5065 3707 5119 bo-

2202 5180 2330 5222 num
2360 5166 2500 5237 quod
2531 5165 2702 5237 majus
2731 5175 2813 5220 est
2840 5167 3148 5232 amittatur;
3183 5167 3252 5220 ita
3284 5179 3383 5220 non
3413 5174 3487 5218 est
3513 5164 3705 5215 innocen-

2205 5262 2289 5315 tia:
2309 5301 2323 5322 .
2356 5258 2626 5330 parcendo
2657 5258 2835 5314 sinere
2866 5270 2921 5314 ut
2952 5260 3002 5314 in
3034 5260 3228 5314 malum
3254 5259 3453 5330 gravius
3479 5252 3697 5309 incidatur.

2203 5352 2444 5408 Pertinet
2469 5367 2597 5421 ergo
2634 5352 2697 5405 ad
2730 5352 3030 5407 innocentis
3060 5350 3290 5407 ofticium
3310 5394 3324 5417 ,
3350 5365 3446 5406 non
3470 5347 3609 5402 solum
3633 5350 3698 5394 ne-

2201 5446 2329 5500 mini
2355 5445 2548 5498 malum
2580 5444 2797 5507 inferre,
2822 5461 3006 5499 verum
3029 5446 3187 5499 etiam
3209 5443 3447 5500 cohibere
3468 5456 3491 5493 a
3514 5440 3691 5508 peccat".

2202 5536 2279 5589 Vel
2313 5536 2503 5605 punire
2535 5545 2838 5603 peccatum;
2871 5544 2925 5589 ut
2952 5544 3044 5589 aut
3071 5536 3185 5605 ipse
3211 5537 3294 5606 qui
3322 5532 3553 5604 plectitur,
3573 5520 3692 5577 corri-

2198 5635 2352 5697 gatur
2377 5626 2764 5695 experimento,
2795 5634 2887 5679 aut
2914 5627 3002 5681 alii
3034 5636 3331 5681 terreantur
3352 5619 3575 5687 exemplo.
3594 5609 3687 5680 ρυῑι

2200 5717 2357 5789 igitur
2376 5716 2604 5770 hominis
2621 5714 2813 5771 domus
2837 5718 3039 5771 initium
3065 5718 3176 5771 sive
3202 5714 3437 5787 particula
3455 5710 3581 5764 debet
3596 5709 3684 5755 0550

2266 5831 2283 5861 ι
2318 5837 2443 5890 δικ..
2469 5826 2539 5878 sic
2555 5824 2994 5891 administrabant,
3018 5828 3222 5891 omisso,
3245 5826 3434 5888 quidem.
