3882 6396
65 372 175 432 645
1343 369 1543 424 LIBER
1586 366 1877 424 DECISIUS
1916 369 2155 426 NONUS.

65 488 340 554 civitatis,
374 500 544 542 omne
572 499 747 539 autem
778 483 983 537 initimn
1011 481 1076 538 ad
1104 483 1333 553 aliquem
1365 482 1445 535 sui
1472 481 1685 550 generis

67 585 263 645 finem,
298 589 357 633 et
387 579 570 635 omnis
600 591 722 647 pars
750 575 814 629 ad
844 575 1109 637 universi,
1134 576 1286 643 cujus
1319 589 1440 643 pars
1465 581 1568 634 est,
1603 572 1687 625 in-

65 672 397 742 tegritatem
450 671 679 725 reiertur
712 686 726 721 :
759 669 888 721 satis
914 676 1137 736 apparet
1167 681 1287 721 esse
1314 680 1650 735 consequens
1670 705 1685 729 ,

66 773 125 817 ttt
153 763 221 815 ad
259 777 468 830 pacem
494 760 715 815 civicam
751 773 849 827 pax
876 758 1168 811 domestica
1193 756 1477 820 referatur,
1504 756 1555 809 id
1585 764 1686 821 est,

67 862 127 909 ut
156 854 431 907 ordinata
470 850 764 922 imperandi
796 849 1188 919 obedieudique
1215 846 1501 903 concordia
1523 846 1688 900 cobao

68 946 379 1000 bitantium
407 943 672 998 referatur
691 925 756 995 ad
785 940 1086 994 Ordinatam
1116 939 1408 1007 imperandi
1437 937 1692 993 obedien-

71 1037 243 1105 diquc
276 1034 643 1089 concordiam
675 1033 891 1087 civium.
929 1031 1002 1085 Ita
1036 1031 1114 1097 Iit,
1138 1041 1195 1085 ut
1222 1048 1284 1085 ex
1317 1031 1431 1100 lege
1452 1030 1692 1085 Civitatis

70 1135 365 1198 prmepta
398 1140 619 1179 sumere
649 1123 1084 1193 patremfamilias
1105 1132 1368 1191 oporteat,
1387 1122 1577 1191 quibus
1597 1120 1692 1174 do-

71 1234 221 1272 mum
258 1234 429 1272 suam
461 1218 538 1273 sic
567 1224 749 1287 regat,
789 1224 847 1270 ut
875 1216 943 1270 sit
984 1216 1099 1285 paci
1129 1214 1529 1269 accmnutodata
1559 1216 1576 1245 ί
1608 1213 1688 1269 ci-

70 1310 282 1363 vitatis.

72 1420 310 1477 CAPUT
356 1419 533 1475 XVII.
562 1450 633 1460 —
695 1419 842 1474 Unde
868 1419 1080 1474 cwlestis
1108 1420 1320 1473 societas
1344 1436 1460 1473 cum
1490 1428 1691 1474 terrena

259 1512 481 1564 ciuitate
507 1527 680 1579 pacem
709 1508 918 1575 habeat,
947 1520 995 1564 et
1027 1510 1158 1562 unde
1182 1510 1510 1563 discordiam.

3273 367 3383 422 616

1802 480 1964 534 alium
1998 481 2294 549 navigatio,
2321 480 2387 534 ad
2433 480 2591 533 alimn
2638 479 2775 535 bella
2816 490 2974 549 atqttc
3018 478 3282 544 victorim,
3310 480 3378 535 ad

1794 573 1957 625 alium
1986 574 2261 642 conjugia,
2289 575 2353 628 ad
2385 576 2545 628 alium
2578 584 2758 644 partus
2783 589 2844 627 ac
2874 573 3167 627 fecunditas
3189 614 3202 636 ,
3231 583 3285 627 et
3310 574 3377 628 ad

1794 665 1930 719 alios
1956 666 2058 720 alia
2085 668 2574 731 ert-teraycmlestis
2603 676 2780 721 autem
2810 667 2996 721 civitas
3018 682 3177 720 unum
3210 666 3377 721 Deum

1796 755 1967 808 solum
1999 756 2281 811 colendum
2312 767 2523 825 nosset,
2561 758 2715 827 eique
2747 757 3110 812 tantummodo
3139 758 3379 812 servien-

1801 845 1925 899 dum
1956 848 2209 902 servitute
2242 848 2346 911 illa,
2380 864 2498 918 qua:
2528 864 2701 918 graece
2726 857 2923 917 λατρεία
2948 847 3162 913 dicitur,
3190 857 3243 901 et
3273 864 3381 902 non

1796 937 1899 991 nisi
1933 938 2040 993 Deo
2071 938 2315 1004 debetur,
2347 939 2485 993 fideli
2532 940 2724 1008 pietate
2762 947 3005 992 censeret
3040 938 3118 1009 (α)
3146 957 3158 993 :
3183 937 3379 992 factum

1796 1038 1900 1092 est,
1928 1038 1985 1083 ttt
2016 1030 2288 1100 religionis
2319 1030 2465 1100 leges
2493 1046 2613 1085 cum
2647 1040 2854 1085 terrena
2885 1032 3098 1084 civitate
3123 1046 3226 1084 non
3256 1045 3381 1100 pos-

1795 1129 1879 1174 set
1922 1122 2117 1175 habere
2157 1137 2505 1190 communes,
2545 1139 2747 1193 proque
2788 1123 2870 1177 his
2899 1124 2965 1176 ab
2995 1139 3057 1177 ea
3096 1123 3380 1178 dissentire

1797 1211 2016 1269 haberet
2035 1230 2275 1282 necesse,
2294 1225 2453 1285 atque
2471 1216 2617 1270 oneri
2641 1231 2759 1271 esse
2774 1216 2982 1271 diversa
3006 1216 3376 1284 sentientibus,

1796 1310 2088 1375 earumque
2119 1307 2225 1361 iras
2249 1316 2303 1362 et
2332 1308 2453 1362 odia
2480 1316 2531 1362 et
2551 1309 2979 1378 persecutionum
3000 1309 3227 1378 impetus
3256 1324 3378 1365 sus-

1797 1396 1986 1463 tinere,
2011 1398 2110 1452 nisi
2140 1410 2261 1453 cum
2302 1401 2510 1456 animos
2538 1375 2935 1456 adversantium
2966 1400 3247 1471 aliquando
3276 1411 3383 1456 ter-

1794 1501 1917 1541 rore
1963 1503 2072 1541 suae
2116 1490 2505 1553 multitudinis,
2539 1500 2594 1546 et
2640 1506 2853 1561 semper
2896 1490 3078 1545 divino
3117 1490 3382 1561 adiutorio

1794 1579 2146 1647 propulsaret.
2190 1580 2314 1635 II-mc
2352 1597 2479 1651 ergo
2508 1583 2745 1638 caelestis
2770 1582 2961 1637 civitas
2987 1582 3111 1637 dum
3138 1584 3379 1653 pcregri~

1795 1679 1951 1722 natur
1983 1670 2032 1723 in
2064 1679 2224 1738 terra,
2252 1687 2317 1726 ex
2344 1673 2592 1728 omnibus
2618 1674 2865 1743 gentibus
2890 1676 3035 1729 cives
3061 1683 3273 1739 evocat,
3296 1684 3383 1728 at-

1794 1774 1897 1829 que
1930 1760 1984 1815 in
2015 1764 2264 1819 Omnibus
2295 1764 2487 1834 linguis
2533 1766 2867 1835 peregrinam
2911 1766 3111 1835 colligit
3151 1765 3382 1821 societa-

1797 1861 1935 1918 tem;
1971 1870 2076 1909 non
2107 1871 2303 1911 curans
2328 1858 2581 1927 quidquid
2614 1859 2664 1912 in
2692 1858 2944 1923 moribus,
2976 1859 3201 1929 legibus,
3229 1858 3384 1912 insti-

1796 1945 2031 2015 tutisque
2058 1948 2327 2001 diversum
2349 1958 2451 2012 est,
2472 1949 2661 2017 quibus
2690 1964 2785 2017 pax
2816 1958 3025 2004 terrena
3052 1948 3138 2002 vel
3163 1949 3384 2017 conqui-

143 1623 255 1679 Sed
282 1625 490 1678 domus
518 1623 792 1677 hominum
817 1623 905 1691 qui
932 1628 1036 1675 non
1060 1621 1246 1675 vivunt
1268 1636 1331 1676 ex
1358 1621 1479 1684 title,
1506 1637 1688 1691 pacem

79 1725 363 1769 terrenam
398 1731 469 1769 ex
500 1713 656 1781 hujus
689 1712 1000 1782 temporalis
1027 1713 1151 1766 vitae
1178 1712 1336 1767 rebus
1358 1713 1688 1767 commodis-

77 1824 179 1877 que
207 1816 486 1863 sectatur.
521 1808 717 1860 Domus
745 1814 921 1859 autem
968 1804 1239 1858 hominum
1272 1819 1336 1858 ex
1373 1804 1475 1859 fide
1502 1805 1684 1859 viven-

80 1901 249 1965 tium,
286 1908 578 1969 ex5pectat
606 1913 666 1952 ea
696 1915 815 1968 quzc
842 1899 893 1951 in
924 1897 1155 1952 futurum
1196 1909 1394 1952 mterna
1426 1900 1688 1967 promissa

79 1998 225 2055 sunt,
251 1990 603 2059 terrenisque
631 1990 791 2043 rthS
816 2005 877 2044 ac
904 1988 1282 2056 temporalibus
1299 1996 1547 2059 tanquam
1567 2005 1690 2061 per-

82 2083 264 2150 egrina
293 2084 493 2145 utitur,
524 2097 627 2136 non
670 2082 861 2151 quibus
908 2082 1148 2150 capiatur
1186 2090 1240 2135 et
1277 2090 1547 2135 avertatur
1585 2097 1692 2153 quo

83 2173 254 2227 tettdit
280 2174 335 2227 in
371 2174 565 2239 Deum,
594 2173 686 2227 sed
714 2174 904 2242 quibus
931 2183 1258 2227 sustentetur
1283 2174 1348 2227 ad
1379 2174 1581 2229 facilius
1613 2182 1692 2228 to-

80 2264 303 2320 leranda
339 2267 677 2336 minimeque
700 2265 944 2335 augenda
972 2280 1134 2319 onera
1162 2266 1402 2336 corporis
1426 2268 1691 2336 corrupti-

84 2354 221 2422 bilis,
252 2356 405 2425 quod
455 2365 711 2426 aggravat
755 2355 987 2409 animam
1032 2355 1189 2425 (Sup.
1219 2371 1271 2407 tv
1297 2397 1311 2421 ,
1342 2356 1454 2423 15).
1487 2356 1690 2411 Idcirco

85 2460 259 2503 rerum
296 2450 429 2502 vitta
476 2449 598 2503 huic
626 2448 837 2502 mortali
869 2450 1290 2502 necessariarum
1322 2449 1559 2518 utrisque
1589 2450 1689 2503 hos

88 2540 321 2595 minibus
344 2543 365 2572 ³
396 2549 454 2595 et
487 2542 697 2611 utrique
726 2541 907 2595 domui
952 2540 1249 2595 communis
1279 2550 1363 2595 est
1389 2556 1551 2607 usus;
1597 2542 1691 2597 sed

89 2631 204 2686 linis
235 2632 432 2687 utendi
462 2632 654 2702 cuique
682 2646 811 2687 suus
839 2632 1084 2701 prdprius
1105 2674 1117 2695 ,
1152 2631 1482 2701 multumque
1504 2633 1691 2687 diver-

91 2734 197 2777 sus.
226 2722 304 2777 Ita
333 2724 505 2778 etiam
536 2733 745 2777 terrena
772 2717 997 2785 civitas,
1025 2738 1143 2792 quae
1170 2738 1273 2776 non
1308 2721 1439 2776 vivit
1465 2740 1529 2777 ex
1555 2722 1657 2778 fide
1676 2766 1691 2789 ,

92 2820 360 2870 terrenam
408 2830 598 2885 pacem
629 2815 861 2884 appetit;
896 2814 947 2867 in
978 2828 1151 2883 eoque
1181 2812 1363 2884 deﬁgit
1390 2814 1691 2885 imperandi

94 2906 496 2976 obediendique
528 2907 873 2962 concordiam
897 2906 1123 2971 civium,
1154 2914 1210 2960 ut
1235 2906 1307 2959 sit
1333 2906 1414 2960 eis
1439 2906 1507 2961 de
1532 2908 1695 2963 rebus

94 2997 155 3053 ad
193 3000 486 3054 mortalem
524 2999 700 3053 vitam.
729 2999 1117 3068 pertinentibus
1158 2997 1511 3053 humanarum
1541 3007 1691 3069 qua:-

97 3090 212 3143 dam
251 3091 590 3161 compositio
617 3091 967 3144 voluntatum.
999 3090 1195 3144 Civitas
1220 3100 1396 3145 autem
1422 3092 1656 3147 caelestis
1676 3134 1691 3158 ,

98 3182 173 3236 vel
204 3184 387 3253 potius
422 3200 549 3254 pars
575 3183 720 3251 ejus,
751 3198 868 3253 quae
896 3184 947 3237 in
972 3183 1069 3237 hac
1098 3183 1421 3239 mortalitate
1450 3184 1687 3254 peregri-

100 3284 267 3340 natUr,
292 3286 347 3331 et
391 3268 529 3329 vivit
575 3290 640 3330 ex
682 3274 819 3340 fide,
849 3275 1006 3328 etiam
1052 3275 1149 3327 ista
1191 3288 1319 3343 pace
1357 3289 1577 3329 necesse
1611 3282 1696 3331 est

99 3376 290 3434 utatur,
326 3366 510 3423 donec
540 3368 649 3437 ipsa
679 3366 761 3421 cui
796 3367 912 3420 talis
946 3381 1041 3434 pax
1068 3365 1370 3419 necessaria
1398 3376 1479 3419 est
1498 3408 1513 3431 ,
1541 3379 1692 3420 mor-

104 3457 269 3513 talitas
297 3466 563 3513 transeat.
590 3460 665 3513 Ac
696 3475 789 3527 per
818 3457 917 3512 hoc
942 3457 1065 3511 dum
1097 3457 1233 3525 apud
1273 3467 1536 3511 terrenam
1564 3458 1695 3511 civi—

103 3556 277 3614 tatem,
303 3551 457 3605 velut
484 3550 744 3618 captivam
773 3548 933 3602 vitam
964 3562 1071 3601 sure
1098 3547 1535 3617 peregrinationis
1561 3548 1688 3618 agit,

104 3640 200 3709 jam
225 3642 593 3712 promissione
623 3640 1003 3710 redemptionis
1031 3647 1085 3694 et
1109 3638 1251 3693 dono
1281 3638 1537 3709 spirituali
1577 3649 1693 3694 tan-

106 3748 254 3799 quam
283 3734 517 3805 pignore
546 3741 786 3802 accepto,
818 3731 1024 3803 legibus
1055 3738 1280 3784 terrente
1310 3729 1558 3793 civitatis,
1583 3730 1693 3800 qui-

108 3821 199 3877 bus
242 3825 357 3879 ltaec
403 3822 873 3887 administrantur,
916 3836 1034 3890 qum
1077 3820 1439 3875 sustentanda:
1480 3820 1692 3875 mortali

107 3914 218 3969 vita:
238 3914 647 3970 accommodata
670 3923 810 3978 sunt,
832 3912 1201 3980 obtemperare
1222 3925 1325 3963 non
1352 3909 1556 3963 dubitat
1581 3928 1592 3963 :
1616 3920 1690 3977 ut,

108 4006 345 4073 quoniam
376 4004 685 4061 communis
713 4012 794 4058 est
839 4004 950 4073 ipsa
995 4001 1290 4056 mortalitas
1311 4040 1327 4065 ,
1360 4008 1602 4055 Servetur
1641 4002 1693 4055 in

111 4095 259 4151 rebus
285 4097 350 4152 ad
379 4113 508 4152 eam
541 4095 928 4165 pertinentibus
956 4095 1093 4148 inter
1120 4092 1384 4146 civitatem
1416 4100 1695 4158 utramque

111 4180 625 4242 concordiaNcI-Um
647 4187 770 4257 quia
795 4196 1003 4241 terrena
1024 4183 1211 4238 civitas
1236 4182 1419 4235 habuit
1438 4181 1693 4251 quosdam

110 4290 224 4332 suos
254 4282 557 4349 sapientes,
587 4293 720 4348 quos
750 4276 926 4330 divina
960 4273 1224 4344 improbat
1251 4272 1565 4341 disciplina,
1604 4273 1695 4342 qui

110 4368 184 4422 vel
207 4371 469 4440 su5picati
492 4369 574 4423 vel
601 4368 807 4437 decepti
839 4382 869 4420 a
896 4364 1229 4421 daemonibus
1254 4364 1536 4418 crederent
1562 4364 1698 4417 mul-

113 4466 184 4514 tos
202 4460 329 4516 deos
351 4459 723 4517 conciliandos
750 4473 870 4514 esse
895 4457 1055 4512 rebtts
1087 4454 1353 4519 humanis,
1380 4454 1445 4508 ad
1471 4468 1697 4523 quorum

113 4550 310 4609 diversa
338 4552 741 4625 quodammodo
768 4550 939 4604 officia
973 4549 1187 4603 diversa
1217 4546 1428 4601 subdita
1460 4547 1697 4615 pertine-

118 4653 245 4709 rent,
268 4645 332 4699 ad
360 4645 530 4699 alium
558 4656 770 4711 corpus,
800 4640 866 4695 ad
897 4640 1059 4693 alium
1087 4639 1295 4693 animus
1319 4635 1361 4700 ⁸,
1400 4637 1559 4705 inque
1587 4637 1700 4705 ipso

119 4746 330 4804 corpore
359 4736 428 4791 ad
457 4735 617 4789 alium
648 4741 808 4803 caput
829 4772 842 4797 ,
875 4730 940 4785 ad
981 4730 1140 4784 alium
1166 4728 1345 4783 cervix
1366 4767 1381 4791 ,
1411 4736 1466 4781 et
1507 4737 1699 4781 caetera

126 4824 319 4895 singula
347 4829 413 4881 ad
446 4826 713 4896 singulos;
744 4823 989 4878 similiter
1018 4822 1068 4875 in
1095 4821 1274 4874 animo
1301 4818 1365 4872 ad
1405 4818 1567 4871 alium
1612 4818 1699 4871 itt-

121 4917 350 4985 genium,
379 4919 446 4974 ad
477 4919 638 4972 alium
683 4916 945 4977 doctrina,
976 4912 1041 4966 ad
1080 4912 1241 4965 alium
1284 4912 1393 4973 ira,
1435 4909 1502 4963 ad
1540 4910 1701 4964 alium

124 5010 575 5079 concupiscentia;
610 5009 771 5077 inque
801 5007 929 5076 ipsis
958 5004 1117 5059 rebus
1146 5004 1268 5055 vita!
1296 5002 1662 5070 adjacentibus
1682 5042 1698 5068 ,

124 5096 183 5150 ad
212 5100 371 5156 alium
402 5116 583 5173 pecus,
615 5100 681 5153 ad
711 5099 871 5152 alium
904 5096 1137 5150 triticum
1161 5136 1175 5161 ,
1208 5093 1272 5147 ad
1302 5094 1463 5146 alium
1496 5092 1698 5159 vinum,

126 5189 185 5244 ad
208 5194 367 5250 alium
396 5198 594 5260 oleum,
626 5193 691 5248 ad
722 5193 881 5247 alium
911 5190 1082 5255 silvae,
1106 5189 1172 5242 ad
1198 5188 1359 5241 alium
1389 5184 1611 5247 munmi,
1634 5184 1701 5239 ad

184 5370 202 5436 ξ
236 5370 468 5436 Plerique
482 5368 956 5436 sishacconunoda.

185 5431 205 5460 ’
227 5433 342 5497 tfditi
377 5424 841 5497 addung'ﬁdetibtts_
864 5437 908 5480 et
936 5426 1239 5497 inﬁdelibus.
1272 5424 1365 5474 Sed
1405 5425 1481 5497 bis
1503 5432 1705 5497 przelter-

130 5491 278 5543 missis
315 5510 460 5547 nemo
502 5485 614 5545 noit'
638 5493 778 5543 facile
830 5485 1096 5550 intelligit,
1142 5486 1356 5550 utristh
1411 5485 1706 5550 hominibus,

133 5550 299 5622 dictum
322 5572 435 5608 esse
476 5571 563 5621 pro
587 5564 639 5607 et
673 5557 734 5604 iis
754 5554 835 5618 qui
860 5567 920 5603 ex
947 5546 1060 5611 (ide,
1082 5546 1215 5601 etiis
1249 5546 1330 5612 qui
1372 5561 1469 5597 nou
1503 5560 1568 5596 ex
1610 5546 1708 5597 ﬁde

132 5625 302 5667 kunt.

191 5678 211 5708 ³
234 5680 365 5733 Editi.
393 5682 457 5731 ad
474 5680 621 5731 alium
638 5678 851 5729 animum
876 5688 895 5740 :_
925 5681 977 5725 et
1010 5674 1130 5723 infra
1152 5677 1431 5740 constanter
1455 5669 1707 5740 accusandi

135 5746 255 5789 casu.
276 5732 522 5801 cereicem,
567 5741 853 5797 doctrinam,
878 5736 1019 5801 iram,
1053 5732 1501 5801 concupiscentiam.
1545 5732 1707 5790 silras,

136 5808 355 5870 nummos,
379 5794 742 5870 natigatiottettt,
768 5794 862 5850 etc.
885 5800 1183 5861 Castigantur
1222 5794 1279 5843 ad
1302 5794 1500 5855 Regium
1536 5804 1717 5841 manu:

137 5862 372 5921 scriptum.

1795 2037 1950 2103 ritur,
1975 2040 2054 2093 vel
2088 2048 2326 2103 tenetur;
2361 2040 2491 2093 nihil
2532 2056 2717 2095 eorum
2760 2040 3108 2107 rescindens,
3156 2054 3255 2095 nec
3282 2040 3384 2093 de-.

1796 2137 2007 2184 struens
2032 2170 2047 2195 ,
2082 2130 2190 2183 imo
2231 2130 2389 2183 etiam
2433 2144 2653 2184 servans
2697 2145 2758 2184 ac
2788 2144 3055 2200 sequens:
3087 2129 3229 2202 quod
3259 2130 3387 2186 licet

1795 2220 2062 2274 diversum
2114 2221 2165 2274 in
2214 2220 2442 2276 diversis
2488 2222 2833 2287 nationibus,
2878 2222 2943 2276 ad
2992 2238 3156 2277 unum
3202 2230 3383 2277 tamen

1795 2312 2149 2381 eumdemque
2187 2312 2346 2367 tinem
2388 2322 2613 2368 terrena:
2646 2315 2790 2383 pacis
2816 2313 3129 2379 intenditur,
3173 2313 3217 2367 si
3258 2312 3385 2367 reli-

1796 2402 2009 2473 gionem
2051 2418 2153 2472 qua
2198 2411 2334 2457 unus
2378 2419 2619 2458 summus
2667 2412 2723 2459 et
2763 2420 2920 2459 verus
2961 2404 3101 2458 Deus
3125 2403 3385 2459 colendus

1800 2494 2041 2561 docetur,
2076 2511 2181 2551 non
2222 2497 2460 2565 impedit.
2506 2496 2684 2551 Utitur
2713 2511 2840 2566 ergo
2866 2498 3024 2551 etiam
3051 2496 3284 2551 cmlestis
3311 2496 3386 2551 ci-

1800 2587 1938 2641 vitas
1977 2587 2028 2640 in
2073 2586 2171 2641 hac
2213 2602 2306 2641 sua
2340 2588 2769 2656 peregrinatione
2803 2602 2935 2657 pace
2961 2598 3171 2642 terrena
3192 2629 3208 2655 ,
3239 2597 3293 2642 et
3318 2587 3387 2643 de

1800 2678 1963 2732 rebus
1986 2678 2050 2732 ad
2081 2680 2364 2733 mortalem
2392 2680 2666 2734 hominum
2696 2688 2939 2733 naturam
2972 2680 3386 2749 pertinentibus,

1801 2768 2153 2823 humanarum
2206 2770 2538 2825 voluntatum
2590 2771 3074 2840 compositionem,
3127 2781 3387 2840 quantum

1800 2860 1946 2914 salva
1990 2864 2188 2930 pietate
2224 2876 2287 2916 ac
2330 2852 2587 2932 religione
2622 2862 2954 2927 conceditur,
3005 2871 3182 2916 tuetur
3224 2872 3387 2931 atque

1800 2953 2019 3022 appetit,
2052 2968 2275 3023 eamque
2306 2962 2574 3009 terrenam
2607 2969 2790 3023 pacem
2824 2954 2988 3007 refert
3014 2954 3079 3008 ad
3108 2954 3386 3011 etelestem

1805 3057 1987 3111 pacem
2014 3058 2025 3094 :
2056 3058 2173 3112 qua:
2205 3058 2331 3097 vere
2353 3043 2424 3097 ita
2455 3058 2552 3113 pax
2582 3052 2699 3109 est,
2728 3053 2785 3098 ut
2830 3044 3107 3097 rationalis
3129 3043 3388 3101 duntaxat

1803 3142 2064 3189 ereaturie
2092 3134 2201 3188 sola
2230 3150 2330 3204 pax
2360 3133 2601 3189 habenda
2626 3143 2783 3203 atque
2806 3133 3030 3188 dicenda
3055 3134 3147 3198 sit,
3171 3134 3388 3189 ordina-

1801 3224 2004 3278 tissima
2051 3224 2256 3279 scilicet
2310 3234 2365 3280 et
2419 3224 2841 3279 concordissima
2889 3225 3119 3279 societas
3176 3223 3387 3283 fruendi

1803 3315 1937 3378 Deo,
1965 3318 2018 3369 et
2046 3316 2270 3369 invicem
2299 3316 2351 3370 in
2378 3316 2516 3379 Deo;
2548 3330 2653 3386 quo
2679 3330 2800 3369 cum
2824 3323 3040 3369 ventum
3071 3314 3249 3380 fuerit,
3279 3329 3386 3371 non

1801 3407 1903 3461 erit
1942 3407 2044 3459 vita
2092 3408 2363 3471 mortalis,
2391 3406 2486 3461 sed
2528 3407 2686 3476 plane
2711 3405 2727 3437 ⁸
2759 3417 3010 3476 certeque
3033 3407 3241 3470 vitalis;
3287 3418 3386 3461 nec

1801 3506 1994 3567 corpus
2019 3498 2271 3563 animale,
2295 3498 2433 3567 quod
2459 3499 2583 3551 dum
2607 3498 2984 3565 corrumpitur,
3004 3499 3255 3569 aggravat
3279 3498 3387 3552 ani-

1800 3604 1974 3655 mam,
2004 3588 2097 3643 sed
2146 3590 2421 3658 Spirituale
2468 3589 2585 3644 sine
2629 3589 2732 3642 ulla
2783 3588 3070 3659 indigentia
3095 3630 3111 3655 ,
3148 3604 3213 3644 ex
3239 3589 3387 3646 omni

1801 3690 1949 3750 parte
1972 3680 2242 3735 subditum
2272 3681 2549 3735 voluntati.
2582 3680 2729 3734 Ilanc
2758 3690 2961 3749 pacem,
2994 3679 3120 3734 dum
3146 3680 3384 3750 peregri‘

1798 3784 1956 3828 natur
1982 3774 2031 3828 in
2057 3773 2181 3839 ﬁde,
2211 3773 2399 3838 habet;
2424 3783 2582 3843 atque
2599 3790 2661 3827 ex
2689 3774 2785 3826 hac
2811 3772 2913 3827 fide
2936 3772 3079 3841 juste
3098 3773 3245 3837 vivit,
3264 3788 3387 3827 cum

1776 3864 1865 3919 .ad
1888 3865 2032 3919 illam
2058 3880 2239 3935 pacem
2258 3864 2653 3935 adipiscendam
2675 3864 2835 3919 refert
2851 3863 3104 3934 quidquid
3128 3863 3386 3919 bonarum

1798 3962 2068 4011 actionum
2115 3958 2251 4027 gerit
2292 3972 2415 4027 erga
2463 3958 2629 4012 Deum
2676 3966 2731 4011 et
2777 3958 3102 4027 proximum,
3134 3956 3389 4027 quoniam

1801 4049 1906 4101 vita
1932 4048 2159 4102 civitatis
2188 4048 2372 4118 utique
2401 4048 2613 4102 socialis
2644 4056 2747 4102 est.

1799 4161 2026 4217 CAPUT
2065 4162 2251 4215 XVIII.
2278 4192 2348 4202 —
2390 4162 2555 4228 Quam
2590 4161 2783 4215 diversa
2824 4161 2889 4213 sit
2922 4160 3209 4213 Academia:
3248 4169 3391 4215 novat

2015 4253 2317 4322 ambiguitas
2342 4268 2373 4304 a
2403 4252 2684 4304 constantia
2718 4251 2835 4319 ﬁdei
2865 4251 3172 4304 christiana.

1872 4365 2022 4435 Quod
2051 4375 2226 4419 autem
2254 4365 2439 4418 attinet
2467 4363 2531 4417 ad
2565 4363 2707 4416 illam
2732 4361 3111 4421 differentiam,
3134 4376 3292 4430 quam
3318 4360 3387 4415 de

1804 4458 2142 4513 Academicis
2173 4457 2324 4510 novis
2345 4455 2510 4509 Varro
2538 4454 2799 4515 adhibuit,
2820 4453 3012 4523 quibus
3039 4453 3239 4506 incerta
3266 4460 3390 4507 sunt

1803 4552 1979 4605 omnia
2002 4592 2015 4614 ,
2047 4550 2266 4603 omnino
2303 4548 2488 4601 civitas
2531 4546 2621 4600 Dei
2657 4546 2814 4600 talem
2848 4545 3234 4599 dubitationem
3267 4552 3389 4598 tan-t

1803 4656 1959 4713 quam
1993 4640 2314 4695 dementiam
2347 4639 2663 4702 detestatur,
2710 4637 2914 4691 habens
2940 4636 3006 4691 de
3034 4636 3192 4690 rebus
3212 4678 3227 4699 ,
3255 4650 3390 4706 quas

1806 4742 1984 4787 mente
2013 4742 2172 4801 atque
2211 4730 2419 4784 ratione
2449 4727 2885 4795 comprehendit,
2913 4727 3121 4781 etiamsi
3164 4735 3387 4796 parvam

1806 4832 2026 4893 propter
2053 4836 2243 4892 corpus
2271 4819 2614 4888 corruptibile
2633 4859 2648 4884 ,
2671 4818 2811 4889 quod
2838 4827 3089 4889 aggravat
3113 4819 3382 4884 animam,

1805 4915 2055 4984 quoniam
2086 4914 2223 4966 sicut
2245 4912 2369 4965 dicit
2399 4911 2707 4980 Apostolus,
2734 4907 2817 4964 Ea:
2838 4920 2980 4979 parte
2998 4911 3183 4964 scimus
3207 4908 3385 4981 (ICor.

1808 5018 1920 5070 xut,
1947 5007 2023 5075 9),
2050 5014 2225 5058 tamen
2254 5004 2607 5058 certissimam
2632 5003 2907 5057 scientiam
2934 5020 2947 5056 :
2971 5002 3245 5073 creditque
3262 5016 3387 5057 sen-

1808 5098 1953 5150 sibus
2000 5097 2051 5149 in
2096 5096 2170 5149 rei
2214 5095 2470 5164 cujusque
2509 5094 2775 5148 evidentia
2800 5136 2813 5159 ,
2847 5093 3038 5163 quibus
3074 5108 3167 5163 per
3192 5100 3391 5163 corpus

1808 5189 2016 5244 animus
2039 5188 2231 5242 utitur:
2256 5188 2505 5257 quoniam
2529 5185 2885 5240 miserabilius
2905 5184 3121 5250 fallitur,
3141 5184 3229 5253 qui
3253 5198 3390 5237 nun-

1808 5298 1965 5353 quam
1990 5290 2135 5351 putat
2157 5281 2235 5335 eis
2256 5294 2374 5335 esse
2394 5277 2740 5333 credendum.
2762 5277 2944 5331 Credit
2966 5277 3125 5329 etiam
3153 5273 3392 5342 Scriptua

1810 5373 1884 5427 ris
1909 5372 2105 5426 sanctis
2134 5378 2187 5424 et
2216 5370 2481 5424 veteribus
2507 5378 2559 5423 ct
2587 5368 2738 5421 novis
2762 5409 2776 5431 ,
2809 5381 2937 5435 quas
2966 5364 3264 5419 Canonicas
3288 5377 3390 5432 ap.

1811 5462 2088 5533 pellamus.
2119 5460 2258 5515 unde
2288 5460 2418 5513 fides
2450 5460 2560 5527 ipsa
2588 5465 2848 5523 concepta
2876 5462 2976 5517 cst,
3001 5468 3186 5522 quua
3214 5453 3391 5523 justntt

1810 5554 1939 5609 vivit
1965 5552 2231 5624 (Ilabacttc
2253 5568 2286 5604 tt
2309 5592 2323 5613 ,
2351 5548 2437 5619 6);
2471 5565 2564 5617 per
2589 5563 2745 5616 quam
2776 5546 2889 5599 sine
2916 5543 3242 5598 dubitatione
3270 5559 3387 5598 am-

1812 5648 2074 5711 bulamus,
2101 5645 2353 5716 quamdiu
2374 5643 2775 5713 peregrinamur
2794 5655 2824 5693 a
2860 5639 3081 5694 Domino
3102 5637 3167 5708 (II
3196 5636 3313 5692 Cor.
3332 5652 3387 5705 ν,

1875 5786 1891 5817 ⁸
1917 5792 2047 5841 Lov.,
2067 5780 2152 5831 sed
2176 5778 2326 5841 plene.

1878 5847 1952 5908 (α)
1974 5833 2138 5906 supra,
2166 5833 2245 5890 lib.
2271 5842 2319 5901 5,
2342 5852 2447 5901 cap.
2474 5837 2551 5898 15,
2575 5841 2625 5886 et
2648 5833 2732 5885 lib.
2757 5833 2806 5894 ϐ,
2829 5846 2933 5897 cap.
2962 5834 2997 5881 i.
