3826 6484
472 360 578 423 647

472 478 528 547 6)
560 496 572 530 :
602 491 702 547 qua
729 473 874 531 salva
901 484 1058 545 atque
1083 479 1248 537 certa,
1277 471 1345 527 de
1375 470 1689 541 quibusdam
1716 467 2051 533 rebus,qnas

474 584 646 638 neque
671 584 849 631 sensu,
873 583 1043 635 neque
1066 567 1269 620 ratione
1290 562 1626 634 percepimus
1643 560 1686 624 ί,
1703 572 1877 627 neque
1898 554 2051 608 nobis

472 674 569 729 per
599 659 925 729 Scripturam
960 657 1266 711 canonicam
1293 654 1621 716 claruerunt,
1651 664 1751 705 nec
1771 663 1864 718 per
1889 655 2052 700 testes

469 750 664 819 quibus
695 765 799 803 non
827 748 1049 804 credere
1079 746 1370 801 absurdum
1398 752 1514 806 est,
1561 742 1614 795 in
1644 748 1882 795 nostram
1913 735 2058 789 noti—.

470 843 597 896 tiam
637 849 1024 911 pervenerunt,
1064 840 1180 894 sine
1218 838 1360 907 justa
1395 833 1811 905 reprehensione
1837 829 2051 885 dubita-

458 948 589 987 mus
616 932 711 1003 (a).

494 1042 721 1099 CAPUT
758 1041 905 1098 XiX.
928 1072 998 1084 -—-
1033 1041 1112 1097 De
1142 1040 1312 1095 habitu
1342 1047 1388 1093 et
1425 1024 1648 1091 moribus
1678 1033 1855 1107 populi
1882 1031 2021 1086 chri-

1178 1132 1350 1185 uiaui.

488 1250 489 1255 π
540 1225 679 1280 Nihil
705 1240 833 1281 sane
860 1225 925 1280 ad
961 1226 1115 1279 istam
1156 1224 1386 1294 pertinet
1429 1221 1696 1275 civitatem
1722 1231 1827 1285 quo
1866 1213 2050 1268 habitu

464 1317 551 1371 vel
583 1333 730 1372 more
758 1316 1003 1383 vivendi,
1032 1316 1076 1370 si
1107 1330 1211 1369 non
1234 1322 1314 1368 est
1338 1320 1524 1367 contra
1551 1310 1727 1364 divina
1758 1313 2046 1377 prmcepta,

468 1407 623 1461 istam
654 1406 834 1472 fidem,
864 1420 967 1477 qua
996 1407 1303 1475 pervenitur
1329 1403 1396 1458 ad
1428 1403 1616 1465 Deum,
1646 1400 1868 1469 quisque
1889 1404 2053 1450 secte-

468 1507 594 1553 tur:
620 1498 760 1554 unde
795 1500 937 1569 ipSos
983 1512 1194 1567 quoque
1243 1494 1589 1567 philosophos
1610 1534 1624 1558 ,
1652 1491 1864 1563 quando
1890 1488 2049 1544 Chri-

466 1591 623 1644 stiani
652 1589 821 1655 fiunt,
853 1605 959 1644 non
987 1589 1226 1642 habitum
1259 1588 1341 1642 vel
1370 1585 1810 1641 consuetudinem
1840 1583 2009 1637 victus
2035 1620 2051 1646 ,

465 1696 587 1752 qua:
612 1680 994 1750 nihilimpedit
1021 1680 1365 1749 religionem,
1391 1678 1482 1732 sed
1509 1677 1639 1732 falsa
1661 1676 1905 1745 dogmata
1928 1688 2049 1726 mu-

466 1782 579 1828 tare
616 1773 907 1842 compellit.
950 1770 1103 1827 Unde
1137 1771 1277 1824 illam
1309 1785 1466 1839 quam
1496 1768 1664 1821 Varro
1702 1766 1944 1820 adhibuit
1982 1780 2048 1818 ex

466 1865 680 1938 Cynicis
706 1864 1080 1929 differentiam,
1114 1863 1157 1917 si
1189 1861 1316 1915 nihil
1349 1860 1573 1930 turpiter
1596 1870 1755 1928 atque
1787 1859 2050 1926 intempe-

464 1969 645 2013 ranter
672 1964 793 2026 agat
812 1957 856 2023 ²,
883 1956 1103 2009 omnino
1130 1971 1232 2008 non
1262 1963 1431 2007 curat.
1482 1952 1560 2008 Ex
1590 1952 1759 2005 tribus
1787 1965 1915 2005 vero
1946 1950 2049 2002 illis

464 2049 584 2102 vita:
610 2047 914 2118 generibus,
939 2047 1131 2112 otioso,
1160 2055 1401 2107 actuoso,
1429 2051 1483 2097 et
1506 2058 1573 2097 ex
1594 2051 1817 2111 utroque
1838 2055 2050 2108 compo-

462 2138 586 2203 sito,
620 2139 861 2208 quamvis
902 2138 1048 2193 salva
1093 2136 1194 2191 fide
1234 2136 1462 2207 quisque
1507 2135 1675 2205 possit
1718 2134 1769 2186 in
1809 2132 2049 2202 quolibet

462 2246 645 2285 eorum
674 2231 831 2284 vitam
858 2230 1076 2292 ducere,
1107 2237 1160 2282 et
1179 2227 1246 2281 ad
1274 2227 1600 2297 sempiterna
1621 2224 1839 2294 prsentia
1863 2238 2048 2293 perve-

464 2324 609 2387 nire;
641 2323 861 2377 interest
887 2330 1066 2376 tamen
1085 2320 1210 2392 quid
1231 2335 1413 2375 amore
1435 2327 1613 2374 teneat
1635 2318 1895 2383 veritatis,
1919 2315 2045 2388 quid

461 2413 640 2469 officio
660 2412 935 2468 charitatis
959 2411 1247 2481 impendat.
1271 2410 1382 2465 Nec
1408 2410 1485 2463 sic
1505 2410 1726 2477 quisque
1748 2407 1906 2461 debet
1927 2421 2047 2460 esse

462 2505 706 2568 otiosus,
757 2513 816 2557 ut
867 2503 918 2557 in
966 2502 1157 2558 eodem
1205 2502 1313 2555 otio
1366 2500 1645 2553 utilitatem
1694 2512 1799 2551 non
1849 2498 2047 2567 cogitet

463 2594 725 2665 proximi;
762 2610 859 2648 nec
902 2594 979 2649 sic
1016 2602 1285 2658 actuosus,
1317 2600 1373 2645 ut
1401 2590 1903 2659 contemplationem
1938 2605 2044 2643 non

459 2687 699 2755 requirat
722 2686 831 2740 Dei.
854 2685 907 2738 ln
928 2686 1035 2739 otio
1060 2700 1164 2739 non
1189 2684 1331 2737 iners
1346 2681 1554 2737 vacatio
1572 2681 1839 2736 delectare
1861 2680 2042 2746 debet;

461 2776 554 2830 sed
591 2784 683 2830 aut
713 2775 1018 2845 inquisitio,
1062 2784 1153 2829 aut
1197 2774 1434 2829 inventio
1482 2772 1759 2828 veritatis:
1790 2781 1847 2826 ut
1890 2772 1940 2826 in
1981 2788 2045 2827 ea

459 2868 686 2937 quisque
717 2867 991 2936 proficiat,
1023 2877 1078 2922 et
1103 2867 1243 2937 quod
1273 2867 1535 2922 invenerit
1560 2873 1774 2933 teneat,
1805 2875 1860 2921 et
1889 2866 2044 2922 alteri

462 2973 568 3015 non
606 2960 837 3014 invideat
858 2961 899 3011 ³.
946 2958 1001 3013 1η
1027 2960 1238 3015 actione
1265 2974 1391 3015 vero
1416 2974 1521 3014 non
1547 2959 1807 3014 amandus
1835 2966 1916 3013 est
1944 2958 2043 3012 ho-

461 3066 562 3104 nor
590 3050 640 3104 in
673 3048 774 3104 hac
803 3050 928 3116 vita,
962 3050 1076 3105 sive
1116 3050 1382 3120 potentia;
1412 3051 1661 3121 quoniam
1703 3050 1882 3105 omnia
1909 3064 2040 3104 vana

460 3144 561 3199 sub
589 3144 702 3199 sole
728 3159 740 3197 :
766 3143 859 3199 sed
890 3160 1022 3213 Opus
1050 3144 1259 3219 ipsum‘,
1292 3144 1432 3215 quod
1475 3158 1568 3214 per
1592 3142 1839 3199 eumdem
1869 3142 2035 3199 hono-

457 3250 573 3292 rem
620 3236 703 3290 vel
748 3237 1037 3305 potentiam
1072 3235 1162 3304 fit,
1194 3236 1238 3290 si
1266 3244 1412 3291 recte
1440 3245 1599 3307 atque
1629 3234 1833 3291 utiliter
1862 3237 1959 3302 fit,
1992 3235 2044 3291 id

457 3338 560 3391 est,
582 3337 639 3382 ut
660 3328 829 3382 valeat
851 3327 915 3382 ad
944 3343 1060 3383 eam
1090 3328 1317 3382 salutem
1340 3327 1693 3393 subditorum,
1713 3342 1829 3397 qua:
1851 3342 2046 3382 secun-

461 3419 586 3475 dum
636 3419 803 3474 Deum
852 3428 935 3474 est
971 3436 985 3484 ;
1029 3419 1168 3473 unde
1207 3418 1315 3488 jam
1364 3420 1610 3488 superius
1655 3418 2045 3488 disputavimus

458 3511 611 3582 (Cap.
638 3512 713 3583 6).
738 3513 961 3582 Propter
987 3511 1126 3582 quod
1148 3513 1221 3566 ait
1243 3512 1545 3582 Apostolus,
1576 3511 1677 3579 Qui
1698 3512 2045 3582 episcopatum

458 3606 727 3667 desiderat.
757 3606 941 3659 bonum
968 3622 1095 3675 opus
1122 3604 1370 3659 desiderat
1398 3604 1447 3676 (Ι
1483 3603 1617 3658 Tim.
1645 3620 1722 3669 ιιι,
1756 3604 1832 3675 i).
1866 3606 2044 3675 Expo-

458 3713 589 3753 nere
612 3698 775 3751 voluit
800 3698 924 3767 quid
953 3699 1020 3752 sit
1044 3698 1414 3767 episcopatus;
1445 3696 1567 3765 quia
1600 3712 1793 3750 nomen
1822 3707 1901 3751 est
1924 3712 2046 3766 ope-

456 3789 531 3842 ris
552 3830 567 3855 ,
595 3803 701 3843 non
728 3788 946 3843 honoris
978 3788 1075 3856 (ὁ).
1120 3787 1366 3842 Οιωςιιιιι
1392 3794 1473 3840 est
1498 3786 1641 3841 enim
1665 3828 1680 3850 ,
1721 3794 1880 3857 atque
1923 3788 2043 3844 inde

460 3878 676 3934 ductum
705 3879 1041 3944 vocabulum,
1072 3877 1212 3947 quod
1243 3878 1329 3931 ille
1356 3876 1445 3947 qui
1473 3875 1778 3945 prmiicitur,
1811 3877 1889 3931 eis
1919 3880 2041 3949 qui-

457 3968 557 4024 bus
579 3969 861 4038 praeficitur
882 3967 1292 4038 superintendit,
1316 3982 1498 4022 curam
1517 3982 1699 4021 eorum
1729 3968 1933 4023 scilicet
1951 3986 2042 4039 ge-

456 4076 617 4116 rens:
651 4066 730 4113 επι
764 4061 959 4129 quippe
984 4102 999 4127 ,
1032 4060 1235 4129 Super;
1268 4067 1438 4120 σκοπός
1464 4073 1623 4122 vero,
1650 4057 1880 4113 intentio
1918 4069 2037 4115 est:

456 4164 585 4219 ergo
613 4155 899 4213 ἐπισκοπεῖν,
921 4150 965 4203 si
994 4150 1237 4212 velimus,
1266 4148 1427 4203 latine
1449 4147 1901 4217 Superintendere
1926 4165 2044 4219 pos-

456 4256 643 4297 sumus
659 4240 841 4295 dicere
864 4240 967 4312 (c);
992 4249 1049 4295 ut
1072 4241 1334 4310 intelligat
1355 4255 1459 4293 non
1482 4255 1540 4295 se
1560 4255 1681 4295 esse
1705 4240 2037 4309 episc0pum,

456 4333 545 4403 qui
579 4346 809 4401 prmesse
838 4330 1122 4398 dilexerit,
1155 4347 1258 4386 non
1291 4330 1564 4400 prodesse.
1597 4329 1779 4400 itaque
1807 4347 1836 4385 a
1865 4331 2041 4387 studio

456 4422 842 4493 cognoscenda:
864 4424 1101 4478 veritatis
1126 4438 1284 4478 nemo
1306 4422 1637 4492 prohibetur.
1661 4422 1802 4493 quod
1830 4423 1893 4478 ad
1928 4420 2042 4478 lau-

457 4513 636 4571 dabile
662 4516 893 4585 pertinet
917 4516 1084 4570 otium
1116 4532 1129 4569 :
1162 4516 1310 4571 locus
1337 4530 1464 4571 vero
1493 4516 1758 4585 superior,
1792 4517 1908 4572 sine
1935 4532 2040 4587 quo

455 4609 568 4679 regi
598 4609 825 4678 populus
856 4623 961 4664 non
989 4617 1183 4678 potest,
1207 4609 1307 4662 etsi
1331 4607 1401 4661 ita
1428 4616 1669 4663 teneatur
1693 4617 1852 4678 atque
1872 4609 2041 4663 admi-

454 4703 711 4757 nistretur
742 4712 799 4758 ut
825 4703 1013 4770 decet,
1058 4711 1233 4758 tamen
1280 4700 1587 4756 indecenter
1627 4702 1894 4772 appetitur
1936 4701 2037 4773 (il).

456 4794 812 4862 Quamobrem
844 4796 1009 4849 otium
1037 4802 1277 4852 sanctum
1303 4794 1494 4864 qnmrit
1512 4793 1745 4848 eharitas
1766 4795 2036 4849 veritatis:

458 4884 731 4954 negotium
756 4884 960 4953 justum
989 4884 1212 4955 suscipit
1234 4884 1525 4940 necessitas
1545 4883 2037 4953 cbaritatis.Quam

521 5015 540 5047 ι
568 5012 765 5077 Quidam
799 5019 909 5063 Mss.
966 5013 1271 5077 percipimus.
1295 5021 1353 5064 Μ.

462 5122 465 5127 .
520 5078 543 5108 ⁸
566 5075 669 5138 Sola
693 5076 843 5126 editio
861 5075 992 5133 Lovi,
1016 5075 1175 5138 agant.

525 5138 548 5170 ³
578 5136 751 5200 Plures
776 5144 969 5200 Mss,“
992 5135 1118 5200 quod
1140 5135 1387 5200 invenerit,
1411 5150 1469 5186 ne
1491 5137 1632 5189 alteri
1653 5136 1877 5189 invideat.

522 5199 594 5263 (a)
619 5199 746 5249 conf.
768 5211 877 5249 cum
901 5198 1165 5261 boc'capite
1203 5198 1565 5261 Tertullianum,
1587 5202 1635 5249 iu
1659 5201 1745 5251 lib.
1768 5201 1833 5250 de
1852 5200 2033 5263 Anima,

456 5276 562 5325 cap.
588 5263 663 5310 17.
686 5269 932 5317 Coouaws.

523 5319 795 5433 (0)9(Litatur
829 5325 879 5372 in
914 5319 1285 5386 Aquisgranensi
1323 5320 1524 5371 concilio
1564 5324 1677 5373 anni
1717 5321 1825 5384 816,
1867 5321 1949 5373 lib.
1988 5324 2035 5387 1,

523 5400 563 5433 n.
625 5420 636 5432 .

526 5448 598 5508 (c)
622 5448 938 5509 Hieronymus
970 5458 1186 5509 quoque,
1208 5445 1258 5509 in
1281 5442 1484 5509 Epistola
1506 5444 1553 5505 8,
1590 5445 1648 5494 ad
1679 5448 1945 5508 Evagrium,
1969 5447 2036 5497 ita

459 5505 625 5567 vertit,
649 5505 1017 5570 épiscobor‘tutes',
1052 5505 1576 5570 (superinteudentes.
1594 5523 1616 5551 ι»
1637 5505 1886 5563 (ῖοοιιὲυδ.

521 5570 599 5631 (τι)
623 5568 717 5619 Lex
742 5572 773 5619 5
802 5571 997 5627 codicis,
1022 5571 1087 5619 de
1127 5568 1174 5629 Ei
1190 5569 1361 5631 iscOpis
1384 5575 1433 5616 et
1453 5568 1679 5617 Clericis:
1713 5586 1736 5615 α
1756 5577 1955 5618 Tantum
1972 5571 2035 5619 ab

464 5646 487 5674 α
510 5633 690 5693 ambitu
711 5633 864 5681 debet
886 5645 997 5681 esse
1020 5631 1261 5693 sepositus
1276 5631 1497 5693 antistes,
1516 5637 1571 5679 ut
1592 5639 1837 5693 quaeratur
1850 5643 2033 5693 cogen-

466 5706 488 5733 ε
509 5691 617 5749 dus,
640 5701 839 5753 rogatus
859 5690 1325 5751 recedat,'invitatus
1343 5690 1567 5755 effugiat;
1588 5690 1689 5755 sola
1708 5691 1775 5741 illi
1797 5691 2034 5754 sufirage-

464 5766 487 5792 ι
510 5758 588 5798 tur
608 5756 871 5818 necessitas
891 5756 1166 5818 excusandi.
1190 5770 1211 5796 ιι
1238 5761 1289 5818 Et
1313 5762 1417 5815 post
1440 5768 1452 5803 :
1499 5772 1521 5800 ι
1554 5754 1770 5806 Profecto
1805 5754 2031 5818 indignus

468 5824 491 5855 ι
514 5818 590 5859 est
612 5814 893 5877 sacerdotio,
920 5817 1009 5864 nisi
1032 5814 1180 5866 fuerit
1200 5814 1447 5871 ordinatus
1466 5818 1661 5869 invitus.
1680 5832 1701 5865 ι
1725 5814 1971 5875 coeuntis.

1516 358 1604 413 DE
1643 352 1961 412 CIVITA'I'E
2004 350 2041 405 D

2172 347 2232 404 s.
2263 348 2622 407 mansum
3619 333 3711 387 ω

2160 459 2423 514 sarcinam
2463 462 2506 515 si
2550 461 2730 516 nullus
2768 459 3011 530 imponit.
3043 457 3397 530 pcreipieudm
3445 465 3595 527 atque
3636 461 3710 512 in-

2159 550 2376 605 tuenda:
2416 552 2708 605 vacandum
2737 561 2819 605 est
2843 551 3054 605 veritati
3080 567 3092 603 :
3116 550 3162 603 si
3203 560 3383 605 autem
3428 550 3716 618 imponitur,

2159 641 2493 711 suscipienda
2539 652 2622 697 est
2666 652 2882 711 propter
2908 641 3184 697 charitatis
3214 641 3585 695 necessitatem
3615 642 3715 710 (a):

2158 731 2251 786 sed
2278 748 2374 787 nec
2402 733 2481 786 sic
2510 733 2652 786 omni
2674 732 2833 787 modo
2861 733 3103 787 veritatis
3130 731 3417 785 delectatio
3446 730 3719 787 deserenda

2159 831 2262 888 est,
2288 838 2355 879 ne
2382 823 2726 879 subtrahatur
2753 823 2847 877 illa
2872 822 3131 887 suavitas,
3156 830 3210 877 et
3230 822 3503 892 opprimat
3530 822 3624 875 ista
3646 838 3721 877 ne-

2156 915 2399 970 cessitas.

2155 1024 2383 1082 CAPUT
2420 1025 2541 1081 XX.
2576 1056 2648 1067 -—-
2689 1026 2840 1093 Quod
2867 1028 2999 1082 cives
3039 1036 3332 1082 sanctorum
3359 1027 3419 1081 in
3451 1027 3565 1081 vita
3596 1027 3730 1096 hujus

2628 1128 2851 1188 tempore
2872 1135 2962 1188 spe
2986 1117 3121 1172 beati
3146 1119 3271 1173 sint.

2227 1226 2586 1293 Quamobrem
2613 1244 2879 1285 summum
2907 1230 3108 1285 bonum
3138 1230 3373 1285 civitatis
3405 1230 3503 1284 Dei
3531 1241 3648 1284 cum
3673 1231 3733 1284 sit

2156 1325 2353 1372 aeterna
2381 1333 2484 1387 pax
2511 1330 2672 1391 atque
2704 1320 2936 1390 perfecta
2957 1362 2973 1389 ,
3015 1338 3119 1376 non
3152 1338 3252 1391 per
3289 1338 3454 1390 quam
3499 1323 3733 1377 mortales

2159 1416 2433 1464 transeant
2457 1411 2726 1465 nascendo
2753 1422 2912 1481 atque
2940 1412 3252 1477 moriendo,
3294 1412 3392 1467 sed
3438 1414 3493 1467 in
3519 1428 3619 1483 qua
3644 1414 3735 1467 imo

2153 1500 2409 1555 mortales
2430 1513 2677 1557 maneant
2699 1502 2829 1559 nihil
2851 1503 3060 1559 adversi
3077 1506 3302 1559 omnino
3327 1506 3612 1575 patiendo;
3630 1508 3736 1577 quis

2152 1600 2237 1648 est
2264 1592 2353 1662 qui
2382 1593 2527 1648 illam
2556 1593 2716 1649 vitam
2743 1594 2828 1649 vel
2856 1595 3219 1651 beatissimam
3247 1605 3432 1667 neget,
3458 1598 3541 1651 vel
3565 1598 3614 1651 in
3635 1598 3735 1667 ejus

2153 1684 2555 1751 comparatione
2580 1686 2755 1747 istam,
2781 1701 2899 1756 qua:
2922 1686 3011 1741 hic
3034 1688 3229 1756 agitur,
3253 1690 3611 1758 quantisiibet
3632 1690 3738 1744 ani.

2153 1775 2225 1828 mi
2248 1785 2301 1829 et
2326 1777 2574 1845 corporis
2604 1788 3053 1849 externarumque
3077 1795 3259 1836 rerum
3286 1782 3446 1837 bonis
3476 1783 3631 1852 plena
3652 1784 3734 1849 sit,

2153 1882 2259 1922 non
2283 1869 2635 1925 miserrimam
2658 1872 2892 1941 judieet‘?
2913 1873 3082 1942 Quam
3113 1885 3298 1930 tamen
3320 1877 3644 1948 quicumque
3665 1876 3736 1933 sic

2154 1955 2334 2024 habet,
2371 1969 2426 2013 ut
2453 1959 2567 2029 ejus
2600 1976 2751 2015 usum
2778 1964 2974 2018 referat
3002 1964 3069 2019 ad
3100 1965 3243 2020 illius
3276 1966 3464 2034 finem,
3489 1984 3644 2038 quam
3666 1968 3739 2023 di-

2152 2048 2267 2121 ligit
2293 2051 2688 2119 ardentissime,
2719 2068 2780 2108 ac
2809 2054 3120 2111 ﬁdelissime
3149 2066 3355 2127 sperat,
3380 2075 3491 2112 non
3521 2059 3737 2114 absurde

2153 2138 2258 2193 dici
2289 2141 2448 2195 etiam
2477 2158 2619 2197 nunc
2648 2143 2833 2198 beatus
2864 2156 3073 2214 potest,
3101 2163 3197 2216 spe
3226 2148 3319 2202 illa
3355 2149 3555 2218 potius,
3587 2165 3733 2219 quam

2152 2245 2212 2285 re
2238 2230 2359 2285 ista.
2384 2232 2491 2287 Res
2510 2249 2638 2288 vero
2664 2234 2761 2288 ista
2793 2235 2907 2289 sine
2932 2251 3030 2305 spe
3057 2238 3147 2291 illa
3170 2280 3185 2305 ,
3221 2239 3505 2295 beatitudo
3530 2240 3659 2295 falsa
3686 2250 3736 2297 et

2152 2336 2340 2392 magna
2372 2324 2583 2379 miseria
2610 2333 2694 2379 est
2721 2342 2734 2379 :
2763 2340 2869 2380 non
2899 2328 3043 2381 enim
3074 2329 3216 2382 veris
3252 2329 3419 2383 animi
3450 2330 3609 2385 bonis
3638 2332 3731 2386 uti-

2152 2421 2257 2469 tur.
2274 2416 2535 2481 Quoniam
2556 2434 2662 2472 non
2685 2429 2767 2473 est
2785 2435 2912 2475 vera
2934 2420 3214 2489 sapientia,
3234 2438 3355 2492 quae
3385 2422 3730 2478 intentionem

2151 2519 2300 2559 suam
2333 2507 2383 2561 in
2422 2507 2505 2562 bis
2542 2525 2660 2579 qua:
2690 2510 2980 2579 prudenter
3002 2511 3300 2579 discernit,
3329 2514 3472 2583 gerit
3515 2514 3729 2581 fortiter,

2150 2594 2365 2652 cohibet
2413 2606 2796 2668 temperanter,
2833 2602 3084 2671 justeque
3111 2602 3424 2671 distribuit,
3457 2622 3568 2660 non
3599 2608 3648 2660 in
3676 2608 3731 2659 il-

2151 2688 2259 2743 lum
2291 2690 2471 2761 dirigit
2500 2692 2695 2759 finem,
2730 2692 2815 2748 ubi
2858 2695 2961 2749 erit
3006 2694 3145 2749 Deus
3179 2696 3360 2752 omnia
3401 2698 3454 2752 in
3497 2699 3733 2754 omnibus

2152 2777 2205 2853 (l
2236 2778 2351 2835 Cor.
2380 2797 2469 2847 xv,
2492 2782 2615 2853 28),
2646 2784 2945 2840 :eternitate
2969 2794 3114 2841 certa
3140 2796 3196 2842 et
3224 2803 3357 2857 pace
3385 2790 3647 2859 perfecta.

2150 2911 2375 2970 CAPUT
2414 2915 2555 2971 XXI.
2586 2947 2660 2958 —
2693 2918 2773 2972 An
2802 2919 3079 2974 secundum
3104 2921 3429 2991 deﬁnitiOnes
3458 2924 3725 2995 Scipionis,

2221 3021 2335 3074 qum
2354 3007 2405 3059 in
2429 3008 2632 3079 dialogo
2653 3008 2906 3064 Ciceronis
2926 3020 3065 3077 sunt,
3084 3028 3309 3083 unquam
3332 3016 3488 3086 fuerit
3511 3014 3729 3069 Romam

2219 3096 2527 3167 respublica.
2604 3106 2607 3110 ’

2226 3228 2276 3285 i.
2305 3231 2640 3303 Quapropter
2664 3250 2803 3291 nunc
2832 3244 2914 3293 est
2941 3236 3110 3305 locus,
3134 3247 3191 3294 ut
3217 3252 3379 3311 quam
3404 3251 3591 3312 potero
3618 3237 3724 3299 bre‘

2149 3316 2289 3378 viter
2311 3340 2373 3379 ac
2399 3325 2628 3382 dilucide
2654 3328 2933 3398 expediam
2955 3372 2971 3396 ,
2998 3332 3141 3401 quod
3192 3332 3246 3387 in
3297 3336 3541 3390 secundo
3582 3336 3724 3406 bujus

2149 3415 2329 3486 operis
2370 3416 2505 3471 libro
2534 3433 2620 3473 me
2646 3418 3136 3477 demonstraturum
3163 3439 3285 3480 esse
3322 3427 3546 3495 promisi
3584 3427 3723 3498 (Cap.

2148 3502 2239 3569 2i,
2271 3523 2325 3560 η.
2348 3508 2438 3576 4),
2469 3509 2762 3564 secundum
2790 3510 3154 3577 deﬁnitiones,
3182 3516 3381 3585 quibus
3412 3519 3546 3587 apud
3579 3518 3722 3573 Ciceo

2147 3611 2335 3652 ronem
2365 3601 2531 3654 utitur
2558 3600 2735 3672 Scipio
2766 3603 2817 3657 in
2846 3604 2997 3659 libris
3023 3603 3089 3659 de
3117 3605 3437 3676 Republica,
3468 3625 3720 3681 nunquam

2146 3691 2530 3759 rempublicam
2561 3692 2723 3750 fuisse
2749 3695 3065 3750 Romanam.
3092 3697 3335 3752 Breviter
3356 3700 3499 3754 enim
3523 3716 3719 3770 rempu-

2146 3780 2337 3836 blicam
2369 3782 2555 3838 definit
2578 3800 2698 3840 esse
2724 3802 2837 3841 rem
2867 3788 3064 3857 populi.
3096 3787 3227 3854 Qua:
3242 3788 3507 3856 definitio,
3535 3795 3576 3846 si
3604 3808 3717 3847 vera

2146 3880 2247 3935 est,
2273 3889 2540 3944 nunquam
2565 3872 2665 3929 fuit
2689 3875 2927 3931 Romana
2952 3878 3254 3947 respublica
3281 3898 3294 3933 :
3320 3881 3445 3950 quia
3468 3898 3716 3953 nunquam

2145 3958 2247 4021 fuit
2275 3982 2362 4022 res
2391 3966 2605 4038 populi;
2637 3984 2794 4038 quam
2824 3969 3193 4025 definitionem
3220 3972 3390 4028 voluit
3416 3989 3534 4030 esse
3558 3977 3715 4044 reipu-

2144 4056 2319 4113 blicae.
2368 4058 2629 4127 Populum
2657 4060 2798 4114 enim
2828 4075 2947 4115 esse
2975 4060 3219 4116 definivit
3248 4072 3451 4118 emtum
3494 4065 3711 4119 multitu-

2145 4150 2286 4205 dinis
2305 4191 2319 4214 ,
2342 4151 2481 4220 juris
2504 4166 2770 4207 consensu
2800 4161 2855 4207 et
2884 4153 3127 4207 utilitatis
3155 4157 3535 4212 communione
3556 4158 3712 4212 socia-

2145 4251 2279 4297 tum.
2308 4243 2446 4312 Quid
2474 4253 2651 4299 autem
2678 4244 2819 4299 dicat
2858 4244 2998 4315 juris
3026 4260 3351 4301 consensum
3375 4290 3391 4314 ,
3416 4249 3711 4319 disputando

2144 4337 2412 4407 explicat;
2445 4354 2539 4408 per
2584 4337 2688 4394 hoc
2728 4339 3020 4396 ostendens
3057 4341 3172 4410 geri
3219 4343 3338 4397 sine
3375 4343 3578 4413 justitia
3618 4360 3707 4397 tlon

2144 4445 2303 4501 posse
2343 4432 2725 4501 rempublicam
2759 4451 2772 4489 :
2804 4433 2891 4488 ubi
2917 4450 3045 4504 ergo
3067 4435 3276 4504 justitia
3303 4453 3432 4493 vera
3475 4454 3575 4494 non
3606 4448 3700 4501 est,

2145 4537 2247 4577 nec
2270 4522 2356 4591 jus
2382 4532 2558 4592 potest
2583 4539 2723 4579 esse.
2756 4524 2906 4592 Quod
2937 4527 3080 4580 enim
3103 4526 3227 4595 jure
3256 4528 3336 4595 fit,
3371 4528 3605 4599 profecto
3630 4530 3702 4598 λιι·

2143 4622 2227 4671 ste
2265 4614 2322 4668 fit
2346 4632 2359 4667 :
2384 4614 2526 4684 quod
2551 4624 2729 4671 autem
2764 4618 2823 4670 fit
2847 4616 3041 4687 injuste
3061 4659 3074 4677 .
3104 4634 3203 4673 nec
3238 4619 3363 4689 jure
3391 4621 3507 4676 fieri
3538 4629 3700 4693 potest.

2142 4703 2258 4759 Non
2289 4705 2431 4760 enim
2467 4706 2589 4776 jura
2615 4706 2842 4762 dicenda
2870 4718 2994 4762 sunt
3030 4709 3116 4763 vel
3160 4711 3401 4779 putanda
3432 4713 3601 4783 iniqua
3626 4712 3701 4765 ba-

2143 4795 2345 4851 minum
2384 4796 2674 4851 constituta
2700 4815 2714 4852 :
2738 4813 2857 4852 cum
2898 4798 3025 4853 illud
3055 4800 3219 4855 etiam
3250 4801 3356 4873 ipsi
3379 4803 3471 4873 jus
3498 4819 3610 4860 esse
3633 4802 3697 4857 di-

2142 4895 2287 4950 cant,
2318 4887 2459 4957 quod
2504 4887 2572 4943 de
2610 4887 2833 4957 justitia:
2875 4888 3024 4944 fonte
3069 4894 3401 4960 manaverit;
3436 4894 3699 4961 falsumque

2142 4992 2262 5031 esse
2281 5016 2297 5043 ,
2324 4978 2465 5046 quod
2504 4994 2535 5033 a
2573 4978 2890 5049 quibusdam
2932 4995 3038 5035 non
3067 4992 3215 5038 recte
3238 4986 3588 5041 sentientibus
3613 4981 3701 5053 dici

2143 5067 2312 5131 solet,
2342 5066 2397 5123 id
2448 5083 2572 5124 esse
2619 5070 2743 5139 jus,
2777 5070 2916 5140 quod
2960 5072 3008 5126 ei
3052 5073 3142 5142 qui
3191 5074 3311 5141 plus
3356 5086 3562 5145 potest,
3591 5073 3699 5129 utile

2142 5167 2224 5214 est
2255 5159 2349 5230 (ὁ).
2380 5158 2640 5226 Quocirca
2673 5161 2762 5216 ubi
2790 5176 2896 5215 non
2923 5171 3007 5216 est
3031 5179 3154 5218 vera
3179 5165 3409 5232 justitia,
3429 5164 3562 5236 juris
3584 5180 3695 5220 con-

2141 5266 2301 5305 sensu
2342 5251 2576 5306 sociatus
2613 5262 2785 5308 caelus
2814 5253 3088 5309 hominum
3122 5272 3229 5309 non
3271 5267 3447 5327 potest
3470 5271 3617 5320 esse;
3650 5263 3694 5308 et

2144 5343 2262 5397 ideo
2291 5358 2389 5399 nec
2420 5345 2666 5414 populus,
2696 5346 2845 5414 juxta
2881 5347 3024 5403 illam
3054 5348 3323 5418 Scipionis
3346 5351 3426 5405 vel
3451 5348 3689 5405 Ciceronis

2142 5434 2505 5492 definitionem
2532 5455 2546 5493 :
2573 5447 2627 5493 et
2654 5438 2701 5494 si
2728 5454 2836 5494 non
2863 5442 3113 5512 populus,
3140 5458 3239 5499 nec
3268 5459 3356 5497 res
3383 5444 3580 5514 populi;
3610 5439 3685 5495 sed

2224 5631 2275 5694 ᾳ)
2297 5627 2427 5683 conf.
2455 5633 2599 5694 epist.
2620 5632 2700 5694 48,
2725 5646 2774 5682 ιι.
2795 5633 2843 5683 2.

2224 5645 2254 5681 a
2297 5630 2427 5683 conf.
2455 5633 2599 5694 epist.
2620 5632 2682 5682 48
2725 5646 2774 5682 ιι.
2795 5633 2843 5683 2.

2199 5630 2275 5765 Eb;
2300 5695 2371 5765 sic
2386 5696 2569 5765 justum
2592 5670 2811 5765 definivit
2833 5695 3211 5765 Thrasymaqhus
3227 5698 3350 5760 apud
3386 5696 3622 5748 Platonem.
3640 5693 3679 5741 in

2158 5754 2292 5867 ﬁmo
2314 5754 2437 5808 libro
2458 5755 2523 5807 de
2547 5756 2820 5821 ttepubiica.
2853 5754 3000 5819 Quani
3031 5754 3356 5810 definitionem
3396 5767 3593 5809 Socrates
3611 5765 3676 5803 re
