3882 6396
133 324 242 393 640

122 636 354 704 populus
382 654 486 694 non
511 645 705 714 estqui
734 660 996 705 consensu
1029 670 1136 709 non
1165 658 1396 716 sociatus
1423 673 1504 718 est
1527 666 1660 734 juris
1678 706 1696 735 ,

119 740 232 779 non
259 738 339 783 est
367 741 543 787 autem
567 733 676 803 jus,
708 738 797 792 ubi
825 741 971 796 nulla
996 742 1202 813 justitia
1233 759 1351 805 est:
1383 733 1565 821 procul
1603 733 1700 811 du;

115 815 209 871 bio
235 819 534 892 colligitur,
565 827 651 880 ubi
679 828 882 897 justitia
914 848 1020 888 non
1049 847 1130 891 est
1153 879 1166 902 ,
1212 855 1313 895 non
1341 857 1460 898 esse
1486 861 1697 915 rempu-

115 907 335 966 blicam.
380 913 592 971 Justitia
632 934 793 988 porro
816 938 876 978 ea
904 926 1072 982 virtus
1099 939 1212 996 est,
1239 948 1355 1002 quae
1385 948 1478 989 sua
1503 939 1697 1008 cuique

111 1002 405 1062 distribuit.
440 1010 567 1076 Quae
595 1011 755 1082 igitur
777 1015 979 1085 justitia
1001 1029 1084 1075 est
1109 1021 1364 1092 hominis,
1384 1043 1502 1096 quae
1524 1002 1695 1098 ipsum

111 1091 386 1151 hominem
433 1100 544 1157 Deo
587 1120 712 1161 vero
753 1108 919 1173 tollit,
947 1119 1000 1164 et
1039 1111 1323 1170 immundis
1364 1117 1694 1179 daemonibus

107 1185 330 1240 subdit?
356 1188 589 1248 Hoccine
630 1205 711 1250 est
750 1211 844 1252 sua
882 1201 1070 1271 cuique
1104 1203 1457 1263 distribuere?
1485 1211 1565 1266 An
1605 1213 1694 1282 qui

109 1277 337 1336 fundum
367 1283 538 1339 aufert
566 1290 612 1340 ei
644 1303 671 1341 a
702 1305 808 1360 quo
833 1304 1042 1362 emptus
1082 1307 1165 1351 est
1188 1338 1200 1361 ,
1245 1308 1301 1354 et
1340 1302 1501 1357 tradit
1525 1305 1572 1358 ei
1601 1277 1693 1375 qui

107 1370 247 1426 nihil
276 1373 328 1428 in
353 1389 418 1429 eo
448 1375 607 1432 habet
634 1380 768 1449 juris
789 1422 802 1446 ,
831 1383 1061 1453 injustus
1100 1397 1210 1454 est;
1243 1399 1294 1444 et
1316 1392 1408 1461 qui
1430 1408 1489 1448 se
1519 1370 1692 1464 ipsum

103 1459 287 1517 aufert
320 1463 612 1523 dominanti
651 1470 762 1525 Deo
782 1512 796 1536 ,
825 1488 855 1527 a
880 1490 986 1544 quo
1011 1475 1184 1533 factus
1212 1459 1409 1548 est,ﬁet
1445 1459 1690 1558 malignis

103 1554 279 1610 servit
301 1559 593 1628 spiritibus,
621 1562 794 1632 justus
826 1567 940 1622 est?

177 1647 234 1702 2.
276 1649 584 1721 Disputatur
611 1665 755 1712 certe
797 1662 1054 1719 acerrime
1099 1674 1259 1737 atque
1301 1666 1594 1728 fortissime
1635 1674 1688 1731 in

101 1739 312 1796 eisdem
342 1742 472 1813 ipsis
500 1745 566 1802 de
597 1747 886 1818 Republica
915 1753 1061 1809 libris
1090 1756 1351 1815 adversus
1373 1761 1686 1832 injustitiam

101 1845 205 1899 pro
227 1832 446 1902 justitia.
478 1837 544 1891 Et
567 1841 838 1908 quoniam,
869 1859 988 1899 cum
1020 1848 1164 1916 prius
1191 1862 1437 1921 ageretur
1475 1870 1571 1926 pro
1601 1859 1687 1913 in-

95 1924 319 1992 justitite
361 1929 600 1998 partibus
641 1945 825 1990 contra
863 1936 1143 2006 justitiam,
1192 1952 1250 1999 et
1287 1924 1556 2004 diceretur
1584 1951 1684 2007 nisi

99 2030 204 2084 per
256 2017 566 2088 injustitiam
613 2027 996 2095 rempublicam
1045 2041 1188 2090 stare
1230 2038 1520 2109 augerique
1576 2057 1682 2099 non

99 2121 286 2175 posse;
320 2107 421 2167 hoc
447 2114 610 2168 veluti
653 2118 1033 2176 validissimum
1078 2107 1315 2195 positan
1358 2139 1493 2196 erat,
1540 2132 1683 2201 inju-

95 2208 242 2254 stum
269 2216 404 2269 esse,
435 2213 492 2260 ut
530 2206 771 2264 homines
800 2209 1102 2270 hominibus
1148 2217 1540 2278 dominantibus
1567 2240 1682 2280 ser-

95 2290 274 2357 viant;
302 2309 457 2363 quam
479 2307 654 2354 tamen
675 2299 984 2370 injustitiam
1003 2304 1105 2360 nisi
1125 2318 1377 2377 sequatur
1398 2311 1679 2382 imperiosa

91 2383 303 2451 civitas,
353 2387 502 2457 cujus
543 2399 623 2444 est
663 2406 851 2462 magna
891 2397 1211 2465 respublica,
1241 2416 1347 2455 non
1371 2418 1490 2459 eam
1517 2420 1678 2476 posse

93 2475 380 2543 provinciis
406 2479 671 2548 imperare
707 2499 720 2536 :
752 2497 1066 2555 responsum
1094 2500 1174 2544 est
1199 2505 1228 2544 a
1261 2503 1409 2561 parte
1433 2475 1673 2565 iustitiae,

92 2568 218 2624 ideo
238 2569 436 2639 justum
466 2589 602 2640 esse,
651 2578 790 2646 quod
835 2580 1025 2637 talibus
1071 2583 1380 2642 hominibus
1419 2588 1488 2643 sit
1529 2590 1675 2648 utilis

87 2663 336 2729 servitus,
369 2673 420 2719 et
447 2682 544 2735 pro
573 2667 796 2724 utilitate
823 2685 1006 2726 eorum
1037 2673 1149 2728 ﬁeri
1176 2690 1296 2730 cum
1342 2686 1487 2734 recte
1512 2680 1589 2746 fit,
1618 2681 1672 2737 id

83 2761 192 2819 est,
221 2769 335 2808 cum
379 2757 631 2827 improbis
680 2759 917 2817 aufertur
962 2763 1272 2834 injuriarum
1323 2768 1566 2836 licentia;
1615 2780 1672 2828 et

81 2845 272 2901 domiti
301 2863 358 2902 se
389 2851 577 2905 melius
609 2851 899 2922 habebunt,
931 2857 1051 2926 quia
1079 2859 1320 2915 indomiti
1349 2861 1583 2918 deterius
1609 2879 1669 2920 se

83 2937 416 2996 habuerunt:
441 2943 816 3015 subditumque
845 2958 946 3016 est,
979 2957 1036 3003 ut
1059 2950 1155 3004 ista
1181 2951 1316 3006 ratio
1339 2953 1663 3024 firmaretur,

80 3032 248 3088 veluti
273 3049 301 3089 a
327 3045 514 3091 natura
543 3047 811 3108 sumptum
843 3043 1018 3097 nobile
1044 3045 1366 3114 exemplum,
1399 3059 1560 3118 atque
1591 3048 1665 3106 di-

76 3133 226 3178 ctum
253 3134 353 3190 est,
383 3125 486 3181 Cur
508 3128 662 3198 igitur
685 3129 824 3185 Deus
853 3132 1063 3197 homini,
1091 3137 1288 3190 animus
1315 3138 1527 3208 imperat
1551 3157 1664 3196 eor-

77 3214 212 3282 pori,
258 3218 385 3272 ratio
411 3219 608 3274 libidini
651 3224 936 3295 caeterisque
972 3225 1159 3281 vitiosis
1203 3230 1360 3283 animi
1398 3233 1664 3301 partibus?

77 3303 243 3360 Plane
270 3305 370 3362 hoc
397 3311 643 3381 exemplo
672 3315 800 3367 satis
826 3315 1068 3370 edoctum
1087 3325 1185 3382 est,
1211 3321 1524 3390 quibusdam
1541 3339 1660 3381 esse

75 3394 259 3450 utilem
287 3403 627 3468 servitutem;
656 3413 713 3459 et
739 3403 848 3458 Deo
873 3405 1085 3475 quidem
1126 3416 1182 3462 ut
1219 3411 1500 3477 serviatur,
1532 3415 1659 3472 utile

73 3500 197 3541 esse
215 3490 478 3546 omnibus.
503 3491 753 3549 Serviens
773 3505 951 3550 autem
980 3497 1090 3554 Deo
1117 3500 1346 3570 animus,
1379 3514 1524 3561 recte
1552 3507 1654 3562 im-

72 3588 225 3646 perat
249 3583 484 3651 corpori,
532 3585 689 3656 inque
737 3587 854 3656 ipso
904 3589 1082 3644 animo
1111 3593 1246 3648 ratio
1293 3595 1518 3654 Domino
1543 3599 1655 3656 Deo

68 3671 304 3740 subdita,
333 3686 478 3731 recte
506 3677 736 3748 imperat
761 3679 964 3735 libidini
996 3682 1242 3753 vitiisque
1270 3689 1498 3744 exteris.
1521 3691 1654 3761 Qua-

62 3774 288 3835 propter
306 3767 392 3824 ubi
415 3768 574 3825 homo
595 3772 704 3828 Deo
727 3789 834 3829 non
854 3776 1037 3843 servit,
1060 3778 1184 3847 quid
1207 3779 1260 3834 in
1282 3795 1346 3837 eo
1361 3785 1652 3852 putandum

58 3867 143 3912 est
172 3873 293 3914 esse
316 3862 562 3928 justitiac;
610 3867 1038 3938 quandoquidem
1082 3870 1192 3925 Deo
1237 3888 1342 3928 non
1386 3877 1649 3947 serviens,

58 3949 214 4004 nullo
245 3951 405 4006 modo
435 3963 610 4023 potest
633 3955 776 4025 juste
805 3959 1013 4016 animus
1036 3963 1267 4032 corpori,
1297 3974 1389 4020 aut
1418 3967 1646 4025 humana

55 4043 199 4098 ratio
258 4044 432 4100 vitiis‘
465 4047 762 4118 imperare?
796 4052 858 4107 Et
901 4054 943 4108 si
974 4054 1028 4111 in
1074 4054 1288 4112 homine
1315 4058 1406 4113 tali
1435 4074 1541 4115 non
1565 4070 1649 4118 est

54 4137 164 4190 ulla
185 4137 410 4206 justitia,
443 4144 626 4210 procul
651 4144 812 4200 dubio
843 4163 942 4202 nec
969 4149 1022 4203 in
1061 4149 1336 4206 hominum
1365 4162 1529 4221 coetu,
1553 4157 1644 4226 qui

51 4243 122 4280 ex
170 4227 476 4288 hominibus
503 4234 696 4290 talibus
721 4247 950 4293 constat.
983 4239 1097 4296 Non
1125 4249 1205 4296 est
1235 4242 1320 4298 hic
1347 4259 1475 4316 ergo
1508 4246 1645 4316 juris

52 4322 146 4375 ille
186 4337 497 4390 consensus,
533 4329 618 4397 qui
653 4329 927 4387 hominum
958 4333 1347 4392 multitudinem
1388 4341 1640 4409 p0pulum

49 4412 204 4479 facit,
238 4414 389 4482 cujus
414 4433 500 4472 res
528 4419 721 4475 dicitur
748 4437 868 4479 esse
920 4426 1240 4496 respublica.
1271 4427 1405 4486 Nam
1435 4430 1502 4488 de
1531 4435 1640 4487 uti-

47 4505 203 4559 litate
249 4507 373 4576 quid
417 4509 609 4578 dicam,
640 4514 790 4583 cujus
820 4516 978 4570 etiam
1006 4521 1380 4578 communione
1409 4524 1642 4581 sociatus

43 4606 228 4652 εωιιιε
257 4599 550 4667 hominum,
580 4603 717 4658 sicut
744 4621 803 4660 se
832 4605 991 4663 habet
1013 4609 1111 4663 ista
1132 4609 1388 4678 deﬁnitio,
1415 4615 1641 4683 populus

44 4698 425 4764 nuncupatur?
455 4699 705 4767 Quamvis
743 4703 907 4770 enim,
959 4705 1002 4759 si
1050 4706 1332 4778 diligenter
1375 4710 1637 4776 attendas,

45 4802 151 4839 nec
180 4787 382 4842 utilitas
409 4791 479 4845 sit
500 4792 603 4847 ulla
624 4793 939 4863 viventium,
971 4797 1060 4867 qui
1087 4798 1270 4853 vivunt
1293 4799 1482 4869 impie;
1503 4801 1641 4858 sicut

45 4881 182 4931 vivit
209 4882 382 4936 omnis
404 4884 491 4952 qui
521 4899 624 4939 non
648 4887 810 4942 servit
832 4887 963 4954 Deo,
993 4890 1261 4962 servitque
1283 4891 1636 4962 dremonibus,

44 4980 201 5022 tanto
248 4973 413 5040 magis
443 4973 639 5045 impiis,
670 4987 870 5047 quanto
907 4981 1074 5050 magis
1100 4981 1220 5046 sibi,
1248 4997 1369 5036 cum
1397 4983 1503 5039 sint
1533 4983 1639 5041 im-

43 5063 392 5118 nnmdissimi
423 5067 662 5135 spiritus,
696 5078 946 5142 tanquam
973 5071 1074 5126 diis
1099 5073 1386 5129 sacrificari
1412 5076 1635 5133 volunt:

44 5164 235 5207 tamen
263 5155 401 5224 quod
431 5156 498 5212 de
518 5159 654 5228 juris
683 5175 945 5216 consensu
977 5163 1226 5230 diximus,
1256 5167 1388 5222 satis
1405 5182 1527 5224 esse
1554 5187 1640 5224 ar-

41 5242 244 5306 bitror,
277 5245 417 5300 unde
441 5258 696 5318 appareat
725 5266 818 5320 per
842 5251 979 5308 hanc
1009 5253 1367 5312 definitionem
1395 5273 1500 5314 non
1519 5273 1640 5316 esse

40 5335 328 5403 populum,
351 5338 504 5407 cujus
525 5341 820 5411 respublica
847 5359 966 5400 esse
987 5345 1212 5413 dicatur,
1235 5349 1286 5402 in
1313 5364 1419 5420 quo
1433 5350 1639 5421 justitia

43 5440 155 5477 non
190 5434 290 5478 est.
320 5427 375 5481 Si
405 5429 544 5483 enim
575 5430 758 5487 dicunt
782 5449 883 5488 non
912 5437 1186 5505 spiritibus
1216 5439 1520 5505 immundis,
1544 5441 1638 5495 sed

41 5516 149 5568 diis
187 5515 341 5572 bonis
370 5529 529 5589 atque
554 5523 751 5578 sanctis
782 5525 834 5578 in
861 5541 955 5582 sua
985 5528 1254 5600 republica
1280 5532 1509 5586 servisse
1532 5533 1639 5587 lto-

43 5623 270 5670 nianos;
301 5613 554 5682 numquid
580 5616 766 5670 eadem
799 5619 954 5674 toties
996 5620 1286 5691 repetenda
1331 5631 1471 5684 sunt.
1519 5641 1639 5694 qua:

37 5696 154 5766 jam
183 5699 336 5765 satis,
367 5702 474 5757 imo
514 5703 650 5759 ultra
694 5721 852 5776 quam
896 5709 1026 5766 satis
1066 5720 1169 5780 est,
1213 5710 1481 5769 diximus?
1511 5713 1638 5783 Quis

114 5838 132 5870 ¹
157 5836 266 5891 Sola
286 5838 433 5889 editio
449 5845 579 5902 bov.,
612 5838 738 5893 vitiis
759 5840 962 5894 ceteris.

294 5921 523 5990 Sacr.
544 5927 824 6008 ⁸Αυεεετ·
896 5927 1004 5993 Vl!

1295 345 1495 421 LIBER
1533 363 1828 429 DECIMUS
1864 369 2109 436 NONUS.

123 450 528 524 qualiscumque
556 449 929 531 multitudinis,
954 480 1074 536 quae
1101 471 1278 542 populi
1307 478 1522 536 nomine
1541 479 1699 551 digna

120 555 234 596 non
263 552 362 598 est.
394 545 472 601 Ac
500 561 594 615 per
620 549 752 616 hoc,
779 553 827 609 si
855 560 1152 627 respublica
1183 579 1270 620 res
1307 571 1484 639 populi
1514 545 1623 639 est,
1647 582 1703 630 et

1807 486 1951 602 enim
1981 492 2049 549 ad
2077 493 2220 602 hunc
2244 498 2419 562 locum
2445 523 2545 602 per
2571 517 2875 585 superiores
2900 512 3058 598 hujus
3099 537 3276 602 operis
3325 542 3392 598 li-

1806 577 1932 682 bros
1979 590 2238 690 pervenit,
2287 598 2377 690 qui
2428 577 2671 662 dubitare
2712 610 2884 670 adhuc
2902 577 3388 690 ἷὲξξίιξῖιζῆεξῖ

2925 670 2946 687 ,
2969 670 3112 690 -__--,
3153 670 3304 684 .........
3335 670 3388 688 υ.

1807 670 2025 743 impuris
2072 679 2404 746 daemonibus
2450 696 2679 754 servisse
2715 700 3004 777 Romanos,
3035 713 3135 770 nisi
3179 719 3262 773 vel
3307 723 3390 778 ni-

1807 763 1971 822 mium
2000 773 2242 844 stolidus,
2270 781 2353 835 vel
2380 782 2837 855 impudentissime
2864 806 3384 870 contentiosus?Sed

1806 865 1862 910 ut
1895 869 2096 920 taceam
2123 870 2308 936 quales
2351 875 2479 945 sint,
2524 896 2657 951 quos
2706 891 2979 950 sacriﬁciis
3023 898 3296 969 colebant;
3329 906 3385 961 in

1806 948 1911 969 μμ,
2046 956 2056 967 .
2090 957 2122 969 ..
2167 961 2178 969 .
2296 964 2306 969 -

1803 948 1918 1020 lege
1946 956 2059 1050 veri
2079 957 2179 1050 Dei
2204 964 2460 1035 scriptum
2504 948 2606 1039 est,
2647 948 3386 1050 Sacri/imus

1802 1049 1903 1143 tur,
1945 1046 2042 1100 nisi
2067 1047 2282 1108 Domino
2325 1067 2520 1115 tantum
2560 1065 2751 1136 (Exod.
2782 1046 2916 1141 rx",
2944 1077 3055 1150 20).
3097 1081 3202 1137 Νεε
3227 1046 3386 1142 bonis

1801 1132 1977 1204 igitur,
2010 1155 2110 1207 ωε
2137 1145 2292 1203 malis
2333 1151 2436 1208 diis
2479 1159 2764 1219 sacriﬁcari
2793 1169 2979 1240 voluit,
3010 1175 3102 1244 qui
3133 1176 3234 1233 hoc
3259 1195 3382 1235 cum

1803 1234 1944 1283 tanta
1965 1237 2378 1298 comminatione
2399 1251 2668 1321 pmcepit.

1797 1385 2022 1449 CAPUT
2063 1392 2227 1451 XXII.
2254 1429 2321 1440 —
2349 1403 2430 1458 An
2468 1421 2613 1464 verus
2655 1411 2719 1466 sit
2765 1414 2937 1484 Deus,
2977 1423 3058 1476 cui
3107 1424 3383 1485 Christiani

2079 1490 2330 1562 serviunt,
2358 1496 2441 1550 cui
2467 1499 2561 1553 soli
2594 1503 2770 1562 debeat
2795 1511 3092 1580 sacriﬁcari.

1865 1614 2338 1722 S'ednreSponderi
2386 1640 2559 1700 potest
2591 1653 2605 1689 :
2637 1636 2767 1704 Quis
2813 1642 2915 1700 iste
2954 1647 3094 1704 Deus
3138 1661 3258 1722 est,
3288 1665 3378 1714 aut

1796 1707 1935 1810 unde
1962 1709 2154 1782 dignus
2182 1717 2454 1810 probatur,
2485 1726 2570 1781 cui
2595 1728 2854 1788 deberent
2877 1707 3376 1810 obteniperare'llo:

1793 1798 1976 1866 mani,
2006 1811 2066 1856 ut
2091 1805 2292 1862 nullum
2321 1809 2543 1870 deorum
2581 1829 2776 1888 praeter
2800 1825 2972 1895 ipsum
3009 1798 3248 1891 colerent
3288 1854 3376 1894 sa-

1792 1889 2046 1947 crificiis?
2083 1894 2283 1968 Magnae
2322 1905 2574 1965 caecitatis
2613 1920 2732 1978 est,
2760 1889 2933 1974 adhuc
2978 1937 3217 1991 quaerere
3255 1931 3374 1998 quis

1791 1978 1890 2036 iste
1926 1983 1995 2038 sit
2019 1984 2180 2043 Deus.
2211 1990 2328 2061 Ipse
2370 2005 2453 2051 est
2496 1999 2674 2070 Deus,
2705 2007 2855 2076 cujus
2903 1978 3182 2083 Propheta:
3233 1978 3372 2091 pia:-

1788 2071 2036 2130 dixerunt
2080 2079 2178 2135 ista
2216 2098 2333 2152 quae
2369 2091 2655 2152 cernimus.
2689 2071 2806 2166 ipse
2852 2111 2934 2158 est
2972 2071 3147 2177 D'eus,
3185 2071 3372 2183 arquo

1785 2179 2102 2235 responsum
2138 2179 2342 2246 accepit
2369 2181 2636 2241 Abraham
2661 2229 2679 2255 ,
2710 2189 2776 2245 In
2809 2197 2998 2251 semine
3034 2209 3136 2256 tuo
3165 2179 3371 2261 benedi-

1784 2270 1958 2357 centur
2001 2279 2172 2357 omnes
2198 2278 2367 2338 gentes
2389 2273 2541 2343 (Gen.
2568 2294 2676 2337 χχιι
2703 2323 2716 2347 ,
2751 2285 2863 2357 18).
2897 2289 3048 2356 Quod
3071 2294 3125 2350 in
3155 2294 3370 2355 Christo

1783 2347 1929 2417 fieri,
1957 2355 2047 2424 qui
2087 2361 2382 2419 secundum
2424 2381 2638 2426 carnem
2667 2374 2734 2430 de
2778 2377 2869 2433 illo
2904 2384 3107 2441 semine
3149 2400 3369 2448 exortus

1781 2450 1903 2509 est,
1933 2445 2091 2503 iidem
2137 2451 2237 2522 ipsi
2267 2456 2356 2524 qui
2393 2473 2766 2521 remanserunt
2798 2470 2959 2542 hujus
3001 2479 3230 2535 nominis
3260 2481 3364 2538 ini-

1780 2533 1935 2604 mici,
1967 2541 2130 2596 velint
2179 2546 2454 2617 nolintve,
2495 2569 2839 2624 cognoscunt.
2891 2563 3009 2635 Ipse
3055 2579 3137 2624 est
3184 2571 3364 2643 Deus,

1777 2629 1928 2698 cujus
1971 2631 2179 2693 divinus
2223 2638 2450 2712 Spiritus
2497 2663 2591 2716 per
2620 2665 2712 2706 eos
2739 2629 2946 2713 locutus
2989 2671 3108 2727 est,
3137 2629 3363 2735 quorum

1776 2722 2028 2790 praedicta
2053 2736 2216 2800 atque
2255 2737 2519 2807 completa
2547 2756 2642 2811 per
2667 2745 2961 2806 Ecelesiam
2984 2793 2999 2820 ,
3025 2722 3182 2823 quam
3219 2759 3362 2814 vide-

1775 2828 1894 2871 mus
1922 2825 2033 2875 toto
2057 2823 2186 2880 orbe
2206 2825 2449 2885 dill‘usam
2471 2872 2487 2898 ,
2519 2833 2570 2888 in
2601 2835 2753 2892 libris
2790 2844 3153 2911 superioribus
3180 2852 3356 2918 posui.

1773 2903 1894 2976 ipse
1919 2920 2003 2967 est
2029 2913 2168 2971 Deus
2186 2959 2201 2983 ,
2230 2935 2389 2988 quem
2413 2922 2580 2980 Varro
2618 2926 2958 2990 doctissimus
2998 2934 3361 3007 Romanorum.

1767 2996 1954 3059 Iovem
2002 3017 2185 3076 putat,
2223 3015 2462 3083 quamvis
2508 3020 2754 3076 nesciens
2793 3025 2919 3092 quid
2963 3027 3209 3097 loquatur
3233 2996 3354 3101 (a):

1768 3093 1910 3163 quod
1941 3105 2114 3156 tamen
2145 3099 2266 3157 ideo
2295 3111 2817 3170 commemorandum
2863 3093 3078 3185 putavi,
3107 3093 3354 3191 quoniam

1767 3184 1849 3240 vir
1901 3196 2060 3245 tantae
2101 3193 2337 3251 scientia:
2371 3213 2472 3255 nec
2523 3202 2724 3259 nullum
2765 3184 2924 3262 istum
2974 3184 3140 3268 deum
3185 3217 3354 3283 potuit

1765 3277 2102 3348 existimare,
2128 3299 2226 3340 nec
2249 3288 2431 3344 vilem.
2459 3291 2612 3349 Hune
2640 3297 2782 3353 enim
2807 3314 2929 3356 cum
2953 3318 3072 3361 esse
3101 3308 3349 3379 credidit,

1764 3384 1923 3435 quem
1975 3388 2242 3433 summum
2299 3386 2500 3450 putavit
2547 3387 2734 3445 Deum.
2783 3392 3059 3454 Postremo
3107 3401 3222 3472 ipse
3269 3416 3350 3461 est

1765 3460 1902 3517 Deus
1950 3505 1963 3530 ,
1997 3482 2152 3535 quem
2205 3471 2540 3534 doctissimus
2589 3479 3060 3556 philosophorum,
3105 3460 3350 3563 quamvis

1759 3549 2183 3616 Christianorum
2210 3567 2506 3624 acerrimus
2537 3570 2782 3631 inimicus
2805 3618 2820 3643 ,
2852 3579 3012 3635 etiam
3040 3598 3134 3652 per
3158 3601 3345 3643 eorum

1760 3647 1974 3703 oracula
1993 3689 2006 3714 ,
2031 3665 2161 3722 quos
2185 3654 2316 3713 deos
2341 3668 2527 3731 putat,
2551 3663 2716 3721 Deum
2739 3684 2988 3742 magnum
3016 3647 3343 3749 Dorphyrius

1758 3740 2058 3800 conﬁtetur.

1781 3894 2007 3956 CAPUT
2052 3900 2241 3960 XXIII.
2271 3907 2489 3975 —Qua:
2543 3911 2861 3988 Porphyrius
2907 3923 3041 3980 dicat
3089 3931 3310 3986 oraculis

2067 3995 2275 4052 deorum
2298 4016 2542 4070 responsa
2575 4023 2680 4062 esse
2704 4009 2769 4066 de
2799 4011 3017 4072 Christo.

1826 4125 1878 4180 1.
1915 4125 2046 4183 Nam
2078 4130 2132 4185 in
2158 4132 2306 4190 libris
2330 4152 2464 4206 quos
2482 4145 2533 4194 ιχ
2560 4149 2722 4210 λογίων
2745 4155 3010 4222 φιλοσοφίας
3039 4154 3053 4185 ¹
3085 4159 3337 4228 appellat,

1752 4213 1808 4269 in
1836 4216 2029 4286 quibus
2068 4226 2376 4294 exsequitur
2402 4238 2562 4300 atque
2587 4213 2877 4293 conscribit
2908 4213 3091 4299 rerum
3221 4213 3339 4317 phil

1750 4303 2043 4378 losophiam
2070 4315 2446 4382 pertinentium
2474 4323 2616 4378 velut
2641 4326 2814 4382 divina
2853 4348 3106 4403 responsa
3138 4303 3254 4411 (ὁ),
3281 4351 3338 4397 ut

1751 4398 1863 4470 ipsa
1911 4405 2069 4460 verba
2111 4409 2260 4478 ejus,
2291 4415 2738 4482 quemadmodum
2781 4439 2846 4480 ex
2878 4427 3054 4499 lingua
3079 4446 3246 4501 graaca
3278 4438 3333 4492 in

1749 4489 1964 4550 latinam
2005 4497 2350 4570 interpretata
2378 4515 2538 4574 sunt,
2581 4525 2772 4579 ponam
2808 4533 2820 4569 :
2854 4489 3224 4592 Interroghnti,
3253 4528 3334 4582 in-

1746 4586 1894 4655 quit,
1946 4605 2091 4658 quem
2135 4593 2283 4648 deunt
2334 4598 2585 4668 placando
2631 4621 2864 4662 reuocare
2907 4586 3072 4680 possit
3123 4633 3331 4673 uxorem

1746 4693 1891 4733 suam
1917 4696 1949 4734 a
1977 4680 2358 4744 Christianismo
2375 4732 2390 4756 ,
2418 4692 2524 4748 hazc
2552 4696 2622 4748 ait
2651 4698 2867 4754 versibus
2896 4702 3100 4773 Apollo.
3129 4707 3333 4766 Deinde

1749 4773 1908 4828 verba
1952 4777 2094 4832 velut
2122 4780 2380 4848 Apollinis
2421 4784 2520 4840 ista
2563 4799 2685 4844 sunt
2717 4808 2730 4843 :
2761 4790 2918 4849 Forte
2961 4800 3122 4870 magis
3146 4806 3332 4871 poteris

1744 4866 1800 4924 in
1822 4885 1956 4940 aqua
1979 4872 2235 4943 impressis
2263 4877 2442 4934 litteris
2469 4882 2682 4938 scribere
2704 4925 2720 4953 ,
2747 4896 2835 4940 aut
2871 4866 3127 4960 adinﬁans
3146 4866 3174 4926 ’³
3201 4913 3330 4965 pen-

1811 5042 1829 5075 ¹
1874 5049 1925 5136 ¹¹ἐ
1947 5044 2470 5136 “"ia"l‘i‘.“§3‘i°.£§£a
2488 5051 3095 5136 ἰείτίφεῐιμρὶξίίέξεοιψαξξῖ
3124 5077 3332 5136 nequo

1746 5117 2003 5217 pmeram
2026 5108 2185 5159 fuerat
2203 5108 2260 5158 id
2278 5113 2473 5163 exmtsis
2494 5108 2804 5171 emendatum
3120 5108 3329 5190 ,3)ιὶιῶὂῖ

1746 5181 1778 5217 υ
1887 5202 1898 5214 ο

1745 5181 1898 5231 pmas.

1809 5231 1831 5298 ξ
1854 5235 1927 5298 sic
1970 5231 2243 5298 M_ss_.__Editi,_
2271 5232 2462 5298 inﬂans.

1831 5294 1882 5380 (ἐξ
1900 5292 2142 5380 Ξεξηίλ.
2167 5295 2279 5380 3.90
2300 5292 2836 5380 έοιιεκενξιεεηεεέοε
2873 5379 2877 5380 ,
2935 5372 2964 5380 _
3057 5369 3104 5380 ..

1835 5353 1883 5426 ρ)
1900 5356 2154 5426 citant‘hos
2167 5355 2315 5426 libros
2329 5362 2504 5420 passim
2519 5353 2851 5426 'l‘hféddoreths
2863 5379 2920 5417 ac
2935 5369 3326 5426 Eusebiushooce

1747 5415 1905 5486 titulo,
1930 5415 1990 5464 de
2009 5416 2309 5486 philosophia
2323 5415 2396 5486 éa:_
2407 5423 2632 5486 oraculis,
2657 5427 2728 5474 uti
2749 5415 2888 5476 recte
2901 5415 2956 5477 in
2976 5415 3322 5486 Eusebii—lia;

1745 5477 2506 5548 4_Pra,_»parat_i_onis_evangelica),
2547 5477 2649 5548 cap.
2685 5486 2732 5548 6,
2771 5501 2868 5538 non
2903 5477 3238 5546 autemsicuti
3275 5477 3317 5548 ii

1748 5539 1988 5626 arma;
2005 5539 3055 5626 libassesesesese;exegeras.
3069 5539 3324 5626 ptas-“ss

1748 5555 1777 5587 e
1799 5555 1968 5589 usuem
2005 5555 2127 5589 noro
2149 5555 2180 5589 ο
2200 5555 2264 5591 (ιε
2290 5555 2704 5596 Demonstratione
2750 5555 3051 5613 evangelica,
3074 5567 3179 5617 cap.
3205 5558 3255 5616 6,
3275 5566 3324 5613 et

1745 5555 2002 5662 aliquoties
2024 5603 2150 5664 apud
2172 5605 2524 5656 'rheodoretum
2547 5607 2673 5660 male
2694 5609 2927 5684 redditur,
2944 5612 3005 5663 de
3025 5614 3328 5681 Philosophia

1745 5661 2043 5735 selectorum.
2070 5667 2427 5735 inscriptionis
2451 5682 2644 5735 causam
2691 5678 2742 5722 et
2778 5686 2944 5735 operis
2984 5687 3330 5735 argumentum

1744 5675 2043 5713 saeuorum.
2092 5675 2427 5740 inscriptionis.
2451 5682 2644 5743 causam
2691 5678 2742 5722 et
2778 5676 2944 5735 operis
2984 5675 3327 5786 argumentum

1743 5726 2757 5807 22959.29mei‘ﬁ‘s912‘11‘29saepe“.
2803 5743 2904 5785 ιυω
2922 5735 3052 5807 .luw
3073 5749 3327 5807 enussimo

1743 5788 2007 5902 minus,
2037 5785 2150 5841 loco
2178 5787 2292 5843 libri
2333 5785 2695 5855 "aspirationis
2726 5785 3326 5860 ένιυεειιωῖᾱιῐηῖῐέἷιῑ

2622 5943 3092 6032 (Yingt-une.)
