3826 6492
496 315 599 374 851

493 450 586 489 nas
613 430 741 486 leves
757 442 849 502 per
866 441 988 484 aera
1011 432 1070 481 ut
1091 426 1197 482 avis
1230 424 1402 481 volare
1422 464 1439 491 ,
1469 438 1619 495 quam
1648 422 1857 495 polluta:
1883 420 1900 453 ¹
1930 437 2073 475 revo-

491 542 574 581 ces
599 524 771 593 impia:
793 522 968 576 ureris
994 534 1213 574 sensum.
1239 517 1429 587 Pergat
1454 517 1477 549 ³
1504 514 1754 587 quomodo
1783 512 1890 569 vult
1916 513 2082 567 inani-

495 618 585 672 bus
626 615 845 687 fallaciis
894 622 1249 685 perseverans,
1280 618 1326 663 et
1364 607 1810 663 immutationibus
1851 605 2065 676 fallacis-

492 708 633 763 simis
663 715 916 761 mortuum
943 704 1103 757 Deum
1126 710 1336 755 cantans
1360 700 1406 767 ³,
1438 715 1586 771 quent
1613 716 1645 753 a
1666 697 1924 771 judicibus
1947 704 2081 751 recta

494 799 824 860 sentientibus
854 799 1107 871 perditum
1126 838 1139 861 ,
1163 797 1382 869 pessima
1404 794 1457 849 in
1485 793 1721 867 speciosis
1752 797 1887 865 ferro
1915 792 2083 846 vincta

496 912 630 952 mors
654 893 922 963 interfecit.
949 891 1153 947 Deinde
1184 898 1303 960 post
1335 889 1433 945 hos
1456 902 1644 945 versus
1666 886 1924 958 Apollinis
1945 927 1959 952 ,
1992 883 2082 956 qui

494 1001 604 1043 non
630 992 813 1040 stante
829 993 1000 1039 metro
1016 982 1177 1036 latine
1198 980 1525 1049 interpretati
1547 987 1689 1044 sunt,
1710 976 1979 1048 subjunxit
1998 983 2080 1029 at-

492 1093 597 1148 que
619 1077 693 1131 ait
724 1093 735 1128 :
766 1075 833 1130 In
852 1075 928 1129 his
947 1073 1148 1143 quidem
1178 1072 1633 1141 tergiversationem
1651 1068 1673 1101 ⁸
1701 1067 2083 1123 irremediabilis

490 1170 933 1225 sententiwearum
948 1165 1303 1236 manifestavit.
1320 1164 1489 1217 dicens
1501 1163 1737 1235 quoniam
1749 1161 1781 1215 J
1790 1161 1921 1215 ιιάωὶ
1932 1160 2083 1215 susci-

491 1263 635 1333 piunt
653 1262 811 1315 Deum
834 1260 999 1331 magis
1012 1265 1168 1331 gnam
1191 1257 1292 1311 isti.
1314 1256 1449 1311 Ecce
1474 1255 1562 1310 ubi
1591 1254 1904 1309 decolorans
1930 1251 2084 1307 Chri-

492 1361 651 1417 stum,
669 1351 881 1409 Jndteos
904 1336 1193 1422 praeposuit
1207 1347 1539 1414 Christianis,
1565 1346 1824 1407 confitens
1837 1344 1978 1416 quod
1990 1344 2085 1401 Ju-

492 1445 595 1500 dtni
616 1444 907 1513 suscipiant
922 1442 1109 1497 Deum.
1130 1441 1219 1495 Sic
1244 1438 1385 1494 enim
1408 1437 1660 1515 exposuit
1682 1450 1866 1490 versus
1884 1434 2085 1505 Apolli-

491 1540 596 1606 nis,
612 1538 701 1593 ubi
714 1552 744 1591 a
762 1536 1027 1608 judicibus
1041 1542 1185 1589 recta
1200 1531 1549 1588 sentientibus
1568 1529 1837 1585 Christum
1851 1528 1978 1583 dicit
1994 1542 2085 1582 0c-

489 1630 680 1695 cisum,
704 1637 954 1697 tanquam
984 1626 1089 1680 illis
1112 1626 1254 1694 juste
1279 1621 1655 1693 iudicantibus,
1680 1620 1872 1675 merito
1901 1620 1967 1673 sit
1995 1618 2083 1673 ille

489 1723 730 1793 punitus.
755 1719 961 1775 Viderit
987 1717 1113 1788 ιιιύά
1141 1716 1209 1771 de
1240 1715 1455 1771 Christo
1484 1722 1635 1769 vates
1655 1713 1883 1768 mendax
1914 1712 2083 1782 Apol-

492 1814 618 1869 linis
642 1814 719 1886 (a)
752 1811 979 1875 dixerit,
1028 1816 1187 1877 atque
1236 1808 1337 1865 istae
1378 1804 1669 1861 crediderit
1693 1845 1705 1868 ,
1730 1811 1821 1857 aut
1860 1803 2083 1857 fortasse

491 1913 693 1971 vatem,
724 1902 868 1973 quod
894 1916 1003 1956 non
1029 1899 1197 1965 dixit,
1225 1897 1424 1952 dixisse
1447 1896 1548 1951 iste
1580 1895 1695 1963 ipse
1716 1893 2037 1949 conﬁnxerit
2063 1910 2078 1946 :

489 2012 651 2069 quam
690 2010 821 2052 vero
857 1993 959 2049 sibi
985 2000 1193 2047 constet
1217 2033 1233 2058 ,
1263 1989 1350 2044 vel
1376 1989 1490 2059 ipsa
1516 1986 1728 2042 oracula
1758 1987 1895 2039 inter
1912 2000 1972 2040 se
2000 1984 2080 2038 fa-

490 2090 599 2145 ciat
618 2088 925 2152 convenire,
955 2093 1139 2156 postea
1169 2083 1486 2138 videbimus.
1515 2080 1615 2136 ilic
1636 2089 1815 2134 tamen
1843 2078 2078 2142 Indicos,

488 2190 742 2251 tanquam
785 2179 882 2234 Dei
930 2186 1308 2246 suseeptores,
1350 2182 1496 2229 recte
1542 2173 1669 2227 dicit
1712 2172 1978 2241 iudicasse
2014 2170 2082 2226 de

487 2272 728 2337 Christo,
759 2268 898 2339 quod
928 2284 1049 2325 eum
1071 2276 1243 2323 morte
1265 2266 1496 2336 pessima
1523 2264 1936 2320 excruciandum
1961 2277 2082 2319 esse

487 2364 815 2423 censuerint.
847 2363 983 2417 Deus
1015 2364 1190 2431 itaque
1213 2359 1646 2424 Judaeot'ummui
1665 2360 1909 2429 perhibet
1933 2359 2081 2413 testi-

484 2458 726 2514 monium
760 2498 777 2522 ,
833 2454 1127 2511 audiendus
1170 2452 1303 2518 fuit,
1352 2451 1537 2507 dicens
1567 2468 1581 2503 :
1610 2449 1923 2518 Sacriﬁcans
1980 2451 2080 2503 diis

487 2548 858 2613 eradicabitur,
902 2547 1002 2602 nisi
1051 2544 1273 2598 Domino
1310 2552 1505 2597 tantum
1535 2542 1554 2611 (
1585 2541 1753 2595 Exod.
1789 2556 1929 2609 xxn,
1959 2542 2075 2609 ΩΟ).

484 2640 595 2696 Sed
640 2639 710 2694 ad
755 2636 1117 2694 manifestiora
1156 2634 1463 2699 veniamus,
1505 2642 1558 2687 et
1599 2631 1875 2689 audiamus
1919 2649 2079 2703 quam

481 2744 737 2800 magnum
764 2729 932 2783 Deum
952 2727 1095 2782 dicat
1118 2740 1236 2781 esse
1262 2724 1587 2780 Judmorum.
1621 2724 1751 2778 Item
1781 2722 1848 2777 ad
1876 2737 1938 2777 ea
1956 2739 2079 2794 quae

482 2821 832 2892 interrogavit
870 2819 1204 2889 Apollinem,
1242 2816 1369 2887 quid
1426 2816 1651 2882 melius,
1689 2816 1911 2871 verbum
1966 2818 2079 2872 sive

483 2915 625 2971 ratio
644 2954 660 2979 ,
689 2928 759 2968 an
784 2912 904 2978 lex;
935 2910 1194 2981 respondit
1218 2949 1233 2974 ,
1265 2909 1471 2979 inquit,
1499 2908 1721 2963 uersibus
1749 2909 1856 2962 Ita'c
1884 2909 2073 2963 dicens.

486 3006 567 3062 Ac
595 3005 790 3062 deinde
819 3003 1035 3074 subjicit
1064 3003 1324 3073 Apollinis
1360 3018 1549 3058 versus
1569 3044 1585 3069 ,
1610 3002 1661 3073 in
1695 3003 1887 3072 quibus
1911 3012 1965 3057 et
1989 3004 2076 3058 isti

483 3109 650 3165 sunt,
681 3109 740 3154 ut
762 3104 1016 3169 quantum
1042 3097 1172 3151 satis
1201 3095 1429 3151 estinde
1459 3095 1743 3165 decerpant
1778 3112 1792 3149 :
1822 3094 1890 3149 In
1916 3095 2077 3151 Deum

484 3205 642 3257 vero,
700 3189 908 3259 inquit,
966 3194 1344 3259 generatum,
1392 3195 1439 3239 et
1488 3185 1543 3239 in
1588 3202 1755 3257 regem
1792 3196 1909 3240 ante
1961 3202 2076 3241 om-

486 3283 575 3337 nia
603 3283 625 3315 ⁸
657 3281 752 3353 (b),
786 3297 931 3351 quem
958 3279 1123 3333 tremit
1145 3288 1194 3333 et
1214 3278 1393 3332 caelum
1412 3318 1427 3341 ,
1457 3288 1503 3332 et
1539 3286 1673 3331 terra
1694 3318 1708 3342 ,
1739 3289 1889 3347 atque
1912 3294 2071 3347 mare,

483 3385 535 3431 et
561 3376 877 3445 infernon
914 3372 1121 3437 abdita,
1152 3380 1199 3425 et
1240 3372 1353 3439 ipsa
1395 3371 1606 3424 numina
1649 3371 2077 3439 perhorrescunt:

483 3481 700 3538 quorum
728 3465 811 3520 lea:
837 3472 909 3519 est
936 3461 1093 3517 Pater
1111 3501 1127 3528 ,
1150 3477 1297 3531 quem
1320 3460 1466 3515 valde
1490 3462 1653 3513 sancti
1686 3461 1933 3514 honorant
1966 3461 2074 3516 He-

484 3556 720 3629 brazi(c).
744 3556 858 3613 'l‘ali
899 3554 1122 3611 oraculo
1162 3553 1248 3608 dei
1290 3551 1374 3607 sui
1419 3552 1708 3621 Apollinis,
1752 3552 2076 3623 Porphyrius

482 3660 594 3708 tam
622 3665 868 3721 magnum
898 3649 1067 3704 Deum
1088 3646 1220 3702 dixit
1241 3644 1584 3701 “cirratorum
1608 3684 1627 3711 ,
1654 3652 1713 3698 ut
1737 3660 1858 3701 cum
1878 3655 1933 3700 et
1962 3648 2075 3717 ipsa

482 3746 703 3801 numina
743 3742 1173 3812 perhorrescant.
1220 3738 1355 3796 Cum
1383 3752 1511 3806 ergo
1544 3737 1681 3791 Deus
1713 3738 1811 3791 iste
1840 3739 2071 3803 dixerit,

490 3834 807 3902 Sacriﬁcans
829 3832 925 3884 diis
950 3828 1310 3895 eradicabitur,
1338 3828 1505 3881 miror
1529 3828 1671 3897 quod
1699 3829 1811 3898 ipse
1837 3829 2076 3903 Porphy-

482 3928 600 3984 rius
639 3940 745 3981 non
788 3922 1194 3995 perhorruerit,
1222 3930 1283 3976 et
1330 3921 1637 3984 sacriﬁcans
1685 3922 1787 3977 diis
1818 3924 2075 3980 eradicari

483 4035 592 4075 non
626 4016 1009 4072 formidaverit.

556 4109 614 4165 2.
652 4108 791 4165 Dicit
815 4108 973 4167 etiam
1010 4105 1147 4163 bona
1191 4103 1539 4175 philosophus
1581 4103 1683 4167 iste
1710 4105 1778 4161 de
1820 4106 2070 4177 Christo,

485 4201 639 4271 quasi
666 4199 862 4254 oblitus
890 4197 1031 4253 illius
1050 4236 1069 4265 ,
1091 4196 1158 4251 de
1188 4210 1289 4267 qua
1320 4194 1482 4266 paulo
1508 4206 1634 4251 ante
1668 4197 1825 4255 locuti
1847 4214 2032 4256 sumus
2054 4242 2069 4268 ,

484 4294 821 4351 contumeliae
847 4308 990 4358 suae;
1026 4298 1121 4347 aut
1143 4290 1295 4360 quasi
1336 4289 1391 4345 in
1419 4290 1623 4349 somnis
1642 4290 1716 4346 dii
1748 4291 1866 4361 ejus
1902 4293 2071 4349 male.

552 4390 571 4423 ι
594 4390 665 4437 sic
678 4387 863 4450 habent
884 4383 1211 4450 manuscripti.
1229 4381 1347 4432 Editi
1363 4394 1501 4443 vero.
1519 4394 1665 4448 quam
1686 4382 1833 4437 semel
1858 4383 2070 4450 polluta.

547 4451 570 4483 ¹
591 4448 912 4506 Corbeiensis,
938 4449 1158 4506 Peragat.

548 4512 765 4574 'negius
806 4504 949 4560 vetus
980 4504 1503 4574 mdeyyerseuerans
1539 4504 1792 4557 lamentari
1835 4512 2073 4574 utor-tuum

485 4583 643 4625 Deum
656 4568 709 4627 ct
730 4578 943 4622 cantans
968 4570 1139 4619 Ceteri
1164 4568 1271 4617 fere
1294 4574 1402 4617 Mss.
1424 4601 1440 4626 ,
1475 4580 1784 4631 perseverans
1819 4575 1865 4619 et
1888 4569 2070 4631 tamen-

484 4641 583 4687 εστι
622 4632 827 4696 fallaciis
867 4637 1103 4696 mortuum
1152 4639 1307 4696 Deum
1344 4635 1540 4696 cantans
1570 4641 1585 4677 :
1614 4638 1823 4696 excepto
1861 4630 2015 4696 altero
2041 4646 2071 4682 e

483 4691 874 4753 Corbeiensibus,
912 4695 994 4756 qui
1016 4691 1168 4741 habet
1207 4693 1293 4751 sic,
1343 4695 1517 4754 Pergat
1560 4691 1924 4756 quamet—toan“
1960 4692 2067 4744 ina.

482 4758 623 4809 nibus
637 4757 842 4821 fallaciis
854 4753 1098 4821 mortuum
1112 4763 1277 4804 Deum.
1287 4753 1644 4821 etquamquam
1659 4768 1688 4821 ᾳ
1700 4753 2068 4821 judicibus,e_tc.

552 4821 573 4851 ⁸
593 4814 813 4889 veteres
834 4816 963 4888 _lihri
998 4822 1165 4889 carent
1196 4816 1350 4889 verbo
1384 4814 1854 4889 tergiversatiOnem;
1894 4818 2071 4889 etpla-

484 4892 573 4930 res
593 4881 799 4938 habent,
824 4876 1227 4939 irremediahilem
1246 4876 1559 4939 sententiam;
1600 4877 1677 4926 alii
1695 4914 1710 4939 ,
1733 4876 2069 4931 ιντεηπεάῆιω.

484 4940 522 4991 li
543 4937 818 5001 sententiae,
839 4938 935 4998 vel,
960 4937 1317 4988 irremediabile

550 5004 571 5035 ⁸
595 5001 700 5071 sola
723 5002 871 5050 editio
894 5007 1033 5071 Lov.:
1062 5009 1292 5071 In'Deum
1313 5013 1441 5059 vero,
1455 5000 1628 5067 inquit,
1642 5015 1805 5068 regem
1824 5009 2070 5069 generato-

489 5077 595 5115 rem
632 5070 677 5114 et
700 5075 859 5124 regem
881 5066 987 5124 ante
1010 5066 1181 5112 omnia.

574 5127 624 5187 α)
648 5122 837 5175 scilicet
861 5122 1034 5187 Pythia.

576 5183 624 5249 ὁ)
651 5196 828 5237 versus
842 5183 928 5236 ille
944 5184 1069 5249 apud
1093 5185 1400 5245 laetantium,
1437 5183 1526 5239 lib.
1549 5187 1615 5237 de
1636 5192 1709 5236 lra
1731 5188 1835 5250 Det,
1861 5198 1967 5251 cap.
1983 5184 2068 5250 π,

482 5253 554 5301 sic
576 5250 724 5312 habet
745 5262 907 5312 graece
930 5260 945 5297 :

634 5304 723 5365 Ηόὲ
746 5304 865 5384 ’ὀμ-ὸν
893 5318 1075 5384 βασιλῇ
1099 5318 1179 5384 κᾳῑ
1206 5325 1460 5384 γεννῃτῆρα
1488 5320 1577 5384 Διςρὸ
1608 5316 1808 5384 πάντορνε

549 5383 623 5448 (c)
646 5384 727 5432 His
750 5377 902 5448 aliine"
918 5387 993 5431 est
1014 5378 1141 5448 aliud
1166 5377 1427 5448 oraculum,
1452 5377 1591 5448 cuius
1607 5380 1831 5448 meminit
1855 5382 2071 5448 Justinus

481 5448 535 5497 in
558 5442 789 5495 Sérnmne
816 5442 1143 5508 exhortatorio
1166 5442 1224 5508 ad
1246 5448 1442 5508 gentes.
1477 5442 1755 5508 sciscitante
1796 5446 1926 5494 enim
1948 5458 2068 5508 quo-

485 5509 648 5621 dan;ll
642 5508 723 5569 qui
748 5517 959 5570 unquam
996 5505 1088 5555 viri
1118 5503 1336 5568 religiosi
1358 5502 1582 5565 fuissent,
1607 5505 1673 5554 ita
1697 5502 1983 5569 reSponsuni
2006 5508 2068 5556 ab

485 5583 571 5620 ora
652 5584 681 5619 ο
706 5584 717 5618 :
1531 5619 1539 5621 μ

484 5583 681 5620 oraculo
706 5584 717 5618 Ζ

663 5640 846 5686 Maia-tat
868 5634 1109 5683 Χαλδαῖοι
1128 5639 1288 5701 σοφίην
1314 5634 1454 5697 λάχον
1476 5619 1543 5690 ἠδ’
1579 5621 1649 5700 dp.
1689 5624 1905 5698 ἑδραῖοι,

665 5707 975 5768 Δῦτογᾶνητον
1002 5706 1187 5768 ἄνακτα
1206 5708 1499 5763 σεϐαζὸμινοι
1525 5708 1638 5755 Θεὸν
1660 5704 1824 5765 ἁγνῶς.

486 5772 540 5825 id
563 5778 673 5841 est;
700 5766 1035 5841 chatdtei
1353 5768 1509 5841 δραμε
1549 5776 1661 5841 sunt
1688 5774 1830 5841 atque
1855 5769 2066 5834 Hebrci,

484 5841 559 5887 es
579 5844 629 5883 ss
650 5830 755 5894 ipso
775 5828 1290 5887 manummanum
1310 5828 1533 5893 calantes,
1556 5838 1729 5882 Desint.
1750 5828 2003 5889 Cocum

1574 298 1663 361 DE
1698 298 2018 360 CIVITATE
2047 294 2182 369 DEI,
2219 296 2281 359 S.
2320 297 2691 363 AUGUSTINI
3615 311 3699 373 σει

2190 421 2423 477 dixerint
2471 420 2725 495 Christo,
2772 428 2826 477 et
2869 419 3177 493 evigilantes
3228 434 3350 479 eum
3393 418 3569 483 bonum
3608 447 3703 490 esse

2186 513 2570 585 cognoverint,
2599 514 2860 586 digneque
2879 514 3231 571 laudaverint.
3262 516 3485 588 Denique
3502 528 3705 595 tanquam

2186 606 2427 662 mirabile
2455 606 2652 678 aliquid
2682 616 2840 679 atque
2869 606 3174 663 incredibile
3202 610 3491 679 prolaturus
3510 652 3526 678 ,
3556 612 3708 670 Prata

2187 698 2475 768 opinionem
2500 742 2516 769 ,
2565 698 2761 770 inquit,
2798 701 3023 774 profecto
3061 700 3358 773 quibusdam
3401 704 3607 759 uideatur
3632 724 3713 765 esu

2187 792 2321 862 quod
2348 790 2531 847 dicturi
2556 809 2748 847 sumus.
2774 791 3030 849 Christum
3052 794 3185 847 enim
3216 792 3290 847 dii
3336 795 3592 865 piissimum
3623 814 3697 868 pro

2189 886 2543 940 nuntiaverunt
2561 896 2606 939 et
2635 887 2971 940 immortalem
3012 889 3203 957 factum
3229 927 3245 950 ,
3272 896 3318 939 et
3346 903 3454 940 cum
3481 887 3594 941 bona
3617 906 3715 961 pra.

2189 977 2441 1032 dicatione
2466 979 2574 1050 ejus
2620 978 2957 1033 meminerunt
2980 993 2999 1032 :
3026 977 3343 1033 Christianos
3371 995 3478 1032 vero
3506 982 3687 1050 pollutos
3704 1024 3717 1047 ,

2189 1069 2400 1143 inquit,
2432 1079 2477 1124 et
2502 1072 2869 1125 contaminatos
2893 1113 2907 1137 ,
2939 1078 2986 1124 et
3033 1086 3203 1125 errore
3245 1070 3519 1140 implicatos
3556 1075 3720 1126 essedi-

2189 1170 2343 1227 cunt;
2372 1170 2416 1215 et
2437 1161 2603 1216 multis
2630 1162 2814 1216 talibus
2834 1162 3072 1217 adversus
3098 1178 3181 1217 eos
3208 1161 3522 1231 blasphcmiis
3538 1175 3722 1221 utuntur.

2190 1250 2395 1306 Deinde
2437 1253 2647 1329 subjicit
2690 1253 2835 1308 velut
2876 1253 3100 1309 deorum
3148 1254 3367 1309 oracula
3412 1254 3726 1327 blaspheman-

2190 1343 2321 1397 tium
2355 1341 2705 1399 Christianos.
2761 1344 2828 1399 Et
2877 1355 2998 1416 post
3049 1346 3162 1400 haec
3186 1388 3202 1411 ,
3239 1344 3319 1399 De
3349 1342 3535 1401 Christo
3560 1356 3722 1412 autent,

2190 1432 2360 1504 inquit
2384 1478 2398 1503 ,
2431 1434 2853 1506 interrogantibus
2891 1436 2935 1489 si
2981 1446 3051 1490 est
3080 1434 3221 1490 Deus
3241 1477 3257 1504 ,
3281 1437 3352 1490 ait
3379 1435 3593 1490 Hecate:
3618 1435 3726 1505 Otto-

2188 1526 2327 1579 niam
2351 1527 2553 1597 quidem
2580 1528 2883 1583 immortalis
2908 1529 3081 1583 anima
3111 1540 3227 1601 post
3256 1546 3441 1601 corpus
3468 1541 3518 1585 ut
3542 1532 3724 1599 incedit,

2188 1618 2321 1672 nosti
2348 1661 2363 1691 ,
2392 1635 2424 1671 a
2475 1619 2726 1695 sapientia
2769 1628 2936 1674 autem
2976 1621 3201 1676 abscissa
3248 1637 3447 1695 semper
3480 1633 3625 1683 errat,
3657 1623 3727 1677 uiri

2188 1710 2373 1781 pietate
2403 1712 2807 1783 praestantissimi
2830 1724 2901 1767 est
2924 1712 3015 1767 illa
3035 1713 3211 1767 anima
3231 1754 3249 1780 ,
3280 1712 3411 1769 hanc
3434 1713 3587 1768 colunt
3598 1714 3728 1768 aliens

2187 1819 2221 1857 α
2248 1822 2301 1858 se
2327 1805 2554 1858 veritate.
2595 1804 2794 1861 Deinde
2833 1815 2954 1886 post
2988 1806 3148 1861 verba
3193 1806 3355 1877 hujus
3400 1806 3537 1877 quasi
3570 1808 3727 1861 oraculi

2188 1911 2283 1952 sua
2321 1896 2435 1969 ipse
2462 1907 2753 1954 contexens
2776 1941 2791 1967 ,
2822 1897 3115 1959 Piissimum
3142 1901 3309 1971 igitur
3347 1900 3501 1957 virum
3520 1943 3535 1970 ,
3564 1901 3725 1971 inquit,

2187 2006 2301 2043 eum
2328 1988 2456 2042 dixit
2482 2031 2495 2056 ,
2528 1999 2574 2043 et
2609 1990 2720 2061 ejus
2767 1991 3020 2059 animam,
3051 1991 3186 2044 sicut
3214 2000 3262 2045 et
3304 1992 3514 2044 aliorum
3538 1992 3725 2059 piorum,

2189 2089 2303 2151 post
2352 2081 2538 2134 obitum
2582 2081 2962 2137 immortalitate
3013 2083 3264 2137 donatam
3296 2084 3312 2114 ¹
3337 2124 3352 2149 ,
3374 2092 3419 2137 et
3455 2083 3573 2139 hanc
3602 2086 3727 2138 colere

2189 2168 2504 2225 Christianos
2534 2171 2821 2243 ignorantes
2841 2170 2881 2227 ⁸.
2906 2170 3356 2243 Interrogantibus
3381 2183 3557 2239 autem,
3580 2174 3726 2243 inquit,

2188 2260 2292 2318 Cur
2318 2279 2435 2333 ergo
2462 2263 2732 2318 damnatus
2758 2273 2833 2327 est
2853 2264 2878 2333 2
2902 2264 3113 2321 oraculo
3139 2264 3409 2335 respondit
3438 2265 3553 2332 dea,
3575 2262 3726 2333 Corpus

2186 2354 2389 2423 quidem
2420 2353 2794 2410 debilitantibus
2838 2356 3097 2410 tormentis
3124 2372 3329 2425 semper
3358 2357 3619 2427 oppositum
3640 2364 3725 2409 est:

2186 2450 2359 2502 anima
2402 2458 2567 2503 autem
2615 2451 2813 2520 piorum
2859 2452 3047 2506 ctelesti
3095 2452 3207 2507 sedi
3262 2452 3464 2507 insidet.
3516 2450 3606 2506 Illa
3642 2467 3725 2505 rem

2187 2542 2359 2597 anima
2389 2542 2506 2597 aliis
2535 2543 2800 2599 animabus
2826 2544 3056 2614 fataliter
3094 2545 3270 2612 dedit,
3312 2546 3488 2615 quibus
3529 2548 3621 2616 fata
3651 2561 3725 2598 nos

2184 2645 2474 2693 annuerant
2518 2637 2728 2691 deorum
2767 2638 2987 2691 obtinere
3030 2638 3165 2693 dona
3192 2680 3208 2705 ,
3242 2654 3402 2708 neque
3438 2638 3600 2691 habere
3620 2636 3724 2691 locis

2186 2728 2490 2787 intmortalis
2554 2731 2893 2800 agnitionem,
2947 2747 3118 2791 errore
3165 2731 3445 2800 implicari.
3499 2729 3723 2802 Pmpterea

2185 2838 2303 2894 ergo
2330 2824 2429 2879 diis
2458 2824 2599 2879 exosi
2631 2839 2649 2878 .'
2677 2825 2795 2891 quia
2820 2824 2999 2893 quibus
3028 2827 3134 2894 fato
3160 2841 3269 2878 non
3296 2825 3393 2895 fuit
3421 2839 3557 2877 nosse
3577 2821 3719 2887 Dem,

2184 2932 2276 2971 nec
2306 2917 2441 2977 dona
2472 2935 2502 2972 a
2529 2919 2628 2977 diis
2657 2920 2920 2989 accipere,
2953 2920 3032 2975 his
3062 2920 3295 2990 fataliter
3319 2919 3454 2975 dedit
3485 2919 3568 2974 iste
3594 2932 3721 2973 errore

2183 3008 2459 3080 implicari.
2484 3011 2515 3066 Ι
2519 3029 2607 3083 pse
2634 3030 2748 3067 vero
2780 3014 2894 3083 pius
2919 3055 2934 3079 ,
2963 3024 3008 3069 et
3039 3015 3091 3069 in
3116 3015 3306 3069 ctelunt
3324 3056 3340 3081 ,
3372 3014 3494 3069 sicut
3519 3014 3609 3084 pii,
3631 3027 3719 3066 cos-

2183 3103 2356 3163 cessit.
2385 3101 2569 3175 Itaque
2598 3104 2731 3158 hunc
2770 3106 2974 3176 quidem
3002 3122 3103 3160 non
3133 3105 3532 3179 blasphemabis,
3560 3105 3717 3158 misere-

2185 3194 2314 3250 beris
2340 3204 2509 3250 autem
2536 3196 2797 3257 hominum
2838 3197 3141 3257 dementiam
3160 3213 3187 3252 :
3218 3214 3282 3254 εκ
3326 3214 3384 3252 eo
3417 3197 3469 3251 in
3510 3197 3574 3252 eis
3604 3193 3716 3266 facile

2182 3304 2508 3361 princepsque
2529 3289 2815 3361 periculum
2839 3289 2937 3363 (a).

2251 3379 2306 3435 ‘5.
2346 3378 2477 3445 Quis
2518 3380 2591 3434 ita
2635 3380 2829 3437 stultus
2863 3388 2983 3447 est,
3024 3390 3081 3436 ut
3122 3398 3233 3443 non
3285 3384 3532 3454 intelligat
3559 3391 3637 3438 aut
3662 3380 3714 3436 ab

2181 3470 2399 3528 homine
2423 3472 2617 3535 callido
2643 3515 2658 3543 ,
2694 3489 2865 3543 eoque
2900 3472 3226 3530 Christianis
3262 3476 3605 3532 inimicissimo
3625 3474 3711 3528 hac

2180 3555 2395 3633 oracula
2426 3564 2591 3622 fuisse
2616 3566 2841 3621 conﬁcta
2870 3609 2886 3634 ,
2931 3575 3022 3629 aut
3058 3568 3289 3624 consilio
3312 3568 3470 3625 simili
3494 3568 3555 3622 ab
3579 3567 3711 3635 impa-

2181 3656 2259 3711 ris
2283 3656 2616 3713 daemonibus
2644 3657 2747 3712 ista
2774 3658 2938 3714 fuisse
2958 3672 3216 3728 responsa
3242 3676 3260 3725 ;
3286 3668 3343 3715 ut
3370 3658 3592 3723 scilicet,
3612 3669 3711 3726 quo-

2182 3750 2326 3806 niam
2357 3750 2576 3811 laudant
2600 3750 2870 3815 Christum
2895 3792 2911 3816 ,
2940 3762 3227 3824 propterea
3255 3752 3531 3817 credantur
3554 3748 3707 3805 veraci.

2180 3849 2265 3897 ter
2291 3842 2595 3912 vituperare
2619 3841 2985 3910 Christianos;
3015 3852 3173 3915 atque
3202 3846 3273 3905 ita
3298 3888 3313 3914 ,
3344 3846 3389 3901 si
3415 3845 3627 3916 possint,
3650 3843 3707 3895 in-

2181 3932 2483 3988 tercludant
2511 3935 2649 3988 viam
2678 3933 2865 3993 salutis
2903 3944 3118 3995 teternce
3142 3978 3159 4005 ,
3201 3938 3259 3994 in
3301 3954 3404 4009 qua
3442 3937 3498 3991 ﬁt
3534 3933 3707 4004 quisque

2179 4024 2503 4085 christianus
2523 4025 2547 4079 τ
2569 4025 2691 4083 Sua:
2720 4027 2915 4099 quippe
2948 4028 3178 4085 nocendi
3215 4031 3422 4087 astutia:
3458 4020 3702 4083 millelomi

2179 4118 2414 4183 sentiunt
2443 4133 2548 4177 non
2582 4133 2701 4174 esse
2730 4120 3051 4179 contrarium
3074 4119 3116 4187 ³,
3162 4122 3209 4176 si
3251 4121 3489 4187 credatur
3520 4118 3588 4173 eis
3621 4115 3702 4169 lal-

2179 4208 2430 4265 dantibus
2457 4210 2727 4266 Christum
2751 4251 2768 4277 ,
2801 4210 2925 4269 dum
2955 4220 3133 4267 tamen
3164 4213 3413 4269 credatur
3434 4212 3573 4267 etiam
3597 4206 3697 4263 vim.

2177 4300 2483 4370 perantibus
2508 4300 2877 4368 Christianos;
2915 4310 2972 4361 ut
3010 4317 3132 4358 eum
3162 4306 3252 4375 qui
3282 4314 3543 4373 utrumque
3566 4293 3696 4353 aedi-

2177 4390 2351 4459 derit,
2386 4392 2544 4447 talem
2569 4389 2765 4447 Christi
2793 4391 2987 4448 faciant
3014 4394 3348 4455 laudatorem
3373 4438 3387 4460 ,
3412 4410 3473 4448 ne
3492 4390 3693 4447 relitesse

2177 4482 2501 4537 christianus
2529 4500 2542 4537 :
2574 4497 2637 4538 ac
2659 4484 2735 4538 sic
2759 4484 3001 4554 quamvis
3022 4484 3089 4539 ab
3115 4485 3207 4549 illo
3234 4486 3464 4541 laudatus
3484 4526 3499 4549 ,
3524 4481 3580 4536 ab
3599 4480 3693 4533 isto-

2176 4591 2295 4631 rum
2352 4584 2529 4631 tatnen
2578 4576 2879 4631 dazmonum
2926 4577 3202 4634 dominatu
3252 4595 3370 4637 eum
3413 4593 3508 4633 non
3548 4572 3689 4628 liberet

2176 4667 2439 4724 Christus.
2485 4668 2787 4727 Praesertim
2832 4671 2955 4739 quia
3001 4671 3071 4725 ita
3115 4670 3331 4733 laudant
3366 4667 3687 4726 Christum,nl

2176 4761 2415 4839 quisquis
2440 4760 2491 4815 in
2521 4776 2639 4819 eum
2669 4761 2826 4816 talem
2852 4760 3179 4831 crediderit,
3216 4763 3382 4835 qualis
3417 4761 3477 4813 ab
3499 4759 3563 4812 eis
3582 4765 3684 4825 pm

2175 4850 2385 4907 dicatur
2408 4891 2422 4915 ,
2454 4850 2783 4905 Christianus
2808 4866 2966 4907 verus
2992 4868 3097 4907 non
3127 4854 3233 4921 sit,
3283 4854 3371 4910 sed
3406 4847 3683 4908 Photinianus

2176 4943 2465 5009 haereticus
2488 4985 2503 5011 ,
2552 4945 2641 5014 qui
2683 4945 3049 5000 tantummodo
3088 4946 3390 5011 hominem,
3442 4956 3531 4996 non
3564 4936 3679 4991 etiam

2176 5035 2347 5091 Deum
2377 5036 2584 5091 noverit
2610 5034 2879 5095 Christum
2908 5037 2979 5111 (b)
3009 5054 3022 5089 :
3051 5046 3103 5093 et
3132 5038 3250 5093 ideo
3287 5054 3373 5108 per
3412 5048 3513 5090 eum
3546 5028 3677 5083 saltm

2174 5144 2297 5185 esse
2322 5145 2427 5184 non
2456 5129 2658 5201 possit,
2698 5144 2798 5187 nec
2835 5130 3057 5185 istorum
3091 5131 3570 5200 mendaciloquorutn
3593 5118 3675 5175 d1:-

2176 5236 2395 5277 monum
2426 5220 2645 5290 laqueos
2674 5222 2840 5276 vitare
2865 5221 2948 5276 vel
2977 5221 3209 5279 solvere.
3239 5222 3341 5278 Nos
3371 5228 3521 5275 autem
3543 5220 3670 5279 uel“

2260 5335 2278 5365 ι
2306 5340 2511 5403 Veteres
2548 5332 2691 5403 libri,
2736 5332 3091 5403 nummum
3427 5329 3667 5403 ιμκψῗῖ

2174 5396 2327 5455 bium,
2354 5392 2437 5444 lib.
2462 5394 2513 5457 3,
2536 5395 2599 5445 de
2622 5392 2865 5446 Demonst.
2892 5402 3090 5461 Evang.,
3114 5392 3219 5463 (Ἅιί
3244 5397 3289 5460 6,
3314 5392 3466 5461 grece'
3490 5397 3566 5450 εδιν
3585 5394 3663 5446 “PT

2173 5456 2561 5508 thanatistht’nai.

2240 5495 2619 5583 “issinéditi
2640 5528 2820 5580 autem,
2842 5525 3081 5583 errantes.
3252 5580 3261 5583 _
3399 5578 3408 5583 _
3502 5573 3511 5583 ,

2239 5582 2259 5613 ⁸
2282 5580 2383 5629 Sola
2399 5582 2558 5647 editio
2581 5569 2706 5643 Lov.,
2726 5569 2841 5647 Sitti:
3282 5569 3661 5634 ααιιείωηιὶαείοηε

2173 5654 2268 5694 non
2290 5644 2492 5691 credunt
2507 5656 2607 5693 esse
2630 5641 2959 5693 contrarium.'
2982 5641 2992 5647 ⁷
3354 5660 3357 5663 ·

2235 5690 2314 5767 (α)
2464 5690 2645 5767 eddea
2978 5706 3252 5766 ansatum.
3271 5705 3350 5756 ub.
3363 5704 3391 5755 δ
3405 5701 3460 5752 de
3472 5690 3655 5748 οωαιιι

2174 5765 2375 5829 πεώδη
2402 5779 2508 5829 cap:
2527 5765 2575 5815 εκ

2188 5856 2191 5859 ‹
2240 5826 2473 5891 (sicut:
2494 5826 2580 5878 lib.
2602 5828 2668 5881 de
2684 5836 2885 5891 ωδε..
2910 5829 3034 5882 δα.
3054 5828 3139 5892 si,
3158 5830 3239 5883 ss.
