3882 6396
155 336 258 399 653

153 447 445 525 Apollinem
492 456 878 526 vituperantem
925 456 1193 514 Christum
1218 502 1235 530 ,
1280 476 1452 532 neque
1495 461 1726 518 Hecaten

154 562 432 616 possumus
459 549 753 616 approbare
782 548 1103 605 laudantem.
1137 549 1230 607 Ille
1255 554 1451 623 quippe
1478 564 1725 624 tanquam

155 640 389 708 iniquum
416 639 683 699 Christum
707 641 819 693 vult
844 640 989 697 credi
1017 684 1031 707 ,
1064 659 1222 712 quem
1246 659 1276 698 a
1293 644 1559 714 judicibus
1581 655 1726 700 recta

150 732 496 785 sentientibus
516 732 643 785 dicit
664 733 897 787 occisum
924 750 939 801 ;
960 734 1057 788 ista
1078 776 1092 801 ,
1116 736 1383 791 hominem
1408 738 1723 807 piissimum,

149 823 237 877 sed
272 824 536 877 hominem
563 832 789 877 tantum.
813 824 924 878 Una
947 835 1028 880 est
1048 834 1221 881 tamen
1245 837 1293 881 ct
1322 828 1463 883 illius
1490 837 1542 883 et
1568 828 1726 900 hujus

152 914 407 978 intentio,
448 921 505 967 ut
545 914 716 968 nolint
755 913 999 970 homines
1040 930 1159 972 esse
1206 916 1725 991 Christianos;quia

147 1005 243 1059 nisi
270 1003 556 1058 Christiani
584 1013 779 1069 erunt,
818 1006 883 1060 ab
930 1021 1115 1061 eorum
1166 1008 1279 1062 erui
1323 1018 1584 1079 potestate
1619 1026 1723 1065 non

146 1103 411 1163 poterunt.
450 1094 552 1149 Iste
581 1111 711 1151 vero
735 1080 1081 1167 philosophus
1105 1140 1121 1165 ,
1146 1100 1228 1154 vel
1258 1102 1431 1170 potius
1472 1103 1561 1171 qui
1602 1102 1721 1156 tali-

145 1184 243 1239 bus
292 1185 545 1241 advcrsus
588 1186 922 1249 Christianos
969 1190 1120 1259 quasi
1172 1192 1405 1248 oraculis
1459 1194 1721 1260 credunt,

143 1275 286 1344 prius
319 1276 550 1342 faciant,
581 1278 625 1331 si
658 1287 881 1347 possunt
901 1320 916 1345 ,
950 1288 1006 1333 ut
1036 1280 1176 1335 inter
1198 1296 1260 1341 se
1278 1281 1347 1337 de
1373 1283 1490 1352 ipso
1512 1283 1724 1338 Christo

146 1364 339 1421 Hecate
366 1375 524 1436 atque
546 1368 739 1437 Apollo
768 1371 1092 1431 concordent
1113 1411 1131 1438 ,
1168 1388 1399 1443 eumque
1432 1383 1525 1431 aut
1562 1376 1724 1435 ambo

140 1456 494 1517 condemnem
518 1500 532 1524 ,
566 1468 656 1515 aut
699 1461 855 1517 ambo
896 1462 1217 1521 collaudem.
1258 1464 1415 1531 Quod
1457 1467 1502 1523 si
1546 1464 1724 1525 facere

146 1550 439 1620 potuissent
461 1593 476 1615 ,
506 1551 852 1609 nihilominus
874 1568 974 1610 nos
1002 1564 1055 1609 et
1085 1555 1473 1625 vituperatores
1512 1566 1570 1613 et
1604 1558 1722 1615 lau-

140 1643 351 1705 datores
363 1642 561 1701 Christi
590 1643 803 1701 fallaces
822 1646 1092 1705 daemones
1111 1648 1420 1709 vitaretuus.
1437 1648 1569 1709 Cum
1594 1665 1724 1711 vero

140 1748 317 1789 eorum
344 1733 478 1791 deus
498 1744 557 1790 et
581 1735 679 1795 dea
710 1736 850 1793 inter
885 1751 944 1801 se
985 1738 1054 1793 de
1089 1739 1303 1799 Christo
1327 1782 1341 1806 ,
1384 1741 1480 1803 ille
1519 1742 1725 1812 vitupe.

139 1825 338 1893 rando,
372 1825 474 1882 ista
504 1826 768 1885 laudando
807 1828 1161 1897 dissentiant;
1208 1830 1446 1902 profecto
1490 1833 1569 1888 eis
1610 1834 1722 1901 bla-

139 1915 539 1987 sphemantibus
563 1916 893 1983 Christianos
935 1936 1043 1977 non
1080 1920 1307 1981 credunt
1349 1922 1634 1993 homines,
1676 1925 1721 1982 si

139 2016 281 2066 recte
310 2009 413 2079 ipsi
437 2010 689 2069 sentiant.

202 2098 255 2155 ι.
292 2099 437 2159 Sane
479 2099 747 2159 Christum
795 2101 1015 2165 laudans
1039 2143 1055 2168 ,
1096 2104 1181 2159 vel
1225 2104 1551 2179 Porphyrius
1575 2149 1592 2179 ,
1633 2108 1722 2169 vel

137 2188 326 2249 Hecate
350 2232 366 2254 ,
394 2205 516 2251 cum
548 2191 690 2253 dicat
723 2208 846 2261 cum
876 2193 1051 2265 ipsum
1071 2193 1283 2251 dedisse
1310 2194 1543 2255 fataliter
1566 2199 1723 2256 Chri-

136 2280 315 2337 stianis
339 2323 358 2347 ,
389 2290 446 2341 ut
472 2282 867 2353 implicarentur
895 2299 1099 2355 errore,
1139 2300 1329 2342 causas
1367 2296 1542 2344 tamen
1569 2289 1714 2360 ejus-

134 2371 250 2433 dem
274 2414 291 2440 ,
317 2373 461 2437 sicut
486 2383 671 2445 putat,
721 2375 903 2445 pandit
928 2376 1146 2433 erroris.
1182 2376 1321 2443 Quas
1345 2388 1625 2449 antequam
1652 2395 1719 2435 ex

134 2465 304 2523 verbis
332 2466 450 2537 ejus
476 2482 740 2539 exponam
762 2506 781 2534 ,
809 2468 955 2538 prius
984 2483 1165 2540 quaero
1189 2511 1203 2539 ,
1237 2469 1291 2524 Si
1317 2469 1547 2527 fataliter
1572 2472 1718 2533 dedit

138 2557 380 2617 Christus
426 2557 742 2617 Christianis
786 2561 990 2625 erroris
1038 2563 1447 2632 implicatiouem
1473 2606 1488 2631 ,
1542 2574 1717 2620 utrum

132 2646 351 2716 volens,
380 2663 449 2713 an
476 2649 661 2705 nolens
686 2648 913 2713 dederit.
960 2650 1016 2711 Si
1059 2653 1285 2723 volens,
1325 2655 1595 2723 quomodo
1631 2656 1717 2733 ju—

132 2740 278 2797 Stus?
305 2740 362 2796 si
393 2742 577 2797 nolens
604 2784 618 2806 ,
650 2743 916 2812 quomodo
960 2744 1187 2809 beatus?
1226 2744 1332 2807 Sed
1373 2745 1482 2815 jam
1527 2761 1717 2803 causas

130 2827 285 2901 ipsius
308 2831 593 2889 audiamus
617 2833 833 2895 erroris.
870 2834 1001 2890 Sunt
1026 2875 1039 2899 ,
1070 2834 1239 2904 inquit
1262 2876 1277 2903 ,
1302 2836 1509 2902 spiritus
1534 2837 1718 2892 terreni

129 2921 312 2979 minimi
349 2924 456 2979 loco
475 2925 691 2994 quodam
718 2926 733 2956 ¹
763 2926 1010 2985 malorum
1036 2927 1321 2995 daemonum
1347 2931 1578 2998 potestati
1600 2932 1720 2986 sub-

126 3013 255 3083 iecti.
286 3014 371 3068 Ab
392 3015 469 3071 his
493 3017 742 3087 sapientes
771 3016 1095 3071 Hebraeorum
1118 3059 1133 3083 ,
1174 3034 1391 3087 quorum
1442 3036 1571 3075 unus
1618 3021 1714 3075 iste

126 3107 266 3160 etiam
292 3105 341 3161 Ι
346 3123 455 3161 esus
486 3108 581 3178 fuit
604 3149 619 3172 ,
651 3110 779 3162 sicut
821 3108 1011 3162 audisti
1055 3109 1223 3163 divina
1259 3110 1513 3179 Apollinis
1534 3112 1574 3178 ³,
1603 3128 1716 3183 qua:

125 3198 362 3268 superith
386 3198 519 3251 dicta
547 3208 697 3264 sunt;
720 3198 780 3251 ab
804 3199 879 3254 his
900 3215 1016 3270 ergo
1043 3199 1245 3255 Hebraei
1270 3200 1578 3255 daemonibus
1603 3219 1715 3272 pes-

127 3290 255 3344 simis
280 3299 337 3345 el
358 3292 631 3346 minoribus
656 3293 914 3365 spiritibus
939 3296 1165 3347 vetabant
1190 3294 1449 3364 religiosos
1471 3334 1487 3359 ,
1516 3305 1564 3349 et
1590 3296 1713 3366 ipsis

130 3394 295 3435 uacare
315 3382 649 3453 prohibebant
674 3383 935 3437 :venerari
955 3393 1121 3437 autem
1142 3385 1300 3455 magis
1321 3386 1539 3441 caelestes
1554 3385 1674 3441 deos
1693 3428 1708 3453 ,

131 3472 340 3542 amplius
370 3480 539 3527 autem
563 3474 785 3527 venerari
814 3472 975 3527 Deum
1001 3474 1223 3528 Patrem.
1257 3474 1367 3528 Hoc
1395 3486 1560 3529 autem
1586 3516 1602 3544 ,
1635 3477 1710 3533 in-

133 3564 239 3633 quit
263 3605 278 3630 ,
309 3574 356 3619 et
384 3564 457 3618 dii
484 3566 782 3635 praecipiunt
805 3606 821 3632 ,
848 3574 894 3619 et
920 3566 973 3619 in
999 3567 1339 3636 superioribus
1360 3568 1667 3625 ostendimus
1690 3610 1705 3637 ,

131 3655 543 3722 quemadmodum
572 3658 793 3709 animum
820 3657 1076 3713 advertere
1100 3657 1168 3710 ad
1205 3657 1368 3712 Deum
1395 3668 1595 3715 monent
1616 3700 1634 3728 ,
1660 3672 1709 3716 et

130 3744 263 3799 illum
288 3748 455 3801 colere
479 3748 658 3817 ubique
682 3748 948 3817 imperant.
998 3747 1180 3807 Verum
1217 3750 1404 3805 indocti
1444 3760 1493 3804 ct
1537 3751 1710 3820 impia

131 3848 316 3892 natura:
338 3880 355 3905 ,
390 3839 565 3908 quibus
603 3855 713 3893 vere
759 3842 917 3911 fatum
952 3857 1052 3895 non
1079 3843 1321 3897 concessit
1363 3860 1395 3896 α
1437 3844 1533 3897 diis
1572 3843 1707 3899 dona

130 3929 340 3984 obtinere
363 3970 379 3995 ,
414 3946 570 4001 neque
596 3930 775 3985 habere
798 3930 941 3986 lovis
959 3933 1260 3988 immortalis
1281 3935 1534 3988 notionem
1560 3976 1573 3999 ,
1604 3951 1705 3990 non

130 4022 383 4076 audientes
404 4032 449 4075 et
479 4023 597 4078 deos
623 4033 667 4076 et
695 4024 889 4079 divinos
911 4025 1042 4078 viros
1066 4066 1081 4090 ,
1128 4024 1245 4079 deos
1282 4026 1485 4095 quidem
1530 4042 1703 4082 omnes

128 4122 474 4166 recusaverunt
499 4153 513 4177 ,
557 4114 830 4181 prohibitos
875 4123 1042 4174 autem
1091 4115 1342 4170 daemones
1384 4126 1430 4170 et
1470 4117 1560 4171 hos
1602 4133 1704 4172 non

129 4203 285 4256 odisse
307 4244 321 4270 ,
352 4204 442 4257 sed
466 4206 696 4258 revereri.
740 4204 904 4258 Deum
944 4215 1111 4261 autem
1149 4206 1444 4262 simulantes
1473 4209 1634 4265 colere
1658 4208 1700 4275 ³,

129 4308 184 4346 ea
210 4296 313 4349 sola
344 4312 433 4365 per
458 4312 571 4365 qua:
594 4294 730 4351 Deus
755 4297 996 4350 adoretur
1014 4338 1029 4363 ,
1062 4313 1162 4351 non
1190 4307 1369 4367 agunt.
1399 4295 1540 4352 Nam
1566 4299 1703 4354 Deus

104 4386 319 4452 quidem
347 4428 361 4450 ,
404 4394 573 4455 utpote
616 4387 837 4440 omnium
880 4385 1067 4452 Pater,
1118 4388 1306 4443 nullius
1350 4388 1578 4459 indiget:
1615 4392 1703 4445 sed

128 4476 259 4529 nobis
302 4483 381 4531 est
425 4475 547 4529 bene
570 4518 585 4543 ,
629 4493 743 4529 cum
780 4494 891 4532 eum
934 4494 1021 4547 per
1055 4478 1310 4546 justitiam
1341 4487 1389 4533 et
1425 4481 1702 4538 castitatem

126 4564 345 4636 aliasque
369 4568 573 4622 virtutes
600 4566 871 4623 adoramus
889 4607 904 4633 ,
931 4569 1093 4637 ipsam
1123 4568 1275 4620 vitam
1308 4585 1499 4638 precem
1525 4570 1594 4623 ad
1621 4572 1700 4642 ip-

125 4672 229 4709 sum
261 4660 501 4729 faciattes
523 4700 537 4723 ,
570 4675 657 4727 per
682 4660 1010 4715 imitationem
1034 4671 1079 4715 et
1101 4660 1465 4730 inquisitionem
1486 4661 1548 4714 de
1566 4650 1693 4731 ipso.

127 4748 391 4823 Inquisitio
415 4753 548 4806 enim
576 4762 757 4823 purgat
786 4792 802 4818 ,
831 4752 1001 4821 inquit
1042 4771 1055 4806 :
1098 4753 1310 4806 imitatio
1350 4753 1548 4822 dei/irai
1571 4752 1702 4821 a/fe—

127 4843 332 4897 stionem
368 4844 437 4896 ad
460 4843 626 4912 ipsum
653 4844 928 4912 aperantlo.
975 4842 1117 4901 Bene
1142 4842 1354 4913 quidem
1391 4844 1699 4915 praedicavit

128 4931 284 4988 Deum
316 4935 527 4990 Patrem
554 4976 569 5002 ,
598 4943 653 4990 et
680 4935 870 5005 quibus
900 4935 970 4991 sit
996 4935 1250 4990 colendus
1278 4937 1514 4990 moribus
1539 4935 1692 4993 dixit.

126 5022 320 5089 Quibus
346 5026 631 5097 praeceptis
660 5026 953 5097 prophetici
977 5026 1117 5081 Libri
1141 5024 1279 5096 pleni
1302 5036 1426 5081 sunt
1448 5026 1697 5083 Hebraeo-

124 5128 235 5170 rum
262 5158 278 5184 ,
307 5118 520 5189 quando
558 5128 859 5176 sanctorum
885 5120 991 5181 vita
1020 5119 1131 5174 sive
1158 5120 1491 5189 vituperatur
1512 5118 1553 5186 δ,
1582 5121 1695 5179 sive

121 5248 364 5354 ωίίιξὲἑϋ,
403 5248 505 5299 loco
540 5256 729 5301 terreno
764 5249 990 5314 quodam.
1017 5251 1179 5312 Abest,
1203 5256 1406 5313 terreno,
1451 5264 1481 5301 a
1523 5264 1693 5302 manu-

184 5318 326 5442 i'iiié
354 5374 404 5423 in
428 5373 796 5435 stitisadditur,
840 5373 1074 5437 oracula;
1111 5374 1240 5438 quod
1273 5375 1415 5426 abest
1457 5386 1485 5423 a
1522 5386 1693 5427 manu-

116 5437 620 5567 fripgig'omes‘yss.
643 5496 762 5567 editi
784 5510 921 5567 vero,
961 5494 1217 5567 prohibitos
1251 5502 1410 5545 autem
1450 5496 1692 5567 4mm

118 5554 378 5623 {tentatum
416 5556 561 5607 nullis
593 5556 715 5623 odiis
735 5554 937 5623 insequi,
962 5554 1235 5623 "sedetiam
1257 5556 1463 5608 revereri
1505 5556 1692 5623 delege-

119 5620 240 5661 runt.
270 5625 417 5667 Deum
452 5629 610 5669 autem
632 5617 905 5670 simulantes
922 5633 971 5671 se
999 5620 1173 5670 colere.

182 5677 210 5745 ﬁ
242 5676 405 5745 Plures
438 5690 563 5740 διδ,
597 5679 691 5745 sive
724 5680 1009 5745 imperatur.
1056 5690 1184 5731 Hanc
1220 5679 1497 5745 lectionem_
1518 5680 1690 5742 probat

119 5734 376 5806 immicus
396 5734 571 5803 vives,
599 5734 805 5806 alteram
842 5743 1113 5806 improbat;
1151 5756 1261 5801 nam
1312 5760 1336 5790 ι
1366 5734 1633 5806 Ρτοριλέωθι
1656 5758 1679 5788 ι

233 5798 287 5862 it,
337 5819 361 5852 ι
379 5798 648 5857 sanctortm
692 5804 837 5855 vitam
856 5798 954 5855 non
974 5798 1266 5868 vituperant.
1284 5820 1307 5851 ι
1351 5798 1573 5868 Loquitur
1595 5798 1685 5856 A'u-

340 5949 405 5967 «σν
463 5953 620 5972 κακον.
653 5934 741 5979 ἲζ’
778 5944 895 5973 πεδί’
928 5954 973 5973 ἠν-

1395 344 1593 402 LlBER
1636 344 1930 405 DECIMUS
1968 349 2215 410 NONUS.

3310 366 3417 426 656

1832 462 2092 521 laudatur.
2118 466 2223 523 Sed
2247 469 2299 524 in
2320 469 2634 529 Christianis
2655 481 2862 531 tantum
2883 484 3067 543 errat,
3092 488 3184 551 aut
3208 489 3412 541 tantum

1832 558 2187 614 calumniatur
2207 603 2223 627 ,
2246 573 2499 632 quantum
2521 566 2706 621 volunt
2730 568 3001 625 daemones
3024 612 3038 636 ,
3070 586 3206 643 quos
3227 575 3413 645 opina-

1832 654 1920 701 tur
1946 647 2073 704 deos
2096 690 2112 716 ,
2144 654 2294 720 quasi
2333 655 2577 725 cuiquam
2623 656 2838 713 difﬁcile
2876 660 2945 715 sit
2981 664 3220 719 recolere
3242 706 3257 729 ,
3293 682 3414 737 qua

1833 740 2002 809 turpia
2030 784 2045 807 ,
2099 759 2215 811 qum
2256 745 2516 802 dedecora
2563 763 2687 819 erga
2735 751 2955 807 deorum
2996 755 3309 826 obsequium
3356 759 3411 815 in

1834 834 2055 889 theatris
2079 837 2369 905 agebantur
2387 849 2438 893 et
2460 842 2670 911 templis
2693 861 2707 909 ;
2729 854 2783 899 et
2802 846 3075 903 attendere
3095 865 3213 919 qua:
3232 851 3411 922 legan-

1833 930 1918 976 tur
1942 966 1956 989 ,
1990 924 2234 981 dicantur
2257 970 2273 995 ,
2305 932 2586 987 audiantur
2611 934 2661 988 in
2689 936 2928 991 ecclesiis
2954 978 2970 1005 ,
3011 940 3093 994 vel
3130 941 3239 995 Deo
3284 958 3414 999 vero

1832 1015 1958 1083 quid
1987 1016 2277 1086 oﬂ'eratur;
2310 1031 2362 1076 et
2392 1022 2516 1078 hinc
2552 1024 2844 1097 intelligere
2874 1030 2962 1083 ubi
2992 1032 3271 1088 tediiicium
3295 1076 3312 1103 ,
3358 1045 3415 1092 et

1832 1106 1920 1160 ubi
1951 1108 2099 1163 ruina
2130 1110 2197 1165 sit
2225 1128 2454 1167 morum.
2481 1114 2609 1182 Quis
2632 1126 2806 1173 autem
2836 1119 2957 1177 huic
2983 1122 3117 1177 dixit
3136 1126 3220 1179 vel
3246 1126 3412 1196 inspi-

1832 1200 1967 1254 ravit
1991 1242 2005 1266 ,
2038 1202 2137 1256 nisi
2168 1204 2460 1261 diabolicus
2485 1208 2701 1277 spiritus
2727 1252 2740 1276 ,
2787 1220 2892 1265 tam
2920 1228 3113 1269 vanum
3140 1226 3413 1286 apertum-

1831 1304 1934 1359 que
1964 1293 2292 1349 mendacium
2318 1337 2332 1361 ,
2362 1298 2501 1367 quod
2520 1298 2791 1357 daemones
2810 1302 2879 1357 ab
2898 1304 3133 1361 Hebrzeis
3153 1309 3255 1363 coli
3284 1325 3410 1379 pro-

1832 1379 2028 1437 hibitos
2059 1396 2403 1441 revereautttr
2426 1390 2600 1458 potius
2624 1432 2638 1457 ,
2670 1407 2826 1460 quam
2849 1394 3059 1449 oderint
3078 1396 3367 1456 Christiani
3386 1400 3415 1457 τ

1829 1471 1934 1528 Sed
1966 1476 2103 1529 Deus
2130 1477 2217 1533 ille
2238 1494 2395 1548 quem
2425 1483 2703 1538 coluerunt
2731 1486 3000 1555 sapientes
3026 1489 3372 1548 Hebraeorum
3390 1535 3410 1563 ,

1828 1566 1988 1620 etiam
2023 1569 2330 1625 caelestibus
2358 1575 2555 1629 sanctis
2596 1577 2809 1646 Angelis
2845 1586 2901 1633 et
2940 1579 3233 1637 Virtutibus
3277 1584 3411 1655 Dei,

1829 1670 1965 1725 quos
1994 1658 2330 1716 beatissimos
2358 1672 2605 1734 tanquam
2631 1667 2777 1722 cives
2833 1668 2884 1724 in
2924 1668 3024 1726 hac
3063 1683 3245 1729 nostra
3287 1690 3411 1746 per-

1826 1749 2157 1818 egrinatione
2182 1755 2393 1808 mortali
2418 1771 2739 1813 veneramur
2753 1768 2809 1815 et
2836 1776 3100 1831 amamus,
3117 1764 3409 1822 sacriﬁcari

1826 1849 1969 1895 vetat
1991 1884 2005 1905 ,
2036 1842 2281 1899 intonans
2323 1848 2374 1901 in
2413 1848 2527 1918 lege
2564 1865 2656 1903 sua
2679 1892 2694 1917 ,
2725 1866 2883 1920 quam
2913 1853 3055 1909 dedit
3087 1858 3281 1926 populo
3308 1871 3411 1914 suo

1826 1929 2053 1988 Hebraeo
2077 1976 2093 2002 ,
2121 1944 2176 1990 et
2199 1938 2353 1993 valde
2382 1941 2660 1997 minaciter
2694 1944 2877 1999 dicens
2900 1988 2914 2010 ,
2959 1946 3271 2017 Sacriﬁcans
3311 1951 3410 2005 diis

1825 2024 2184 2082 eradicabitur.
2209 2029 2275 2083 Et
2300 2044 2367 2084 ne
2387 2032 2666 2102 quisquam
2696 2045 2904 2103 putaret
2926 2037 3259 2096 daemonibus
3283 2054 3405 2111 pes-

1824 2116 1976 2171 simis
2007 2120 2339 2191 terrenisque
2367 2125 2642 2192 spiritibus
2665 2168 2679 2193 ,
2712 2144 2844 2196 quos
2872 2130 2973 2185 iste
3001 2130 3131 2186 dicit
3160 2134 3410 2190 minimos

1824 2208 1906 2263 vel
1938 2210 2172 2266 minores
2195 2253 2209 2277 ,
2251 2228 2318 2267 ne
2362 2216 2694 2271 sacriﬁcetur
2726 2233 2852 2274 esse
2886 2232 3247 2290 praeceptum;
3280 2227 3406 2293 quia

1823 2308 1878 2354 et
1907 2300 2005 2370 ipsi
2040 2303 2089 2356 in
2115 2302 2406 2374 Scripturis
2447 2309 2647 2363 sanctis
2691 2309 2815 2365 dicti
2857 2322 2979 2366 sunt
3021 2314 3133 2378 dii,
3167 2330 3273 2369 non
3300 2316 3404 2371 He~

1823 2389 2087 2447 brteorum
2116 2436 2131 2462 ,
2160 2396 2252 2451 sed
2283 2400 2558 2466 gentium;
2592 2401 2733 2469 quod
2770 2403 3047 2459 evidenter
3093 2406 3145 2459 in
3192 2406 3402 2464 Psalmo

1821 2482 2164 2558 Septuaginta
2213 2490 2530 2561 interpretes
2574 2505 2898 2563 posuerunt,
2937 2496 3175 2553 dicentes
3200 2539 3218 2565 ,
3263 2498 3410 2567 Quae

1822 2575 1958 2628 niam
1984 2593 2154 2633 omnes
2179 2580 2252 2631 dii
2276 2583 2499 2649 gentium
2523 2583 2776 2637 dasmonia
2816 2584 2835 2655 (
2858 2584 3002 2640 Psal.
3034 2602 3152 2663 xcv,
3182 2587 3258 2657 5)
3283 2603 3301 2644 :
3336 2604 3404 2647 ns

1822 2670 1944 2738 quis
1971 2685 2098 2741 ergo
2125 2681 2337 2743 putaret
2364 2674 2479 2728 istis
2503 2676 2715 2745 quidem
2739 2676 3016 2732 daemoniis
3043 2680 3364 2748 prohibitum
3382 2718 3403 2747 ,

1819 2760 2125 2817 celestibus
2154 2773 2330 2820 autem
2362 2767 2443 2822 vel
2474 2758 2761 2835 omnibus,
2795 2770 2879 2824 vel
2909 2771 3173 2839 aliquibus
3204 2774 3397 2829 sacriﬁ.

1819 2854 1932 2907 cari
1955 2869 2076 2910 esse
2102 2858 2419 2925 permissum
2443 2901 2458 2925 ,
2491 2876 2613 2915 mox
2642 2862 2877 2929 addidit,
2907 2864 3004 2918 nisi
3024 2864 3245 2921 Domino
3270 2867 3371 2921 soli
3386 2909 3402 2933 ,

1820 2942 1871 2998 id
1898 2954 1979 3000 est
1997 2987 2015 3013 ,
2043 2946 2144 3001 nisi
2168 2948 2392 3003 Domino
2420 2958 2625 3005 tantum
2656 2971 2669 3006 ε
2700 2968 2768 3007 ne
2787 2952 2925 3009 forte
2955 2956 3007 3013 in
3032 2971 3098 3010 eo
3121 2957 3262 3026 quod
3286 2959 3363 3015 ait
3384 2998 3403 3025 ,

1819 3034 1917 3089 nisi
1945 3034 2162 3093 Domino
2188 3040 2307 3107 soli,
2333 3040 2616 3098 Dominum
2651 3043 2819 3103 solem
2867 3046 3051 3107 credat
3084 3062 3206 3102 esse
3249 3049 3401 3121 quis-

1817 3125 1956 3194 piam
1983 3168 2000 3194 ,
2029 3129 2112 3183 cui
2144 3128 2547 3188 sacriﬁcandum
2578 3141 2728 3202 putat
2762 3136 2779 3169 ί
2807 3152 2821 3191 :
2852 3136 2991 3205 quod
3019 3153 3126 3192 non
3166 3141 3237 3195 ita
3278 3154 3400 3199 esse

1817 3216 2214 3289 intelligendum
2235 3264 2251 3289 ,
2271 3223 2323 3278 in
2340 3223 2626 3294 Scripturis
2642 3227 2832 3295 graecis
2847 3226 3099 3286 facillime
3112 3234 3399 3303 reperitur.

1887 3309 1942 3365 5.
1983 3310 2122 3367 Deus
2152 3312 2312 3383 igitur
2340 3314 2680 3379 Hebrzeorum
2706 3357 2724 3386 ,
2748 3319 2832 3374 cui
2862 3328 2969 3383 tam
3000 3336 3249 3393 magnum
3278 3333 3399 3390 tan-

1814 3406 1900 3455 tus
1944 3401 2107 3459 etiam
2160 3402 2259 3458 iste
2308 3403 2655 3479 philosophus
2709 3409 2953 3480 perbibet
2995 3413 3399 3487 testimonium,

1815 3489 1986 3560 legem
2020 3491 2167 3549 dedit
2207 3492 2433 3550 Hebraeo
2474 3499 2672 3567 populo
2710 3514 2808 3554 suo
2832 3542 2850 3570 ,
2892 3501 3107 3558 hebraco
3151 3519 3401 3563 sermone

1813 3585 2169 3654 conscriptam
2197 3627 2211 3651 ,
2240 3601 2343 3641 non
2371 3587 2655 3643 obscuram
2682 3599 2736 3645 et
2764 3591 3084 3662 incognitam
3110 3636 3124 3659 ,
3156 3595 3251 3650 sed
3277 3611 3394 3657 om-

1814 3677 1967 3732 nibus
1988 3678 2097 3746 jam
2126 3679 2366 3751 gentibus
2393 3680 2716 3736 diiiatuatam
2736 3724 2753 3753 ,
2782 3684 2833 3739 in
2868 3700 2971 3759 qua
2996 3685 3113 3757 lege
3137 3687 3392 3760 scriptum

1812 3777 1893 3823 est
1916 3809 1932 3835 ,
1957 3767 2264 3838 Sacriﬁcant:
2284 3772 2382 3825 diis
2402 3772 2741 3827 eradicabitur
2764 3814 2778 3840 ,
2810 3776 2907 3828 nisi
2937 3774 3151 3831 Domino
3178 3788 3393 3834 tantum.

1812 3859 1946 3924 Quid
1975 3874 2108 3929 opus
2135 3872 2217 3915 est
2242 3862 2294 3915 in
2324 3862 2421 3916 hac
2445 3863 2560 3935 ejus
2590 3863 2706 3934 lege
2729 3906 2743 3934 ,
2775 3865 2995 3937 ejusque
3023 3867 3302 3937 Prophetis
3327 3870 3396 3925 de

1813 3949 1911 4004 hac
1940 3967 2000 4006 re
2030 3952 2193 4006 multa
2224 3954 2575 4025 perquirere?
2603 3956 2712 4010 imo
2754 3972 2858 4010 non
2900 3959 3206 4028 perquirere
3230 4001 3245 4025 ,
3286 3975 3394 4018 non

1809 4044 1951 4097 enim
1982 4044 2225 4099 abstrusa
2251 4047 2333 4101 vel
2364 4062 2481 4101 rara
2521 4058 2679 4114 sunt;
2730 4048 2825 4103 sed
2868 4060 3048 4118 aperta
3099 4062 3154 4105 et
3203 4053 3391 4108 crebra

1808 4134 2060 4205 colligere
2085 4175 2099 4201 ,
2128 4146 2183 4191 et
2210 4138 2261 4190 in
2288 4137 2387 4191 hac
2412 4138 2767 4208 disputatione
2794 4155 2909 4194 mea
2934 4156 3134 4209 ponere
3162 4160 3174 4194 :
3200 4144 3391 4212 quibus

1807 4227 1924 4281 luce
1954 4228 2146 4282 clarius
2173 4240 2390 4299 apparet
2412 4232 2458 4296 ἓ,
2501 4231 2631 4285 nulli
2657 4232 2875 4285 omnino
2916 4233 3017 4286 nisi
3048 4242 3249 4288 tantum
3287 4235 3389 4292 sibi

1808 4319 1975 4375 Deum
2006 4337 2190 4377 verum
2220 4331 2274 4376 et
2310 4338 2572 4377 summum
2614 4325 2847 4379 voluisse
2896 4325 3205 4379 sacrificari.
3247 4326 3389 4382 Ecce

1808 4409 1909 4465 hoc
1939 4428 2098 4466 unum
2127 4412 2361 4468 breviter
2384 4454 2398 4474 ,
2433 4413 2539 4467 imo
2581 4414 2851 4484 granditer
2872 4456 2887 4479 ,
2930 4415 3208 4470 minaciter
3229 4457 3245 4481 ,
3289 4418 3386 4473 sed

1805 4504 2062 4557 veraciter
2087 4504 2283 4558 dictum
2312 4503 2376 4558 ab
2400 4503 2490 4558 illo
2521 4504 2631 4558 Deo
2655 4545 2671 4570 ,
2701 4518 2856 4572 quem
2882 4512 2992 4559 tam
3014 4505 3337 4561 excellenter
3362 4506 3385 4539 ³

1804 4613 1989 4653 eorum
2040 4600 2330 4654 doctissimi
2386 4599 2715 4673 praedicant,
2765 4598 3043 4661 audiatur,
3094 4603 3380 4666 timeatur,

1804 4690 2087 4759 impleatur
2110 4732 2126 4761 ,
2160 4706 2226 4745 ne
2274 4689 2639 4745 inobedientes
2680 4689 2967 4743 eradicatio
3005 4699 3379 4759 consequatur.

1804 4782 2152 4851 Sacriﬁcans,
2200 4782 2406 4852 inquit,
2446 4783 2541 4835 diis
2589 4782 2959 4846 eradicabitur,
3017 4782 3113 4835 nisi
3162 4780 3383 4836 Domino

1801 4884 1994 4927 tantum
2017 4890 2035 4927 :
2062 4890 2167 4928 non
2200 4889 2305 4944 quo
2332 4874 2407 4929 rei
2436 4881 2588 4944 egeat
2626 4872 2851 4943 alicujus
2872 4913 2890 4941 ,
2927 4873 3024 4930 sed
3063 4875 3188 4946 quia
3229 4876 3385 4932 nobis

1801 4967 2014 5039 expedit
2039 4977 2094 5022 ut
2118 4983 2205 5022 res
2231 4967 2347 5036 ejus
2371 4967 2558 5023 simus.
2606 4966 2741 5021 Hinc
2759 4963 2784 4997 ⁸
2806 4967 2947 5021 enim
2973 4966 3183 5022 canitur
3209 4967 3263 5022 in
3290 4983 3379 5023 sa-

1796 5126 2020 5190 gustiuus
2040 5123 2106 5172 de
2127 5128 2400 5193 sanctorum
2423 5124 2519 5193 vita
2540 5123 2591 5170 in
2614 5122 2778 5179 terris,
2808 5133 2922 5185 quae
2960 5134 3058 5171 non
3089 5123 3282 5171 omnino
3302 5134 3382 5173 va-

1795 5189 1927 5254 cavit
1952 5185 2092 5254 culpa
2117 5199 2131 5234 :
2159 5192 2209 5254 et
2232 5184 2661 5254 indicarevtdetuc
2681 5189 3031 5254 praeceptorum
3052 5182 3148 5231 duo
3176 5195 3380 5254 genera,

1796 5249 1860 5298 de
1884 5244 2076 5297 vitando
2112 5244 2257 5305 malo,
2294 5246 2421 5307 quod
2448 5245 2496 5294 in
2535 5244 2704 5293 eorum
2730 5246 2875 5307 etiam
2908 5244 3191 5307 quiverum'
3225 5251 3375 5292 Deum

1796 5310 2037 5381 colebant,
2057 5308 2274 5381 moribus
2296 5305 2594 5369 vituperatur
2617 5320 2633 5368 ;
2654 5314 2707 5356 et
2735 5308 2801 5355 de
2816 5305 3037 5355 faciendo
3065 5305 3212 5364 bono,
3249 5306 3377 5367 quod

1793 5373 1842 5421 in
1865 5371 2049 5420 eisdem
2073 5369 2305 5419 laudatur.
2942 5428 2952 5438 θ

1860 5433 1876 5463 ί
1904 5439 2032 5499 Lov.,
2052 5430 2333 5499 putct_.__r_;diti
2358 5436 2521 5499 autem
2540 5426 2626 5499 alii
2645 5434 2696 5478 et
2716 5426 3043 5499 manusmpti,
3061 5430 3220 5498 putat.
3242 5425 3380 5499 Addit

1794 5489 2083 5561 θυοσωῇρὼ
2101 5491 2552 5561 ἲᾳοίηἱιηθηςρνριξὶνί
2576 5492 2625 5538 in
2659 5491 2909 5561 scripturis
2927 5489 3103 5551 graecis
3137 5489 3378 5561 quomodo

1793 5548 1928 5605 locus
1971 5551 2056 5603 ille
2109 5555 2173 5603 sit
2216 5548 2591 5661 intelligimus,
2603 5553 2712 5613 quia
2756 5548 2807 5600 in
2831 5552 2904 5600 eis
2940 5548 3037 5598 non
3060 5548 3288 5612 ambigue
3310 5548 3378 5599 di-

1793 5624 1921 5662 ctum
1945 5624 2038 5662 est.
2060 5614 2208 5662 Exod.
2233 5625 2350 5662 χχιι.
2436 5647 2451 5662 .
2477 5611 2619 5661 anno
2640 5611 2793 5662 meno.

1853 5631 1921 5667 tm
1945 5624 2038 5675 est,
2060 5614 2208 5664 Exod.
2233 5625 2350 5672 χχιι,
2373 5614 2451 5673 20,
2477 5614 2619 5661 Kurib
2640 5614 2793 5662 meno.

1853 5681 1875 5711 ί
1906 5684 1980 5726 Er.
2009 5684 2061 5727 et
2081 5684 2212 5735 Lov.,
2232 5680 2481 5738 appareat.
2502 5672 2620 5723 Editi
2640 5685 2763 5725 vero
2779 5669 3081 5737 sitiet“,
3101 5676 3323 5738 cum

1852 5741 1876 5815 ἲ
1897 5733 2559 5815 ξὲωμὲιὲιὲέἐεψὲῗξέ
2998 5804 3045 5815 χ..

1856 5802 1879 5835 δ
1903 5800 2040 5852 Vind.
2063 5808 2162 5850 Am.
2191 5805 2243 5849 et
2262 5802 2391 5860 IS,
2417 5800 2556 5847 Παίς.
