3826 6484
1407 313 1497 372 DE
1535 304 1855 369 CIVITATE
1890 299 2025 375 DEI,
2066 299 2130 362 8.
2170 295 2535 359 AUGUSTINI
3512 277 3605 335 65‘

2045 416 2207 473 rebus
2249 416 2361 472 suis
2402 410 2627 484 publicis
2655 404 2878 478 imperia
2902 400 2988 460 vel
3022 412 3184 473 parva
3216 396 3301 454 vel
3323 409 3513 466 magna
3538 402 3613 451 ts-

2044 515 2316 575 nuerunt,
2344 514 2399 562 et
2438 504 2508 560 de
2544 502 2648 559 alia
2676 509 3009 571 quacumque
3033 493 3257 549 aliarum
3282 487 3519 559 gentium
3538 466 3639 541 in-i

2048 600 2260 671 telligar
2309 598 2509 654 dixisse
2550 602 2709 665 atque
2754 589 3007 646 sensisse.
3056 582 3393 643 Generaliter
3441 578 3625 650 quippe

2050 692 2235 751 civitas
2270 691 2553 762 impiorum
2578 685 2703 752 ,cui
2749 697 2853 738 non
2912 680 3140 747 imperat
3185 676 3328 730 Deus
3370 667 3627 727 obedietni

2051 787 2192 853 sibi,
2225 794 2283 840 ut
2328 781 2648 839 sacriﬁcium
2698 793 2804 834 non
2854 774 3044 831 oﬁ'erat
3073 815 3089 838 ,
3120 769 3225 826 nisi
3275 762 3629 822 tantummodc

2053 878 2197 941 sibi,
2224 886 2278 932 et
2306 891 2401 946 per
2430 875 2531 930 hoc
2568 873 2621 928 in
2657 871 2743 927 illa
2784 879 2839 925 et
2872 867 3086 924 animus
3124 860 3337 933 corpori
3360 903 3376 927 ,
3408 859 3634 927 ratioque

350 462 461 519 cris
484 453 700 514 Litteris
724 448 1113 507 Hebraeorum:
1155 434 1279 492 Dixi
1317 430 1538 487 Domino
1561 468 1577 493 ,
1624 424 1758 479 Deus
1800 433 1939 474 meus

354 573 408 612 es
433 562 488 607 tu
511 593 525 617 ,
553 546 790 621 quoniam
820 541 1064 596 bonorum
1094 545 1319 587 meorum
1348 542 1452 581 non
1492 537 1603 593 eges
1635 514 1820 589 (Psal.
1847 528 1938 580 xv,

352 648 394 704 2
415 644 457 721 ).
491 610 658 712 liuius
686 646 863 693 autem
890 623 1355 703 praeclarissimum
1382 627 1540 688 atque
1569 610 1828 683 optimum
1854 620 1941 662 sas

358 698 616 797 oriﬁcium
640 744 740 786 nos
761 726 862 798 ipsi
880 736 1065 779 sumus
1088 761 1104 787 ,
1126 716 1230 773 hoc
1265 721 1349 770 est
1374 712 1391 743 ⁸
1412 707 1600 765 civitas
1625 703 1738 772 ejus
1756 741 1772 768 ,
1794 698 1945 769 cujus

361 832 440 889 rei
470 824 783 901 mysterium
813 818 1148 875 celebramus
1175 804 1532 867 oblationibus
1562 796 1759 854 nostris
1781 835 1796 860 ,
1827 807 1946 863 quae

361 885 609 979 ﬁdelibus
654 923 794 972 notae
837 918 1003 973 sunt,
1049 906 1188 961 sicut
1234 902 1286 957 in
1333 898 1484 955 libris
1527 885 1949 965 praecedentibus

363 1010 749 1082 disputavimus
775 1003 795 1075 (
823 1001 937 1056 Lib.
967 997 1035 1053 10
1056 1038 1070 1063 ,
1098 1011 1212 1063 cap.
1241 991 1274 1047 6
1298 1032 1315 1059 ,
1347 998 1393 1043 et
1418 985 1540 1041 alibi
1568 982 1611 1055 ).
1636 980 1951 1037 Cessaturas

364 1106 510 1165 enim
539 1101 781 1157 victimas
806 1137 823 1163 ,
851 1106 984 1164 quas
1007 1090 1061 1144 in
1090 1085 1279 1141 umbra
1318 1078 1485 1136 futuri
1528 1072 1822 1131 oﬁ'erebant
1857 1066 1951 1123 Ju-

366 1198 471 1255 daei
500 1238 513 1262 ,
544 1203 600 1251 et
623 1206 787 1249 unum
816 1184 1133 1242 sacriﬁcium
1159 1186 1346 1251 gentes
1382 1189 1415 1228 a
1451 1170 1580 1228 solis
1621 1176 1742 1223 ortu
1787 1174 1957 1232 usque

369 1291 437 1345 ad
465 1302 713 1344 occasum
741 1325 753 1346 .
785 1282 923 1337 sicut
941 1279 1051 1348 jam
1082 1274 1199 1329 ﬁeri
1224 1270 1495 1327 cernimus
1521 1262 1794 1319 oblaturas
1814 1298 1831 1324 ,
1865 1269 1958 1325 per

372 1380 667 1450 Prophetas
712 1373 967 1430 Hebraeos
1000 1364 1214 1422 oracula
1261 1362 1573 1428 increpuere
1610 1351 1788 1407 divina
1825 1364 1839 1403 :
1892 1360 1960 1401 ex

373 1472 565 1545 quibus
594 1479 850 1538 quantum
880 1461 1011 1517 satis
1048 1457 1220 1512 visum
1268 1461 1351 1508 est
1374 1492 1389 1518 ,
1440 1444 1694 1505 nonnulla
1735 1439 1959 1512 protuli-

374 1529 496 1623 mus
522 1607 537 1631 ,
569 1529 628 1617 et
652 1560 773 1614 huic
800 1558 909 1626 jam
939 1550 1089 1622 Operi
1117 1545 1464 1617 aSpersimus.
1509 1539 1844 1609 Quapropter
1872 1529 1962 1584 ubi

376 1673 483 1714 non
509 1664 591 1710 est
614 1654 713 1708 ista
733 1646 935 1719 justitia
960 1686 975 1712 ,
1009 1653 1067 1699 ut
1089 1637 1377 1696 secundum
1403 1647 1553 1689 suam
1580 1630 1804 1700 gratiam
1830 1622 1963 1678 civi-

376 1750 476 1807 tati
504 1744 774 1803 obcdienti
807 1741 944 1796 Deus
968 1737 1195 1806 imperet
1222 1747 1356 1787 unus
1381 1739 1434 1785 et
1457 1736 1701 1782 summus
1719 1762 1734 1788 ,
1763 1735 1831 1774 ne
1854 1716 1967 1772 cui-

382 1856 540 1914 quam
564 1834 869 1900 sacriﬁcet,
902 1831 1003 1885 nisi
1030 1836 1233 1882 tantum
1261 1820 1361 1877 sibi
1388 1837 1401 1885 ;
1433 1827 1487 1873 et
1515 1831 1610 1888 per
1637 1813 1740 1869 hoc
1769 1811 1823 1866 in
1849 1823 1968 1862 om-

383 1899 541 1989 nibus
572 1899 880 1983 hominibus
908 1921 974 1976 ad
1013 1916 1255 1975 eamdem
1284 1910 1553 1968 civitatem
1580 1899 1970 1977 pertinentibus

386 2034 544 2095 atque
565 2015 939 2077 obedientibus
959 2012 1070 2069 Deo
1095 2052 1110 2078 ,
1133 2008 1341 2063 animus
1362 2003 1522 2059 etiam
1544 1995 1790 2067 corpori,
1813 2000 1974 2061 atque

386 2093 524 2173 ratio
541 2113 702 2177 vitiis,
726 2108 916 2165 ordine
941 2103 1179 2174 legitimo
1200 2097 1427 2153 ﬁdeliter
1448 2093 1693 2163 imperet;
1714 2096 1772 2143 ut
1789 2099 1974 2155 quern-

390 2205 675 2264 admodum
703 2203 882 2272 justus
924 2210 1062 2252 unus
1086 2235 1101 2258 ,
1135 2192 1204 2247 ita
1230 2197 1398 2245 coetus
1438 2182 1768 2255 pepulusque
1805 2176 1976 2246 justo-

405 2316 506 2354 .um
537 2298 679 2353 vivat
726 2310 792 2349 ex
842 2290 946 2344 ﬁde
973 2329 988 2355 ,
1032 2300 1150 2357 qua:
1191 2288 1442 2352 operatur
1471 2292 1564 2347 per
1593 2272 1933 2329 dilectionem
1958 2307 1973 2333 ,

399 2407 492 2463 (ua
524 2390 686 2445 homo
715 2384 890 2456 diligit
931 2382 1097 2436 Deum
1122 2419 1136 2443 ,
1182 2376 1320 2431 sicut
1360 2367 1659 2440 diligendus
1682 2374 1765 2423 est
1794 2363 1933 2417 Deus
1956 2403 1972 2427 ,

390 2493 445 2539 et
469 2482 767 2553 proximum
797 2475 934 2529 sicut
962 2469 1309 2538 semetipsum
1336 2482 1349 2519 :
1379 2462 1469 2518 ubi
1492 2473 1619 2530 ergo
1639 2472 1748 2513 non
1773 2465 1856 2510 est
1880 2453 1978 2508 ista

391 2549 595 2646 justitia
622 2615 636 2638 ,
672 2568 911 2639 profecto
941 2580 1047 2619 non
1073 2571 1155 2617 est
1178 2565 1352 2615 cretus
1383 2554 1655 2610 hominum
1679 2549 1816 2619 juris
1846 2559 1977 2601 con-

396 2681 559 2723 sensu
589 2676 641 2717 et
671 2658 909 2715 utilitatis
934 2652 1310 2711 communione
1337 2647 1589 2703 sociatus.
1626 2639 1781 2708 Quod
1806 2638 1852 2693 si
1873 2654 1980 2692 non

394 2770 480 2814 est
501 2798 516 2823 ,
549 2756 729 2823 utique
758 2749 984 2820 populus
1008 2762 1116 2800 non
1144 2751 1228 2799 est
1250 2782 1266 2809 ,
1297 2740 1342 2795 si
1384 2752 1510 2794 vera
1551 2743 1631 2791 est
1658 2733 1774 2792 haec
1801 2730 1983 2802 populi

395 2820 660 2905 deﬁnitio;
692 2845 830 2913 Ergo
866 2854 967 2896 nec
999 2834 1299 2907 respublica
1340 2840 1461 2888 est:
1512 2829 1635 2900 quia
1671 2841 1763 2884 res
1805 2820 1985 2896 populi

397 2957 504 2998 non
528 2948 610 2996 est
636 2980 648 3003 ,
680 2937 768 2992 ubi
796 2936 911 3005 ipse
935 2931 1160 3004 populus
1186 2943 1293 2984 non
1321 2934 1425 2982 est.

394 3051 625 3111 CAPUT
664 3045 856 3104 XXIV.
882 3076 952 3086 --
979 3043 1091 3109 Qua
1135 3038 1428 3107 deﬁnitione
1475 3040 1665 3088 constet
1717 3028 1896 3102 populi
1940 3033 1989 3080 et

473 3143 760 3215 reipublicae
809 3136 1233 3207 nuncupationem
1275 3138 1406 3183 recte
1432 3127 1527 3182 sibi
1550 3141 1651 3179 non
1689 3122 1855 3178 solum
1884 3119 1992 3175 Ro-

474 3255 673 3303 manos,
701 3233 788 3289 sed
818 3232 964 3287 etiam
992 3244 1147 3299 regna
1176 3225 1281 3279 alia
1308 3221 1583 3276 vindicare.

474 3352 531 3408 Si
560 3357 735 3405 autem
767 3344 993 3417 populus
1018 3355 1122 3395 non
1151 3338 1273 3402 isto,
1305 3334 1398 3390 sed
1431 3332 1537 3386 alio
1565 3328 1847 3386 deﬁniatur
1873 3340 1992 3387 mo-

406 3447 498 3511 do,
556 3443 700 3499 velut
740 3441 784 3495 si
811 3439 1015 3494 dicatur
1035 3477 1049 3501 ,
1079 3430 1313 3503 Populus
1339 3437 1419 3483 est
1446 3433 1615 3483 curtus
1644 3417 1996 3476 multitudinis

406 3536 678 3595 rationalis
701 3576 716 3602 ,
748 3547 925 3587 rerum
966 3542 1096 3597 quas
1139 3521 1309 3593 diligit
1346 3516 1595 3574 concordi
1621 3512 1997 3569 communione

406 3632 640 3690 sociatus
666 3647 677 3682 :
705 3629 938 3698 prol’ecto
964 3629 1021 3675 ut
1045 3617 1288 3673 videatur
1314 3612 1486 3682 qualis
1516 3608 1741 3680 quisque
1769 3603 1998 3674 p0pulus

408 3727 497 3790 sit,
522 3725 610 3779 illa
641 3730 764 3777 sunt
794 3713 1042 3773 intuenda
1069 3727 1187 3781 quae
1212 3704 1401 3777 diligit.
1428 3704 1786 3771 Quaecumque
1818 3707 1996 3751 tamen

407 3819 615 3887 diligat,
646 3819 692 3869 si
718 3821 890 3866 coetus
918 3816 1000 3862 est
1027 3797 1381 3858 multitudinis
1401 3838 1413 3860 ,
1443 3809 1548 3849 non
1579 3804 1829 3862 pecorum
1857 3829 1872 3855 ,
1904 3783 1999 3840 sed

410 3906 745 3966 rationaliurn
794 3908 1154 3957 creaturarum
1180 3933 1193 3957 ,
1218 3901 1272 3946 et
1311 3902 1495 3945 eorum
1523 3900 1640 3956 qua:
1671 3881 1842 3952 diligit
1867 3893 1998 3933 con-

411 4002 559 4058 cordi
602 3994 977 4053 communione
1015 3988 1247 4043 sociatus
1277 3990 1387 4047 est,
1421 3994 1524 4033 non
1568 3974 1797 4031 absurde
1829 3986 1999 4042 popu-

411 4099 495 4153 lus
539 4098 903 4160 nuncupatur;
937 4091 1082 4139 tanto
1112 4080 1292 4149 utique
1331 4074 1551 4139 meliOr,
1578 4077 1777 4141 quanto
1803 4068 1855 4121 in
1884 4081 2001 4121 me-

416 4190 659 4252 lioribus;
683 4195 933 4253 tantoque
962 4175 1215 4239 deterior,
1239 4178 1437 4242 quanto
1462 4175 1543 4221 est
1570 4166 1620 4219 in
1647 4160 2000 4218 deterioribus

412 4298 658 4342 concors.
686 4275 989 4334 Secundum
1017 4270 1173 4324 istam
1215 4250 1578 4320 deﬁnitionem
1618 4267 1852 4313 nostram
1888 4254 2001 4307 Ro-

415 4391 605 4435 manus
635 4371 890 4443 pepulus,
923 4364 1148 4436 populus
1188 4368 1301 4423 est;
1334 4366 1387 4411 et
1415 4371 1502 4410 res
1542 4352 1657 4423 ejus
1692 4350 1805 4403 sine
1844 4345 2001 4401 dubi-

418 4438 982 4531 tatione-respublica.
1032 4453 1170 4523 Quid
1213 4458 1389 4505 autem
1439 4444 1625 4517 primis
1675 4438 2003 4509 temporibus

417 4561 552 4627 suis,
580 4529 770 4629 quidve
797 4548 1140 4622 sequentibus
1164 4541 1387 4614 populus
1409 4538 1496 4592 ille
1517 4532 1783 4599 dilexerit,
1803 4538 1857 4585 et
1881 4529 2002 4599 qui-

419 4656 522 4711 bus
551 4651 786 4707 morihus
814 4645 880 4700 ad
903 4637 1303 4699 cruentissimas
1344 4631 1630 4687 seditiones
1655 4667 1668 4693 ,
1697 4632 1857 4694 atque
1883 4621 2005 4675 inde

420 4747 488 4804 ad
514 4743 726 4801 socialia
754 4748 913 4809 atque
939 4734 1111 4788 civilia
1136 4728 1277 4783 bella
1310 4716 1655 4794 perveniens,
1679 4718 1847 4787 ipsam
1872 4728 2004 4768 con-

420 4836 675 4895 cordiam,
706 4805 993 4902 quae-salus
1019 4815 1408 4893 quodammodo
1437 4822 1521 4868 est
1551 4808 1767 4881 populi,
1801 4805 2007 4875 ruperit

422 4940 581 4998 atque
603 4901 919 4991 corruperit,
948 4924 1170 4970 testatur
1199 4908 1419 4964 historia
1446 4922 1458 4958 :
1486 4904 1553 4959 de
1576 4917 1678 4971 qua
1714 4901 1766 4954 in
1804 4913 2006 4969 praece-

424 5018 670 5078 dentibus
708 4988 858 5068 libris
895 5009 1060 5063 multa
1102 5003 1393 5074 posuimus.
1426 4997 1534 5052 Nec
1571 4994 1692 5049 ideo
1722 5001 1895 5046 tamen
1922 4988 2008 5043 vel

428 5114 601 5185 ipsum
629 5120 732 5161 non
758 5116 877 5157 esse
914 5096 1165 5168 populum
1191 5134 1206 5159 ,
1234 5092 1318 5146 vel
1348 5091 1461 5157 ejus
1491 5102 1606 5142 rem
1650 5080 1874 5138 dixerim
1901 5095 2006 5134 non

426 5178 548 5264 esse
570 5195 972 5269 rempublicam,
1005 5186 1254 5259 quamdiu
1282 5188 1460 5237 manet
1488 5178 1891 5249 qualiscumque
1918 5188 2008 5226 ra-

443 5290 655 5349 tionalis
684 5265 1035 5345 multitudinis
1070 5285 1243 5333 coetus
1262 5316 1278 5343 ,
1308 5287 1482 5329 rerum
1517 5284 1651 5339 quas
1679 5265 1851 5337 diligit
1877 5280 2010 5320 con-

428 5387 580 5447 cordi
608 5379 984 5441 communione
1014 5370 1267 5428 sociatus.
1292 5362 1444 5433 Quod
1468 5372 1649 5417 autem
1677 5358 1747 5414 de
1775 5357 1877 5412 isto
1912 5370 2011 5427 po-

430 5482 558 5552 pulo
581 5488 633 5533 et
658 5476 725 5531 de
754 5474 853 5530 ista
889 5464 1164 5539 republica
1188 5459 1335 5525 dixi,
1360 5455 1464 5511 hoc
1499 5453 1568 5509 de
1605 5447 2012 5509 Atheniensium

437 5574 520 5626 vel
541 5576 988 5639 quorumcumque
1016 5557 1345 5617 Graecorum,
1374 5548 1476 5604 hoc
1501 5546 1568 5603 de
1600 5541 1970 5616 Egyptiorum
1995 5580 2012 5605 ,

429 5632 631 5722 noe'de
668 5661 757 5715 illa
784 5656 965 5728 priore
1004 5648 1277 5720 Babylone
1312 5642 1652 5715 Assyriorum
1678 5679 1694 5708 ,
1717 5634 1929 5709 quando
1957 5632 2013 5692 in

493 5816 795 5874 'Mtun.
817 5806 1209 5873 etttr.,ltwcest.

2058 968 2202 1024 vitiis
2244 977 2387 1025 recte
2424 982 2489 1023 ac
2526 964 2752 1022 ﬁdeliter
2781 962 3051 1031 imperet,
3075 964 3228 1012 caret
3260 952 3481 1025 justiti:
3509 949 3637 1005 veri-

2057 1068 2185 1116 tate.

2059 1174 2285 1233 CAPUT
2322 1172 2494 1229 Χλγ.
2532 1201 2604 1212 —-
2643 1169 2793 1239 Quod
2818 1184 2920 1223 non
2948 1165 3143 1237 possint
3171 1163 3242 1217 ibi
3270 1174 3402 1215 certe
3428 1173 3533 1212 esse
3556 1156 3641 1209 rit-

2441 1275 2589 1335 tutes,
2618 1264 2705 1320 ubi
2723 1279 2827 1318 non
2847 1271 2918 1317 est
2942 1276 3061 1315 uera
3080 1257 3283 1328 religio.

2134 1374 2436 1444 Quamlibet
2462 1372 2603 1427 enim
2632 1370 2875 1425 videatur
2913 1365 3125 1421 animus
3156 1359 3374 1431 corpori
3399 1400 3414 1426 ,
3447 1365 3501 1411 et
3526 1354 3651 1409 ratio

2066 1469 2206 1526 vitiis
2234 1466 2571 1523 laudabiliter
2607 1464 2910 1533 imperare;
2939 1458 2983 1514 si
3010 1458 3127 1512 Deo
3170 1454 3385 1509 animus
3426 1457 3485 1507 et
3528 1447 3656 1502 ratio

2067 1563 2181 1633 ipsa
2213 1577 2320 1617 non
2356 1560 2547 1624 servit,
2579 1558 2716 1613 sicut
2741 1554 2841 1610 sibi
2870 1550 3212 1608 serviendum
3242 1560 3367 1602 esse
3388 1545 3507 1615 ipse
3527 1540 3658 1596 Deus

2071 1654 2341 1726 praecepit,
2368 1651 2515 1707 nullo
2540 1649 2699 1705 modo
2724 1644 2939 1717 corpori
2966 1643 3220 1713 vitiisque
3245 1646 3398 1694 recte
3420 1636 3659 1705 imperat.

2070 1748 2205 1804 Nam
2233 1746 2405 1817 qualis
2434 1743 2674 1815 corporis
2700 1749 2860 1811 atque
2885 1738 3137 1794 vitiorum
3163 1740 3346 1804 potest
3370 1744 3495 1787 esse
3520 1739 3662 1783 mens

2073 1842 2308 1908 domina,
2329 1840 2446 1895 veri
2476 1838 2570 1892 Dei
2600 1836 2799 1900 nescia,
2826 1846 2927 1888 nec
2949 1830 3066 1901 ejus
3087 1825 3320 1899 imperio
3345 1822 3623 1892 subiugata
3643 1856 3660 1883 ,

2074 1936 2168 1992 sed
2199 1932 2558 1990 vitiosissimis
2584 1926 2915 1985 daemonibus
2956 1917 3431 1991 corrumpentibus
3474 1911 3664 1985 prosti-

2077 2027 2228 2084 tuta?
2258 2023 2489 2082 Proinde
2512 2024 2759 2087 virtutes,
2786 2032 2917 2089 quas
2942 2014 3045 2071 sibi
3073 2011 3278 2068 habere
3299 2007 3515 2063 videtur
3537 2045 3553 2069 ,
3578 2016 3666 2073 per

2077 2134 2210 2191 quas
2236 2118 2461 2188 imperat
2488 2112 2700 2185 corpori
2730 2119 2785 2167 et
2802 2109 2946 2164 vitiis
2984 2105 3053 2161 ad
3076 2100 3357 2176 quodlibet
3380 2096 3667 2167 adipiscen-

2079 2213 2205 2268 dum
2230 2186 2328 2266 vel:
2349 2209 2657 2272 tenendum,
2690 2203 2791 2258 nisi
2817 2200 2884 2256 ad
2911 2199 3082 2254 Deum
3110 2192 3377 2257 retulerit,
3408 2189 3569 2245 etiam
3592 2186 3669 2255 ip-

2081 2321 2156 2361 sae
2182 2305 2308 2359 vitia
2339 2309 2463 2357 sunt
2499 2299 2677 2371 potius
2711 2310 2871 2367 quam
2899 2293 3140 2346 virtutes.
3171 2286 3307 2343 Nam
3342 2285 3473 2339 licet
3498 2297 3529 2335 a
3556 2278 3670 2350 qui-

2082 2396 2306 2452 busdam
2336 2405 2461 2449 tunc
2489 2407 2630 2448 verae
2656 2397 2711 2445 ct
2740 2388 2979 2443 honestae
3009 2388 3263 2454 putentur
3288 2392 3413 2435 esse
3436 2376 3671 2440 virtutes,

2083 2506 2206 2547 cum
2232 2489 2300 2544 ad
2336 2504 2395 2543 se
2430 2488 2575 2557 ipSas
2599 2483 2906 2540 referuntur
2924 2520 2941 2546 ,
2969 2493 3069 2534 nec
3097 2483 3320 2547 propter
3344 2470 3493 2527 aliud
3519 2481 3672 2537 expc.

2087 2596 2307 2652 tuutur;
2338 2584 2502 2641 etiam
2530 2592 2655 2637 tunc
2676 2578 2873 2636 inﬂatae
2902 2590 2966 2630 ac
2994 2571 3239 2644 superba:
3269 2575 3399 2623 sunt
3432 2583 3447 2619 :
3477 2572 3532 2619 et
3564 2560 3673 2616 ideo

2086 2695 2194 2737 non
2237 2679 2499 2742 virtutes,
2546 2673 2640 2731 sed
2688 2671 2853 2727 vitia‘
2891 2665 3177 2740 judicanda
3230 2669 3358 2718 sunt
3400 2659 3503 2732 (a).
3540 2657 3678 2711 Sicut

2089 2773 2230 2829 enim
2258 2787 2364 2827 non
2396 2779 2479 2826 eSt
2514 2782 2542 2822 a
2569 2780 2764 2832 carne,
2794 2762 2889 2819 sed
2918 2775 3080 2831 super
3109 2771 3326 2813 carnem
3348 2795 3364 2821 ,
3390 2750 3535 2824 quod
3563 2763 3675 2803 car-

2091 2882 2215 2923 nem
2250 2865 2378 2920 facit
2401 2862 2581 2919 vivere
2612 2880 2623 2915 :
2648 2861 2727 2915 sic
2757 2873 2862 2913 non
2900 2864 2983 2913 est
3010 2853 3078 2909 ab
3105 2851 3323 2908 homine
3346 2890 3362 2916 ,
3394 2847 3489 2903 sed
3526 2856 3679 2913 super

2092 2959 2387 3024 hominem,
2416 2953 2556 3027 quod
2582 2951 2855 3008 hominem
2881 2947 3007 3003 facit
3040 2946 3196 3001 beate
3222 2944 3441 3005 vivere;
3472 2952 3571 2993 nec
3593 2950 3676 2989 so-

2092 3052 2201 3106 lum
2228 3049 2528 3113 hominem,
2562 3044 2657 3101 sed
2687 3044 2848 3100 etiam
2876 3037 3170 3113 quamlibet
3199 3035 3526 3091 Potestatem
3564 3028 3677 3084 Vir-

2096 3151 2371 3211 tutemque
2398 3139 2693 3195 cmlestem.

2094 3255 2323 3316 CAPUT
2362 3251 2555 3308 XXVI.
2583 3280 2655 3291 —-
2679 3246 2761 3302 De
2790 3262 2914 3317 pace
2940 3242 3115 3315 pepuli
3148 3238 3361 3294 alienati
3379 3254 3409 3291 a
3438 3236 3560 3299 Deo,
3591 3246 3679 3303 qua

2172 3349 2330 3403 utitur
2349 3346 2415 3399 ad
2446 3344 2677 3415 pietatem
2703 3340 2922 3411 populus
2948 3334 3045 3390 Dei
3066 3374 3083 3403 ,
3115 3331 3239 3385 dum
3265 3330 3319 3383 in
3348 3329 3443 3384 hoc
3468 3323 3679 3398 peregri-

2170 3457 2265 3496 nus
2290 3448 2363 3494 est
2392 3437 2599 3491 mundo.
3120 3442 3131 3451 ί

2171 3552 2432 3621 Quocirca
2473 3558 2530 3603 ut
2577 3548 2684 3601 vita
2722 3542 2899 3601 carnis
2944 3538 3123 3595 anima
3168 3542 3275 3603 est,
3304 3534 3379 3589 ita
3404 3533 3554 3588 beata
3584 3527 3681 3584 vita

2102 3619 2335 3703 hominis
2363 3643 2503 3697 Deus
2532 3646 2654 3705 est,
2681 3636 2749 3692 de
2772 3651 2879 3706 quo
2916 3633 3099 3688 dicunt
3138 3642 3309 3683 sacrae
3344 3625 3555 3681 Littera
3581 3619 3679 3674 lico

2105 3741 2390 3805 brazorum,
2419 3734 2604 3790 Beatus
2633 3727 2877 3801 populus,
2900 3726 3047 3796 cujus
3076 3732 3149 3779 est
3175 3719 3429 3775 Dominus
3454 3716 3587 3771 Deus
3610 3712 3679 3782 ἕρ·

2103 3836 2209 3889 sius
2239 3831 2412 3903 (Psal.
2443 3844 2601 3885 chm
2627 3869 2642 3893 ,
2670 3823 2784 3897 15).
2824 3822 2985 3878 Miser
3014 3819 3173 3889 igitur
3214 3814 3445 3886 populus
3483 3810 3546 3865 ab
3588 3810 3681 3863 isto

2105 3928 2365 3983 alienatus
2395 3923 2524 3978 Deo.
2557 3919 2740 3990 Diligit
2761 3927 2937 3972 tamen
2966 3913 3079 3982 ipse
3099 3913 3260 3964 etiam
3289 3903 3567 3977 quamdam
3592 3913 3680 3970 pa-

2107 4037 2222 4078 cem
2254 4033 2405 4076 suam
2432 4032 2539 4071 non
2569 4007 2997 4083 improbandam,
3026 4018 3189 4075 quam
3218 4000 3440 4071 quidem
3466 4012 3566 4052 non
3591 3992 3678 4046 ha-

2108 4113 2255 4170 bebit
2280 4111 2334 4166 in
2356 4110 2482 4175 ﬁne,
2506 4107 2629 4178 quia
2652 4119 2759 4160 non
2779 4118 2842 4158 ea
2860 4102 2997 4157 bene
3017 4098 3185 4153 utitur
3203 4102 3333 4149 ante
3354 4094 3530 4147 ﬁnem.
3549 4087 3677 4141 lianc

2108 4216 2286 4261 autem
2334 4213 2392 4258 ut
2435 4199 2647 4256 interim
2686 4196 2881 4251 habeat
2922 4193 2974 4247 in
3005 4190 3109 4244 hac
3134 4188 3264 4254 vita,
3289 4193 3473 4241 nostra
3496 4182 3516 4213 ²
3538 4178 3675 4234 etiam

2110 4300 2330 4353 interest
2371 4314 2384 4348 :
2431 4292 2683 4364 quoniam
2735 4285 2986 4359 quamdiu
3033 4280 3313 4352 permixta:
3360 4283 3485 4332 sunt
3528 4268 3676 4326 amba

2108 4391 2349 4447 civitates
2374 4428 2391 4456 ,
2423 4386 2618 4440 utimur
2642 4392 2696 4437 et
2730 4394 2828 4435 nos
2876 4390 3004 4447 pace
3040 4372 3328 4444 Babylonis
3358 4386 3371 4422 :
3398 4383 3465 4423 ex
3498 4378 3593 4436 qua
3615 4361 3676 4415 ita

2108 4500 2204 4556 per
2227 4483 2385 4537 ﬁdem
2417 4478 2647 4551 populus
2677 4474 2770 4529 Dei
2798 4473 3093 4533 liberatur,
3120 4475 3180 4521 ut
3212 4463 3355 4535 apud
3387 4463 3521 4516 hanc
3560 4458 3673 4511 inte-

2110 4550 2209 4632 rint
2253 4574 2642 4645 peregrinetur.
2673 4569 2898 4637 Propter
2922 4561 3066 4634 quod
3098 4568 3153 4616 et
3190 4555 3482 4629 Apostolus
3518 4550 3673 4606 admo-

2110 4669 2227 4725 nuit
2251 4640 2567 4727 Ecclesiam,
2593 4670 2651 4717 ut
2678 4667 2855 4716 oraret
2881 4670 2978 4726 pro
3002 4653 3218 4723 regibus
3247 4651 3367 4719 ejus
3392 4657 3547 4716 atque
3572 4640 3673 4697 sub-

2112 4761 2331 4816 limibus
2352 4801 2367 4825 ,
2408 4755 2609 4811 addens
2650 4760 2706 4808 et
2729 4752 2911 4805 dicens
2930 4791 2945 4815 ,
2984 4758 3038 4799 ut
3065 4745 3285 4813 quietam
3307 4750 3354 4795 et
3381 4735 3671 4809 tranquillam

2112 4854 2265 4908 vitam
2293 4864 2506 4921 agamus
2534 4862 2650 4899 cum
2675 4843 2811 4898 omni
2841 4841 3026 4910 pietate
3041 4846 3089 4890 et
3113 4829 3401 4888 charitate'
3420 4831 3463 4902 (ι
3489 4826 3604 4882 Tun.
3624 4836 3669 4888 tt,

2112 4946 2213 5016 2).
2247 4912 2350 5000 Et'
2371 4940 2627 5013 propheta
2674 4933 2931 4991 Jeremias
2977 4943 3100 4985 cum
3151 4924 3352 4996 populo
3394 4921 3484 4977 Dei
3530 4912 3669 4972 veteri

2112 5051 2391 5097 venturam
2419 5036 2439 5067 δ
2471 5009 2853 5104 praenuntiaret
2896 5022 3260 5092 captivitatem
3286 5058 3303 5083 ,
3350 5024 3406 5073 et
3449 5009 3667 5069 divinitus

2116 5134 2405 5203 imperaret
2430 5136 2488 5181 ut
2515 5122 2827 5179 obedienter
2850 5116 2903 5172 in
2925 5111 3272 5184 Babyloniam
3293 5108 3448 5171 irent,
3476 5104 3575 5158 Deo
3592 5107 3668 5151 suo

2117 5201 2276 5283 etiam
2296 5222 2398 5279 ista
2418 5215 2672 5291 patientia
2691 5210 3009 5274 servientes,
3026 5203 3235 5260 monuit
3248 5210 3302 5257 et
3320 5201 3433 5271 ipse
3449 5203 3666 5252 morare

2143 5466 2156 5479 .
2183 5405 2202 5437 ί
2377 5398 2529 5450 editio
2567 5402 2676 5445 Lov.
2700 5396 2746 5444 et
2788 5386 2899 5440 ideo
2919 5396 3015 5436 non
3033 5381 3249 5442 uirtutes,
3273 5376 3479 5433 virtutes,
3516 5367 3593 5419 sed
3611 5360 3663 5413 εἰ·

2114 5472 2219 5527 tia,
2248 5472 2345 5515 etc.

2114 5580 2121 5583 Α
2183 5528 2542 5587 'uss.,nostrt.

2184 5575 2410 5657 ιίῐέέῐιιξ
2439 5592 2544 5657 ns,
2589 5575 2889 5657 inpunitate
2934 5585 2954 5625 :

2096 5692 2099 5705 ς
2129 5648 2356 5715 gt-mcum,
2382 5648 2463 5699 kai
2486 5648 2748 5696 semnoteti.

2183 5714 2397 5784 tuest.
2421 5713 2685 5784 ιξεηςίιςιξειν
2700 5705 2764 5784 is
2782 5693 3274 5784 cessemus.

2191 5737 2406 5842 una:
2423 5737 2685 5825 satis:
2701 5737 3278 5828 fatigatam...
3296 5750 3375 5806 lib.
3402 5745 3469 5810 ιι,
3491 5756 3535 5797 η.
3552 5737 3601 5794 ε.
3644 5788 3695 5838 κ

2995 5572 3136 5636 juxta
3173 5565 3416 5629 vulgatam
3449 5565 3497 5609 et
3548 5554 3665 5615 iuxtl

2448 5929 2494 5943 δὴ..
