3896 6382
431 465 587 520 fidem
607 503 622 534 ,
670 475 786 533 quae
831 459 1010 516 fallere
1044 471 1148 522 non
1178 468 1368 530 potest.
1400 459 1548 528 Quod
1579 459 1663 514 cui
1693 457 1900 514 videtur
1925 457 2006 511 in-

425 555 682 613 credibile
703 597 718 622 ,
745 554 912 625 qualis
938 567 1076 607 nunc
1101 552 1167 606 sit
1193 566 1318 607 caro
1342 551 1599 614 attendit,
1631 551 1801 622 qualis
1828 560 2007 606 autem

428 648 605 704 futura
629 646 698 701 sit
725 661 828 700 non
860 644 1160 700 considerat
1189 661 1203 698 :
1230 645 1353 714 quia
1381 643 1472 698 illo
1499 651 1740 714 tempore
1767 643 2012 698 immuta-

428 739 590 795 tionis
617 738 869 809 angelicae
897 753 1000 792 non
1018 737 1127 807 jam
1149 752 1275 791 caro
1299 737 1400 792 erit
1426 745 1476 791 ct
1499 737 1712 808 sanguis
1734 779 1748 806 ,
1773 739 1865 793 scd
1891 747 2011 792 tan-

431 839 543 886 tum
586 845 800 900 corpus.
836 829 968 884 Cum
994 830 1135 885 enim
1163 828 1230 884 de
1260 844 1420 884 carne
1448 831 1734 899 Apostolus
1763 830 2010 901 loquere-

427 929 518 977 tur
538 961 556 988 ,
601 920 716 974 Alia
734 963 748 987 ,
791 921 991 992 inquit,
1021 937 1138 975 caro
1169 937 1437 991 pecorum,
1465 921 1568 974 alia
1596 921 1883 987 volucrum,
1909 922 2013 976 alia

427 1013 644 1085 piscium
664 1054 678 1078 ,
723 1010 826 1066 alia
865 1022 1194 1082 serpentum;
1221 1022 1266 1066 et
1293 1030 1506 1084 corpora
1535 1014 1752 1068 ccclestia
1774 1055 1788 1080 ,
1819 1024 1865 1070 et
1895 1031 2012 1069 cor-

428 1120 555 1176 pora
596 1103 866 1158 terrestria.
896 1103 1012 1157 Non
1041 1105 1178 1158 enim
1209 1103 1369 1167 dixit,
1400 1113 1454 1159 et
1479 1120 1604 1159 caro
1626 1106 1860 1161 caelestis
1886 1122 1899 1172 ;
1928 1106 2012 1162 di-

429 1196 508 1249 xit
553 1204 730 1250 autem
763 1235 777 1257 ,
823 1204 870 1249 et
913 1196 1128 1250 cmlestia
1168 1205 1214 1249 et
1257 1199 1506 1250 terrestria
1549 1214 1780 1268 corpora.
1830 1199 2015 1254 Omnis

430 1285 575 1340 enim
603 1301 727 1340 caro
756 1287 912 1340 etiam
944 1302 1137 1356 corpus
1164 1297 1274 1354 est,
1306 1303 1409 1343 non
1431 1298 1610 1345 autem
1637 1306 1794 1345 omne
1820 1305 2014 1362 corpus

433 1377 598 1432 etiam
625 1393 750 1432 caro
780 1387 861 1432 est
891 1396 905 1432 :
938 1379 1109 1448 primo
1139 1380 1189 1433 in
1219 1380 1333 1434 istis
1364 1381 1730 1448 terrestribus,
1765 1384 2014 1452 quoniam

433 1467 634 1539 lignum
682 1483 876 1538 corpus
917 1477 1031 1537 est,
1078 1470 1173 1528 sed
1215 1486 1319 1526 non
1363 1487 1486 1527 caro
1524 1489 1537 1526 :
1580 1471 1811 1529 hominis
1838 1483 2016 1530 autem

430 1562 515 1618 vel
557 1563 762 1632 pecoris
793 1572 844 1616 et
874 1577 1066 1633 corpus
1091 1573 1145 1618 et
1173 1578 1296 1620 caro
1324 1574 1405 1619 est
1435 1584 1447 1621 :
1480 1567 1532 1620 in
1559 1567 1864 1623 coelestibus
1891 1583 2016 1624 vero

432 1653 581 1709 nulla
611 1669 736 1709 caro
757 1697 770 1718 ,
803 1655 897 1710 sed
924 1671 1144 1726 corpora
1172 1657 1431 1728 simplicia
1460 1667 1511 1713 et
1542 1659 1744 1728 lucida,
1773 1675 1890 1732 qua:
1918 1676 2016 1731 ap-

433 1744 594 1816 pellat
635 1746 919 1815 Apostolus
961 1747 1289 1815 Spiritualia;
1331 1750 1570 1804 nonnulli
1613 1761 1787 1807 autem
1829 1764 2019 1810 vocant

433 1835 684 1891 aetherca.
721 1835 787 1890 Et
818 1837 938 1892 ideo
969 1854 1074 1893 non
1105 1840 1280 1894 carnis
1307 1843 1683 1897 rcsurrectioni
1705 1845 2020 1900 contradicit

433 1925 562 1982 illud
589 1927 728 1997 quod
755 1928 858 1993 ait,
887 1929 1016 1983 Caro
1036 1939 1082 1982 et
1107 1931 1312 2001 sanguis
1332 1948 1537 2002 regnum
1562 1932 1656 1986 Dei
1672 1949 1770 1988 nou
1792 1936 2018 2006 posside-

434 2017 599 2082 bunt;
639 2018 732 2073 sed
777 2019 932 2089 quale
972 2019 1205 2076 futurum
1244 2023 1311 2076 sit
1336 2023 1476 2093 quod
1506 2040 1647 2080 nunc
1673 2040 1796 2080 caro
1819 2036 1873 2082 et
1893 2043 2020 2084 san-

432 2109 551 2180 guis
593 2119 710 2176 est,
759 2110 1010 2180 prmtlicat
1053 2112 1149 2184 (α).
1194 2113 1248 2167 ln
1281 2116 1486 2184 qualem
1515 2126 1754 2172 naturam
1783 2120 2021 2190 quisquis

435 2199 574 2256 hanc
597 2215 811 2257 carnem
839 2204 1077 2258 converti
1108 2218 1264 2274 posse
1290 2221 1394 2260 non
1425 2207 1594 2262 credit
1613 2249 1628 2276 ,
1657 2209 1908 2280 gradibus
1925 2212 2024 2267 du-

432 2300 636 2356 cendus
678 2311 761 2357 est
805 2301 872 2357 ad
914 2302 1091 2359 fidem.
1135 2304 1190 2360 Si
1229 2306 1369 2360 enim
1411 2307 1476 2362 ab
1515 2323 1581 2363 eo
1609 2325 1818 2379 quaeras
1844 2321 2019 2368 utrum

432 2398 578 2448 terra
619 2393 670 2448 in
714 2409 902 2463 aquam
944 2397 1112 2465 possit
1145 2397 1382 2450 converti
1408 2414 1421 2462 ;
1452 2409 1671 2468 propter
1696 2401 2020 2460 vicinitatem

435 2498 541 2539 non
583 2485 631 2539 ci
675 2485 880 2540 videtur
912 2485 1240 2542 incredibile.
1273 2487 1502 2544 Rursum
1532 2491 1575 2545 si
1605 2507 1814 2562 quaeras
1845 2502 2020 2550 utrum

436 2589 573 2646 aqua
615 2577 782 2647 possit
817 2578 870 2631 in
896 2592 1076 2633 aerem
1101 2596 1116 2645 ;
1147 2594 1316 2650 neque
1345 2581 1443 2637 hoc
1468 2583 1758 2642 absurdum
1784 2601 1902 2643 esse
1929 2605 2018 2644 re-

438 2667 667 2738 spondet
692 2684 707 2734 ;
739 2669 909 2725 vicina
936 2672 1076 2726 enim
1104 2682 1225 2728 sunt
1249 2674 1369 2731 sibi.
1404 2677 1465 2732 Et
1494 2676 1561 2734 dc
1589 2692 1714 2736 aere
1739 2681 1784 2738 si
1810 2697 2021 2754 quaera-

500 2782 575 2846 (a)
608 2788 850 2835 tnetract.
877 2797 982 2848 cap.
1005 2786 1083 2836 17.
1162 2839 1164 2842 ,
1203 2827 1213 2836 .

1280 361 1651 422 ADMONITIO
1693 362 1757 420 lN
1803 359 2059 420 LIBRUM
2107 359 2195 426 ΩΕ
2234 355 2389 426 FIDE
2428 358 2517 418 ET
2545 359 2904 422 OPERIBUS.

3563 360 3661 428 I96

2117 463 2202 509 tur
2223 463 2397 511 utrum
2421 456 2470 510 in
2498 457 2784 514 :ethereum
2811 472 3002 530 corpus
3021 499 3039 530 ,
3065 455 3120 514 id
3137 466 3224 526 est
3239 501 3254 530 ,
3274 464 3486 540 equeste
3500 461 3666 542 possit

2117 546 2343 613 mutari;
2381 545 2490 618 jam
2520 547 2632 619 ipsa
2657 549 2898 606 vicinitas
2926 551 3226 624 persuadet.
3258 550 3406 622 Quod
3428 566 3553 624 ergo
3578 568 3668 626 per

2118 637 2215 696 hos
2253 640 2447 712 gradus
2485 641 2599 698 ﬁeri
2639 657 2795 714 posse
2828 644 3108 710 concedit,
3147 651 3205 700 ut
3236 653 3374 702 terra
3409 645 3460 700 in
3491 662 3672 719 corpus

2119 730 2406 786 tethcreum
2432 742 2770 790 convertatur
2792 776 2809 803 ,
2835 750 2930 791 cur
2953 751 3059 792 non
3079 735 3364 794 accedente
3383 737 3476 795 Dei
3495 741 3672 797 volun-

2123 833 2227 881 tate
2246 866 2261 893 ,
2293 841 2392 896 qua
2423 841 2614 898 corpus
2644 828 2928 883 humanum
2951 843 3109 900 supra
3133 845 3295 902 aquas
3314 830 3481 901 potuit
3504 832 3674 888 ambuo

2120 915 2232 972 lare
2250 959 2265 985 ,
2293 917 2571 974 celerrime
2598 917 2648 974 id
2672 919 2783 974 fieri
2811 934 2966 996 posse
2986 961 2999 988 ,
3024 920 3469 992 quemadmodum
3489 922 3676 980 dictum

2120 1018 2234 1074 est,
2279 1009 2330 1063 in
2366 1009 2467 1064 ictu
2492 1011 2658 1079 oculi,
2691 1012 2805 1067 sine
2835 1012 2955 1067 ullis
2983 1013 3178 1069 talibus
3207 1013 3455 1086 gradibus
3483 1014 3672 1084 credit,

2121 1101 2256 1155 sicut
2299 1101 2608 1174 plerumque
2652 1102 2828 1160 fumus
2874 1105 2926 1159 in
2964 1105 3228 1161 flammam
3265 1107 3397 1162 mira
3424 1107 3680 1164 celeritate

2118 1192 2490 1246 convertitur?
2537 1192 2674 1249 Caro
2713 1194 2853 1250 enim
2894 1203 3072 1251 nostra
3099 1197 3278 1267 utique
3307 1212 3372 1253 cx
3397 1205 3537 1252 terra
3563 1205 3638 1252 est
3665 1213 3677 1253 :

2122 1284 2422 1356 philosophi
2460 1295 2669 1354 autem,
2701 1302 2925 1358 quorum
2955 1289 3278 1360 argumentis
3300 1289 3493 1360 smpius
3516 1305 3683 1346 resur-

2121 1375 2346 1431 rectioni
2397 1377 2572 1432 carnis
2627 1377 2923 1446 resistitur,
2975 1379 3168 1450 quibus
3213 1389 3458 1437 asserunt
3498 1381 3685 1438 nullum

2123 1481 2241 1524 csse
2285 1482 2442 1539 posse
2487 1476 2752 1524 terrenum
2783 1485 2973 1541 corpus
3000 1471 3050 1525 in
3082 1471 3219 1526 coelo
3241 1511 3255 1536 ,
3283 1470 3555 1542 quodlibet
3575 1487 3686 1527 coro

2124 1572 2222 1628 pus
2259 1558 2312 1614 in
2359 1573 2516 1616 omne
2539 1574 2731 1630 corpus
2757 1562 2993 1618 converti
3023 1571 3075 1617 et
3103 1561 3294 1617 mutari
3323 1576 3486 1632 posse
3512 1577 3690 1620 ceuce-

2123 1647 2274 1704 dunt.
2312 1649 2423 1718 Qua
2451 1652 2689 1721 corporis
2727 1652 3117 1709 resurrectione
3152 1652 3289 1708 facta
3313 1693 3329 1718 ,
3371 1667 3402 1708 a
3443 1653 3688 1724 temporis

2124 1741 2430 1798 conditione
2474 1742 2714 1810 liberati,
2763 1754 2958 1800 :etcrna
3003 1747 3109 1801 vita
3155 1744 3404 1802 inellabili
3445 1745 3690 1820 charitate

2125 1842 2287 1904 atque
2316 1833 2600 1889 stabilitate
2627 1835 2742 1892 sine
2763 1837 3104 1907 corruptione
3135 1837 3467 1908 perlruemur
3493 1839 3530 1890 ¹.
3558 1837 3691 1894 Tunc

2123 1925 2268 1982 enim
2319 1927 2407 1982 [iet
2447 1926 2574 1981 illud
2606 1928 2744 1998 quod
2771 1929 3026 1999 scriptum
3051 1939 3134 1984 est.
3161 1946 3174 1983 :
3204 1929 3450 2001 Absorpta
3482 1938 3552 1984 est
3576 1946 3693 1984 mors

2126 2015 2178 2069 in
2223 2017 2499 2071 victoriam.
2552 2015 2650 2072 Ubi
2690 2026 2798 2087 est,
2843 2035 3012 2084 mors,
3054 2018 3261 2074 aculeus
3299 2019 3456 2074 tuus?
3489 2019 3569 2074 ubi
3593 2029 3690 2086 est,

2125 2124 2293 2177 mors,
2321 2109 2568 2164 contentio
2596 2118 2681 2164 tua
2711 2110 2751 2183 (Ι
2782 2109 2900 2166 Cor.
2934 2127 3023 2177 xv,
3053 2112 3155 2181 39,
3184 2112 3280 2179 40,
3309 2113 3542 2184 50-54Γὲ

2198 2219 2288 2276 25.
2338 2220 2461 2277 Haec
2503 2229 2585 2276 est
2626 2221 2759 2278 fides
2802 2238 2918 2292 qua:
2955 2223 3137 2293 paucis
3182 2223 3358 2280 verbis
3395 2223 3620 2280 tenenda
3648 2225 3694 2282 in

2127 2312 2378 2384 Symbolo
2419 2313 2640 2368 novellis
2674 2313 2975 2371 christianis
3003 2315 3175 2370 datur.
3204 2314 3331 2384 Quae
3358 2329 3526 2386 pauca
3550 2314 3695 2371 verba

2131 2403 2372 2459 fidelibus
2413 2413 2536 2460 nota
2581 2415 2731 2473 sunt,
2778 2415 2834 2462 ut
2871 2407 3139 2464 credendo
3176 2407 3525 2478 subjugentur
3568 2407 3694 2472 Deo,

2129 2495 2390 2566 subjugati
2431 2506 2575 2552 recte
2612 2499 2826 2566 vivant,
2871 2508 3014 2556 recte
3039 2500 3264 2555 vivendo
3289 2514 3380 2556 cor
3405 2499 3658 2556 mundcnt
3679 2539 3694 2566 ,

2128 2586 2289 2644 corde
2314 2587 2567 2644 mundata
2590 2589 2730 2661 quod
2757 2589 2978 2646 credunt
3005 2591 3316 2661 intelligant.

2194 2743 2212 2773 ι
2249 2738 2435 2806 Aliquot
2465 2746 2806 2806 tiss.._co_rpus
2849 2756 2879 2806 _a
2901 2744 3126 2806 temporis
3158 2742 3424 2795 conditione
3457 2739 3696 2794 liberm

2129 2807 2311 2870 αξιοι-ηιξ
2336 2801 2438 2855 'uita
2457 2801 2688 2867 iuelfabiti
2717 2801 2954 2858 charitate
2986 2801 3279 2870 perfruetur.

1375 3249 1456 3312 IN
1497 3251 1798 3318 LIBRUM
1838 3255 1944 3317 DE
1987 3257 2172 3319 FIDE
2217 3259 2318 3320 ET
2362 3259 2766 3324 OPERIBUS.

1861 3397 2264 3436 Μουσου-

512 3487 593 3545 Ad
621 3488 827 3546 initium
853 3492 976 3548 anni
1001 3493 1108 3549 M5
1131 3491 1440 3551 referendus
1469 3505 1552 3550 est
1578 3497 1676 3551 iste
1700 3496 1852 3552 liber.
1886 3497 1942 3552 In
1973 3514 2038 3553 eo
2065 3500 2204 3554 enim
2238 3501 2558 3571 Augustinus
2588 3501 2781 3558 librum
2818 3504 2884 3560 de
2919 3502 3118 3576 Spiritu
3143 3513 3197 3561 et
3222 3503 3444 3574 Littera,
3471 3507 3564 3578 qui
3595 3503 3686 3564 sub

435 3585 565 3638 anni
591 3583 696 3638 412
723 3584 880 3638 linem
909 3585 1125 3656 prodiit,
1157 3602 1187 3639 a
1218 3602 1276 3640 se
1307 3586 1462 3655 paulo
1489 3596 1612 3640 ante
1658 3589 1912 3658 scriptum
1940 3601 2323 3646 commemorat
2360 3595 2530 3664 capite
2559 3596 2624 3650 M
2656 3612 2672 3650 :
2711 3595 2893 3667 Modo,
2925 3599 3033 3666 ait,
3064 3599 3128 3655 de
3165 3600 3258 3652 hac
3285 3601 3560 3672 quaestione
3584 3615 3697 3672 pra-

436 3677 600 3733 lixum
623 3676 806 3729 librum
835 3677 989 3742 edidi,
1029 3679 1114 3746 qui
1139 3678 1445 3744 inscribitur,
1485 3678 1548 3731 de
1576 3678 1767 3733 Littera
1804 3690 1851 3733 et
1899 3681 2120 3752 Spiritu.
2154 3683 2440 3757 Propterea
2489 3688 2543 3742 in
2580 3687 2814 3745 Retract.
2861 3691 2896 3744 2
2939 3693 3203 3748 recensita
3245 3695 3434 3752 eodem
3474 3694 3612 3752 libro
3636 3690 3697 3750 de

433 3766 638 3839 Spiritu
671 3775 725 3822 et
754 3766 978 3832 Littera,
1023 3782 1148 3821 mox
1175 3768 1228 3820 in
1267 3783 1388 3822 cum
1420 3765 1506 3838 qui
1538 3768 1604 3824 de
1631 3770 1760 3825 Fide
1797 3780 1850 3825 et
1876 3772 2137 3842 Operibus
2165 3785 2275 3842 est,
2317 3778 2748 3836 rctractationem
2789 3781 3016 3852 subjecit
3049 3783 3102 3837 in
3133 3782 3248 3839 hate
3267 3785 3428 3841 verba
3459 3803 3475 3842 :
3501 3785 3701 3842 Interea

433 3860 588 3916 missa
611 3868 726 3914 sunt
749 3859 870 3913 mihi
898 3877 930 3912 a
958 3860 1257 3930 quibusdam
1282 3861 1612 3929 fratribus....
1643 3864 1830 3933 scripta
1859 3867 2108 3920 nonnulla
2137 3882 2156 3921 .°
2186 3881 2248 3924 ca
2280 3869 2527 3925 nimirum
2554 3887 2671 3942 qua:
2703 3871 2996 3930 refellenda
3022 3874 3108 3931 hic
3141 3875 3396 3946 suscepit.

506 3951 714 4024 Scripta
740 3966 866 4008 vero
892 3953 979 4007 illa
1010 3952 1247 4007 eruditus
1274 3952 1562 4010 Garnerius
1591 3956 1642 4010 in
1670 3957 1896 4027 append.
1935 3957 2000 4014 ad
2035 3959 2060 4012 1
2092 3969 2236 4030 part.
2266 3960 2429 4032 Oper.
2471 3963 2541 4019 M.
2572 3964 2897 4034 Mercatoris,
2943 3982 3062 4039 pag.
3110 3968 3231 4036 117,
3261 3975 3446 4024 censet
3471 3982 3583 4026 non
3608 3968 3701 4026 alia

435 4045 622 4114 fuisse,
653 4061 812 4118 quam
841 4062 960 4118 quae
1000 4045 1351 4116 Hieronymus
1381 4045 1490 4102 sive
1521 4048 1572 4103 in
1603 4047 1791 4104 Isaiam
1817 4049 1998 4118 edidit,
2031 4051 2151 4108 sive
2177 4052 2229 4107 in
2259 4053 2522 4124 Epistolas
2553 4056 2730 4124 Pauli;
2761 4067 2814 4113 et
2849 4067 3088 4131 sumptas
3117 4059 3183 4115 ab
3210 4059 3534 4131 Ilieronymo
3561 4061 3700 4117 arbi-

435 4146 605 4195 tratur
632 4137 952 4210 quiestiones
990 4137 1107 4192 illas
1146 4145 1272 4204 tres,
1297 4152 1430 4208 quas
1467 4138 1555 4194 hic
1595 4141 1940 4213 Augustinus,
1973 4142 2133 4198 tacito
2156 4145 2403 4212 nomine,
2433 4163 2539 4218 pra:
2565 4150 2857 4217 reverentia,
2888 4150 3075 4221 inquit,
3115 4152 3238 4206 tanti
3277 4151 3399 4220 viri,
3432 4161 3626 4208 tractat
3651 4159 3700 4206 et

437 4229 648 4286 refellit.
674 4229 986 4300 Opinionem
1025 4228 1162 4284 hanc
1186 4243 1283 4284 nos
1307 4229 1624 4288 confirmare
1653 4246 1759 4287 non
1794 4233 2069 4289 audemus.
2116 4233 2248 4290 Nam
2284 4237 2427 4307 quod
2471 4247 2676 4309 spectat
2704 4241 3054 4310 quzestionem
3091 4242 3338 4313 primam,
3369 4258 3488 4315 quae
3525 4251 3610 4300 cst
3642 4241 3701 4318 de

419 4325 684 4400 omnibus
709 4325 842 4380 citra
882 4324 1170 4381 discrimen
1209 4323 1550 4381 admittendis
1581 4324 1647 4380 ad
1679 4327 2024 4397 Baptismum,
2056 4327 2128 4383 ita
2155 4338 2212 4384 ut
2239 4327 2466 4387 adulteri
2505 4347 2603 4388 nec
2636 4332 2735 4404 ipsi
2770 4335 3094 4406 repellantur
3130 4337 3240 4391 noti
3273 4351 3336 4392 ac
3385 4337 3700 4408 pertinaces:

436 4425 528 4498 qui
557 4426 717 4480 vitam
766 4433 972 4480 mutare
1016 4423 1233 4490 nolunt,
1268 4421 1400 4476 nihil
1447 4422 1500 4476 in
1535 4421 1862 4495 llieronymo
1903 4433 2318 4481 consentaneum
2369 4424 2489 4481 huic
2532 4428 2702 4482 errori
2751 4427 3073 4485 deteximus.
3126 4429 3208 4485 Ad
3255 4430 3544 4486 secundam
3582 4445 3701 4487 vero

436 4521 807 4588 quaestionem,
835 4533 938 4590 qua
980 4531 1293 4588 perversum
1324 4529 1385 4570 ac
1415 4525 1796 4587 prceposterum
1841 4516 2136 4584 dicebatur,
2175 4519 2320 4588 prius
2349 4535 2557 4575 morum
2594 4519 3012 4578 Christianorum
3041 4523 3339 4580 doctrinam
3379 4525 3614 4591 tradere,
3643 4539 3702 4580 ac

437 4608 629 4666 deinde
654 4612 956 4681 baptizare;
987 4609 1038 4664 id
1080 4616 1261 4680 posset
1306 4606 1460 4662 facile
1502 4607 1739 4678 pertrahi
1769 4608 1909 4677 quod
1952 4608 2304 4680 Hieronymus
2348 4612 2401 4667 in
2440 4612 2627 4667 Matth.
2672 4628 2789 4684 cap.
2833 4614 2902 4671 28
2937 4617 3149 4687 scripsit
3187 4635 3199 4670 :
3245 4616 3382 4672 Ordo
3421 4619 3699 4690 praecipuus

431 4703 586 4774 jussit
635 4702 890 4772 Apostolis
935 4709 990 4753 ut
1042 4701 1262 4768 primunt
1309 4697 1541 4750 docerent
1582 4697 1840 4752 universas
1893 4709 2081 4770 gentes,
2136 4701 2316 4754 deinde
2342 4702 2461 4772 ﬁdei
2489 4703 2788 4774 intingerent
2835 4715 3172 4775 sacramento,
3203 4716 3249 4762 et
3294 4718 3407 4779 post
3448 4711 3601 4779 [idem
3645 4723 3701 4759 ac

439 4792 718 4866 Baptisma,
758 4807 871 4864 qua:
903 4801 1064 4846 essent
1107 4788 1416 4844 observanda
1459 4789 1804 4859 praeciperent.
1853 4790 2165 4862 Quanquam
2209 4791 2345 4849 forte
2382 4795 2498 4864 pius
2533 4795 2794 4866 interpres
2827 4797 3046 4854 minime
3085 4799 3304 4856 curabat
3345 4817 3411 4857 ne
3439 4801 3700 4874 Baptismo

438 4887 865 4963 przeinitteretur,
895 4882 988 4939 sed
1021 4891 1223 4938 tantum
1251 4897 1318 4936 ne
1355 4882 1571 4936 omnino
1600 4884 2094 4952 prietermitteretur
2119 4900 2324 4940 morum
2352 4885 2611 4954 doctrina,
2642 4888 2896 4946 tradenda
2921 4899 3068 4948 certe
3093 4893 3173 4948 vel
3203 4901 3323 4964 post
3358 4893 3694 4965 Baptismum,

437 4990 493 5038 et
517 4978 793 5050 baptizatis
826 4977 1176 5034 observanda.
1211 4976 1314 5031 Pro
1354 4976 1507 5032 tertia
1535 4976 1746 5031 domum
1773 4978 2088 5048 quaestione,
2133 4994 2251 5050 quae
2282 4980 2375 5036 fuit
2412 4980 2478 5036 de
2522 4981 2828 5060 baptizatis,
2867 4985 3073 5042 etiamsi
3117 5001 3295 5044 mores
3320 4988 3698 5058 quantumlibet

441 5072 708 5145 improbos
746 5069 1030 5127 emendare
1075 5069 1363 5134 noluerint,
1411 5083 1505 5139 per
1548 5069 1706 5125 fidem
1745 5069 2031 5138 salvandis,
2076 5070 2338 5142 profertur
2386 5071 2513 5128 illud
2547 5089 2613 5129 ex
2649 5074 2762 5145 ejus
2803 5074 3013 5149 dialogo
3050 5078 3075 5132 1
3123 5078 3378 5135 adversus
3411 5079 3612 5152 Pclag.:
3641 5079 3697 5142 Si

445 5166 684 5237 Origenes
717 5179 887 5220 omnes
916 5161 1238 5216 rationabiles
1268 5171 1524 5217 creaturas
1560 5162 1679 5216 dicit
1708 5179 1807 5217 non
1837 5179 1942 5220 esse
1981 5164 2282 5234 perdendus,
2318 5175 2365 5221 et
2405 5166 2606 5222 diabolo
2634 5169 2803 5224 tribuit
2832 5171 3208 5242 paenitentiam;
3235 5174 3356 5242 quid
3386 5174 3455 5229 ad
3481 5191 3591 5241 nos,
3618 5175 3696 5248 qui

442 5268 489 5330 et
518 5257 773 5313 diabolum
800 5264 846 5311 et
889 5254 1129 5311 satellites
1154 5255 1264 5325 ejus
1293 5271 1560 5326 omnesque
1603 5255 1784 5326 impios
1833 5265 1880 5310 et
1929 5258 2333 5326 prtevaricatores
2375 5258 2586 5316 dicimus
2629 5263 2792 5332 perire
2833 5274 3094 5336 perpetuo,
3129 5275 3176 5320 et
3206 5267 3536 5335 Christianos,
3571 5269 3616 5323 si
3647 5268 3693 5324 in

439 5327 643 5425 peccato
670 5349 905 5422 praventi
941 5349 1147 5420 fuerint,
1188 5346 1456 5402 salvandos
1483 5364 1590 5402 esse
1618 5357 1726 5418 post
1755 5364 1926 5418 poenas
1945 5350 1970 5402 ?
1993 5350 2060 5403 Et
2081 5364 2144 5404 ex
2170 5347 2578 5407 Commentariis
2609 5327 2661 5408 in
2691 5353 2813 5410 Isai.
2833 5327 2968 5421 ὐιι’.,
3007 5327 3153 5413 Sicut
3192 5358 3380 5414 diaboli
3403 5367 3449 5414 et
3479 5327 3694 5414 omnium

439 5454 733 5518 negatorunt
765 5453 912 5514 atque
939 5439 1230 5512 impiorum,
1260 5439 1342 5510 qui
1373 5440 1607 5494 dixerunt
1635 5439 1686 5493 in
1718 5440 1868 5494 corde
1887 5457 1998 5506 suo,
2029 5439 2144 5496 Non
2171 5449 2251 5496 est
2279 5441 2416 5499 Deus
2447 5441 2616 5514 (Psal.
2657 5461 2778 5513 χιιι,
2812 5446 2887 5520 1),
2928 5449 3176 5506 credimus
3214 5462 3399 5506 (eterna
3423 5459 3695 5514 tormenta;

437 5527 844 5610 sic'peccatorum
860 5543 1004 5604 atque
1022 5533 1313 5604 impiorum,
1337 5541 1382 5586 et
1403 5542 1565 5586 tamen
1588 5533 1993 5596 cliristianorum,
2011 5549 2222 5604 quorum
2240 5550 2391 5604 opera
2403 5535 2454 5590 in
2474 5537 2587 5608 igne
2601 5539 2862 5609 probanda
2875 5548 3022 5612 atque
3037 5545 3300 5615 purganda
3317 5553 3452 5612 sunt,
3472 5543 3694 5606 modem-

442 5642 546 5691 tam
571 5634 871 5692 arbitramur
898 5638 943 5686 et
987 5629 1195 5683 mixtam
1223 5627 1497 5682 clementia:
1516 5628 1809 5681 sententiam
1815 5627 2024 5698 judieis.
2055 5627 2178 5682 Haec
2206 5636 2380 5684 tamen
2407 5631 2636 5702 theologi
2665 5633 2780 5701 alii,
2803 5641 2857 5689 et
2896 5635 3087 5690 similia
3115 5638 3160 5693 si
3188 5653 3290 5708 qua
3319 5647 3443 5695 sunt
3466 5637 3602 5705 loca,
3631 5649 3695 5692 eo

437 5733 604 5798 pacto
625 5724 908 5795 explicant,
929 5709 997 5778 ut
1015 5721 1084 5778 ab
1111 5719 1201 5776 illo
1228 5733 1440 5785 errore,
1485 5719 1574 5788 qui
1597 5719 1822 5789 graviter
1851 5717 2030 5773 itidem
2069 5719 2122 5775 in
2154 5719 2481 5790 Enchiridio,
2527 5721 2768 5794 libroque
2807 5725 2874 5781 de
2901 5724 3125 5783 Civitate
3158 5730 3246 5785 Dei
3285 5732 3346 5786 2!
3379 5728 3690 5804 confutatur.

442 5813 730 5889 defendant
755 5818 1158 5898 Hieronymum.
1180 5812 1276 5873 Cui
1302 5828 1397 5868 nec
1427 5827 1520 5867 nos
1546 5821 1789 5883 putamus
1817 5811 2090 5872 tribuenda
2116 5813 2290 5871 omnia
2321 5822 2630 5884 argumenta
2656 5828 2772 5885 qua:
2798 5813 2854 5872 in
2877 5821 3122 5888 praesenti
3147 5837 3306 5894 opere
3326 5823 3614 5892 diluuntur,
3633 5827 3687 5880 at
