3826 6486
1811 416 1852 423 ...-

406 632 669 691 travenire
695 642 973 701 conantur,
1013 633 1082 690 ad
1122 634 1225 691 hoc
1266 641 1323 688 ut
1366 640 1459 687 aut
1497 632 1641 687 aliud
1684 631 1985 704 signiﬁcare

406 722 731 781 contendant
772 725 917 796 quod
951 724 1233 780 adhibetur
1271 724 1630 781 testimonium
1665 724 1732 779 de
1772 723 1992 780 Litteris

408 818 598 883 ﬂoris,
624 825 715 871 aut
734 817 955 872 omnino
975 816 1230 872 divinitus
1255 831 1374 872 esse
1398 816 1597 872 dictum
1618 825 1832 888 negent.
1858 816 1989 871 Nam

402 906 617 966 multum
644 911 900 967 existimo
931 921 1057 968 esse
1088 911 1414 978 mortalium,
1444 912 1535 983 qui
1562 926 1683 967 cum
1722 925 1818 979 ea,
1853 912 1993 967 sicut

400 1001 551 1057 dictaI
584 1014 727 1070 sunt,
769 996 1107 1069 intellexerit,
1139 1012 1193 1059 et
1217 1018 1246 1057 a
1275 1016 1484 1059 summe
1508 1018 1570 1059 ac
1598 1016 1725 1059 vero
1760 1004 1870 1059 Deo
1896 1017 1994 1075 per

401 1092 613 1150 ultimas
645 1104 854 1151 sanctas
892 1095 1031 1151 dicta
1068 1109 1186 1151 esse
1230 1096 1551 1162 crediderit,
1583 1108 1693 1151 non
1730 1096 1809 1151 eis
1842 1096 1997 1151 cedat

342 1224 343 1229 η
409 1194 573 1255 atque
594 1187 891 1241 consentiat
924 1204 938 1241 :
966 1188 1079 1243 sive
1108 1188 1161 1243 id
1182 1190 1343 1243 etiam
1366 1200 1460 1244 ore
1489 1188 1733 1255 fuscatur,
1764 1190 1877 1245 sive
1903 1189 1998 1244 ali-

410 1290 517 1347 quo
541 1278 672 1333 vitio
702 1279 850 1334 fateri
880 1280 1180 1346 erubescat,
1205 1287 1299 1334 aut
1321 1286 1555 1345 metuat;
1586 1281 1667 1335 vel
1688 1282 1847 1335 etiam
1872 1295 1993 1350 per-

411 1369 607 1423 vicacia
648 1362 917 1424 simillima
948 1370 1168 1425 insaniat
1186 1411 1201 1438 ,
1230 1370 1281 1423 id
1311 1369 1455 1440 quod
1482 1369 1673 1425 falsum
1696 1385 1814 1426 esse
1840 1371 1987 1425 novit

411 1469 500 1513 aut
525 1460 726 1525 credit,
758 1469 943 1515 contra
972 1461 1025 1516 id
1056 1462 1196 1532 quod
1225 1476 1421 1517 verum»
1440 1475 1559 1517 esse
1585 1463 1732 1518 novit
1766 1471 1859 1517 aut
1881 1475 1997 1517 cre-

411 1548 510 1616 dit,
533 1551 693 1604 etiam
717 1551 1205 1607 contentiosissiute
1232 1551 1522 1607 defendere
1550 1555 1815 1608 moliatur.

482 1641 537 1695 2.
577 1642 733 1710 Quod
768 1656 897 1715 ergo
941 1646 996 1698 in
1035 1646 1367 1700 confessione
1395 1661 1457 1699 ac
1486 1646 1821 1717 professione
1856 1656 1999 1704 tenet

413 1733 586 1789 omnis
620 1734 860 1790 Ecclesia
896 1736 991 1791 Dei
1020 1737 1154 1804 veri,
1183 1738 1449 1794 Christum
1470 1740 1535 1794 de
1561 1740 1700 1795 coelo
1723 1753 1843 1796 esse
1868 1756 1997 1797 ven-

414 1833 591 1880 turum
628 1826 699 1881 ad
728 1828 873 1883 vivos
912 1838 978 1885 ae
1019 1838 1259 1885 mortuos
1292 1832 1628 1901 jodicandos,
1659 1835 1797 1888 hunc
1833 1833 1997 1888 divini

412 1918 592 1988 judicii
632 1918 875 1975 ultimum
912 1920 1053 1977 diem
1092 1924 1351 1991 dicimus,
1392 1925 1444 1979 id
1498 1924 1602 1991 est,
1651 1927 1998 1982 novissinmm

412 2019 644 2081 tempus.
686 2012 819 2067 Nam
858 2025 952 2084 per
988 2027 1118 2085 quot
1156 2017 1272 2073 dies
1309 2017 1409 2073 hoc
1437 2018 1692 2089 judicium
1731 2020 1994 2089 tendatur,

416 2101 679 2158 incertum
727 2112 811 2160 est
854 2123 869 2159 :
909 2107 1005 2163 sed
1048 2106 1443 2178 Scripturamm
1491 2124 1641 2166 more
1684 2121 1995 2167 sanctarum

418 2195 560 2251 diem
588 2198 711 2265 poni
742 2198 915 2254 solere
940 2214 1037 2269 pro
1061 2210 1323 2270 tempore,
1356 2216 1515 2258 nemo
1541 2203 1631 2273 qui
1656 2204 1773 2259 illas
1794 2204 1998 2260 litteras

416 2289 707 2357 quamlibet
734 2290 1059 2359 negligenter
1078 2292 1282 2361 legerit,
1305 2294 1492 2349 nescit.
1522 2294 1645 2349 ldeo
1672 2302 1849 2349 autem
1876 2309 1998 2350 cum

416 2376 559 2433 diem
599 2378 781 2448 judicii
825 2381 914 2433 Dei
961 2381 1206 2447 dicimus,
1239 2383 1479 2439 addimus
1517 2386 1757 2439 ultimum
1788 2386 1865 2440 vel
1898 2400 1998 2440 no-

416 2467 722 2535 vissimum;
756 2470 876 2539 quia
910 2480 966 2525 et
1001 2487 1141 2526 nunc
1163 2472 1381 2543 judicat,
1410 2484 1466 2531 et
1500 2476 1567 2529 ab
1597 2477 1809 2530 humani
1838 2492 2000 2547 gene-

415 2561 495 2615 ris
533 2561 683 2615 initio
714 2562 989 2630 judicavit,
1015 2564 1287 2619 dimittens
1313 2566 1380 2619 de
1406 2567 1680 2635 paradiso,
1713 2578 1766 2624 et
1792 2584 1821 2622 a
1853 2569 1997 2638 ligno

414 2653 537 2708 vita:
573 2668 823 2723 separaris
858 2657 1056 2726 primos
1085 2659 1324 2715 homines
1362 2662 1561 2730 peccati
1598 2663 1774 2734 magni
1805 2678 1992 2733 perpe-

418 2753 646 2802 tratores
670 2763 683 2803 :
710 2748 817 2802 imo
853 2748 1012 2804 etiam
1047 2752 1258 2820 quando
1295 2755 1498 2824 angelis
1524 2756 1863 2824 peccantibus
1891 2770 1997 2813 non

418 2838 655 2907 pepercit
682 2838 759 2909 (ll
790 2839 931 2895 Petr.
954 2852 1011 2908 n,
1044 2844 1075 2897 4
1094 2844 1135 2913 ),
1163 2858 1388 2914 quorum
1419 2846 1664 2915 princeps
1695 2846 1936 2902 homines
1963 2862 1996 2902 a

415 2941 475 2983 se
498 2929 613 2999 ipso
634 2932 953 2987 subversus‘
984 2933 1267 2991 invidendo
1298 2938 1575 3002 subvertit,
1612 2940 1795 3008 procul
1837 2939 1997 2995 dubio

416 3020 686 3089 judicavit.
734 3023 841 3080 Nec
875 3026 989 3081 sine
1024 3028 1167 3083 lliius
1198 3029 1304 3083 alto
1326 3029 1577 3100 justoque
1600 3031 1818 3100 judicio,
1849 3041 1902 3087 et
1942 3034 1998 3088 in

416 3112 521 3169 hoc
544 3116 691 3169 aerio
714 3116 870 3185 cmlo,
892 3126 948 3173 et
975 3118 1027 3173 in
1050 3120 1226 3186 terris,
1246 3130 1301 3175 et
1318 3121 1619 3176 daemonum
1647 3132 1702 3179 et
1725 3122 1997 3179 hominum

419 3208 712 3263 miserrima
737 3218 817 3264 est
837 3210 965 3277 vita,
986 3213 1256 3268 erroribus
1284 3215 1638 3284 murrinisque
1668 3215 1992 3284 plenissima.

423 3297 616 3352 Verum
642 3300 738 3353 etsi
767 3314 925 3355 nemo
953 3312 1225 3371 peccasset
1242 3344 1256 3369 ,
1296 3318 1401 3358 non
1429 3305 1544 3359 sine
1571 3305 1713 3361 bono
1742 3314 1996 3376 rectoque

415 3389 614 3459 judicio
652 3392 951 3448 universam
983 3395 1295 3452 rationalem
1320 3409 1620 3453 creaturam
1649 3410 1995 3468 perseveran-

418 3482 620 3537 tissime
646 3484 743 3540 sibi
776 3485 997 3541 Domino
1036 3502 1134 3543 suo
1170 3490 1528 3545 cohaerentem
1558 3492 1611 3545 in
1638 3500 1838 3546 acterna
1869 3492 1997 3546 bea-

418 3570 642 3629 titudine
664 3577 931 3631 retineret.
960 3577 1169 3635 Judicat
1188 3581 1368 3645 etiam,
1392 3596 1497 3635 non
1522 3581 1693 3636 solum
1718 3582 1996 3636 universa-

419 3663 541 3719 liter
563 3665 632 3721 de
653 3682 847 3736 genere
875 3667 1177 3725 dremonum
1216 3680 1373 3741 atque
1410 3672 1705 3734 hominum,
1732 3682 1793 3727 ut
1816 3674 1998 3729 miseri

418 3755 527 3810 sint
573 3767 788 3827 propter
834 3760 1122 3827 pritnomm
1172 3762 1421 3817 meritum
1476 3771 1852 3831 peccatorum;
1901 3762 1997 3817 sed

418 3847 578 3900 etiam
611 3846 679 3901 de
712 3850 1039 3918 singulorum
1070 3852 1318 3920 operibus
1354 3854 1612 3922 pr0priis,
1650 3868 1769 3924 quas
1808 3861 1998 3924 gerunt

416 3935 640 3991 arbitrio
658 3939 959 3994 voluntatis.
996 3940 1129 3995 Nam
1156 3952 1209 3997 et
1236 3942 1506 3998 daemones
1530 3960 1599 3999 ne
1629 3954 1993 4014 torqueantur,

416 4039 698 4095 precantur
744 4029 952 4099 (Matth.
997 4048 1108 4092 vni.
1156 4031 1250 4106 29)
1281 4051 1296 4091 :
1326 4051 1423 4089 nec
1464 4037 1645 4106 utique
1684 4038 1875 4105 injuste
1912 4037 1997 4093 vel

415 4120 650 4187 parcitur
682 4122 791 4189 eis,
819 4125 899 4178 vel
933 4140 1027 4192 pro
1051 4142 1143 4179 sua
1166 4127 1359 4197 quique
1379 4129 1712 4197 improbitate
1740 4139 1993 4200 torquen-

415 4220 522 4266 tur.
571 4213 640 4268 Et
676 4214 917 4272 homines
948 4219 1256 4289 plerumque
1290 4230 1491 4288 aperte,
1520 4238 1733 4291 semper
1769 4224 1993 4293 occulte,

419 4305 573 4362 luunt
590 4322 688 4378 pro
713 4311 824 4365 suis
848 4310 1001 4366 factis
1027 4313 1282 4369 divinitus
1302 4329 1506 4385 pinnas,
1530 4318 1643 4373 sive
1667 4318 1719 4371 in
1739 4317 1841 4374 hac
1867 4320 1993 4387 vita,

418 4398 532 4453 sive
554 4409 674 4468 post
702 4413 924 4457 mortem
961 4421 973 4456 :
998 4406 1236 4472 quamvis
1266 4407 1441 4460 nullus
1470 4407 1743 4463 hominum
1769 4418 1891 4478 agat
1912 4424 1997 4464 re-

416 4496 524 4557 cte,
550 4491 651 4544 nisi
687 4492 864 4548 divino
898 4493 1175 4565 adjuvetur
1204 4497 1430 4564 auxilio;
1478 4500 1654 4553 nullus
1692 4500 1996 4554 daemonum

332 4618 335 4619 ν
416 4591 510 4637 aut
535 4582 808 4640 hominum
838 4597 958 4657 agat
987 4588 1198 4659 inique,
1230 4589 1330 4644 nisi
1364 4590 1544 4646 divino
1581 4590 1874 4661 eodemque
1910 4591 1997 4661 ju-

416 4678 651 4733 stissimo
666 4680 866 4749 judicio
884 4685 1239 4753 permittatur.
1268 4684 1413 4740 Sicut
1437 4686 1576 4739 enim
1596 4687 1670 4741 ait
1687 4688 1993 4756 Apostolus,

416 4765 541 4822 Non
568 4779 639 4824 est
662 4771 899 4841 iniquitas
924 4776 1064 4842 apud
1095 4774 1259 4829 Deum
1286 4776 1462 4843 (Rom.
1500 4793 1575 4843 ιι,
1608 4776 1728 4846 M);
1760 4787 1833 4842 et,
1862 4778 1999 4834 sicut

415 4859 531 4930 ipse
557 4861 680 4915 alibi
701 4862 847 4927 dicit,
874 4862 1231 4920 Inscrutabilt’a
1250 4875 1363 4921 sunt
1376 4868 1577 4933 judicia
1597 4868 1693 4921 Dei
1699 4911 1711 4931 ,
1730 4880 1776 4923 et
1796 4870 1999 4925 investi—

415 4950 603 5022 gabiles
639 4954 735 5007 vita
757 4956 865 5025 ejus
889 4955 905 5026 (
933 4955 1016 5010 Id.
1045 4972 1118 5021 ιι,
1146 4960 1215 5013 35
1234 4959 1275 5029 ).
1318 4958 1435 5013 Non
1466 4961 1625 5029 igitur
1648 4961 1700 5015 in
1729 4960 1830 5016 hoc
1860 4963 1997 5018 libro

417 5040 487 5097 de
512 5042 614 5097 illis
642 5045 842 5113 primis,
871 5061 969 5100 nec
992 5046 1059 5102 de
1086 5048 1201 5102 istis
1230 5049 1416 5105 mediis
1444 5051 1535 5115 Dei
1552 5050 1784 5120 judiciis,
1808 5053 1903 5108 sed
1930 5052 1998 5109 de

425 5133 542 5203 ipso
566 5134 853 5189 novissimo
874 5136 1093 5206 judicio,
1119 5148 1371 5207 quantum
1395 5140 1507 5208 ipse
1529 5142 1790 5209 tribuerit,
1815 5143 1996 5213 dispu-

420 5223 564 5292 tabo,
595 5227 803 5295 quando
830 5226 1067 5282 Chrisms
1096 5226 1163 5283 de
1192 5229 1329 5285 calo
1353 5223 1715 5319 ventuifiisqe‘st
1735 5234 1881 5287 vivos
1904 5234 1994 5303 ju-

416 5318 689 5375 dicaturus
711 5330 765 5375 et
786 5330 1042 5377 mortuos.
1082 5320 1187 5378 Iste
1214 5322 1407 5393 quippe
1430 5323 1546 5379 dies
1540 5318 1751 5394 ,λιφεἱὶ
1783 5327 1996 5396 proprie

412 5413 522 5481 jam
543 5422 782 5482 vocatur,
801 5430 865 5467 eo
893 5414 1033 5486 quod
1062 5414 1237 5471 nullus
1262 5415 1331 5469 ibi
1353 5417 1453 5471 erit
1479 5417 1736 5489 imperim
1764 5422 1997 5489 querela:

418 5504 586 5569 locus,
611 5521 707 5560 cur
733 5507 954 5575 injustus
977 5506 1064 5562 ille
1088 5508 1155 5562 sit
1183 5508 1322 5573 felix,
1353 5516 1405 5563 et
1429 5524 1526 5563 cur
1548 5510 1633 5563 ille
1652 5510 1831 5579 justus
1865 5513 1996 5568 infe-

417 5594 516 5648 lix.
558 5595 805 5650 Omnium
836 5612 1062 5668 namque
1100 5608 1228 5655 tunc
1260 5602 1470 5656 nonnisi
1496 5602 1757 5661 bonorum
1786 5620 1911 5661 vera
1940 5614 1996 5661 et

419 5686 569 5751 plena
602 5686 824 5743 felicitas
844 5731 856 5753 ,
886 5699 942 5744 et
969 5692 1203 5746 omnium
1231 5692 1442 5749 nonnisi
1469 5692 1732 5748 malorum
1758 5694 1916 5765 digna
1940 5706 1994 5752 et

414 5788 619 5827 stunma
646 5776 923 5834 infelicitas
941 5783 1235 5852 apparebit.

482 5926 499 5956 ι
544 5926 675 5977 Vind.
702 5936 803 5981 Ain.
833 5938 884 5983 et
927 5933 1151 5997 plerique
1176 5946 1279 5989 Mss.
1304 5976 1319 6002 ν
1342 5941 1587 5994 subversas
1616 5956 1632 5995 :
1656 5947 1817 5999 minus
1838 5946 1989 5999 bene.

1463 517 1554 574 DE
1590 514 1913 574 CIVITATE
1950 514 2090 588 DEI,
2128 517 2189 575 S.
2233 514 2599 575 AUGUSTINI

2105 631 2331 689 CAPUT
2359 632 2423 686 ll.
2445 660 2518 673 —-
2544 630 2623 684 De
2646 630 2889 685 varietate
2917 642 3088 685 rerum
3112 628 3469 696 Marum,
3485 627 3675 684 enim

2177 732 2336 792 potest
2359 724 2460 777 dici
2485 722 2659 778 deesse
2668 722 2924 794 judicium
2956 720 3076 789 Dei,
3104 721 3332 790 quamvis
3365 730 3573 791 nequeat
3594 736 3672 775 u-

2171 818 2367 888 uigori.

2170 909 2325 964 Nunc
2366 912 2544 964 autem
2578 916 2635 964 et
2670 910 2809 964 mala
2838 920 2995 980 mquo
3024 909 3205 964 animo
3236 907 3381 963 ferre
3414 906 3677 975 discimus,

2099 1017 2221 1075 quae
2264 1002 2537 1072 patiuntur
2574 1012 2626 1057 e't
2664 1002 2820 1068 boui;
2858 1009 2913 1057 et
2938 1002 3077 1057 bona
3111 1016 3219 1057 non
3256 1000 3677 1072 magnipendete,

2101 1110 2219 1165 qua:
2240 1095 2605 1164 adipiscuntur
2628 1105 2681 1150 et
2703 1094 2849 1149 mali.
2878 1098 2956 1149 Ac
2986 1111 3088 1166 per
3110 1096 3213 1151 hoc
3235 1094 3401 1149 etiam
3426 1094 3481 1148 in
3505 1094 3587 1147 bis
3610 1110 3685 1147 re-

2101 1185 2221 1253 bus,
2253 1186 2305 1239 in
2342 1186 2537 1256 quibus
2576 1199 2680 1240 non
2720 1195 2941 1256 apparet
2975 1186 3155 1241 divina
3190 1186 3424 1257 justitia,
3452 1185 3685 1239 salutaris

2100 1289 2184 1334 est
2209 1279 2386 1335 divina
2412 1278 2672 1335 doctrina.
2718 1279 3001 1335 Nescitnus
3032 1281 3173 1335 enim
3219 1294 3329 1350 quo
3364 1278 3565 1347 judicio
3603 1276 3687 1331 Dei

2102 1371 2275 1427 bonus
2312 1371 2403 1427 ille
2442 1373 2510 1428 sit
2549 1382 2768 1442 pauper,
2798 1373 2971 1427 malus
2995 1372 3085 1427 ille
3114 1373 3187 1429 sit
3211 1372 3368 1427 dives
3402 1388 3416 1425 :
3445 1370 3547 1426 iste
3572 1385 3689 1441 gan-

2102 1462 2246 1529 deat,
2269 1474 2427 1534 quem
2453 1474 2550 1534 pro
2569 1464 2687 1519 suis
2701 1464 2921 1535 perditis
2942 1464 3179 1519 moribus
3199 1464 3434 1519 cruciari
3455 1463 3689 1518 debuisse

2102 1558 2426 1613 meroribus
2466 1558 2815 1622 arbitramur;
2866 1557 3211 1611 contristetur
3249 1556 3363 1621 illc,
3406 1570 3563 1624 quem
3594 1555 3690 1608 vita

2103 1647 2384 1703 laudabilis
2410 1649 2641 1719 gaudere
2666 1649 2916 1704 debuisse
2942 1648 3227 1719 persuadet
3255 1666 3273 1703 :
3297 1654 3460 1703 exeat
3476 1646 3545 1701 de
3559 1645 3690 1715 judi-

2103 1740 2189 1796 cio
2215 1755 2323 1795 non
2350 1741 2527 1796 solum
2562 1742 2783 1807 inultus,
2819 1754 3006 1796 verum
3037 1741 3195 1795 etiam
3229 1739 3519 1795 damnatus
3543 1739 3689 1793 iuno-

2104 1845 2253 1897 cens,
2281 1841 2372 1886 aut
2402 1833 2680 1903 iniquitate
2698 1832 2897 1903 judicis
2919 1844 3155 1902 pressus,
3186 1840 3284 1887 aut
3310 1831 3464 1886 falsis
3484 1831 3690 1886 obrutus

2105 1923 2455 1989 testimoniis;
2500 1936 2532 1978 e
2577 1924 2848 1978 contrario
2893 1924 3156 1979 scelestus
3196 1922 3547 1978 adversarius
3586 1922 3691 1991 ejus

2105 2028 2213 2071 non
2237 2015 2408 2070 solum
2442 2014 2735 2085 impunitus
2754 2055 2769 2081 ,
2802 2030 2985 2070 verum
3009 2016 3170 2071 etiam
3198 2014 3508 2070 vindicatus
3532 2014 3691 2069 insul-

2106 2113 2226 2161 tet:
2255 2105 2447 2174 impius
2489 2106 2690 2175 optime
2731 2105 2922 2172 valeat,
2955 2106 3075 2175 pius
3116 2106 3378 2175 languore
3424 2104 3689 2160 tabeaat:

2108 2197 2494 2252 latrocinantur
2539 2197 2806 2252 sanissimi
2851 2197 3117 2267 juvenes;
3162 2206 3216 2251 et
3261 2196 3358 2265 qui
3401 2210 3500 2251 nec
3538 2194 3690 2250 verbo

2106 2303 2427 2358 quemquam
2452 2287 2647 2342 laedere
2666 2295 2974 2357 potuerunt,
2996 2286 3213 2341 diversa
3230 2287 3541 2342 morborum
3558 2295 3692 2341 atro-

2106 2380 2266 2433 citate
2283 2378 2583 2448 afﬂigantur
2604 2378 2833 2433 infantes
2862 2396 2875 2432 :
2903 2377 3048 2432 utilis
3068 2377 3230 2431 rebus
3249 2377 3503 2431 humanis
3518 2377 3691 2431 imma-

2107 2479 2224 2525 tura
2269 2482 2445 2526 morte
2470 2472 2733 2540 rapiatur;
2764 2481 2826 2526 et
2865 2472 2959 2541 qui
2985 2469 3237 2525 videntur
3276 2484 3381 2524 nec
3418 2469 3561 2525 nasci
3601 2469 3689 2523 de-

2105 2564 2309 2631 buisse,
2331 2563 2630 2639 diutissime
2652 2566 2869 2634 insuper
2895 2565 3076 2618 vivant
3104 2581 3118 2616 :
3150 2563 3345 2633 plenus
3379 2563 3688 2618 criminibus

2105 2655 2423 2710 sublimetur
2449 2654 2761 2721 honoribus,
2780 2664 2834 2711 et
2854 2655 3129 2711 hominem
3149 2654 3269 2710 sine
3299 2654 3521 2724 querela
3550 2662 3691 2709 tene-

2104 2748 2217 2803 brat
2270 2746 2615 2817 ignobilitatis
2653 2746 3029 2802 abscondant:
3060 2756 3116 2801 et
3151 2754 3353 2801 cauta
3378 2744 3688 2816 hujustnodi,

2107 2855 2227 2910 qua:
2253 2839 2374 2910 quis
2398 2838 2623 2908 colligit,
2647 2839 2769 2909 quis
2792 2837 3109 2892 enumerat?
3138 2837 3275 2904 Quae
3292 2836 3343 2892 si
3370 2837 3624 2892 haberent
3642 2838 3691 2891 in

2105 2932 2223 3002 ipsa
2243 2933 2389 2988 velut
2422 2932 2751 2987 absurditate
2772 2931 3150 2998 constantiam,
3179 2938 3238 2983 ut
3267 2930 3323 2983 in
3356 2929 3462 2984 hac
3486 2930 3612 2995 vita,
3640 2928 3692 2983 in

2105 3040 2207 3095 qua
2229 3025 2401 3092 homo,
2424 3026 2561 3079 sient
2586 3038 2737 3079 sacer
2761 3024 3005 3080 Psalmus
3022 3023 3311 3093 eloquitur,
3329 3024 3542 3077 vanitati
3556 3022 3689 3076 siriti-

2107 3118 2170 3172 lis
2194 3123 2361 3188 factus
2382 3127 2475 3185 est,
2506 3127 2553 3173 et
2575 3118 2685 3173 dies
2705 3119 2817 3189 ejus
2834 3117 2967 3171 velut
2988 3117 3169 3170 umbra
3198 3125 3506 3187 praetereunt
3527 3114 3684 3187 (Pal.

2104 3226 2288 3279 cum,
2341 3212 2440 3283 4),
2493 3211 2705 3266 nonnisi
2752 3211 2880 3265 mali
2921 3210 3349 3280 adipiscerentur
3396 3208 3688 3263 transitoria

2104 3304 2241 3359 bona
2264 3305 2363 3360 ista
2391 3313 2551 3376 atque
2577 3313 2807 3372 terrena,
2833 3319 2931 3360 nec
2954 3305 3055 3360 nisi
3086 3304 3209 3357 boni
3238 3302 3366 3357 talia
3394 3310 3687 3372 paterentur

2103 3398 2263 3463 mala,
2296 3406 2478 3468 posset
2506 3396 2610 3451 hoc
2646 3397 2837 3452 referri
2864 3397 2929 3451 ad
2952 3396 3208 3466 judicium
3233 3396 3443 3466 justum
3471 3394 3581 3462 Dei,
3612 3392 3686 3451 vel

2103 3491 2264 3545 etiam
2293 3491 2612 3561 benignum;
2654 3499 2712 3544 ut
2750 3490 2841 3560 qui
2880 3503 2986 3543 non
3024 3497 3177 3543 erant
3215 3487 3518 3543 assecuturi
3557 3485 3685 3541 bona

2104 3592 2323 3648 aeterna,
2355 3598 2475 3653 quae
2500 3581 2702 3637 faciunt
2730 3582 2935 3648 beatos,
2961 3578 3348 3650 temporalibus
3369 3578 3459 3633 vel
3482 3577 3683 3647 decipe-

2102 3683 2287 3730 rentur
2311 3690 2407 3746 pro
2437 3675 2634 3730 malitia
2665 3689 2782 3740 sua,
2811 3674 2894 3729 vel
2927 3688 3024 3743 pro
3050 3671 3143 3727 Dei
3170 3670 3540 3727 misericordia
3565 3682 3661 3724 con

2102 3766 2407 3837 solarentur
2444 3766 2629 3832 bonis;
2679 3774 2735 3820 et
2776 3765 2867 3836 qui
2912 3778 3020 3819 non
3056 3770 3213 3817 erant
3251 3762 3467 3831 passuri
3500 3769 3679 3816 aeterm

2103 3865 2391 3925 tormenta,
2416 3858 2799 3929 temporalibus
2820 3858 2904 3914 vel
2928 3872 3024 3928 pro
3052 3857 3162 3911 suis
3192 3856 3612 3927 quibuscumque
3632 3861 3678 3908 et

2102 3951 2597 4021 quantuliscumque
2640 3952 2873 4021 peccatis
2915 3949 3303 4021 afﬂigerentur,
3348 3949 3438 4005 vel
3482 3955 3677 4019 propter

2098 4043 2399 4112 implendas
2442 4044 2665 4099 virtutes
2713 4053 3094 4100 exercerentur
3144 4042 3320 4098 malis.
3375 4040 3525 4111 Nunc
3565 4052 3674 4093 vero

2100 4135 2314 4205 quando
2340 4150 2446 4190 non
2468 4135 2641 4190 solum
2667 4136 2718 4189 in
2740 4134 2883 4190 malo
2902 4144 3026 4189 sunt
3050 4134 3194 4199 boni,
3222 4142 3279 4187 et
3300 4134 3353 4187 in
3382 4135 3522 4189 bono
3545 4130 3670 4195 mali,

2100 4228 2243 4296 quod
2255 4227 2463 4282 videtur
2474 4227 2546 4297 inj
2554 4235 2753 4293 ustum;
2772 4241 2957 4282 verum
2973 4227 3132 4281 etiam
3147 4226 3469 4297 plerumque
3477 4235 3527 4281 et
3539 4223 3670 4278 malis

2102 4321 2240 4374 mala
2251 4321 2523 4386 eveniunt,
2542 4330 2597 4376 et
2616 4320 2768 4376 bonis
2784 4320 2919 4375 bona
2941 4321 3260 4390 proveniunt
3278 4338 3291 4373 :
3306 4321 3478 4391 magis
3497 4320 3671 4373 insati-

2104 4412 2281 4467 tabilia
2308 4414 2650 4483 fiuntjudicia
2676 4415 2771 4468 Dei
2801 4415 2974 4487 (Rom.
2993 4430 3068 4481 ιι,
3086 4414 3199 4485 55),
3218 4423 3274 4469 et
3303 4413 3668 4485 investigabilcs

2103 4505 2201 4559 vite
2215 4505 2371 4559 illius.
2384 4505 2638 4573 Quamvis
2648 4521 2777 4576 ergo
2788 4506 3086 4561 nesciamus
3101 4521 3208 4576 quo
3219 4505 3425 4574 judicio
3440 4506 3571 4561 Deus
3584 4504 3670 4557 ista

2101 4597 2189 4653 vel
2212 4598 2391 4663 faciat,
2416 4599 2502 4654 vel
2528 4598 2641 4653 fieri
2665 4596 2824 4667 sinat,
2852 4597 2989 4668 apud
3010 4613 3169 4668 quem
3190 4612 3404 4652 summa
3426 4600 3584 4652 virtus
3600 4603 3669 4650 est

2102 4699 2158 4745 et
2184 4704 2391 4745 summa
2419 4691 2699 4761 sapientia,
2730 4690 2977 4746 summa‘
3004 4690 3209 4759 justitia
3230 4733 3247 4757 ,
3284 4690 3431 4745 nulla
3467 4687 3666 4745 inﬁrmi-

2104 4790 2205 4847 tas,
2237 4783 2382 4837 nulla
2404 4784 2695 4850 temeritas,
2719 4784 2867 4838 nulla
2890 4784 3139 4852 iniquitas
3166 4801 3183 4837 :
3206 4783 3489 4839 salubriter
3510 4792 3663 4838 tamen

2103 4873 2356 4929 discimus
2386 4890 2487 4929 non
2520 4875 2930 4945 magnipendere
2960 4890 3055 4930 seu
3084 4876 3245 4939 bona,
3270 4890 3366 4933 seu
3391 4876 3544 4943 mala,
3564 4886 3663 4945 qua:

2103 4967 2345 5022 videmus
2372 4982 2493 5022 esse
2521 4967 2676 5023 bonis
2703 4969 2963 5039 malisque
2988 4970 3328 5035 communia;
3355 4979 3409 5025 et
3434 4970 3519 5024 illa
3545 4968 3662 5022 bona

2103 5074 2360 5129 quaerere,
2388 5072 2507 5128 quae
2536 5058 2820 5127 bonorum,
2848 5069 3007 5130 atque
3047 5060 3135 5115 illa
3170 5062 3310 5115 mala
3347 5060 3565 5115 maxime
3590 5056 3660 5110 fu-

2102 5166 2248 5220 gere,
2278 5165 2397 5221 qute
2425 5152 2635 5221 prepria
2658 5161 2781 5207 sunt
2809 5152 3091 5207 malorum.
3136 5152 3274 5208 Cum
3303 5168 3435 5209 vero
3460 5151 3521 5207 ad
3551 5147 3659 5204 illud

2103 5242 2192 5297 Dei
2234 5242 2489 5312 judicium
2529 5244 2862 5309 venerimus,
2904 5244 3054 5315 cujus
3094 5253 3307 5315 tempus
3339 5244 3449 5316 jam
3479 5243 3662 5315 proprie

2101 5335 2216 5391 dies
2248 5336 2452 5405 judicii,
2492 5346 2546 5393 et
2590 5336 2877 5407 aliquando
2915 5336 3031 5393 dies
3074 5338 3283 5393 Domini
3326 5346 3657 5406 nuncupatur;

2102 5442 2210 5482 non
2256 5428 2429 5481 solum
2481 5442 2829 5497 quzecumque
2882 5436 3007 5482 tunc
3049 5427 3445 5495 iudicabuntur,
3493 5440 3654 5480 verum

2100 5522 2259 5578 etiam
2285 5520 2642 5591 [quaecumque
2682 5519 2750 5574 ab
2797 5520 2948 5573 initio
2971 5522 3229 5589 judicata,
3256 5534 3312 5574 et
3339 5530 3655 5590 quaecumque

2100 5630 2268 5684 usque
2292 5614 2356 5667 ad
2384 5614 2511 5668 illud
2541 5624 2753 5683 tempus
2776 5611 2952 5667 adhuc
2972 5611 3261 5681 judicanda
3285 5623 3428 5675 sunt,
3454 5622 3651 5677 appare-

2098 5709 2230 5765 bunt
2254 5723 2373 5764 esse
2395 5708 2710 5778 justissima.
2750 5705 2850 5762 Ubi
2878 5706 2979 5759 hoc
3005 5720 3215 5775 quoque
3241 5701 3644 5757 manifestabitur,

2097 5816 2254 5873 quam
2292 5801 2433 5869 justo
2468 5798 2669 5868 judicio
2710 5799 2799 5854 Dei
2846 5798 2953 5865 fiat,
2983 5806 3041 5852 ut
3080 5812 3220 5852 nunc
3261 5806 3364 5850 tant
3406 5793 3554 5847 multa
3595 5802 3647 5841 ac

2095 5912 2233 5969 pene
2267 5894 2442 5950 omnia
2476 5893 2617 5963 jnsta
2640 5892 2840 5962 judicia
2862 5891 2957 5947 Dei
2984 5905 3174 5946 sensus
3198 5898 3492 5956 mentesque
3513 5895 3636 5937 inur-

2181 6007 3061 6067 ιωηωυιωωεηεωωωφκ.
3158 6010 3215 6053 ιι.
