3882 6396
40 563 299 662 gadium
324 569 546 629 verbum
573 572 723 647 ejus,
756 585 810 635 et
837 582 1064 643 credunt
1089 588 1139 644 ei
1172 590 1262 662 qui
1292 595 1440 650 misit
1478 596 1651 655 illum.

44 656 300 717 CAPUT
340 662 427 720 Vl.
470 695 543 709 —
588 669 715 736 Qua:
755 674 821 729 sit
858 678 1025 747 prima
1059 656 1392 755 resurrectio,
1433 704 1549 759 quas
1573 706 1656 746 se-

768 768 959 826 eundo.

137 847 197 901 1.
243 848 447 905 Deinde
488 852 744 927 adjungit,
793 869 848 915 ct
895 862 1024 919 dicit
1061 882 1075 919 :
1121 867 1313 934 Amen,
1346 886 1496 926 amen
1542 874 1656 929 dico

51 940 207 995 vobis
237 942 357 1012 quia
383 946 514 999 venit
540 948 685 1016 hora,
735 962 781 1005 et
806 970 939 1010 nunc
964 968 1037 1012 est
1057 999 1071 1025 ,
1116 963 1320 1031 quando
1344 966 1531 1018 mortui
1558 982 1654 1020 au-

54 1031 207 1085 dient
236 1049 403 1089 vocem
438 1036 567 1093 Fidi
592 1040 732 1109 Dei;
774 1056 818 1099 et
847 1049 934 1118 qui
962 1051 1232 1119 audierint,
1280 1056 1460 1111 vivent.
1508 1058 1658 1114 Sicut

44 1123 201 1176 enim
227 1122 386 1179 Pater
415 1128 560 1184 habet
587 1134 737 1188 vitam
763 1137 814 1191 in
843 1142 1109 1210 semetipso
1128 1186 1143 1209 ,
1175 1146 1249 1198 sic
1276 1147 1413 1213 dedit
1442 1159 1488 1203 et
1514 1150 1655 1207 Filio

50 1213 252 1271 lsaliere
263 1220 420 1311 vitam
438 1222 489 1276 in
504 1227 767 1298 semetipso
779 1230 955 1302 (Joan.
983 1250 1037 1299 ν,
1055 1235 1126 1292 25
1138 1246 1184 1291 et
1197 1236 1309 1311 26).
1326 1240 1571 1298 Nondum
1589 1245 1656 1301 de

44 1309 305 1363 secunda
343 1320 769 1388 resurrectione,
826 1323 879 1378 id
920 1335 1003 1380 est
1045 1309 1351 1399 corporum,
1396 1333 1652 1404 loquitur,

45 1413 187 1468 qua:
214 1402 269 1456 in
293 1403 399 1462 ﬁne
425 1406 598 1465 futura
627 1421 747 1479 est;
780 1416 872 1471 sed
902 1417 969 1474 de
995 1420 1197 1489 prima,
1235 1440 1353 1495 qua:
1378 1402 1518 1484 nunc
1548 1402 1649 1484 est.

45 1490 218 1549 lianc
243 1498 439 1570 quippe
466 1511 522 1557 ut
548 1504 932 1580 distingueret,
958 1515 1059 1582 ait,
1095 1490 1427 1590 Venit—hora,
1454 1534 1502 1578 et
1522 1541 1656 1581 nunc

49 1595 155 1640 est.
204 1588 323 1645 Non
360 1603 538 1651 autem
585 1600 684 1654 ista
714 1616 1034 1674 corporum,
1067 1609 1161 1664 sed
1208 1588 1506 1671 animarum
1549 1627 1650 1675 est.

47 1676 278 1737 Habent
306 1685 447 1739 enim
487 1697 543 1743 et
580 1692 773 1748 anima:
820 1707 1047 1755 mortem
1093 1716 1241 1757 suam
1282 1706 1333 1760 in
1380 1707 1654 1778 impietate

48 1778 230 1841 atque
284 1780 515 1845 peccatis
565 1800 579 1837 :
625 1786 917 1843 secundum
971 1805 1128 1861 quam
1179 1805 1406 1853 mortem
1454 1803 1651 1858 mortui

50 1874 211 1933 sunt,
239 1867 305 1924 dc
331 1871 524 1941 quibus
550 1874 688 1931 idem
715 1879 969 1939 Dominus
988 1886 1082 1953 ait,
1110 1888 1236 1944 Sine
1259 1906 1483 1950 mortuos
1508 1913 1652 1968 sepe-

52 1957 159 2012 lire
204 1972 428 2019 mortuos
474 1983 591 2022 suos
631 1970 860 2040 (Matth.
888 1993 1016 2045 vm,
1053 1980 1124 2034 22
1148 1983 1204 2053 );
1248 1993 1305 2039 ut
1346 1957 1573 2045 scilicet.
1598 1991 1650 2045 in

52 2050 244 2105 anima
277 2057 494 2125 mortui,
540 2060 592 2115 in
632 2077 860 2136 corpore
903 2080 1142 2129 mortuos
1179 2078 1485 2146 sepelirent.
1517 2081 1651 2137 Pro-

54 2149 187 2209 pter
218 2143 350 2235 istos
378 2162 504 2220 ergo
534 2151 807 2224 impietate
836 2170 892 2215 et
918 2162 1197 2235 iniquitate
1226 2143 1277 2223 in
1303 2171 1481 2227 anima
1506 2189 1651 2229 mor-

54 2239 212 2299 tuos,
243 2234 405 2305 Venit,
449 2243 637 2313 inquit,
668 2248 827 2318 hora,
856 2263 903 2306 et
936 2234 1071 2310 nunc
1099 2269 1207 2326 est,
1238 2265 1440 2331 quando
1465 2269 1651 2322 mortui

54 2327 273 2382 audient
298 2346 463 2387 vocem
489 2335 616 2391 Filii
641 2340 778 2407 Dei;
813 2355 861 2398 et
898 2348 985 2417 qui
1024 2327 1305 2419 audierint,
1334 2357 1516 2412 vivent.
1550 2360 1650 2425 Qui

55 2421 323 2521 audierint
363 2426 515 2521 dixit,
561 2434 650 2503 qui
696 2436 1026 2510 obedierint,
1067 2446 1156 2515 qui
1201 2421 1650 2521 crediderint,wet

55 2529 234 2587 usque
264 2519 317 2573 in
361 2520 520 2578 ﬁnem
550 2536 1031 2596 perseveraverint.
1062 2538 1171 2595 Nec
1198 2543 1321 2597 fecit
1359 2544 1447 2600 hic
1485 2519 1648 2603 ullam

56 2606 423 2669 differentiam
471 2616 735 2677 bonorum
777 2633 833 2680 et
874 2628 1159 2686 malorum.
1207 2633 1464 2693 Omnibus
1502 2643 1645 2696 enim

57 2698 263 2756 bonum
292 2714 375 2760 est
402 2708 591 2765 audire
620 2727 805 2769 vocem
836 2716 987 2787 ejus,
1032 2731 1085 2776 et
1113 2724 1329 2792 vivere,
1374 2728 1441 2783 ad
1483 2730 1647 2787 vitam

54 2791 279 2860 pietatis
324 2811 389 2851 ex
438 2799 727 2870 impietatis
772 2820 947 2865 morte
991 2816 1379 2871 transeundo‘.
1427 2820 1502 2876 De
1542 2839 1643 2891 qua

53 2896 239 2943 morte
263 2890 337 2945 ait
363 2896 634 2962 apostolus
661 2898 887 2971 Paulus,
912 2903 1051 2977 Ergo
1092 2924 1264 2964 omnes
1293 2914 1479 2967 mortui
1501 2890 1640 2984 sunt,

51 2989 101 3032 et
135 2996 231 3048 pro
260 2985 487 3040 omnibus
530 3000 757 3048 mortuus
787 3006 858 3048 est
879 2997 924 3064 ²,
962 3008 1016 3051 ut
1052 3000 1140 3070 qui
1182 3003 1372 3071 vivunt,
1398 3005 1505 3074 iam
1542 3025 1644 3063 non

51 3070 156 3123 sibi
186 3072 349 3128 vivant
368 3117 381 3141 ,
409 3078 499 3132 sed
523 3079 569 3133 ei
591 3082 677 3153 qui
704 3100 797 3154 pro
836 3088 963 3157 ipsis
1000 3101 1227 3148 mortuus
1251 3070 1362 3163 est,
1386 3070 1432 3151 et
1470 3115 1643 3154 resur-

50 3162 195 3254 rexit
222 3164 240 3233 (
269 3164 307 3218 ll
333 3165 450 3221 Cor.
479 3185 531 3235 v,
560 3170 647 3237 ﬂ,
680 3174 807 3246 15).
838 3176 1037 3234 Omnes
1078 3182 1258 3254 itaque
1283 3162 1475 3243 mortui
1521 3201 1646 3247 sunt

49 3251 112 3307 in
158 3257 413 3325 peccatis,
457 3262 669 3318 nemine
695 3280 916 3335 prorsus
940 3251 1204 3344 excepto,
1233 3278 1344 3333 sive
1368 3281 1644 3351 originali-

49 3344 187 3410 bus,
215 3346 325 3403 sive
355 3352 514 3406 etiam
544 3355 816 3415 voluntate
842 3362 1055 3428 additis,
1088 3367 1170 3422 vel
1206 3344 1501 3439 ignorando
1522 3414 1536 3439 ,
1560 3375 1645 3430 vel

50 3437 282 3493 sciendo
320 3456 417 3497 nec
441 3442 686 3503 faciendo
711 3452 853 3520 quod
879 3454 1080 3524 justum
1112 3469 1194 3514 est
1223 3437 1247 3512 ἶ
1268 3470 1322 3517 ει
1347 3478 1444 3533 pro
1467 3437 1645 3521 omni-

50 3528 165 3585 bus
191 3535 413 3589 mortuis
438 3537 588 3594 vivus
616 3553 856 3601 mortuus
897 3559 981 3604 est
1011 3566 1177 3619 unus,
1206 3554 1259 3610 id
1287 3566 1370 3611 est
1393 3599 1408 3624 ,
1438 3561 1643 3617 nullum

53 3621 265 3678 habens
306 3629 525 3684 omnino
555 3643 827 3702 peccatum
862 3655 880 3696 ι
914 3650 970 3695 ut
1009 3643 1099 3713 qui
1148 3661 1242 3715 per
1270 3651 1643 3709 remissionem

58 3990 341 4047 credentes
374 3994 423 4049 in
456 4012 575 4052 cum
606 4000 693 4071 qui
719 4002 979 4072 justiﬁcat
1004 4008 1247 4079 impium,
1274 4027 1339 4068 ex
1368 4014 1643 4086 impietate

56 4083 355 4155 jnstiﬁcati,
406 4096 652 4162 tanquam
684 4109 751 4149 ex
797 4107 969 4153 morte
1000 4101 1279 4171 viviﬁcati,
1306 4105 1374 4161 ad
1414 4083 1642 4177 primam

60 4179 526 4249 resurrectionem,
554 4201 672 4256 quae
706 4204 847 4245 nunc
880 4199 963 4246 est
983 4188 1026 4260 ⁸,
1056 4196 1326 4264 pertinere
1352 4200 1641 4269 possimus.

60 4271 144 4324 Ad
172 4270 305 4325 hanc
336 4274 474 4327 cnim
509 4278 736 4345 primam
765 4296 871 4336 non
900 4286 1202 4351 pertinent,
1246 4288 1348 4343 nisi
1387 4290 1476 4361 qui
1505 4291 1645 4347 beati

60 4372 220 4416 erunt
248 4364 298 4418 in
342 4376 599 4422 :eternum
632 4386 645 4423 :
675 4370 741 4425 ad
766 4374 1056 4431 secundam
1086 4393 1244 4447 vero,
1275 4380 1346 4437 de
1373 4398 1477 4452 qua
1519 4398 1642 4440 mox

59 4455 335 4511 locuturus
358 4468 460 4525 est,
480 4469 533 4514 et
557 4460 739 4518 beatos
765 4466 1035 4535 pertinere
1060 4469 1294 4538 docebit,
1312 4480 1369 4529 et
1394 4475 1642 4534 miseros.

58 4549 168 4607 Ista
198 4558 279 4605 est
317 4552 730 4625 misericordiae,
773 4558 860 4614 illa
896 4560 1104 4629 judicii.
1149 4564 1379 4637 Propter
1406 4570 1547 4639 quod
1590 4572 1647 4627 in

62 4644 276 4698 I’salmo
305 4645 557 4715 scriptum
588 4658 671 4703 est
700 4669 716 4706 :
745 4650 1151 4713 Misericordiam
1176 4669 1223 4713 et
1241 4660 1498 4730 judicium
1526 4680 1646 4720 can-

62 4738 178 4790 tabo
206 4737 310 4802 tibi,
335 4735 554 4793 Domine
583 4740 753 4811 (Psal.
782 4760 832 4807 c,
858 4746 934 4816 1).

134 4828 187 4881 2.
234 4828 304 4884 De
339 4845 446 4900 quo
487 4829 688 4901 judicio
731 4848 1120 4908 consequenter
1160 4842 1440 4914 adjunxit,
1485 4856 1647 4919 atque

61 4921 138 4974 ait
168 4939 181 4975 :
206 4920 271 4975 Et
297 4932 589 4993 potestatem
616 4926 753 4981 dedit
779 4928 825 4981 ei
844 4930 1100 5001 judicium
1126 4937 1313 5005 facere,
1336 4939 1456 5005 quia
1478 4939 1647 4996 Filius

62 5013 281 5067 hominis
322 5024 416 5070 est.
462 5014 559 5071 Hic
602 5019 855 5087 ostendit,
901 5023 1039 5092 quod
1084 5023 1137 5080 in
1178 5040 1239 5081 ea
1280 5042 1441 5085 carne
1471 5032 1649 5087 veniet

54 5107 416 5177 jndicaturus,
446 5110 498 5164 in
526 5124 627 5181 qua
656 5122 872 5168 venerat
897 5114 1237 5184 judicandus.
1266 5121 1348 5175 Ad
1379 5121 1481 5178 hoc
1505 5125 1648 5180 enim

62 5202 161 5268 ait,
187 5202 421 5272 quoniam
443 5201 613 5260 Filius
638 5205 856 5263 hominis
880 5216 971 5262 est.
1000 5211 1081 5264 Ac
1103 5209 1297 5269 deinde
1324 5214 1651 5288 subjungens

132 5396 152 5428 ι
172 5397 246 5471 sic
265 5395 401 5471 viud.
438 5404 537 5471 tun.
566 5403 620 5448 et
638 5403 748 5470 uss.
784 5406 838 5451 Αι
858 5406 991 5462 Lov.,
1013 5406 1061 5453 et
1097 5404 1163 5454 ad
1197 5402 1341 5454 vitam
1363 5406 1552 5471 pietatis
1591 5421 1655 5461 ea:

822 5528 986 5602 Abest,
1009 5540 1151 5602 imus,
1176 5540 1203 5576 a
1227 5533 1583 5602 manuscriptis.

132 5586 153 5655 ξ
178 5589 227 5655 In
249 5582 467 5655 pluribus
488 5589 829 5650 manuscriptis
848 5601 942 5655 non
968 5582 1195 5651 habetur,
1217 5604 1308 5655 pro
1325 5582 1555 5644 amantius.

131 5647 154 5677 δ
174 5653 269 5694 Am.
299 5659 350 5710 et
371 5651 466 5706 En,
488 5660 598 5710 qua:
617 5647 747 5698 nunc
765 5656 833 5699 est
856 5650 1143 5702 animarum.
1164 5647 1335 5703 Creteri
1360 5655 1467 5705 libri
1488 5667 1659 5709 carent

66 5721 207 5769 voce,
232 5707 522 5777 cannarum,
546 5723 656 5773 qua:
701 5714 981 5777 exponendi
1018 5714 1163 5777 hujus
1201 5715 1290 5765 loci
1312 5730 1452 5765 causa
1499 5707 1657 5769 addita

70 5780 163 5819 est.
212 5773 283 5845 sic
317 5770 460 5845 paulo
481 5770 606 5835 post,
635 5788 683 5845 n.
725 5770 985 5845 2,:eardem
1022 5770 1280 5845 editiones,
1306 5786 1359 5845 et
1376 5782 1527 5842 \‘iud.,
1562 5796 1658 5845 qua

68 5846 196 5882 nunc
223 5831 455 5912 transitur
478 5831 678 5912 ftmorte
701 5831 973 5887 animarum
995 5840 1062 5887 ad
1091 5840 1237 5912 vitam
1251 5831 1547 5912 Qvirtutum':
1570 5831 1654 5912 ubi

70 5901 177 5964 Ltiv.
206 5904 259 5949 et
283 5906 388 5949 ms.
414 5894 598 5951 habent
616 5907 819 5962 tantum,
842 5913 939 5964 qua
959 5913 1086 5953 nunc
1108 5902 1341 5958 transitur
1364 5917 1403 5955 α»
1418 5911 1568 5960 awrte
1586 5908 1652 5958 ad

64 5958 227 6012 ω.

1381 476 1582 540 LIBER
1618 476 2004 548 WGESIMUS.

1766 600 1909 659 unde
1932 604 2138 676 agimus
2165 621 2181 664 :
2209 606 2406 681 Nolite,
2434 611 2627 685 inquit,
2653 613 2829 670 mirari
2857 614 2970 685 hoc,
2999 618 3121 692 quia
3140 622 3306 677 veniet
3325 623 3347 659 ί

1764 693 1922 764 hora,
1955 698 2009 751 in
2035 712 2137 770 qua
2177 717 2350 759 omnes
2376 705 2463 775 qui
2496 706 2551 760 in
2586 710 2921 765 monumentis
2946 722 3101 781 sunt,
3142 714 3350 771 audient

1762 798 1932 841 vocem
1955 789 2066 860 ejus
2089 791 2111 822 ²
2137 805 2151 853 ;
2180 801 2230 846 et
2259 795 2528 859 precedent
2555 797 2641 868 qui
2666 798 2796 853 bona
2825 800 3069 871 fecerunt,
3096 804 3150 858 in
3178 822 3349 861 resur-

1761 879 2033 934 rectionem
2060 882 2211 948 vitat;
2235 885 2322 955 qui
2348 902 2464 941 vero
2502 889 2639 943 mula
2667 901 2908 962 egerunt,
2948 894 3001 949 in
3025 899 3349 953 resurrectio-

1762 986 1874 1024 nem
1895 974 2080 1043 judicii
2113 976 2300 1049 (Joan.
2329 994 2381 1044 ν,
2404 980 2571 1037 27-29
2590 984 2629 1054 ).
2659 983 2770 1039 Hoc
2797 992 2880 1041 est
2908 986 3039 1042 illud
3064 988 3345 1058 judicium,

1761 1064 1902 1132 quod
1929 1066 2088 1134 paulo
2117 1078 2260 1136 ante,
2300 1071 2440 1126 sicut
2467 1088 2626 1139 nunc,
2662 1090 2758 1144 pro
2784 1075 3124 1136 damnatione
3149 1096 3342 1152 posue-

1760 1163 1877 1222 rat,
1906 1155 2090 1214 dicens
2111 1200 2125 1225 ,
2157 1160 2258 1227 Qui
2285 1162 2487 1217 verbum
2528 1182 2692 1220 meum
2729 1169 2895 1236 audit,
2932 1180 2979 1224 et
3007 1172 3165 1227 credit
3191 1174 3237 1227 ei
3261 1174 3348 1245 qui

1760 1248 1897 1303 misit
1939 1266 2051 1317 me,
2084 1251 2230 1306 habet
2273 1254 2426 1308 vitam
2468 1264 2742 1325 atternam,
2772 1269 2821 1314 et
2863 1262 2917 1315 in
2948 1264 3204 1333 judicium
3245 1281 3347 1320 non

1760 1341 1939 1410 veniet,
1957 1344 2047 1398 sed
2076 1347 2273 1401 transiit
2298 1364 2329 1401 a
2351 1359 2510 1405 morte
2535 1351 2588 1405 in
2614 1351 2767 1407 vitam
2791 1352 2844 1427 (1
2851 1355 2978 1424 bid.,
3003 1357 3096 1428 24)
3126 1376 3139 1413 :
3167 1358 3220 1413 id
3238 1368 3344 1427 est,

1760 1433 2076 1503 pertinendo
2121 1438 2187 1492 ad
2241 1440 2463 1509 primam
2516 1445 2999 1513 resurrectionem,
3052 1463 3155 1518 qua
3206 1466 3346 1507 nunc

1759 1527 2017 1581 transitur
2057 1543 2088 1583 a
2132 1538 2305 1586 morte
2346 1532 2412 1587 ad
2459 1534 2652 1601 vitam,
2698 1537 2752 1591 in
2796 1537 3191 1596 damnationem
3237 1556 3345 1599 non

1759 1620 1959 1687 veniet,
2004 1637 2161 1690 quam
2209 1623 2523 1694 signiﬁcavit
2566 1629 2923 1698 appellatione
2963 1632 3168 1702 judicii,
3209 1634 3349 1691 sicut

1758 1713 1917 1768 etiam
1961 1714 2062 1770 hoc
2105 1717 2243 1782 loco,
2292 1719 2379 1773 ubi
2409 1721 2502 1785 ait,
2551 1721 2651 1789 Qui
2692 1739 2807 1778 vero
2846 1725 2982 1779 mala
3020 1737 3246 1796 egerunt,
3292 1728 3348 1783 in

1757 1808 2167 1862 resurrectionem
2185 1810 2373 1880 judicii
2391 1852 2405 1874 ,
2451 1812 2501 1866 id
2533 1822 2615 1868 est
2634 1855 2649 1882 ,
2680 1814 3056 1871 damnationis.
3088 1818 3347 1889 Resurgat

1757 1912 1885 1970 ergo
1912 1900 1964 1954 in
1997 1903 2186 1971 prima,
2216 1904 2304 1974 qui
2336 1920 2441 1959 non
2474 1906 2585 1960 vult
2609 1907 2660 1961 in
2693 1909 2925 1963 secunda
2950 1911 3345 1967 resurrectione

1758 1990 2020 2047 damnari.
2059 1992 2202 2049 Venit
2228 1997 2368 2051 enim
2400 1997 2547 2065 hora,
2575 2011 2621 2053 et
2650 2016 2783 2053 nunc
2810 2009 2901 2065 est,
2933 2003 3134 2070 quando
3160 2002 3347 2056 mortui

1756 2083 1961 2138 audient
1990 2100 2156 2139 vocem
2179 2085 2305 2141 Filii
2332 2087 2465 2153 Dei;
2493 2099 2538 2143 et
2562 2091 2649 2161 qui
2676 2091 2949 2157 audierint,
2971 2093 3130 2147 vivent
3155 2092 3345 2163 (Ibid.,

1754 2173 1902 2246 25),
1934 2176 1985 2232 id
2014 2187 2130 2244 εει,
2163 2179 2217 2235 in
2258 2180 2650 2237 damnationem
2697 2200 2801 2239 non
2834 2186 3080 2250 venient,
3112 2202 3232 2257 qute
3257 2202 3343 2243 se-

1755 2268 1926 2323 cunda
1955 2285 2099 2325 mors
2142 2271 2338 2328 dicitur
2378 2291 2391 2327 :
2436 2274 2486 2329 in
2516 2290 2673 2345 quam
2706 2286 2954 2343 mortem,
2998 2287 3121 2348 post
3148 2293 3344 2334 secun-

1755 2362 1898 2430 dam,
1922 2377 2041 2434 qua:
2063 2378 2346 2435 corporum
2374 2366 2545 2421 futura
2577 2376 2679 2433 est,
2712 2370 3178 2436 resurrectionem,
3205 2385 3343 2441 prm-

1756 2454 2132 2524 cipitabuntur,
2164 2457 2254 2527 qui
2298 2458 2349 2512 in
2393 2458 2583 2528 prima,
2614 2475 2731 2531 qua:
2759 2462 3053 2516 animarum
3085 2470 3204 2531 est,
3233 2477 3343 2518 non

1753 2555 2059 2617 resurgunt.
2097 2548 2270 2603 Veniet
2308 2551 2449 2605 enim
2495 2552 2621 2604 hora
2668 2552 2797 2623 (ubi
2827 2567 2932 2607 non
2978 2554 3086 2619 ait,
3130 2561 3179 2607 et
3206 2569 3340 2607 nunc

1753 2648 1868 2705 est;
1913 2640 2036 2709 quia
2078 2640 2130 2693 in
2174 2640 2281 2695 ﬁne
2311 2641 2491 2697 smculi
2533 2642 2656 2706 erit,
2704 2641 2806 2697 hoc
2850 2653 2932 2697 est
2976 2644 3028 2697 in
3074 2643 3259 2699 ultimo
3284 2651 3342 2699 et

1753 2731 1989 2786 maximo
2005 2732 2207 2801 judicio
2231 2732 2370 2805 Dei),
2396 2734 2599 2806 quando
2623 2750 2795 2789 omnes
2822 2734 2908 2805 qui
2931 2735 2983 2789 in
3009 2735 3345 2790 monumentis

1751 2833 1888 2891 sunt,
1916 2826 2123 2879 audient
2150 2841 2319 2880 vocem
2342 2830 2475 2897 ejus,
2509 2838 2556 2881 et
2580 2828 2845 2899 procedent
2870 2826 3055 2898 (Ibid.,
3074 2827 3188 2899 28).
3220 2827 3334 2883 Νοη

1751 2916 1887 2973 dixit
1910 2920 2358 2989 quemadmodum
2387 2921 2438 2975 in
2468 2923 2655 2991 prima,
2684 2931 2730 2975 et
2755 2922 2840 2992 qui
2861 2923 3132 2988 audierint,
3156 2924 3340 2978 vivent.

1750 3010 1867 3066 Non
1887 3011 2031 3067 enim
2053 3027 2241 3068 omnes
2262 3013 2462 3077 vivent,
2486 3028 2545 3066 ca
2575 3012 2776 3068 scilicet
2799 3014 2927 3079 vita,
2952 3028 3070 3084 quae
3089 3016 3341 3083 quoniam

1749 3103 1904 3159 beata
1935 3112 2039 3170 est,
2069 3104 2179 3158 sola
2204 3104 2311 3158 vita
2337 3104 2561 3159 dicenda
2590 3113 2690 3159 est.
2720 3104 2853 3159 Nam
2880 3105 3063 3174 utique
3083 3119 3192 3159 non
3220 3105 3340 3161 sine

1749 3195 2124 3266 qualicumque
2152 3196 2259 3250 vita
2290 3205 2511 3266 possent
2550 3196 2735 3251 audire
2754 3236 2769 3262 ,
2806 3205 2863 3253 et
2887 3195 2956 3251 de
2981 3197 3341 3254 monumentis

1752 3297 2063 3359 resurgente
2087 3302 2248 3343 carne
2272 3288 2585 3359 procedere.
2613 3290 2789 3357 Quare
2812 3299 2988 3344 autem
3019 3304 3123 3345 n0n
3149 3304 3340 3346 omnes

1751 3380 1952 3447 vivent,
1976 3380 2028 3434 in
2056 3394 2121 3434 eo
2148 3379 2288 3450 quod
2319 3380 2579 3450 sequitur,
2609 3380 2806 3435 docet:
2839 3381 2939 3447 Qui
2966 3380 3117 3447 bona,
3146 3381 3339 3452 inquit,

1752 3474 2010 3544 fecerunt,
2054 3472 2108 3526 in
2146 3472 2561 3527 resurrectionem
2588 3474 2731 3539 vitm,
2764 3472 2819 3527 hi
2848 3480 2973 3526 sunt
2997 3473 3085 3544 qui
3116 3472 3337 3528 vivent:

1749 3565 1837 3636 qui
1881 3579 1997 3618 vero
2040 3564 2178 3617 mala
2219 3573 2461 3635 egerunt,
2508 3566 2560 3618 in
2602 3565 3017 3623 resurrectionem
3050 3564 3251 3632 iudicii,
3284 3562 3340 3618 hi

1751 3663 1877 3711 sunt
1903 3656 1990 3728 qui
2023 3670 2127 3711 non
2154 3655 2369 3723 vivent;
2409 3656 2530 3727 quia
2560 3656 2792 3711 secunda
2818 3664 2993 3710 morte
3019 3655 3336 3710 morientur.

1752 3750 1886 3807 Mala
1916 3751 2113 3821 quippe
2142 3758 2397 3820 egerunt,
2438 3750 2688 3819 quoniam
2719 3750 2860 3805 male
2884 3750 3130 3805 vixerunt
3160 3767 3173 3804 :
3201 3748 3340 3804 male

1749 3852 1927 3898 autem
1956 3843 2235 3909 vixerunt,
2268 3842 2391 3912 quia
2436 3841 2490 3896 in
2532 3842 2701 3911 prima
2720 3882 2735 3905 ,
2764 3856 2884 3913 quas
2910 3856 3053 3897 nunc
3080 3849 3195 3908 est,
3227 3839 3343 3894 ani-

1748 3948 1956 3988 marum
1983 3933 2377 3989 resurrectione
2405 3948 2508 3986 non
2540 3932 2869 3997 revixerunt,
2899 3941 2990 3986 aut
3017 3931 3070 3986 in
3104 3947 3169 3986 eo
3198 3931 3343 4002 quod

1750 4025 2076 4089 revixerunt,
2100 4039 2205 4079 non
2236 4025 2290 4078 in
2316 4024 2473 4079 ﬁnem
2499 4039 2667 4095 usque
2693 4032 3022 4079 manserunt.
3045 4022 3194 4079 Sicut
3214 4038 3343 4094 ergo

1749 4116 1869 4172 dum
1890 4126 2014 4171 sunt
2039 4116 2490 4187 regenerationes,
2514 4116 2582 4171 de
2602 4116 2794 4187 quibus
2819 4116 2927 4186 jam
2950 4131 3108 4185 supra
3133 4116 3342 4171 locutus

1748 4223 1867 4263 sum
1886 4250 1899 4273 ,
1931 4222 2034 4262 una
2089 4207 2377 4263 secundum
2408 4206 2563 4261 ﬁdem
2586 4248 2601 4271 ,
2632 4222 2751 4277 qua:
2780 4222 2921 4261 nunc
2952 4205 3009 4259 ﬁt
3038 4222 3132 4276 per
3156 4205 3339 4275 Bapti-

1749 4298 2078 4363 smum;alia
2106 4298 2400 4354 secundum
2427 4312 2665 4363 carnem,
2690 4313 2808 4367 qua:
2836 4298 2926 4351 ﬁet
2949 4297 3000 4350 in
3025 4297 3141 4366 ejus
3168 4298 3345 4351 incor-

1752 4391 1999 4461 ruptione
2026 4400 2186 4461 atque
2226 4389 2625 4444 immortalitate
2657 4403 2751 4458 per
2788 4387 3049 4458 judicium
3090 4402 3340 4458 magnotu

1752 4496 1910 4555 atque
1940 4483 2285 4539 novissimum
2317 4500 2329 4536 :
2364 4484 2436 4536 ita
2484 4489 2610 4536 sunt
2650 4490 2705 4536 et
2745 4480 3164 4536 resurrectiones
3195 4479 3338 4545 dum,

1752 4592 1855 4632 una
1884 4577 2055 4647 prima
2074 4615 2089 4642 ,
2117 4590 2235 4645 quae
2265 4584 2319 4630 et
2346 4588 2489 4629 nunc
2518 4583 2601 4628 est
2623 4615 2638 4640 ,
2668 4582 2723 4627 et
2747 4572 3044 4627 animarum
3072 4580 3190 4640 est,
3219 4586 3342 4642 qua:

1751 4668 1935 4725 venire
1971 4681 2077 4722 non
2120 4666 2379 4737 permittit
2416 4667 2470 4719 in
2500 4674 2726 4720 mortem
2753 4664 3078 4731 secundam;
3122 4664 3228 4720 alia
3256 4678 3344 4721 se-

1752 4761 1926 4818 cunda
1945 4801 1962 4829 ,
1989 4776 2109 4831 quae
2140 4775 2282 4814 nunc
2310 4773 2417 4813 non
2445 4768 2563 4824 est,
2596 4757 2689 4813 sed
2722 4758 2774 4812 in
2804 4758 2982 4813 sceculi
3023 4757 3127 4813 ﬁne
3166 4756 3342 4811 futura

1753 4863 1857 4921 est,
1883 4869 1983 4908 nec
2009 4853 2305 4907 animarum
2328 4893 2343 4917 ,
2374 4850 2466 4905 sed
2495 4864 2780 4919 corporum
2807 4857 2909 4917 est,
2942 4864 3061 4921 qua:
3090 4863 3188 4921 per
3214 4848 3344 4903 ulti-

1753 4964 1900 5004 mum
1947 4946 2206 5017 judicium
2251 4944 2385 4999 alios
2431 4944 2607 4998 mittet
2652 4944 2705 4997 in
2755 4942 3044 4998 secundam
3091 4950 3343 5010 mortem,

1755 5040 1888 5095 alios
1914 5039 1969 5094 in
1997 5053 2112 5093 eam
2140 5037 2323 5101 vitam,
2358 5051 2477 5105 quae
2510 5050 2614 5089 non
2649 5034 2809 5091 habet
2847 5042 3096 5089 mortem.

1755 5149 1983 5211 CAPUT
2014 5151 2124 5207 Vll.
2149 5182 2222 5192 —
2243 5151 2322 5206 De
2346 5151 2543 5204 duabus
2573 5150 3019 5205 resurrectionibus
3047 5157 3095 5202 et
3123 5150 3186 5202 de
3210 5147 3351 5202 mille

1828 5247 1977 5301 annis
2018 5245 2139 5315 quid
2184 5246 2237 5298 in
2276 5243 2585 5315 Apocalypsi
2612 5241 2832 5297 Joannis
2874 5243 3117 5311 scriptum
3158 5239 3261 5308 sit,
3301 5248 3350 5294 et

1830 5339 1954 5409 quid
1983 5341 2044 5392 de
2069 5339 2139 5393 eis
2168 5338 2533 5391 rationabiliter
2559 5338 2823 5391 sentiatur.

1836 5448 1888 5505 l.
1938 5453 2011 5505 De
2044 5452 2125 5506 his
2166 5450 2374 5505 duabus
2402 5448 2885 5506 resurrectionihus
2930 5446 3071 5503 idem
3114 5447 3351 5504 Joannes

1763 5545 2088 5616 evangelista
2119 5545 2171 5598 in
2201 5544 2337 5599 libro
2364 5544 2453 5612 qui
2480 5542 2673 5597 dicitur
2694 5540 3062 5611 Apocalypsis,
3092 5554 3159 5596 eo
3186 5540 3348 5595 modo

1763 5637 1972 5692 locutus
2018 5646 2119 5702 est,
2168 5647 2226 5691 ut
2270 5650 2453 5691 earum
2501 5635 2670 5704 prima
2717 5648 2744 5686 a
2793 5632 3109 5703 quihusdam
3154 5633 3353 5689 nostris

1766 5743 1870 5786 non
1903 5730 2205 5794 intellecta,
2252 5728 2470 5796 insuper
2500 5726 2659 5780 etiam
2709 5726 2761 5779 in
2804 5724 3062 5795 quasdam
3101 5723 3353 5781 ridiculas

1829 5908 1847 5973 ξ
1882 5907 1954 5973 sic
1974 5905 2124 5959 nostri
2148 5902 2355 5973 codices.
2380 5908 2427 5950 In
2444 5908 2515 5962 8.,
2538 5899 2828 5973 quid
2924 5907 2978 5953 It.

1828 5968 1851 6002 ¹
1873 5971 1946 6021 Sic
1967 5981 2083 6020 mss.
2110 5965 2226 6017 aliti
2249 5979 2390 6024 vero.
2415 5963 2577 6016 vocem
2715 5963 2823 6018 Dei.
