3826 6544
587 344 628 371 ιι

569 587 772 646 falmlas
787 593 1102 646 verteretur.
1115 582 1204 642 Alt
1221 582 1420 655 quippe
1436 580 1491 637 in
1509 579 1650 637 libro
1666 588 1964 635 memorato
1977 576 2139 634 Joan-

569 695 670 737 nes
693 679 963 750 apostolus
992 694 1004 730 :
1033 675 1101 730 Et
1123 674 1225 730 uidi
1249 673 1485 746 angelum
1511 671 1885 726 descendentem
1911 668 1972 723 de
1993 667 2139 733 ctelo,

569 772 828 828 lubentem
857 770 1044 824 clavem
1079 767 1247 838 abyssi
1265 807 1280 831 ,
1321 776 1368 820 et
1409 773 1636 819 catenam
1663 765 1715 817 in
1757 779 1912 816 manu
1938 777 2031 815 sua
2051 801 2067 826 ,
2096 768 2143 814 et

569 865 727 920 tenuit
755 863 1024 917 draconem
1061 861 1205 914 illum
1234 869 1509 928 serpentem
1536 857 1820 926 antiquum,
1847 853 1933 926 qui
1957 870 2142 924 cogno-

567 957 790 1010 minatus
816 964 890 1009 est
917 953 1148 1008 diabolus
1176 962 1222 1008 et
1247 962 1451 1007 satanas
1469 992 1484 1018 ,
1513 961 1557 1005 et
1582 949 1807 1021 alligavit
1833 949 1979 1002 illum
2006 946 2143 1002 mille

565 1046 736 1114 annis,
764 1055 810 1100 et
835 1047 968 1100 misit
991 1045 1136 1099 illum
1161 1043 1216 1098 in
1243 1043 1520 1114 abyssum;
1550 1050 1597 1095 et
1627 1039 1846 1106 clausit,
1896 1047 1942 1092 et
1965 1037 2142 1108 signa-

566 1138 636 1193 vit
676 1154 828 1206 super
868 1153 1000 1201 eum,
1052 1147 1104 1192 ut
1152 1153 1252 1190 non
1296 1136 1550 1190 seducet-et
1588 1135 1701 1205 jam
1748 1141 1934 1202 gentes,
1986 1130 2143 1184 donec

566 1229 809 1298 ﬁniantur
838 1229 975 1283 mille
1002 1229 1121 1282 anni
1151 1243 1169 1281 :
1198 1236 1308 1298 post
1338 1227 1444 1281 ha'c
1472 1233 1664 1292 oportet
1704 1240 1814 1277 eum
1843 1221 1968 1277 solvi
2012 1219 2143 1274 brevi

567 1331 802 1391 tempore.
839 1320 900 1373 Et
937 1321 1038 1374 vidi
1065 1319 1242 1383 sedes,
1273 1327 1321 1372 et
1344 1319 1570 1373 sedentes
1596 1332 1747 1384 super
1786 1332 1890 1381 eas,
1924 1323 1967 1367 et
1990 1313 2137 1384 judi‘

564 1413 699 1468 cium
743 1413 914 1466 datum
942 1421 1032 1466 est.
1065 1408 1134 1466 Et
1178 1412 1360 1466 animae
1407 1410 1683 1464 occisorum
1730 1416 1933 1479 propter
1956 1407 1972 1438 ¹
2003 1407 2140 1460 testi-

566 1506 789 1559 monium
828 1503 976 1570 Jesu,
1022 1513 1068 1558 et
1113 1514 1316 1573 propter
1359 1502 1558 1556 verbum
1585 1499 1701 1566 Dei,
1749 1508 1796 1553 et
1833 1500 1876 1554 si
1918 1499 2002 1568 qui
2040 1515 2143 1552 non

562 1597 899 1654 «domuerant
924 1597 1150 1661 bestiam,
1179 1612 1268 1649 nec
1303 1594 1573 1666 imaginem
1601 1593 1728 1663 ejus,
1755 1609 1911 1664 neque
1933 1607 2140 1668 accepe-

562 1700 679 1746 runt
704 1690 1078 1760 inscriptionem
1103 1688 1158 1743 in
1183 1691 1350 1760 fronte
1376 1695 1464 1741 aut
1492 1687 1545 1740 in
1570 1701 1724 1739 manu
1749 1701 1862 1751 sua,
1895 1691 1940 1738 et
1963 1699 2143 1754 regna-

563 1793 741 1840 verunt
774 1800 888 1837 cum
910 1783 1036 1838 Iesu
1072 1782 1212 1837 mille
1235 1781 1383 1834 annis
1411 1795 1431 1834 :
1456 1779 1634 1849 reliqui
1670 1794 1840 1832 eorum
1866 1793 1966 1831 non
2002 1776 2140 1830 vixe-

562 1883 701 1940 runt,
725 1873 881 1928 donec
907 1874 1149 1942 finiantur
1173 1871 1311 1926 mille
1333 1870 1474 1924 anni.
1507 1868 1629 1922 Hac
1656 1868 1950 1921 resurrectio
1977 1867 2142 1937 prima

561 1975 654 2020 est.
676 1963 864 2019 Beatus
892 1973 940 2018 et
963 1974 1166 2018 sanctus
1193 1972 1286 2027 est,
1309 1961 1394 2030 qui
1419 1961 1564 2014 habet
1588 1960 1640 2013 in
1669 1960 1763 2012 hac
1789 1960 1951 2029 prima
1974 1975 2144 2011 resur-

561 2056 779 2110 rectione
807 2065 1017 2123 partem.
1047 2053 1114 2108 In
1151 2054 1260 2108 istis
1285 2052 1506 2107 secunda
1531 2067 1664 2106 mors
1696 2067 1798 2105 non
1827 2051 1975 2104 habet
2003 2060 2142 2119 pote-

557 2156 775 2213 statem;
800 2148 889 2201 sed
908 2156 1051 2202 erunt
1073 2147 1354 2204 sacerdotes
1374 2144 1470 2199 Dei
1496 2154 1543 2198 et
1564 2143 1768 2207 Christi,
1795 2152 1840 2197 et
1867 2143 2143 2212 regnabant

560 2256 678 2294 cum
703 2255 760 2294 eo
785 2239 925 2294 mille
950 2241 1096 2294 annis
1127 2239 1310 2308 (Apoc.
1340 2254 1406 2291 xx
1429 2279 1442 2299 ,
1473 2236 1615 2305 1-6).
1647 2235 1748 2302 Qui
1782 2243 1997 2304 propter
2027 2234 2142 2289 hmo

560 2330 722 2402 hujus
772 2333 891 2388 libri
941 2332 1099 2387 verba
1149 2333 1372 2402 primam
1415 2329 1859 2385 resurrectionem
1910 2328 2138 2382 futuram

557 2425 811 2495 suspicati
838 2434 963 2507 suqt
989 2423 1321 2495 corporalem
1341 2465 1357 2492 ,
1400 2423 1540 2477 inter
1563 2429 1757 2477 caetera
1779 2422 2012 2478 maxime
2037 2437 2141 2476 nu-

557 2532 712 2573 mero
730 2533 990 2593 anporum
1013 2517 1161 2574 mille
1182 2517 1408 2587 permoti
1431 2523 1576 2582 sunt,
1599 2523 1848 2585 tanquam
1869 2522 2141 2584 oporteret

558 2609 613 2662 in
642 2589 857 2664 sanctis
869 2624 934 2664 eo
963 2609 1123 2663 modo
1149 2609 1316 2662 veluti
1347 2607 1476 2662 tanti
1519 2606 1776 2677 temporis
1808 2605 1923 2660 ﬁeri
1949 2605 2140 2661 sabba-

557 2698 798 2766 tismum,
827 2701 1107 2754 vacatione
1141 2699 1344 2755 scilicet
1373 2707 1553 2753 sancta
1585 2706 1706 2769 post
1731 2697 1940 2756 labores
1967 2713 2138 2755 anno-

554 2809 675 2850 rum
701 2811 797 2852 sex
823 2795 1067 2856 millium,
1094 2809 1161 2850 ex
1187 2810 1292 2864 quo
1316 2802 1526 2849 creatus
1549 2801 1632 2849 est
1655 2794 1842 2859 homo,
1873 2802 1929 2848 et
1956 2793 2139 2862 magni

555 2886 697 2942 illius
727 2887 927 2956 peccati
966 2886 1158 2941 merito
1205 2885 1259 2940 in
1299 2885 1455 2954 hujus
1497 2885 1834 2942 mortalitatis
1873 2900 2138 2940 mmmnas

554 2977 626 3034 de
655 2977 880 3047 paradisi
911 2977 1163 3032 felicitate
1191 2977 1439 3032 dimissus
1479 2986 1561 3031 est
1580 3017 1596 3042 ,
1626 2985 1681 3031 ut
1715 2976 1962 3046 quoniam
1999 2976 2137 3032 scri-

557 3075 706 3136 ptum
747 3076 857 3130 est,
890 3066 1034 3122 Unus
1058 3067 1164 3122 dies
1192 3066 1330 3136 apud
1355 3065 1632 3120 Dominum
1660 3069 1786 3120 sicut
1814 3067 1951 3122 mille
1991 3066 2133 3134 anni,

554 3168 601 3213 et
630 3159 768 3213 mille
796 3158 917 3211 anni
942 3158 1072 3212 sicut
1101 3158 1207 3212 dies
1235 3175 1366 3211 unus
1396 3157 1414 3230 (
1439 3157 1480 3212 ll
1506 3157 1647 3212 Petr.
1675 3174 1752 3224 ιιι,
1781 3157 1886 3229 8),
1919 3173 2009 3214 sex
2037 3176 2134 3215 an-

555 3264 745 3305 norum
768 3248 1000 3303 millibus
1022 3257 1270 3318 tanquam
1291 3263 1386 3304 sex
1405 3248 1589 3303 diebus
1612 3249 1861 3318 impletis,
1881 3259 2135 3320 sequatur

555 3341 701 3395 velut
728 3339 932 3394 sabbati
962 3340 1219 3407 septimus
1259 3340 1312 3394 in
1350 3340 1503 3393 annis
1534 3339 1678 3396 mille
1717 3342 2034 3409 postremis,
2066 3343 2133 3398 ad

555 3431 657 3488 hoc
704 3430 909 3486 scilicet
970 3431 1246 3486 sabbatum
1307 3429 1682 3486 celebrandum
1735 3433 2132 3502 resurgentibus

549 3524 772 3579 sanctis.
816 3522 951 3593 Quae
996 3519 1175 3591 opinio
1219 3530 1361 3576 esset
1408 3532 1694 3592 utcumque
1725 3522 2054 3590 tolerabilis,
2087 3525 2132 3578 si

549 3615 742 3686 aliqum
785 3615 990 3670 deliciae
1031 3615 1333 3686 spirituales
1379 3615 1433 3669 in
1474 3615 1564 3669 illo
1609 3615 1827 3670 sabbato
1871 3615 2132 3672 adfutura:

549 3706 751 3762 sanctis
797 3721 892 3776 per
937 3706 1146 3760 Domini
1199 3707 1531 3776 prmsentiam
1581 3707 1945 3762 crederentur.
1996 3705 2130 3765 Nam

547 3798 712 3852 etiam
743 3811 840 3852 nos
865 3798 968 3851 hoc
992 3797 1192 3866 opinati
1218 3797 1413 3852 fuimus
1438 3797 1723 3867 aliquando
1749 3795 1846 3871 (a).
1877 3793 1982 3853 Sed
2006 3815 2128 3856 cum

548 3901 645 3942 eos
670 3887 758 3957 qui
805 3896 928 3943 tunc
957 3889 1374 3953 resurrexerint,
1403 3889 1580 3943 dicant
1609 3889 2130 3949 iminoderatissimis

547 3980 852 4035 carnalibus
878 3982 1049 4050 epulis
1080 3991 1358 4036 vacaturos
1378 4022 1393 4048 ,
1437 3981 1489 4036 in
1517 3983 1708 4052 quibus
1738 3985 1887 4040 cibus
1914 3985 1983 4039 sit
2011 3995 2130 4040 tan-

546 4079 636 4125 tus
655 4084 717 4125 ac
739 4078 914 4140 potus,
935 4079 992 4125 ut
1011 4085 1115 4125 non
1137 4071 1310 4127 solum
1333 4072 1528 4126 nullam
1553 4071 1865 4128 modestiam
1887 4084 2124 4144 teneant,

544 4161 644 4217 sed
687 4162 905 4217 modum
947 4175 1157 4232 quoque
1201 4163 1366 4231 ipsius
1413 4164 1794 4219 incredulitatis
1823 4167 2123 4223 excedant:

543 4252 692 4306 nullo
721 4253 880 4308 modo
925 4254 1020 4307 ista
1066 4263 1290 4322 possunt
1318 4253 1420 4308 nisi
1461 4270 1490 4309 a
1520 4255 1824 4310 carnalibus
1863 4257 2027 4312 credi.
2061 4257 2126 4313 lli

541 4351 723 4398 autem
749 4345 839 4413 qui
868 4345 1166 4414 spirituales
1192 4355 1335 4412 sunt,
1366 4345 1497 4400 istos
1523 4346 1621 4399 ista
1642 4347 1918 4402 credentes
1939 4357 2125 4402 xim-

538 4440 656 4497 στάς
676 4436 940 4506 appellant
965 4451 1143 4507 grtcco
1162 4436 1452 4503 vocabulo;
1481 4453 1635 4507 quos,
1658 4439 1877 4494 verbum
1903 4457 1934 4496 e
1955 4443 2120 4497 verbo

540 4525 941 4595 exprimentes,
994 4541 1092 4582 nos
1137 4541 1422 4595 possumus
1453 4519 1726 4582 ll-lilliarios
1782 4545 2107 4601 nuncupare.

541 4616 648 4673 Eos
673 4627 854 4674 autem
880 4619 1094 4689 longum
1126 4622 1207 4673 est
1235 4619 1478 4675 refellere
1505 4611 1572 4673 ad
1601 4619 1838 4691 singula;
1884 4623 1977 4678 sed
2018 4640 2118 4694 po-

539 4705 673 4776 tius,
721 4708 1168 4778 quemadmodum
1201 4709 1480 4780 Scriptura
1527 4707 1642 4766 hazc
1679 4711 1984 4781 accipienda
2024 4716 2115 4783 sit,

531 4793 646 4869 jam
672 4797 928 4854 debemus
957 4798 1261 4855 ostendere.
1515 4791 1518 4798 ’

603 4889 660 4944 2.
705 4890 794 4944 Ait
834 4891 949 4960 ipse
989 4891 1244 4948 Dominus
1269 4890 1423 4948 Jesus
1465 4891 1727 4960 Christus,
1759 4893 1926 4951 Nemo
1961 4905 2122 4968 potest

529 4976 741 5034 introire
767 4981 820 5034 in
849 4983 1052 5035 domum
1080 4982 1246 5053 fortis,
1274 4995 1319 5037 et
1344 4998 1464 5038 vasa
1483 4984 1592 5054 ejus
1627 4987 1836 5055 eripere,
1861 4988 1954 5041 nisi
1983 4990 2122 5056 prius

529 5071 812 5142 alligaverit
841 5073 1022 5142 fortem
1043 5071 1231 5145 (Marc.
1263 5090 1342 5141 ιιι,
1369 5074 1463 5146 27)
1495 5093 1508 5128 :
1540 5076 1805 5132 diabolum
1828 5081 2008 5134 volens
2040 5082 2120 5136 in-

529 5161 695 5233 telligi
721 5161 932 5229 fortem,
963 5163 1084 5233 quia
1106 5164 1218 5234 ipse
1241 5179 1408 5236 genus
1429 5165 1720 5220 humanum
1749 5169 1916 5237 potuit
1937 5178 2118 5228 tenere

527 5255 832 5324 captivum;
859 5269 981 5310 vasa
1005 5269 1132 5310 vero
1159 5255 1291 5326 ejus,
1323 5272 1440 5326 quae
1466 5255 1639 5313 fuerat
1667 5269 1967 5328 erepturus,
1988 5262 2118 5318 ﬁde-

527 5347 608 5403 les
639 5363 765 5404 suos
807 5349 1029 5415 futuros,
1070 5362 1202 5418 quos
1245 5348 1333 5404 ille
1361 5350 1414 5403 in
1445 5349 1668 5405 diversis
1697 5353 1926 5420 peccatis
1956 5363 2116 5426 atque

525 5440 889 5512 impiatatibus
912 5442 1230 5512 possidebat.
1254 5441 1324 5498 Ut
1347 5457 1475 5514 ergo
1499 5442 1808 5513 alligaretur
1825 5444 1910 5501 hic
1935 5446 2111 5517 fortis,

591 5553 610 5585 ί
636 5553 777 5620 Εᾶίῑί,
795 5554 963 5604 datum
979 5561 1048 5605 est
1070 5552 1202 5620 illis,
1229 5559 1277 5620 et
1297 5553 1479 5605 animus
1515 5552 1782 5606 occisorum
1805 5563 2016 5620 propter.
2042 5561 2115 5609 Sic

527 5615 671 5686 plane
697 5616 894 5686 Vulgata
913 5625 965 5665 et
980 5630 1139 5686 graeca
1168 5619 1315 5686 lectio
1338 5626 1476 5686 Apoc.
1501 5631 1588 5667 xx.
1611 5615 1828 5669 Attamen
1853 5615 2113 5686 manuscri-

525 5678 595 5740 pti
635 5690 806 5727 omnes
850 5678 934 5743 hic
951 5678 1193 5741 omittunt,
1215 5678 1312 5743 illis
1334 5693 1350 5737 ;
1374 5678 1687 5743 habentque,
1712 5685 1766 5730 Et
1789 5679 1963 5731 anima:
1983 5681 2106 5731 occi-

520 5745 696 5856 gpiiggg’
709 5747 904 5859 :cgt‘qufi
922 5740 1046 5790 hanc
1069 5740 1220 5802 ipsam
1241 5741 1501 5792 lectionem
1525 5740 1746 5806 exponet
1755 5751 1929 5806 postea
1950 5753 2111 5807 Augu-

523 5857 677 5967 Μ
690 5857 834 5968 signa
867 5862 1036 5912 videre
1071 5871 1148 5914 est
1177 5866 1228 5915 in
1249 5878 1398 5918 sem,
1423 5866 1534 5929 εὕρ,
1559 5869 1642 5933 qui
1659 5867 1777 5920 alias
1799 5879 1866 5920 ex
1893 5868 2107 5920 sumam

2111 6043 2178 6089 ei

1621 462 1714 522 DE
1749 459 2070 521 CIVITATE
2109 456 2245 532 DEI,
2284 458 2344 514 S.
2373 459 2738 520 AUGUSTINI
2872 455 2883 463 ’
3635 467 3710 524 668

2249 582 2527 645 propterea
2555 577 2686 632 vidit
2722 578 2822 633 iste
2852 576 3121 648 apostolus
3157 578 3212 632 in
3241 579 3522 649 Apocalypsi
3545 583 3715 654 atng

2248 666 2623 722 descendentem
2651 668 2714 722 de
2738 668 2861 724 caelo
2877 710 2893 734 ,
2921 668 3174 722 habentem
3197 667 3374 722 clauem
3392 669 3552 740 abyssi,
3569 683 3606 727 st
3621 685 3715 728 ate-

2247 778 2366 814 nam
2406 762 2458 814 in
2495 778 2651 814 manu
2678 778 2789 815 sua.
2831 759 2901 815 Et
2940 761 3115 830 tenuit,
3144 761 3328 830 inquit,
3361 761 3589 815 draconem
3618 764 3718 818 ills-

2247 860 2523 932 serpentem
2551 852 2830 921 antiquum,
2875 852 2960 921 qui
2985 852 3355 922 cognominatus
3392 862 3457 906 est
3489 853 3667 908 diabolus
3689 868 3720 909 ει

2246 953 2450 997 satanas
2471 985 2486 1009 ,
2532 951 2578 998 et
2624 944 2850 1016 alligavit
2887 959 2999 998 eum
3043 945 3179 998 mille
3225 944 3386 1009 annis,
3410 944 3501 1002 hoc
3532 956 3612 1012 est,
3644 948 3723 1016 ejus

2247 1044 2564 1106 potestatem
2591 1037 2657 1091 ab
2681 1037 2758 1092 eis
2781 1035 3098 1092 seducendis
3118 1051 3184 1092 ac
3210 1035 3536 1108 possidendis,
3559 1038 3629 1107 qui
3648 1038 3723 1093 lue-

2247 1137 2368 1182 rant
2412 1127 2693 1194 liberandi,
2721 1127 2959 1182 cohibuit
2985 1138 3143 1198 atque
3188 1126 3422 1182 frenavit.
3457 1127 3575 1182 Mille
3604 1141 3725 1182 autem

2247 1222 2372 1275 anni
2402 1221 2608 1276 duobus
2635 1221 2805 1276 modis
2834 1229 3078 1290 possunt,
3107 1229 3361 1291 quantum
3395 1219 3510 1274 mihi
3531 1222 3726 1286 occurrit,

2246 1315 2465 1385 intelligi
2502 1334 2514 1368 ι
2545 1325 2635 1370 aut
2659 1317 2780 1386 quia
2808 1317 2859 1370 in
2881 1316 3080 1370 ultimis
3115 1315 3274 1370 annis
3303 1315 3438 1370 mille
3461 1314 3545 1368 ista
3573 1316 3730 1385 resagi-

2247 1416 2353 1477 tur,
2392 1409 2444 1464 id
2473 1417 2575 1476 est,
2604 1418 2761 1465 sexto
2803 1423 3065 1464 annorum
3105 1407 3357 1463 milliaria
3391 1416 3601 1476 tauquam
3631 1419 3732 1461 sexto

2246 1503 2353 1569 die,
2382 1502 2532 1572 cujus
2553 1517 2694 1558 nunc
2722 1503 2889 1573 spatia
2911 1502 3205 1572 posteriora
3233 1501 3531 1562 volvuntur;
3555 1509 3733 1554 secuturi

2247 1593 2439 1649 deinde
2483 1595 2722 1660 sabbato,
2769 1593 2911 1665 quod
2952 1608 3056 1648 non
3101 1592 3266 1648 habet
3308 1606 3574 1662 vesperam,
3605 1592 3735 1661 requie

2246 1687 2450 1742 scilicet
2469 1697 2791 1752 sanctorum,
2834 1702 2952 1758 qum
2991 1701 3097 1741 non
3142 1685 3309 1741 habet
3348 1684 3495 1738 ﬁnem
3523 1703 3534 1738 :
3559 1690 3606 1738 ut
3629 1683 3737 1752 hujus

2247 1781 2480 1836 milliarii
2517 1789 2764 1851 tanquam
2794 1780 2900 1836 diei
2929 1779 3280 1834 novissimam
3323 1786 3528 1848 partem,
3554 1793 3644 1849 qua:
3674 1793 3735 1832 re-

2247 1874 2494 1928 manebat
2522 1874 2539 1904 ⁸
2566 1888 2732 1943 usque
2777 1871 2844 1926 ad
2887 1871 3177 1926 terminum
3223 1870 3423 1933 saeculi,
3463 1869 3586 1924 mille
3619 1882 3739 1922 sonte

2246 1967 2622 2038 appellaverit;
2655 1981 2719 2019 eo
2740 1965 2992 2034 loquendi
3015 1962 3204 2030 modo,
3231 1976 3336 2033 quo
3362 1976 3476 2031 pars
3492 1959 3738 2032 signiﬁcatu

2247 2079 2277 2118 a
2307 2071 2419 2118 toto
2443 2079 2456 2116 :
2488 2067 2578 2115 aut
2605 2068 2752 2114 certe
2781 2057 2927 2112 mille
2951 2071 3122 2112 annos
3152 2071 3253 2126 pro
3279 2055 3429 2110 annis
3450 2053 3650 2109 omnibus
3671 2051 3738 2106 liu-

2241 2156 2329 2225 jus
2355 2152 2536 2208 saeculi
2568 2153 2777 2222 posuit;
2807 2160 2863 2205 ut
2889 2149 3124 2220 perfecto
3163 2161 3388 2203 numero
3415 2155 3643 2202 notaretur
3662 2146 3737 2214 ipsa

2245 2244 2500 2315 temporis
2550 2242 2839 2312 plenitudo.
2871 2241 3198 2294 Millenarius
3233 2240 3423 2308 quippe
3448 2253 3656 2293 numerus
3675 2236 3735 2290 de-

2245 2337 2380 2394 narii
2398 2336 2603 2392 numeri
2624 2333 2936 2406 quadratum
2958 2331 3192 2388 solidum
3211 2330 3402 2386 reddit.
3425 2330 3590 2384 Decem
3604 2327 3735 2398 quippe

2243 2427 2423 2484 decies
2446 2426 2623 2492 ducta,
2655 2425 2788 2480 fiunt
2810 2432 3060 2488 centum;
3090 2438 3213 2494 quae
3229 2424 3339 2493 jam
3362 2423 3516 2491 ﬁgura
3534 2420 3736 2491 quadrata,

2242 2519 2342 2576 sed
2377 2519 2532 2590 plana
2571 2526 2654 2574 est
2677 2519 2719 2572 ³.
2751 2515 2825 2574 Ut
2869 2525 3046 2570 autem
3080 2515 3136 2570 in
3177 2513 3501 2570 altitudinem
3530 2520 3682 2584 surgat,
3703 2520 3738 2568 et

2241 2612 2411 2668 solida
2459 2615 2565 2676 liat,
2598 2626 2782 2664 rursus
2821 2618 3033 2662 centum
3073 2607 3258 2662 decies
3301 2606 3677 2677 multiplicantur.
3701 2613 3739 2660 et

2243 2703 2389 2756 mille
2411 2713 2551 2757 sunt.
2589 2703 2760 2755 Porro
2782 2701 2823 2756 si
2847 2709 3061 2754 centum
3084 2700 3206 2768 ipsa
3235 2715 3331 2770 pro
3361 2698 3652 2754 universitate
3673 2697 3738 2750 ali-

2242 2796 2454 2867 quando
2502 2804 2800 2866 ponuntur,
2843 2795 2999 2864 quale
3045 2793 3183 2848 illud
3228 2802 3331 2858 est,
3388 2792 3517 2863 quod
3559 2791 3738 2846 Dominus

2241 2889 2420 2944 omnia
2445 2903 2538 2942 sua
2556 2885 2836 2941 dimittenti
2853 2895 2905 2940 et
2926 2901 3047 2940 eum
3070 2884 3321 2955 sequenti
3334 2884 3572 2954 promisit,
3591 2881 3737 2946 dicens,

2239 2980 2460 3050 Accipiet
2507 2980 2559 3033 in
2598 2980 2690 3032 hoc
2732 2977 2915 3032 sreculo
2955 2976 3251 3046 centuplum
3297 2973 3506 3048 (Matth.
3542 2989 3632 3034 nx,
3664 2971 3737 3032 29;

2243 3071 2407 3125 Marc.
2441 3086 2498 3136 χ,
2523 3070 2622 3142 ,50)
2648 3087 2660 3123 :
2685 3067 2828 3138 quod
2866 3081 3139 3138 exponens
3171 3064 3550 3138 quodammodo
3575 3064 3737 3134 Aposto-

2238 3161 2343 3228 lus,
2371 3161 2463 3224 ait,
2496 3161 2652 3227 Quasi
2683 3159 2812 3213 nihil
2854 3158 3107 3224 habentes,
3133 3169 3187 3212 et
3215 3162 3385 3213 omnia
3419 3157 3674 3228 possidentes
3693 3152 3735 3220 (ll

2239 3253 2353 3307 Cor.
2385 3269 2457 3317 vr,
2487 3252 2609 3322 l0);
2637 3253 2757 3322 quia
2781 3260 2834 3305 et
2863 3260 2985 3304 ante
3015 3248 3089 3322 (a)
3104 3250 3223 3320 jam
3244 3251 3438 3305 dictum
3461 3259 3577 3313 erat,
3599 3245 3737 3300 Fidelis

2239 3345 2454 3401 hominis
2494 3354 2626 3400 totus
2678 3343 2893 3398 mundus
2932 3343 3225 3397 divitiarum
3268 3352 3385 3399 est:
3413 3353 3589 3413 quanto
3625 3339 3738 3407 magis

2238 3439 2383 3495 mille
2428 3454 2526 3511 pro
2585 3439 2924 3494 universitate
2973 3449 3281 3508 ponuntur,
3325 3437 3414 3492 ubi
3460 3444 3533 3489 est
3570 3431 3740 3486 solidius

2236 3532 2402 3601 ipsius
2448 3530 2681 3586 denaria}
2722 3528 3095 3600 quadratum?
3123 3527 3284 3584 Unde
3324 3544 3418 3583 nec
3462 3523 3572 3581 illud
3608 3520 3740 3577 melius

2235 3623 2564 3694 intelligitur,
2596 3621 2738 3693 quod
2778 3618 2831 3676 in
2876 3619 3087 3676 Psalmo
3117 3621 3317 3693 legitur
3351 3640 3364 3674 :
3395 3618 3573 3673 Memor
3608 3614 3682 3686 [ait
3708 3612 3740 3662 in

2234 3716 2474 3770 secutum
2506 3714 2783 3769 testamenti
2828 3712 2926 3778 sui,
2974 3712 3106 3768 verbi
3145 3711 3290 3783 quod
3330 3709 3569 3765 mandavit
3585 3707 3626 3760 in
3647 3701 3740 3756 neu

2234 3808 2575 3879 generationes
2597 3801 2766 3875 (Psal.
2797 3819 2901 3867 Civ,
2933 3803 3011 3871 8),
3054 3803 3106 3857 id
3131 3813 3236 3868 est,
3271 3804 3323 3858 in
3365 3815 3557 3857 omnes.

2305 3899 2356 3953 5.
2390 3895 2454 3951 Et
2485 3898 2614 3954 misit
2644 3895 2811 3961 illum,
2840 3896 3027 3966 inquit,
3051 3895 3102 3948 in
3124 3895 3406 3965 abyssum:
3438 3893 3595 3961 utique
3609 3885 3739 3942 diabo-

2232 3991 2343 4047 lum
2386 3992 2529 4046 misit
2563 3991 2614 4044 in
2663 3991 2935 4062 abyssum.
2978 3988 3093 4056 Quo
3136 3986 3357 4041 nomine
3402 3981 3654 4054 signiﬁcata
3686 3983 3740 4029 est

2232 4081 2514 4136 multitudo
2543 4079 2946 4135 innumerabilis
2975 4077 3284 4148 impiorum,
3319 4089 3533 4146 quorum
3564 4071 3610 4124 in
3635 4063 3738 4121 mali-

2229 4173 2429 4242 gnitate
2449 4171 2703 4226 adversus
2727 4170 3018 4224 Ecclesium
3043 4167 3133 4222 Dei
3165 4168 3392 4222 multum
3413 4158 3636 4235 profunda
3654 4162 3738 4208 sunt

2229 4263 2392 4319 corda
2421 4281 2433 4316 :
2468 4259 2719 4331 nonquia
2743 4261 2814 4315 ibi
2843 4259 3088 4314 diabolus
3110 4268 3240 4313 ante
3261 4271 3367 4312 non
3391 4262 3500 4311 erat
3520 4267 3534 4319 ;
3557 4246 3633 4305 sed
3655 4243 3736 4299 ideo

2230 4355 2424 4409 dicitur
2449 4354 2574 4408 illuc
2603 4353 2819 4419 missus,
2841 4351 2963 4421 quia
2993 4349 3246 4404 exclusus
3283 4363 3314 4402 a
3341 4341 3640 4402 credentibus
3657 4334 3738 4404 plus

2229 4445 2392 4515 coepit
2420 4443 2611 4515 impios
2661 4441 2951 4512 possidere.
3003 4439 3129 4495 Plus
3177 4452 3407 4507 namque
3451 4429 3737 4506 possidetur:

2228 4536 2461 4602 diabolo,
2511 4533 2601 4606 qui
2649 4550 2757 4589 non
2794 4533 2968 4588 solum
3011 4531 3278 4596 alienatus
3305 4539 3385 4585 est
3410 4544 3438 4581 a
3465 4527 3576 4588 Deo,
3601 4529 3735 4573 verum

2227 4625 2387 4686 etiam
2412 4629 2574 4698 gratis
2603 4627 2716 4684 odit
2741 4625 3035 4680 servientes
3065 4624 3198 4679 D‘eo.
3227 4623 3297 4676 Et
3322 4619 3510 4684 clausit,
3538 4613 3734 4684 inquito!

2227 4721 2440 4791 signavit
2480 4734 2630 4788 super
2654 4735 2788 4784 eum,
2815 4727 2868 4770 ut
2883 4717 2993 4785 jam
3019 4732 3120 4769 non
3154 4715 3405 4769 seduceret
3433 4718 3598 4783 gentes,
3623 4705 3732 4756 άοιιεε

2227 4815 2470 4884 ﬁniantur
2509 4812 2645 4865 mille
2671 4809 2812 4863 anni.
2853 4807 3045 4864 Clausit
3087 4825 3242 4875 super
3267 4823 3396 4871 eum,
3439 4801 3611 4856 dictum
3646 4801 3730 4851 est.

2227 4904 2500 4961 interdixit
2541 4905 2589 4957 ci
2634 4917 2699 4957 ne
2745 4901 2914 4972 possit
2959 4901 3128 4966 exire,
3160 4887 3214 4953 id
3243 4906 3344 4957 est.
3375 4894 3570 4950 vetitum
3604 4896 3728 4941 trans-

2225 4998 2394 5070 gredi.
2448 4996 2680 5069 Signavit
2734 5003 2950 5059 autem,
2996 4991 3139 5064 quod
3197 4990 3412 5054 addidit,
3472 4981 3727 5070 signiﬁcasse

2225 5068 2356 5146 mihi
2388 5068 2614 5154 videtur,
2646 5090 2766 5160 quia
2811 5087 3078 5142 occultum
3121 5101 3240 5140 esse
3289 5083 3460 5142 voluit.
3498 5077 3572 5147 qui
3604 5068 3724 5160 Pel‘i'

2226 5191 2386 5238 neant
2409 5182 2474 5236 ad
2503 5159 2705 5250 partem
2745 5179 2962 5242 diaboli,
2994 5187 3048 5232 et
3084 5179 3173 5246 qui
3205 5189 3309 5230 non
3347 5159 3724 5250 pertineant.

2223 5275 2417 5346 quippe
2444 5248 2720 5327 insmculo
2746 5271 2848 5326 isto
2877 5273 3094 5339 prorsus
3119 5268 3282 5322 latet:
3313 5265 3426 5335 quia
3449 5269 3496 5317 et
3518 5257 3593 5328 qui
3611 5248 3717 5306 vide-

2287 5432 2304 5462 ι
2333 5436 2399 5479 Ita
2419 5435 2527 5478 Mss.
2553 5433 2610 5476 At
2631 5427 2766 5484 editi,
2797 5421 3074 5474 remanebit.
3493 5482 3499 5484 _
3556 5472 3582 5484 ,γ
3604 5463 3680 5484 ω

2285 5493 2308 5554 '_
2325 5466 3220 5554 iB’ininiéﬁ'rli’oidHW'ibea,
3243 5491 3407 5554 ἀνιά

2286 5528 2453 5629 («illi
2470 5528 3270 5629 iiaiiaiifsiig'ﬁaiéﬁﬁ
3280 5528 3421 5629 ἓξὲξ
3441 5528 3714 5629 ἫῈῆ

2222 5601 2362 5670 sicuti
2387 5601 2549 5667 visum
2581 5621 2660 5663 est
2694 5601 2790 5661 non
2824 5601 3036 5671 nemini,
3190 5606 3432 5671 superiora,

2220 5723 2526 5800 δέξῗάἶοῖίῶ
2549 5723 2686 5800 inita
2705 5723 2958 5800 summoue
2979 5736 3028 5783 in
3051 5731 3329 5800 Proverbiis»
3371 5723 3708 5800 ίξῖίίξῗςλίξξςιῌζ

2357 5846 2588 5912 ciuilia-1i
2616 5846 2866 5908 ClEmenté
2891 5846 3226 5912 Alexandrino,
3250 5851 3325 5900 tm.

3451 5903 3538 5959 te.
3557 5913 3596 5949 η.
3616 5895 3675 5944 ιθ.
