3882 6396
45 494 160 553 669

40 620 137 667 sur
172 617 342 680 stare,
371 617 548 668 utrum
585 612 656 670 sit
675 625 894 672 casurus
917 631 933 683 ;
959 625 1013 672 et
1048 616 1138 688 qui
1167 613 1372 675 videtur
1404 618 1584 690 jacere
1606 662 1623 691 ,

37 711 232 760 utrum
263 705 334 760 sit
373 713 733 773 surrecturus,
780 708 1041 765 incertum
1088 719 1186 767 est.
1226 711 1308 766 Ab
1346 712 1425 768 eis
1454 721 1632 768 autem

34 799 301 869 gentibus
335 798 653 855 seducendis
681 799 836 871 hujus
861 800 1124 858 interdicti
1154 805 1365 861 vinculo
1393 813 1447 860 et
1483 805 1632 860 clau-

35 899 168 944 stro
204 888 452 944 diabolus
497 889 806 960 prohibetur
843 901 1001 962 atque
1028 893 1322 961 cohibetur,
1356 909 1488 966 quas
1515 910 1636 966 per.

41 981 288 1036 tinentes
326 980 394 1036 ad
433 978 702 1037 Christum
748 982 1036 1039 seducebat
1071 993 1248 1052 antea,
1275 985 1359 1040 vel
1399 987 1631 1043 tenebat.

39 1071 162 1126 llas
211 1072 356 1128 enim
411 1071 550 1127 Deus
598 1071 758 1145 elegit
801 1084 926 1129 ante
969 1075 1153 1130 mundi
1201 1077 1635 1134 constitutionem

35 1175 248 1216 eruere
267 1162 334 1216 de
354 1170 615 1232 potestate
640 1163 977 1219 tenebrarum
1001 1163 1213 1237 (Ephcs.
1235 1181 1274 1231 ι,
1296 1167 1377 1237 4),
1400 1176 1456 1224 et
1475 1177 1638 1225 trans-

41 1250 204 1306 ferre
231 1251 286 1306 in
310 1265 531 1322 regnum
559 1253 677 1308 Filii
707 1255 980 1310 charitatis
1005 1271 1116 1311 suae
1148 1258 1166 1289 ⁸
1194 1255 1413 1330 (Coloss.
1437 1272 1475 1325 ι,
1505 1258 1595 1329 15)
1618 1300 1635 1326 ,

39 1344 198 1397 sicut
253 1343 538 1414 Apostolus
594 1345 687 1400 ait.
764 1345 896 1401 Nam
952 1347 1206 1403 seducere
1250 1348 1399 1404 illum
1454 1356 1638 1420 gentes

43 1436 223 1490 etiam
247 1451 406 1502 nunc,
437 1444 494 1492 et
528 1448 708 1493 secum
754 1438 966 1495 trahere
1011 1439 1062 1494 in
1103 1449 1356 1496 aeternam
1387 1453 1632 1512 pinnam,

45 1526 154 1582 sed
180 1541 285 1582 non
316 1527 716 1598 prmdestinatas
742 1529 796 1584 in
821 1539 1074 1586 aeternam
1104 1533 1289 1600 vitam,
1321 1533 1439 1604 quis
1467 1532 1637 1590 ﬁdelis

47 1620 310 1690 ignorati
337 1619 444 1676 Nec
489 1631 741 1690 moveat,
781 1622 921 1693 quod
961 1637 1103 1694 saepe
1145 1624 1383 1682 diabolus
1433 1625 1638 1682 seducit

45 1713 224 1767 etiam
249 1712 386 1778 illos,
413 1713 502 1783 qui
525 1713 634 1782 jam
659 1715 955 1785 regenerati
977 1715 1033 1770 in
1059 1714 1290 1785 Christo,
1321 1718 1431 1774 vias
1460 1718 1638 1789 ingre-

47 1803 277 1859 diuntur
319 1804 436 1860 Dei.
475 1801 632 1860 Novit
671 1805 814 1862 enim
855 1806 1105 1863 Dominus
1143 1811 1228 1880 qui
1282 1819 1397 1865 sunt
1434 1813 1542 1882 ejus
1571 1807 1640 1884 (il

53 1893 200 1950 Tim.
227 1911 284 1962 ιι,
315 1897 405 1968 l9)
435 1915 449 1952 :
479 1910 546 1953 ex
576 1897 658 1952 his
685 1898 737 1953 in
762 1908 1016 1956 aeternam
1047 1901 1443 1958 damnationem
1465 1903 1637 1958 nemi-

47 2002 192 2050 nem
229 1987 320 2044 ille
345 1987 571 2044 seducit.
616 1988 707 2045 Sic
761 1991 903 2046 enim
947 1993 1093 2047 novit
1132 2007 1226 2048 eos
1255 1993 1531 2062 Dominus,
1580 2004 1639 2051 ut

52 2079 226 2146 Deus,
251 2091 408 2149 quem
429 2080 557 2136 nihil
578 2081 707 2137 latet
725 2083 884 2138 etiam
905 2082 1230 2152 futurorum;
1253 2101 1359 2142 non
1379 2095 1437 2142 ut
1455 2085 1636 2156 homo,

42 2171 153 2241 qui
174 2170 440 2226 hominem
463 2172 530 2227 ad
559 2187 797 2244 presens
835 2175 978 2231 videt
1003 2175 1070 2244 (si
1099 2184 1275 2232 tamen
1299 2177 1463 2247 videt,
1489 2178 1638 2248 cujus

43 2277 158 2319 cor
195 2278 298 2318 non
331 2263 517 2334 videt),
563 2266 734 2336 qualis
762 2277 940 2323 autem
968 2276 1151 2338 postea
1178 2271 1248 2326 sit
1276 2269 1507 2338 futurus,
1537 2287 1641 2329 nec

45 2369 124 2409 se
148 2358 316 2425 ipsum
343 2355 505 2411 videt.
537 2355 617 2411 Ad
646 2356 750 2413 hoc
785 2368 914 2429 ergo
951 2357 1144 2430 ligatus
1184 2370 1264 2416 est
1290 2359 1553 2426 diabolus,
1587 2370 1641 2418 et

47 2446 296 2503 inclusus
340 2447 396 2503 in
430 2447 645 2520 abysso,
694 2458 752 2504 ut
788 2449 898 2520 jam
945 2464 1049 2506 non
1079 2451 1297 2508 seducat
1334 2462 1541 2524 gentes,
1574 2465 1640 2510 ex

42 2539 252 2608 quibus
275 2549 485 2596 constat
506 2541 763 2608 Ecclesia,
790 2555 923 2612 quas
949 2550 1104 2598 antea
1131 2543 1378 2600 seductas
1405 2543 1637 2610 tenebat,

43 2639 344 2700 antequam
388 2639 533 2687 esset
573 2631 832 2688 Ecclesia.
881 2633 991 2689 Nec
1035 2634 1176 2689 enim
1221 2635 1420 2690 dictum
1449 2642 1548 2700 est,
1583 2645 1643 2691 ut

49 2735 173 2776 non
198 2720 472 2779 seduceret
496 2723 766 2794 aliquem;
797 2723 914 2790 sed,
943 2732 996 2777 ut
1024 2739 1122 2778 non
1149 2725 1423 2792 seduceret,
1447 2727 1636 2796 inquit,

55 2813 169 2878 iam
209 2821 414 2882 gentes;
452 2812 505 2867 in
533 2813 724 2884 quibus
752 2813 1048 2870 Ecclesiam
1074 2813 1256 2883 procul
1279 2813 1441 2870 dubio
1477 2813 1642 2870 voluit

61 2902 498 2972 intelligizdonec
541 2905 803 2974 ﬁniantur,
842 2906 1029 2976 inquit,
1076 2903 1216 2961 mille
1259 2908 1401 2974 anni,
1446 2907 1498 2962 id
1535 2913 1637 2974 est,

49 2996 320 3065 autquod
346 3006 586 3053 remanet
609 2997 677 3054 de
718 3005 869 3054 sexto
907 2999 1014 3065 die,
1057 2997 1145 3068 qui
1171 3006 1380 3054 constat
1403 3013 1469 3054 ex
1495 2999 1642 3055 mille

53 3088 215 3144 annis
240 3105 255 3156 ;
284 3096 375 3144 aut
417 3104 604 3147 omnes
644 3093 792 3162 anni,
821 3091 1013 3163 quibus
1046 3093 1298 3165 deinceps
1339 3093 1442 3150 hoc
1467 3106 1639 3150 siccu-

61 3181 172 3236 lum
201 3183 557 3253 peragendum
584 3192 686 3241 est.

129 3275 184 3328 4.
210 3274 317 3331 Nec
340 3277 418 3331 sic
441 3276 806 3348 accipiendum
829 3286 911 3334 est
935 3279 1078 3349 quod
1099 3281 1191 3346 ait,
1223 3290 1278 3335 ut
1305 3295 1403 3336 non
1431 3279 1641 3338 seduce-

57 3377 132 3422 ret
147 3367 262 3436 jam
283 3377 470 3438 gentes,
500 3369 656 3424 donec
672 3370 914 3440 finiantur
933 3371 1072 3428 mille
1093 3373 1216 3428 antri
1233 3387 1254 3439 ,°
1282 3373 1432 3444 quasi
1455 3381 1640 3445 postea

57 3455 372 3514 seducturns
399 3459 470 3514 sit
494 3474 586 3516 eas
607 3459 865 3515 duntaxat
888 3472 1096 3532 gentes,
1124 3479 1190 3520 ex
1213 3464 1404 3535 quibus
1429 3464 1640 3534 praede-

53 3550 252 3604 stinata
278 3559 486 3606 constat
527 3551 780 3616 Ecclesia,
813 3567 842 3606 a
869 3557 1060 3626 quibus
1085 3556 1396 3612 seducendis
1441 3558 1532 3612 illo
1559 3567 1642 3614 est

52 3637 273 3696 vinculo
296 3642 630 3713 claustroque
657 3642 974 3713 prohibitus.
1006 3647 1111 3704 Sed
1149 3657 1237 3702 aut
1265 3648 1352 3704 illa
1378 3648 1642 3705 locutione

46 3735 258 3789 dictum
299 3746 402 3800 est,
429 3751 546 3806 quae
589 3736 642 3792 in
689 3736 980 3812 Scripturis
1021 3741 1298 3812 aliquoties
1334 3741 1638 3810 invenitur,

45 3828 230 3898 qualis
247 3837 328 3883 est
347 3829 400 3882 in
417 3829 643 3893 Psaimo,
668 3829 756 3886 Sic
774 3835 908 3890 oculi
927 3835 1080 3888 nostri
1100 3834 1166 3888 ad
1185 3833 1456 3889 Dominum
1473 3833 1643 3888 Deum

49 3930 306 3995 nostrum,
347 3922 502 3974 donec
528 3924 820 3982 misereatur
853 3912 1010 3982 nostri
1031 3926 1200 3997 (Psal.
1235 3942 1398 3992 cxxn,
1425 3925 1520 3996 2);
1551 3941 1645 3982 ne-

47 4037 166 4092 que
193 4021 336 4076 enim
363 4037 483 4078 cum
510 4015 759 4078 misertus
784 4020 960 4086 fuerit,
992 4034 1099 4074 non
1118 4027 1274 4074 erunt
1297 4015 1437 4074 oculi
1461 4033 1645 4073 servo—

51 4129 179 4168 rum
206 4115 320 4184 ejus
361 4113 428 4168 ad
458 4115 735 4169 Dominum
786 4114 951 4169 Deum
999 4126 1151 4166 suum
1184 4127 1199 4164 :
1228 4117 1320 4165 aut
1363 4119 1508 4165 certe
1543 4109 1646 4166 iste

53 4214 147 4261 est
171 4204 304 4260 ordo
327 4205 630 4272 verborum,
658 4205 723 4259 Et
755 4205 957 4269 clausit,
988 4211 1036 4258 et
1066 4203 1278 4273 signauit
1311 4218 1462 4272 super
1490 4217 1604 4256 eum
1625 4243 1641 4269 ,

54 4296 223 4349 donec
238 4296 482 4365 ﬁniantur
537 4297 675 4351 mille
710 4298 870 4362 anni;
897 4295 1039 4366 quod
1067 4309 1193 4348 vero
1230 4293 1565 4363 interposuit,
1591 4301 1646 4346 ut

54 4403 166 4441 non
213 4387 468 4444 seducere!
499 4392 614 4461 jam
653 4399 842 4460 gentes,
874 4389 947 4443 ita
993 4401 1053 4443 se
1089 4386 1268 4452 habet,
1300 4397 1358 4440 ut
1382 4387 1450 4440 ab
1487 4385 1646 4456 hujus

54 4477 269 4533 ordinis
291 4480 620 4534 connexione
645 4481 715 4533 sit
740 4479 987 4543 liberum,
1033 4486 1086 4532 et
1110 4490 1326 4532 seorsus
1350 4475 1648 4546 intelligen-

56 4569 214 4635 dum,
242 4570 383 4624 velut
411 4571 454 4626 si
490 4580 609 4640 post
643 4571 946 4635 adderetur,
994 4579 1052 4624 ut
1078 4569 1156 4624 sic
1202 4583 1260 4623 se
1289 4567 1508 4622 haberet
1539 4575 1645 4622 tota

53 4661 347 4728 sententia,
388 4661 457 4716 Et
490 4661 689 4727 clausit,
727 4671 775 4716 et
801 4661 1012 4732 signavit
1054 4676 1204 4731 super
1229 4675 1367 4723 eum,
1397 4659 1554 4712 donec
1579 4657 1647 4727 fi-

55 4753 274 4806 niantur
314 4753 450 4808 mille
493 4753 636 4819 anni,
672 4761 725 4806 ut
767 4768 870 4806 non
903 4753 1155 4813 seduceret
1190 4751 1305 4820 jam
1351 4758 1562 4820 gentes;
1593 4746 1646 4804 id

54 4851 169 4908 est,
217 4842 336 4898 ideo
375 4844 582 4911 clausit,
609 4843 780 4900 donec
807 4842 1055 4898 ﬁniantur
1094 4841 1241 4897 mille
1285 4839 1431 4907 anni,
1461 4849 1518 4894 ut
1536 4839 1646 4910 jam

59 4949 179 4990 non
207 4933 479 4991 seduceret
506 4945 712 5005 gentes.

103 5026 330 5083 CAPUT
369 5025 502 5081 Vili.
530 5057 600 5067 —
621 5025 701 5080 De
725 5025 1020 5094 alligatione
1042 5032 1090 5077 et
1131 5021 1376 5077 solutione
1403 5022 1610 5076 diaboli.

142 5119 198 5172 1.
223 5117 346 5173 Post
375 5120 500 5185 tunc,
533 5119 717 5188 inquit,
747 5125 939 5188 oportet
977 5132 1090 5171 eum
1115 5115 1238 5169 solvi
1263 5113 1395 5167 brevi
1430 5123 1650 5182 tempore

66 5212 259 5282 (Apoc.
301 5228 397 5280 χι,
429 5212 503 5282 5).
555 5210 611 5266 Si
641 5210 743 5266 hoc
783 5219 866 5265 est
893 5207 1103 5264 diabolo
1148 5206 1294 5276 ligari
1334 5212 1389 5260 et
1417 5204 1644 5271 includi,

65 5303 365 5360 Ecclesium
391 5316 494 5358 non
522 5316 677 5372 posse
715 5301 1008 5365 seducere;
1040 5297 1155 5352 haec
1180 5311 1307 5366 ergo
1332 5298 1434 5351 erit
1459 5295 1651 5351 solutio

63 5400 208 5470 ejus,
239 5407 298 5455 ut
325 5397 532 5468 possit?
559 5396 714 5452 Absit
741 5413 753 5448 :
781 5408 1046 5464 nunquam
1079 5390 1220 5446 enim
1248 5389 1314 5444 ab
1339 5389 1431 5443 illo
1461 5389 1649 5443 Eccle-

67 5493 150 5548 sia
177 5490 458 5547 seducetur
483 5489 854 5560 praedestinata
883 5495 938 5540 et
965 5486 1132 5540 electa
1162 5490 1283 5535 ante
1313 5481 1492 5534 mundi
1522 5495 1649 5534 con-

67 5583 420 5646 stitutionem,
462 5581 529 5635 de
556 5595 659 5649 qua
697 5579 894 5632 dictum
933 5586 1036 5642 est,
1084 5572 1240 5630 Novit
1282 5571 1532 5626 Dominus
1570 5571 1654 5639 qui

65 5687 188 5732 sunt
229 5677 338 5746 ejus
379 5675 446 5746 (ll
489 5677 620 5729 'l'im.
668 5689 726 5738 ιι,
762 5671 848 5741 l9)
881 5688 892 5722 :
925 5681 980 5724 et
1008 5682 1179 5724 tamen
1212 5668 1296 5723 hic
1326 5667 1468 5721 erit’
1496 5665 1652 5718 etiam

136 5791 155 5822 ³
191 5793 258 5838 tta
282 5787 448 5851 plures
469 5786 630 5849 proba:
662 5791 790 5833 notae
822 5782 1144 5842 manuscripti.
1170 5787 1225 5830 Al
1249 5779 1383 5838 editi,
1421 5773 1655 5828 claritatis

68 5863 329 5972 “gradui,
352 5920 397 5962 et
417 5918 570 5961 tantm
595 5908 672 5957 hic
696 5905 785 5956 erit
813 5902 1036 5958 Ecclesia.
1053 5913 1166 5963 Vox,
1188 5901 1414 5962 Ecclesia,
1437 5901 1528 5951 hoc
1551 5899 1654 5950 loco

70 5989 171 6030 non
196 5984 275 6040 est
296 5976 345 6025 in
368 5971 716 6032 manuscripts.

1364 501 1569 564 LIBER
1606 497 1985 566 VlGESlMUS.

3205 523 3311 584 670

1742 626 1835 684 illo
1874 633 2138 699 tempore,
2182 643 2290 701 quo
2325 627 2610 690 solvendus
2652 640 2736 690 est
2775 627 3037 705 diabolus,
3081 636 3217 692 sicut
3243 650 3313 694 ex

1737 731 1843 788 quo
1870 725 1954 775 est
1995 718 2254 789 instituta,
2300 717 2386 778 hic
2432 721 2527 778 fuit
2555 730 2610 780 et
2637 717 2739 780 erit
2777 723 2918 782 omni
2969 737 3224 796 tempore,
3257 727 3313 783 in

1739 811 1848 866 suis
1871 811 2049 882 utique
2069 813 2160 882 qui
2179 815 2467 870 succedunt
2489 814 2756 871 nascendo
2780 811 3145 873 morientibus.
3173 817 3305 874 Nam

1739 902 1896 972 paulo
1926 910 2046 972 post
2064 902 2208 971 dicit,
2240 903 2377 975 quod
2404 906 2605 962 solutus
2639 905 2880 963 diabolus
2906 905 3150 964 seductas
3175 924 3310 978 gen-

1742 1005 1824 1053 tes
1861 1005 1973 1052 toto
2017 995 2146 1053 orbe
2174 1004 2434 1054 terrarum
2471 993 2700 1056 attrahet
2751 1000 2804 1054 in
2833 1000 3029 1056 bellum
3057 999 3312 1056 adversus

1741 1104 1878 1156 eam,
1912 1104 2135 1160 quorum
2164 1089 2395 1144 hostium
2437 1107 2689 1147 numerus
2719 1089 2820 1146 erit
2845 1101 2900 1146 ut
2941 1106 3100 1147 arena
3130 1089 3312 1146 maris.

1743 1180 1810 1236 Et
1837 1183 2183 1249 ascenderunt,
2214 1183 2400 1253 inquit,
2433 1200 2581 1252 super
2607 1193 2751 1239 teme
2780 1183 3114 1252 latitudinem,
3141 1193 3187 1239 et
3211 1185 3317 1238 cin-

1740 1286 1920 1329 xerunt
1957 1286 2124 1329 castra
2151 1285 2459 1342 sanctorum,
2497 1285 2543 1331 et
2579 1276 2814 1331 dilectam
2842 1277 3087 1332 civitatem
3113 1293 3132 1333 :
3159 1287 3204 1333 et
3228 1275 3315 1334 de-

1741 1367 1929 1422 scendit
1954 1367 2083 1437 ignis
2111 1367 2172 1420 de
2197 1366 2318 1422 cmlo
2338 1385 2368 1422 a
2398 1365 2527 1435 Deo,
2548 1379 2594 1423 et
2623 1367 2832 1422 comedit
2873 1386 2955 1424 eos
2980 1385 3000 1424 :
3023 1378 3069 1424 et
3089 1369 3317 1424 diabolus

1741 1460 1826 1531 qui
1861 1459 2118 1515 seducebat
2143 1477 2245 1522 eos,
2278 1460 2458 1515 missus
2503 1471 2574 1516 est
2616 1459 2667 1514 in
2695 1470 2930 1532 stagnant
2971 1461 3100 1534 ignis
3129 1470 3174 1517 et
3211 1459 3319 1516 sul-

1745 1551 1938 1622 phuris,
1963 1553 2048 1608 ubi
2075 1563 2122 1608 et
2146 1554 2300 1609 bestia
2325 1565 2372 1609 et
2399 1555 2833 1627 pseudopmpheta
2862 1559 2878 1590 ⁸
2904 1574 2918 1624 ;
2947 1567 2994 1612 et
3023 1555 3322 1612 cruciabun-

1744 1651 1824 1698 tur
1850 1639 1930 1697 die
1955 1661 2012 1698 ac
2042 1653 2184 1700 nocte
2210 1646 2261 1699 in
2285 1645 2468 1700 saecula
2494 1647 2790 1701 sceculorum
2819 1647 2998 1720 (Apoc.
3025 1665 3114 1712 xx,
3140 1643 3318 1717 8-10).

1745 1733 1848 1793 Sed
1878 1736 1979 1793 hoc
2000 1737 2110 1808 jam
2138 1731 2204 1792 ad
2227 1738 2481 1808 judicium
2528 1740 2870 1794 novissimum
2900 1740 3148 1810 pertinet,
3177 1736 3321 1808 quod

1743 1844 1884 1884 nunc
1933 1838 2210 1899 propterea
2258 1829 2780 1885 commemorandum
2829 1830 3044 1900 putavi,
3092 1845 3160 1883 ne
3199 1827 3321 1899 quis

1743 1922 2009 1978 existimet
2031 1938 2095 1977 eo
2120 1926 2236 1992 ipso
2265 1938 2425 1992 parvo
2446 1933 2702 1992 tempore,
2731 1937 2836 1992 quo
2864 1921 3099 1977 solvetur
3126 1919 3314 1976 diabo-

1744 2011 1848 2082 lus,
1880 2014 1933 2069 in
1957 2011 2056 2068 hac
2084 2022 2223 2068 terra
2247 2011 2535 2069 Ecclesium
2558 2029 2663 2068 non
2694 2012 2944 2080 futuram,
2977 2003 3066 2067 illo
3093 2010 3177 2066 hic
3201 2025 3320 2065 eam

1743 2106 1828 2162 vel
1847 2120 1953 2161 non
1982 2105 2300 2170 inveniente,
2323 2121 2442 2160 cum
2466 2105 2622 2160 fuerit
2638 2106 2862 2171 solutus,
2887 2106 2967 2160 vel
2988 2103 3322 2171 absumentc,

1745 2213 1866 2254 cum
1909 2197 2066 2254 fuerit
2115 2193 2286 2252 modis
2333 2195 2578 2252 omnibus
2629 2205 2956 2266 persecutus.
2989 2185 3102 2248 Non
3149 2193 3326 2262 itaque

1746 2304 1841 2359 per
1868 2298 2035 2344 totum
2063 2288 2164 2343 hoc
2189 2287 2415 2358 templis,
2447 2283 2587 2358 quod
2627 2286 2758 2342 liber
2783 2289 2882 2342 iste
2907 2285 3277 2354 complectitur
3300 2323 3318 2350 ,

1745 2396 1774 2435 a
1819 2381 1990 2450 primo
2043 2377 2244 2435 scilicet
2296 2378 2526 2433 adventu
2581 2375 2775 2433 Christi
2829 2391 2997 2448 usque
3042 2375 3094 2430 in
3144 2373 3327 2429 saeculi

1746 2473 1927 2538 ﬁnem,
1973 2486 2079 2542 quo
2104 2470 2206 2527 erit
2244 2470 2510 2526 secundus
2534 2471 2648 2540 ejus
2675 2469 2953 2536 adventus,
2983 2470 3051 2524 ita
3082 2465 3326 2523 diabolus

1745 2563 2010 2636 alligatur,
2043 2571 2100 2618 ut
2125 2563 2240 2633 ejus
2265 2557 2378 2617 inec
2403 2559 2516 2632 ipsa
2542 2561 2610 2616 sit
2638 2553 2888 2631 alligatio,
2920 2575 3015 2630 per
3041 2551 3140 2614 hoc
3166 2559 3329 2613 inter-

1745 2656 1963 2722 vallum,
1995 2653 2136 2724 quod
2180 2649 2325 2709 mille
2365 2667 2626 2707 annorum
2673 2667 2896 2729 numero
2936 2651 3186 2719 appellat,
3219 2663 3327 2703 non

1747 2746 2000 2801 seducere
2018 2741 2310 2800 Ecclesiam
2336 2760 2351 2810 ;
2384 2739 2810 2814 quandoquidem
2835 2741 2976 2796 illam
2994 2754 3093 2794 nec
3123 2739 3327 2794 solutus

1747 2837 1927 2906 utique
1949 2836 2261 2892 seducturus
2286 2843 2387 2891 est.
2415 2833 2545 2888 Nam
2574 2832 2810 2904 profecto
2839 2831 2884 2887 si
2908 2831 2957 2887 ei
2987 2826 3190 2901 alligari
3216 2839 3319 2894 est,

1747 2944 1851 2983 non
1895 2944 2051 3000 posse
2099 2929 2373 2994 seducere,
2423 2928 2536 2982 sive
2577 2941 2683 2981 non
2735 2925 3007 2996 permitti;
3051 2921 3176 2991 quid
3221 2923 3328 2977 erit

1747 3018 1900 3084 solvi,
1945 3019 2044 3073 nisi
2075 3033 2230 3088 posse
2272 3017 2546 3082 seducere,
2573 3016 2683 3071 sive
2707 3013 2983 3086 permitti?
3010 3013 3162 3082 Quod
3189 3011 3328 3068 absit

1746 3121 1806 3167 ut
1846 3111 1935 3166 ﬁat
1965 3129 1979 3164 :
2007 3107 2101 3167 sed
2126 3111 2358 3182 alligatio
2387 3109 2602 3176 diaboli,
2646 3119 2726 3165 est
2769 3122 2872 3162 non
2904 3107 3138 3176 permitti
3168 3120 3326 3161 exer-

1745 3219 1871 3262 cere
1895 3205 1918 3237 ¹
1945 3212 2108 3259 totam
2136 3202 2502 3269 tentationcm,
2527 3217 2682 3270 quam
2713 3209 2883 3269 potest
2911 3198 2993 3254 vel
3023 3198 3069 3251 vi
3090 3196 3174 3252 vel
3200 3195 3327 3252 dolo

1747 3296 1812 3353 ad
1855 3291 2182 3351 seduccndos
2225 3291 2498 3358 homines,
2544 3291 2597 3345 in
2652 3299 2854 3359 partem
2899 3303 3049 3342 suam
3091 3283 3328 3357 cogendo

1746 3389 2022 3452 violenter,
2057 3385 2482 3441 lrauduienterve
2519 3378 2768 3438 fallendo.
2802 3379 2953 3450 Quod
2984 3380 3028 3435 si
3059 3379 3330 3450 permitte-

1746 3493 1892 3538 retur
1919 3482 1973 3536 in
2003 3489 2107 3535 tam
2131 3478 2288 3549 longo
2319 3487 2556 3548 tempore
2582 3486 2636 3531 et
2679 3484 2822 3530 tanta
2850 3473 3156 3528 inﬁrmitate
3185 3470 3326 3524 mul-

1748 3584 1942 3642 torum,
1973 3572 2227 3644 plurimos
2269 3570 2438 3637 tales,
2469 3569 2654 3640 quales
2697 3566 2834 3620 Deus
2877 3563 2931 3619 id
2974 3562 3177 3634 perpeti
3219 3574 3325 3615 non

1746 3665 1878 3733 vult,
1906 3673 1962 3720 et
1987 3663 2166 3719 ﬁdeles
2195 3661 2464 3732 dejiceret,
2505 3668 2559 3714 et
2588 3674 2654 3714 ne
2690 3657 2971 3713 crederent
2999 3652 3280 3724 impediret
3308 3669 3326 3708 :

1748 3758 1886 3832 quod
1915 3775 1982 3813 ne
2010 3758 2223 3824 laceret,
2255 3754 2501 3826 alligatus
2528 3760 2630 3808 est.

1817 3851 1874 3906 2.
1915 3849 2063 3905 Tunc
2097 3856 2270 3903 autem
2303 3845 2538 3901 solvetur
2557 3885 2571 3909 ,
2601 3841 2814 3915 quando
2843 3850 2897 3897 et
2927 3840 3090 3896 breve
3120 3848 3331 3910 tempus

1749 3941 1870 3996 erit.
1905 3937 2035 3994 Nam
2068 3936 2237 3992 tribus
2265 3936 2419 3990 annis
2456 3943 2512 3990 et
2546 3949 2640 3989 sex
2680 3931 2953 3987 mensibus
2988 3930 3178 4002 legitur
3206 3929 3334 3984 totis

1748 4033 1860 4089 suis
1883 4041 2208 4100 Suorumque
2233 4027 2432 4082 viribus
2451 4025 2730 4080 saeviturus
2757 4023 2830 4095 (a)
2868 4041 2879 4076 :
2913 4031 2966 4077 et
2999 4023 3132 4076 tales
3151 4029 3329 4084 erunt,

1749 4133 1872 4177 eum
1912 4119 2102 4192 quibus
2135 4119 2214 4182 ,ei
2267 4113 2684 4187 belligerandum
2740 4123 2858 4178 est,
2906 4121 2966 4167 ut
3003 4112 3142 4166 vinci
3180 4119 3330 4166 tanto

1750 4213 1865 4284 ejus
1898 4213 2099 4282 impetu
2137 4208 2447 4278 insidiisque
2487 4222 2594 4261 non
2626 4205 2850 4275 possint.
2892 4201 2948 4256 Si
2986 4210 3161 4256 autem
3191 4214 3330 4254 nun-

1750 4319 1908 4376 quam
1937 4304 2264 4366 SOlveretur,
2301 4299 2474 4354 minus
2512 4304 2788 4367 appareret
2830 4293 2944 4363 ejus
2974 4293 3202 4362 maligna
3230 4306 3329 4361 po-

1751 4395 1916 4451 tentia
1941 4435 1955 4460 ,
2001 4395 2173 4448 minus
2216 4397 2411 4446 saneta
2449 4385 2682 4443 civitatis
2730 4383 3033 4440 ﬁdelissima
3077 4378 3330 4451 patientia

1749 4485 2099 4558 probaretur;
2131 4483 2305 4536 minus
2331 4479 2559 4548 denique
2587 4476 3000 4546 perspiceretur,
3030 4486 3188 4558 quam
3219 4483 3330 4524 ma.

1750 4557 1856 4651 guo
1876 4573 1990 4645 ejus
2014 4573 2155 4631 malo
2179 4576 2283 4627 tam
2307 4571 2442 4626 bene
2461 4567 2619 4624 fuerit
2645 4580 2772 4621 usus
2792 4561 3138 4632 Omnipotens
3157 4557 3181 4592 ⁸
3202 4577 3218 4613 :
3241 4558 3332 4629 qui

1751 4685 1874 4728 eum
1921 4685 2020 4726 nec
2057 4667 2274 4723 omnino
2318 4661 2534 4720 abstulit
2579 4675 2609 4714 a
2656 4656 2945 4714 tentatione
2989 4660 3330 4718 sanctorum,

1750 4761 1992 4836 quamvis
2026 4759 2094 4815 ab
2134 4771 2320 4814 eorum
2356 4751 2696 4810 interioribus
2725 4745 3028 4803 hominibus
3056 4742 3235 4836 ‘,Aubi
3278 4739 3331 4794 in

1751 4834 1917 4913 ﬁcum
1944 4849 2198 4915 creditur,
2231 4847 2374 4902 foras
2402 4844 2623 4899 missum
2645 4883 2660 4907 ,
2687 4849 2744 4894 ut
2774 4838 3068 4906 forinsecus
3093 4834 3210 4902 ejus
3233 4845 3329 4899 op-

1752 4945 2074 5018 pugnatione
2103 4939 2457 5010 proficerent;
2501 4943 2554 4987 et
2595 4932 2650 4986 in
2679 4930 2757 4984 eis
2799 4927 2888 4999 qui
2929 4933 3052 5018 sunt
3085 4938 3154 5018 ex
3187 4929 3335 5018 parte

1752 5013 1954 5110 ipsius,
1989 5033 2253 5105 alligavit,
2297 5043 2364 5084 ne
2408 5034 2659 5097 quantam
2704 5029 2882 5092 posset
2924 5013 3250 5110 effundenda
3282 5021 3336 5068 et

1753 5104 2052 5187 exercendo
2073 5104 2350 5188 malitiam,
2374 5114 2784 5174 innumerabiles
2804 5111 3040 5167 inﬁrmos
3059 5123 3124 5163 ex
3146 5104 3335 5176 quibus

1756 5219 2050 5280 Ecclesium
2073 5212 2412 5286 multiplicari
2440 5219 2494 5267 et
2518 5206 2723 5278 impleri
2751 5201 3044 5275 oportebat,
3067 5198 3200 5252 alios
3219 5209 3334 5249 cre-

1820 5401 1838 5432 ¹
1873 5397 2012 5459 aditi,
2053 5401 2102 5448 et
2143 5385 2585 5459 pseudoprophetis.
2628 5381 2924 5442 astigantur
2959 5387 3024 5424 ex
3065 5370 3330 5423 mussri-

1757 5469 2096 5590 w:.Plgrique
2115 5525 2243 5590 ᾔδε’)
2520 5569 2650 5590 tu...“
2707 5571 2826 5590 mu.
2870 5571 2895 5590 ῃ
2919 5555 3152 5590 manuum-ﬁ

1825 5552 1843 5618 ξ
1875 5552 3265 5644 Abessa_293a.e.eai?%9"mi

1823 5616 1845 5679 lt
2615 5616 2786 5694 verius
2817 5616 2932 5694 editi
2969 5616 3327 5694 aliietjjna'nu;

1758 5671 2586 5760 ωιῖὶῐῆνέῆιέῖξῗνῖὸἆέ
2613 5671 2786 5760 silit—dit
2810 5674 3198 5760 Augustinus

1759 5799 1931 5884 ἵὲἓῖἶῖἒ
1946 5799 2777 5885 ἑὲἐέοἳρὶὲνῑ’ῥέἶξῆἓὲάὶιῇἠε1υδβίι
2789 5799 3063 5885 ξηρᾷ-θριξςά
3084 5799 3356 5856 homine“.

2025 5869 2240 5938 tibialia
2603 5869 2828 5948 cordibus
2846 5869 3028 5948 cistris.

1828 5927 2626 6018 iii'EiSii-T'idaﬁiisripéwyisun,
2650 5947 2755 5995 cap.
2780 5946 2851 5993 χι,
2874 5929 2923 5993 7.
2947 5927 3000 5977 2.
