3826 6492
499 445 593 509 iiii
1564 462 1649 518 DE
1685 462 2001 521 CIVITATE
2038 465 2172 537 DEI,
2203 466 2261 524 S.
2301 466 2661 527 AUGUSTINI
3660 483 3746 542 επ

504 564 707 622 dituros
735 613 746 634 ,
778 574 911 630 alios
938 574 1046 647 jam
1075 577 1384 646 credentes,
1418 594 1447 634 a
1486 580 1588 637 ﬁde
1616 582 1825 651 pietatis
1854 582 1952 639 hos
1979 583 2078 638 de-

504 661 760 734 terreret,
794 669 892 726 hos
927 669 1225 745 frangeret;
1254 683 1304 728 et
1333 673 1503 729 solvet
1531 674 1548 705 ¹
1579 674 1629 728 in
1660 676 1765 730 ﬁne
1788 717 1801 742 ,
1835 688 1890 731 ut
1917 688 2080 747 quam

503 756 696 813 fortem
721 760 1081 818 adversarium
1113 764 1203 819 Dei
1229 766 1412 820 civitas
1453 768 1815 835 superaverit,
1844 785 1963 823 cum
1990 771 2075 824 in-

509 850 651 917 genti
680 852 846 921 gloria
876 856 957 910 sui
997 856 1348 926 redemptoris
1370 892 1387 926 ν
1419 858 1672 927 adjutoris
1692 900 1706 924 ,
1746 860 2075 929 liberatoris,

526 941 759 1009 aspiciat.
788 945 841 1000 In
868 964 1050 1002 eorum
1077 964 1225 1015 sane,
1252 950 1341 1019 qui
1373 958 1496 1003 tunc
1522 951 1678 1004 futuri
1704 959 1844 1016 sunt,
1873 962 2081 1007 sancto-

509 1054 626 1093 rum
645 1048 799 1107 atque
822 1038 1054 1093 ﬁdelium
1070 1042 1461 1109 comparatione
1476 1042 1596 1111 quid
1616 1038 1832 1097 sumus?
1852 1044 2079 1112 quando-

499 1128 711 1198 quidem
743 1129 806 1182 ad
840 1130 958 1183 illos
988 1131 1285 1200 probandos
1322 1140 1500 1186 tantus
1530 1134 1765 1187 solvetur
1793 1134 2037 1189 inimicus
2059 1176 2074 1202 ,

497 1236 620 1274 cum
644 1236 746 1291 quo
768 1236 864 1275 nos
890 1222 1049 1293 ligato
1078 1224 1233 1277 tantis
1256 1225 1503 1293 periculis
1526 1225 1860 1280 dimieamus.
1884 1230 2078 1293 Quam-

498 1315 577 1368 vis
601 1314 774 1369 ethoc
805 1316 1055 1383 temporis
1077 1316 1355 1370 intervallo
1373 1317 1631 1386 quosdam
1662 1318 1859 1373 milites
1879 1319 2075 1374 Christi

500 1413 608 1461 tam
634 1405 922 1474 prudentes
942 1416 995 1461 et
1020 1406 1185 1461 fortes
1206 1407 1368 1463 fuisse
1392 1417 1549 1479 atque
1572 1423 1710 1474 esse,
1733 1426 1835 1465 non
1858 1410 2075 1466 dubium

496 1506 617 1562 est,
656 1507 712 1551 ut
751 1499 907 1552 etiam
954 1500 998 1554 si
1043 1509 1163 1554 tunc
1210 1502 1260 1554 in
1312 1502 1409 1556 ista
1458 1504 1777 1559 mortalitate
1815 1505 2072 1572 viverent,

494 1587 709 1658 quando
736 1588 825 1643 ille
844 1589 1097 1655 solvetur,
1126 1605 1313 1646 omnes
1344 1592 1561 1649 insidias
1589 1594 1705 1665 ejus
1725 1603 1883 1665 atque
1906 1596 2074 1666 impe-

496 1681 583 1730 tus
611 1685 666 1730 et
693 1686 943 1732 caverent
970 1680 1387 1749 sapientissime,
1420 1691 1475 1737 et
1504 1684 1886 1753 patientissime
1913 1686 2077 1742 susti-

493 1775 703 1821 nerent.

567 1856 619 1911 5.
662 1857 787 1912 Ητοο
808 1868 983 1915 autem
1004 1862 1237 1933 alligatio
1262 1864 1461 1921 diaboli
1489 1882 1595 1923 non
1621 1869 1791 1924 solum
1814 1871 1948 1926 facta
1971 1880 2071 1939 est,

494 1962 561 2003 ex
585 1964 690 2019 quo
719 1953 883 2029 coepit
912 1953 1150 2009 Ecclesia
1181 1966 1376 2026 praeter
1402 1959 1639 2015 Judaaam
1670 1970 1864 2016 terram
1893 1964 1944 2017 in
1976 1980 2072 2019 na-

493 2039 665 2094 tiones
693 2042 825 2097 alias
853 2044 1086 2115 aliasque
1125 2037 1371 2115 dilatari;
1414 2051 1509 2106 sed
1537 2052 1696 2107 etiam
1728 2068 1867 2108 nunc
1898 2055 1987 2119 ﬁt,
2020 2064 2074 2111 et

492 2133 583 2188 ﬁet
601 2151 766 2206 usque
781 2136 848 2191 ad
866 2141 1148 2195 terminum
1172 2142 1373 2209 sazculi,
1393 2160 1498 2213 quo
1517 2145 1801 2201 solvendus
1820 2156 1919 2202 est.
1940 2148 2071 2217 Quia

491 2235 547 2283 et
568 2245 708 2285 nunc
734 2230 976 2287 homines
1004 2235 1070 2288 ab
1101 2234 1441 2304 inﬁdelitate,
1469 2239 1521 2293 in
1552 2254 1655 2308 qua
1684 2240 1798 2308 ipse
1820 2256 1912 2295 eos
1943 2256 2069 2310 pos-

490 2318 720 2387 sidebat,
742 2331 1120 2379 convertuntur
1135 2326 1201 2380 ad
1224 2327 1403 2393 ﬁdem,
1418 2338 1469 2384 et
1490 2345 1657 2400 usque
1677 2332 1725 2385 in
1750 2332 1893 2386 illum
1914 2333 2071 2388 ﬁnem

493 2408 610 2464 sine
624 2409 786 2465 dubio
807 2422 1212 2470 convertentur:
1234 2426 1287 2471 et
1303 2419 1482 2488 utique
1503 2420 1784 2491 unicuique
1805 2425 1825 2453 ¹
1846 2423 1947 2477 iste
1967 2423 2072 2477 for-

489 2500 559 2554 tis
581 2508 703 2555 tune
723 2502 964 2572 alligatur
982 2546 995 2570 ,
1020 2506 1231 2575 quando
1245 2507 1423 2562 abillo
1451 2519 1697 2580 tanquam
1714 2528 1806 2567 vas
1828 2514 1943 2582 ejus
1962 2516 2069 2568 eri-

488 2589 632 2659 pitur
660 2607 672 2643 :
701 2600 755 2645 et
792 2594 1016 2663 abyssus
1058 2597 1145 2651 ubi
1188 2597 1425 2653 inclusus
1468 2610 1547 2655 est
1570 2643 1583 2666 ,
1618 2618 1721 2655 non
1754 2604 1805 2657 in
1836 2606 1913 2659 eis
1942 2622 2069 2661 con-

486 2692 693 2751 sumpta
714 2694 815 2749 est,
837 2687 1050 2755 quando
1066 2699 1187 2744 sunt
1208 2692 1421 2759 mortui,
1444 2694 1529 2762 qui
1554 2702 1676 2750 tunc
1691 2706 1842 2751 erant
1858 2701 2070 2767 quando

486 2787 607 2828 esse
632 2777 791 2845 caepit
817 2778 1086 2846 inclusus;
1114 2783 1208 2837 sed
1235 2796 1605 2842 successerunt
1628 2790 1705 2843 eis
1729 2790 1817 2844 alii
1841 2807 2067 2847 nascen-

485 2864 586 2928 do,
621 2876 777 2937 atque
819 2873 1140 2940 succedunt,
1173 2875 1341 2932 donec
1381 2878 1593 2935 ﬁniatur
1634 2881 1737 2937 hoc
1778 2887 2064 2954 szeeulum,

485 2956 571 3025 qui
607 2959 816 3014 oderint
856 2962 1219 3035 Christianos,
1270 2970 1322 3022 in
1370 2986 1593 3041 quorum
1631 2976 1885 3044 quotidie,
1924 2979 2068 3033 velut

484 3048 537 3102 in
575 3050 805 3120 abysso,
836 3056 991 3109 crecis
1034 3066 1088 3112 et
1131 3060 1406 3129 profundis
1448 3065 1696 3120 cordibus
1740 3068 2060 3125 includatur.

486 3139 674 3195 Utrum
704 3155 880 3198 autem
911 3149 1071 3202 etiam
1102 3151 1206 3207 illis
1230 3153 1431 3209 ultimis
1461 3158 1626 3212 tribus
1653 3161 1803 3213 annis
1834 3170 1886 3214 et
1915 3177 2066 3217 men-

484 3231 630 3286 sibus
659 3249 776 3301 sex,
805 3238 1018 3305 quando
1047 3241 1249 3296 solutus
1277 3246 1401 3299 totis
1429 3247 1627 3303 viribus
1656 3251 1933 3305 saeviturus
1961 3262 2062 3320 est,

481 3321 668 3390 aliquis
688 3325 735 3377 in
759 3341 857 3395 qua
876 3344 979 3383 non
1006 3330 1198 3396 fuerat,
1221 3336 1287 3388 sit
1308 3351 1618 3393 accessurus
1638 3340 1702 3393 ad
1736 3342 1910 3409 ﬁdem,
1928 3360 2062 3399 non-

482 3414 622 3469 nulla
649 3420 870 3485 quaestio
898 3431 997 3475 est.
1025 3424 1303 3491 Quomodo
1338 3431 1479 3483 enim
1506 3432 1665 3486 stabit
1691 3434 1833 3503 quod
1862 3435 2061 3491 dictum

478 3514 589 3570 est,
622 3506 745 3573 Quis
774 3511 924 3563 intrat
953 3514 1005 3567 in
1035 3516 1238 3571 domum
1268 3522 1415 3591 fortis
1435 3564 1449 3587 ,
1482 3533 1533 3575 ut
1567 3539 1684 3578 vasa
1715 3528 1823 3595 ejus
1848 3529 2057 3598 eripiat,

480 3597 573 3649 nisi
595 3602 733 3666 prius
749 3603 1025 3673 alligaverit
1043 3612 1221 3678 fortem
1238 3612 1444 3679 (Matth.
1465 3631 1553 3677 xu,
1576 3617 1645 3672 29
1661 3616 1719 3689 )‘l
1744 3620 1786 3673 si
1807 3597 1962 3676 etiam
1978 3640 2064 3677 so-

477 3687 589 3741 luto
614 3692 949 3760 eripiuntur?
979 3699 1053 3750 Ac
1076 3714 1170 3766 per
1194 3703 1291 3754 hoc
1306 3704 1372 3757 ad
1395 3704 1496 3758 hoc
1522 3687 1711 3776 cogere
1733 3710 1940 3765 videtur
1963 3715 2059 3768 ista

476 3783 757 3848 sententia,
780 3786 1124 3842 uteredamus
1146 3791 1251 3853 illo,
1277 3794 1397 3846 licet
1412 3796 1619 3865 exiguo,
1641 3808 1878 3869 tempore
1894 3807 2063 3860 nemi-

476 3884 597 3922 nem
629 3886 963 3929 accessurum
993 3893 1109 3934 esse
1139 3884 1333 3951 populo
1359 3885 1648 3941 christiano
1671 3930 1685 3955 ,
1717 3892 1809 3946 sed
1834 3908 1951 3948 eum
1976 3899 2054 3953 eis

477 3963 565 4029 qui
592 3964 699 4031 jam
723 3964 1005 4024 Christiani
1037 3976 1230 4039 reperti
1263 3975 1477 4045 fuerint,
1504 3981 1769 4037 diabolum
1803 4000 2062 4058 pugnatu-

476 4067 591 4106 rum
620 4072 631 4107 :
657 4070 719 4109 ex
743 4058 931 4127 quibus
954 4064 1156 4118 etiamsi
1182 4066 1338 4138 aliqui
1364 4071 1488 4125 victi
1508 4077 1676 4129 secuti
1700 4093 1818 4133 cum
1843 4080 2056 4151 fuerint,

475 4160 579 4198 non
603 4163 696 4202 eos
717 4150 780 4204 ad
808 4155 1237 4221 prmdestinatum
1270 4163 1494 4220 ﬁliorum
1521 4168 1612 4223 Dei
1639 4186 1915 4228 numerum
1937 4192 2059 4247 per-

476 4236 664 4294 tinere.
696 4241 878 4312 Neque
913 4250 1055 4304 enim
1088 4252 1280 4309 frustra
1314 4256 1452 4312 idem
1482 4259 1716 4319 Joannes
1747 4236 2016 4335 apostolus
2038 4312 2054 4337 ,

475 4330 647 4426 quiet
678 4334 811 4390 hanc
851 4339 1223 4415 Apoealypsim
1253 4351 1502 4419 scripsit,
1531 4354 1584 4409 in
1614 4330 1836 4426 epistola
1870 4377 1959 4417 sua
1990 4330 2057 4419 de

474 4424 787 4492 quihusdam
816 4431 963 4499 dicit,
996 4435 1076 4491 Ea:
1104 4440 1245 4494 nobis
1272 4445 1499 4500 exierunt
1518 4489 1532 4514 ,
1564 4451 1653 4503 sed
1688 4468 1787 4507 non
1826 4464 1968 4508 erant
1995 4473 2057 4512 ea:

472 4515 613 4569 nobis
644 4534 663 4571 :
692 4536 809 4575 nam
837 4526 881 4577 si
907 4526 1115 4594 fuissent
1139 4549 1201 4585 ex
1230 4536 1369 4591 nobis
1393 4579 1407 4600 ,
1440 4542 1738 4598 mansissent
1763 4547 1934 4617 utique
1959 4565 2054 4604 no-

472 4606 659 4707 fiscum
688 4612 737 4684 (ι
762 4614 917 4707 Joan.
962 4635 1030 4685 ιι,
1062 4622 1180 4695 ia).
1215 4626 1322 4682 Sed
1351 4630 1474 4699 quid
1512 4632 1602 4687 ﬁet
1636 4635 1657 4666 ι
1683 4636 1749 4691 de
1785 4606 2054 4707 parvulis?

471 4694 701 4754 Nimium
730 4705 923 4776 quippe
968 4694 1279 4769 incredibile
1309 4694 1388 4772 esi
1414 4761 1431 4787 ,
1463 4723 1635 4778 nullos
1669 4694 1797 4794 jam'
1819 4736 1971 4783 natos
1998 4740 2053 4786 et

471 4790 705 4880 nondum
755 4795 1042 4866 baptizatos
1108 4813 1466 4880 prmoccupari
1524 4815 1942 4876 Christianorum
1984 4823 2049 4876 ﬁ-

594 4880 681 4933 illo
704 4892 939 4955 tempore
965 4892 1214 4962 infantes,
1246 4901 1420 4957 nullos
1442 4905 1598 4959 etiam
1624 4909 1749 4977 ipsis
1773 4914 1916 4966 nasci
1936 4913 2045 4982 jam

469 4966 690 5034 diebus;
719 4985 809 5029 aut
834 4980 877 5031 si
908 4993 1081 5050 erunt,
1115 5003 1218 5041 non
1251 5006 1341 5045 eos
1368 5009 1397 5047 a
1423 5000 1727 5063 parentibus
1753 5004 1861 5056 suis
1883 4966 1954 5058 ad
1975 5006 2049 5059 la-

469 5072 685 5164 vacrum
743 5076 1154 5136 regenerationis
1212 5083 1372 5138 modo
1422 5102 1754 5160 quocumque
1809 5097 2046 5164 perduci.

471 5151 617 5221 Quod
646 5158 687 5210 si
720 5160 802 5215 ﬁet
827 5202 840 5225 ,
878 5179 982 5231 quo
1023 5178 1178 5235 pacto
1203 5173 1375 5229 soluto
1404 5151 1514 5245 jam
1551 5151 1763 5238 diabolo
1795 5151 1918 5239 vasa
1949 5188 2045 5242 ista

471 5246 779 5316 eripientur,
811 5253 863 5306 in
889 5257 1040 5324 cujus
1064 5259 1278 5316 domum
1309 5281 1465 5322 nemo
1492 5272 1672 5341 intrat,
1698 5283 1753 5329 ut
1779 5289 1900 5329 vasa
1930 5279 2047 5348 ejus

468 5342 676 5410 eripiat,
704 5347 800 5399 nisi
832 5351 975 5416 prius
1000 5352 1293 5424 alligaverit
1321 5364 1478 5416 eum?
1504 5364 1616 5419 lmo
1639 5381 1765 5421 vero
1792 5368 1841 5423 id
1874 5342 2046 5440 potius

466 5443 548 5486 est
574 5436 895 5494 credendum
916 5483 930 5505 ,
961 5458 1058 5498 nec
1083 5447 1171 5515 qui
1201 5449 1393 5505 cadant
1422 5454 1487 5508 de
1519 5456 1752 5513 Ecclesia
1779 5502 1791 5525 ,
1826 5436 1923 5517 nec
1952 5467 2043 5533 qui

468 5527 717 5582 accedant
748 5530 1002 5589 Ecclesiae
1030 5537 1118 5591 illo
1140 5548 1377 5611 tempore
1402 5544 1676 5604 defuturos
1706 5568 1719 5603 :
1744 5552 1838 5607 sed
1864 5527 2045 5623 proie-

586 5665 721 5747 τιιιίιζ
732 5676 1002 5747 ,ςι..λιιη,.,ηςι
1030 5676 1306 5747 solveretur.
1332 5689 1404 5732 Er.
1434 5692 1484 5735 et
1505 5692 1637 5747 Lov.,
1663 5693 1709 5738 et
1732 5687 1953 5741 solrctur.
1989 5701 2043 5745 At

462 5726 588 5814 bis}.
613 5734 655 5774 ιιι
673 5729 816 5801 suum:
838 5745 855 5779 .-
879 5726 1061 5807 scilicet
1083 5726 1493 5809 οῶιὶιῗιὸίρῆξαῖῐί
1507 5726 1637 5797 aut
1652 5726 1881 5816 ἇιῖιζᾶἱγίἶζ

576 5793 625 5834 lu
651 5790 811 5849 emus,
835 5807 1088 5854 τιηιευιιιιιϐ
1111 5758 1343 5854 ﬁdeiium.
1378 5812 1539 5854 Abest-
1565 5811 1777 5854 [idalium
1819 5829 1845 5854 ῃ
1872 5832 1881 5854 l

525 5787 557 5880 ἶ.
576 5787 1546 5880 ξὲξῖῒῗξὲῗτῗξέίζτὶετάίιαθἙάέίίἆὶιῖῗλῧὲἓὲζ
1554 5787 2042 5880 'é'bleris-

459 5855 557 5914 que
582 5855 927 5914 manuscriptis.

523 5907 545 5936 ⁸
575 5917 697 5969 Mss,
731 5911 805 5974 ﬁt.

2184 593 2270 641 eto
2301 592 2404 641 tam
2431 587 2591 643 fortes
2627 595 2782 642 erunt
2806 595 2857 643 et
2885 597 3129 658 parentes
3158 603 3258 662 pro
3284 592 3621 664 baptizandis
3639 612 3746 670 pur.

2185 678 2324 732 vulis
2338 680 2526 743 suis,et
2542 679 2593 732 hi
2609 681 2698 750 qui
2714 691 2840 735 ttmc
2853 682 3094 751 primitus
3106 685 3361 740 credituri
3381 698 3528 752 sunt,
3551 701 3605 744 ut
3620 694 3741 750 illm

2184 768 2375 824 fortem
2403 770 2616 825 vincant
2646 772 2803 826 etiam
2834 788 2941 829 non
2968 774 3188 844 ligatum
3209 818 3225 843 ,
3258 778 3311 832 id
3342 789 3429 832 est
3450 820 3466 842 ,
3495 785 3741 849 omnibus,

2185 862 2428 931 qualibus
2448 873 2602 919 antea
2627 880 2893 936 nunquam
2916 906 2933 932 ,
2961 867 3044 921 vel
3072 869 3276 923 artibus
3294 870 3659 946 insidiantem,
3678 881 3745 933 vel

2186 962 2460 1023 urgentem
2485 955 2705 1021 viribus,
2736 964 2789 1011 et
2813 957 3092 1027 vigilanter
3114 960 3435 1031 intelligant,
3465 973 3520 1018 et
3547 967 3750 1023 toleran-

2186 1053 2266 1100 ter
2286 1046 2483 1112 ferant;
2518 1062 2579 1102 ac
2608 1048 2685 1102 sic
2713 1048 2784 1102 illi
2810 1050 2968 1103 etiam
2995 1065 3100 1106 non
3131 1052 3295 1122 ligato
3319 1055 3635 1125 eripiantur.
3660 1060 3749 1116 Nec

2184 1135 2308 1192 ideo
2335 1136 2463 1191 falsa
2494 1138 2596 1192 erit
2625 1141 2930 1209 evangelica
2958 1142 3043 1195 illa
3073 1146 3364 1212 sententia,
3391 1146 3523 1212 Quis
3546 1151 3687 1204 intrat
3708 1154 3750 1205 in

2182 1231 2388 1286 domum
2412 1232 2574 1300 fortis,
2606 1242 2659 1286 ut
2678 1249 2797 1287 vasa
2817 1235 2926 1305 ejus
2956 1237 3157 1304 eripiat,
3187 1239 3290 1291 nisi
3318 1240 3465 1309 prius
3492 1242 3751 1312 alligauit

2179 1326 2405 1395 fortem?
2449 1324 2749 1381 Secundum
2797 1328 2938 1381 enim
2978 1330 3261 1383 sententia:
3301 1331 3425 1400 ejus
3458 1336 3749 1401 veritam,

2179 1417 2310 1471 ordo
2332 1418 2431 1472 iste
2456 1428 2696 1473 servatus
2720 1428 2822 1486 est,
2852 1428 2908 1474 ut
2936 1422 3081 1491 prius
3104 1422 3421 1492 alligaretur
3448 1425 3623 1494 fortis,
3649 1445 3747 1485 ere-

2178 1509 2387 1578 ptisqne
2414 1510 2555 1564 vasis
2583 1511 2719 1579 ejus,
2751 1510 2907 1581 longe
2935 1512 3148 1582 lateque
3176 1514 3227 1567 in
3252 1516 3512 1572 omnibus
3533 1521 3755 1589 gentibus

2178 1616 2242 1657 ex
2266 1603 2429 1657 ﬁrmis
2451 1613 2504 1659 et
2530 1604 2755 1658 inﬁrmis
2776 1606 2846 1659 ita
2868 1605 3317 1675 multiplicaretur
3337 1608 3605 1677 Ecclesia,
3631 1622 3683 1668 ut
3699 1630 3753 1668 ex

2176 1695 2289 1765 ipsa
2315 1713 2493 1751 rerum
2532 1697 2787 1752 divinitus
2817 1699 3187 1768 przeeictarum
3214 1710 3273 1756 et
3311 1702 3651 1773 impletarum
3679 1722 3755 1761 ro-

2176 1786 2481 1843 bustissima
2500 1788 2623 1854 ﬁde,
2643 1791 2802 1844 etiam
2824 1790 3000 1845 soluto
3020 1806 3143 1845 vasa
3167 1794 3347 1861 possit
3367 1794 3606 1851 auferre.
3628 1797 3757 1852 Sicut

2176 1881 2319 1935 enim
2351 1881 2619 1936 fatendum
2665 1891 2776 1949 est,
2806 1884 3094 1940 multorum
3143 1886 3510 1958 refrigescere
3546 1890 3753 1947 citat-ita.

2176 1978 2303 2037 tem,
2328 1986 2450 2027 cum
2489 1973 2724 2028 abundat
2751 1975 2996 2045 iniquitas
3026 1976 3252 2045 (Matth.
3278 1994 3433 2043 xnv,
3459 1980 3579 2051 ιε),
3603 1993 3653 2037 et
3685 1986 3754 2038 in~

2175 2063 2383 2118 usitatis
2408 2064 2760 2135 maximisque
2778 2068 3236 2135 persecutionibus
3248 2081 3419 2141 atque
3430 2071 3646 2131 fallaciis
3656 2078 3752 2130 dia-

2174 2153 2280 2208 boli
2303 2154 2411 2223 jam
2440 2157 2621 2223 soluti,
2647 2173 2739 2211 eos
2760 2158 2846 2228 qui
2880 2160 2932 2212 in
2965 2159 3101 2215 libro
3126 2163 3250 2216 vita:
3283 2166 3478 2235 scripti
3500 2181 3601 2221 non
3626 2180 3746 2233 sunt,

2174 2248 2374 2303 multos
2403 2264 2523 2305 esse
2550 2265 2796 2306 cessuros
2825 2267 2839 2307 :
2865 2252 2935 2306 ita
2966 2253 3310 2323 cogitandum
3340 2266 3449 2322 est,
3478 2274 3583 2313 non
3600 2263 3746 2316 solum

2172 2353 2307 2408 quos
2328 2339 2497 2396 bonos
2519 2340 2701 2397 ﬁdeles
2717 2342 2847 2397 illud
2873 2351 3080 2414 tempus
3096 2346 3359 2412 inveniet,
3378 2350 3480 2403 sed
3496 2354 3748 2406 nonnullos

2172 2431 2333 2484 etiam
2358 2432 2448 2500 qui
2472 2431 2599 2487 foris
2625 2433 2799 2489 adhuc
2824 2444 3013 2503 erunt,
3039 2436 3334 2505 adjuvante
3357 2441 3457 2495 Dei
3483 2442 3646 2511 gratia
3665 2460 3744 2513 per

2172 2524 2653 2581 considerationem
2696 2527 3088 2598 Scripturarum
3109 2572 3126 2597 ,
3169 2530 3224 2584 in
3264 2532 3472 2601 quibus
3500 2544 3555 2588 et
3586 2537 3675 2590 alia
3704 2548 3749 2591 et

2172 2614 2293 2669 ﬁnis
2318 2617 2429 2685 ipse
2452 2620 2836 2687 pramuntiatus
2857 2629 2955 2687 est,
2981 2638 3140 2692 quem
3162 2624 3355 2679 venire
3374 2626 3492 2695 jam
3518 2630 3747 2695 sentiunt,

2171 2708 2235 2762 ad
2262 2709 2584 2765 credendum
2613 2712 2754 2783 quod
2786 2729 2891 2769 non
2922 2716 3212 2771 credebant
3238 2761 3252 2785 ,
3292 2720 3506 2775 futuros
3534 2738 3650 2777 esse
3672 2724 3747 2778 tir-

2169 2800 2386 2863 miores,
2418 2811 2471 2857 et
2489 2803 2555 2857 ad
2582 2804 2899 2859 vincendum
2928 2807 3085 2860 etiam
3115 2823 3221 2863 non
3246 2808 3476 2879 ligatum
3505 2811 3746 2868 diabolum

2170 2888 2437 2946 fortiores.
2467 2894 2619 2960 Quod
2646 2895 2689 2948 si
2720 2895 2792 2950 ita
2820 2897 2949 2959 erit,
2983 2908 3269 2966 propterea
3312 2904 3657 2969 praecessisse
3680 2904 3747 2957 di-

2168 2982 2336 3037 cenda
2353 2992 2436 3037 est
2454 2984 2570 3053 ejus
2589 2985 2840 3054 alligatio,
2861 2998 2916 3042 ut
2935 2998 2984 3043 et
3010 2989 3155 3060 ligati
3182 3000 3241 3043 et
3256 2992 3424 3046 soluti
3453 2995 3745 3064 exspoliatio

2167 3082 2507 3143 sequeretur:
2523 3077 2769 3146 quoniam
2784 3077 2851 3132 de
2872 3078 2971 3133 hac
2992 3096 3049 3133 re
3069 3080 3272 3135 dictum
3292 3092 3399 3147 est,
3425 3085 3554 3149 Quis
3571 3088 3745 3139 intrabit

2166 3164 2221 3219 in
2240 3165 2444 3220 domum
2467 3169 2629 3238 fortis,
2654 3180 2708 3223 ut
2729 3187 2847 3225 vasa
2871 3173 2979 3242 ejus
3002 3175 3203 3241 eripiat,
3230 3176 3331 3228 nisi
3352 3178 3504 3245 prius
3523 3180 3739 3249 alligau-

2167 3260 2233 3314 rit
2266 3264 2443 3332 fortem
2462 3263 2488 3316 ?

2168 3368 2391 3426 CAPUT
2423 3372 2594 3426 IX.—
2614 3373 2762 3439 Quod
2786 3376 2851 3429 sit
2876 3392 3082 3446 regnum
3112 3388 3409 3432 sanctorum
3437 3397 3551 3433 cum
3573 3380 3743 3436 Christe

2238 3478 2327 3531 per
2341 3463 2479 3517 mille
2494 3480 2670 3531 annos,
2692 3474 2737 3518 et
2755 3466 2809 3519 in
2828 3484 2924 3533 quo
2945 3467 3264 3522 discernatur
3278 3487 3311 3522 a
3327 3488 3490 3540 regno
3508 3482 3701 3527 interno.

2238 3575 2288 3628 1.
2334 3574 2540 3630 Interea
2570 3577 2694 3630 dum
2736 3579 2881 3632 mille
2923 3581 3074 3633 annis
3116 3580 3310 3649 ligatus
3352 3592 3443 3637 est
3480 3585 3740 3649 diabolus,

2164 3666 2332 3719 sancti
2360 3667 2377 3697 ί
2409 3678 2632 3736 regnant
2661 3683 2779 3721 cum
2806 3667 3019 3723 Christo
3059 3671 3217 3724 etiam
3264 3673 3400 3740 ipsis
3429 3676 3575 3729 mille
3610 3676 3743 3729 annis

2162 3757 2365 3812 eisdem
2394 3759 2507 3813 sine
2536 3758 2727 3825 dubio,
2777 3769 2830 3813 et
2858 3761 3044 3815 eodem
3091 3763 3252 3815 modo
3285 3764 3673 3835 intelligendis,
3696 3766 3739 3820 id

2163 3860 2265 3915 est,
2299 3851 2399 3905 isto
2423 3852 2531 3920 jam
2567 3863 2803 3922 tempore
2839 3854 3033 3922 prioris
3060 3854 3173 3924 ejus
3202 3856 3492 3911 adventus.
3529 3860 3738 3926 Excepto

2163 3941 2474 4020 quippejllo
2495 3958 2680 4013 regno,
2713 3943 2780 3997 de
2807 3960 2911 4013 quo
2939 3946 2989 3997 in
3023 3945 3126 3998 ﬁne
3151 3946 3399 4001 dicturus
3426 3958 3530 4013 est,
3564 3948 3732 4011 Venite,
3824 3952 3826 3955 ’

2165 4033 2405 4087 benedicti
2457 4034 2625 4088 Patris
2668 4037 2799 4099 mei,
2834 4037 3082 4105 possidete
3111 4049 3349 4106 paratum
3386 4042 3524 4094 vobis
3551 4058 3732 4111 regnant

2150 4127 2372 4195 (Matth.
2392 4144 2517 4196 xxv,
2544 4129 2656 4199 54),
2686 4130 2785 4183 nisi
2816 4129 2922 4183 alio
2948 4130 3124 4199 aliquo
3149 4132 3329 4193 modo,
3363 4133 3520 4203 longe
3544 4134 3731 4204 quidem

2163 4218 2373 4288 impari,
2396 4220 2503 4287 jam
2528 4236 2667 4274 nunc
2693 4231 2975 4290 regnarent
3007 4236 3126 4275 eum
3156 4222 3247 4274 illo
3275 4226 3448 4278 sancti
3478 4226 3606 4295 ejus,
3627 4226 3731 4295 qui-

2161 4308 2260 4364 bus
2283 4311 2375 4373 ait,
2399 4310 2533 4365 Ecce
2561 4329 2651 4383 ego
2679 4315 2928 4367 vobiscum
2957 4331 3068 4367 sum
3088 4332 3246 4386 usque.
3276 4317 3330 4370 in
3360 4320 3730 4373 consummatio-

2160 4418 2273 4455 nem
2299 4404 2470 4456 swculi
2497 4402 2616 4475 (Id.
2647 4420 2833 4468 xxvnt,
2862 4405 2996 4475 20);
3024 4406 3267 4476 profecto
3293 4425 3404 4463 non
3437 4411 3588 4464 etiam
3609 4423 3730 4463 nunc

2158 4494 2425 4551 diceretur
2456 4497 2692 4552 Ecclesia
2722 4512 2940 4569 regnum
2971 4501 3105 4569 ejus,
3139 4516 3435 4571 regnumve
3459 4505 3715 4558 caelorum.

2158 4585 2289 4641 Nam
2315 4588 2494 4658 utique
2520 4589 2621 4643 isto
2650 4599 2887 4659 tempore
2915 4591 2966 4645 in
2994 4606 3157 4661 regno
3190 4592 3283 4646 Dei
3306 4595 3548 4649 eruditur
3576 4594 3720 4649 scriba

2157 4676 2282 4745 ille,
2338 4680 2427 4749 qui
2480 4680 2682 4749 profert
2736 4682 2803 4737 de
2854 4683 3103 4737 thesauro
3156 4699 3255 4737 suo
3299 4701 3434 4740 nova
3488 4698 3540 4741 et
3570 4697 3720 4741 vetera

2156 4771 2176 4838 (
2200 4770 2383 4824 Matth.
2415 4787 2539 4839 xm,
2571 4772 2639 4827 52
2661 4774 2700 4843 ),
2732 4774 2797 4828 de
2826 4790 2930 4843 quo
2958 4790 3115 4844 supra
3148 4776 3309 4831 locuti
3338 4793 3541 4833 sumus.
3573 4780 3633 4835 Et
3662 4778 3717 4833 de

2155 4863 2395 4919 Ecclesia
2439 4866 2711 4920 collecturi
2752 4878 2873 4921 sunt
2916 4869 3115 4923 zizania
3166 4886 3437 4926 messores
3489 4875 3717 4943 illi,quae

2154 4956 2393 5025 permisit
2411 4972 2529 5011 eum
2554 4958 2729 5013 tritico
2750 4960 2907 5014 simul
2926 4974 3171 5016 crescere
3186 4977 3358 5033 usque
3380 4964 3444 5018 ad
3470 4979 3679 5018 messem
3703 4979 3715 5014 τ

2154 5048 2291 5117 quod
2330 5064 2602 5118 exponens
2629 5051 2732 5114 ait,
2766 5050 2944 5105 Messis
2983 5063 3053 5107 est
3106 5054 3222 5121 ﬁnis
3264 5058 3439 5109 statuti
3463 5074 3482 5121 ;
3510 5069 3718 5110 masere

2154 5152 2318 5194 autent
2366 5142 2544 5211 Angeli
2581 5152 2717 5195 sunt.
2759 5143 2905 5197 Sicut
2944 5161 3060 5213 ergo
3099 5145 3410 5216 colliguntur
3438 5148 3656 5211 zizania;
3682 5154 3718 5198 et

2150 5233 2257 5302 igni
2285 5233 2672 5295 comburuntur;
2710 5235 2781 5287 sic
2827 5236 2917 5287 erit
2953 5237 3005 5288 in
3049 5239 3483 5291 consummatione
3523 5238 3674 5291 mali
3696 5252 3712 5291 :

2152 5326 2310 5379 mittet
2332 5324 2498 5378 Filius
2520 5326 2735 5383 hominis
2758 5325 2974 5394 Angelos
3000 5344 3137 5389 suos,
3166 5336 3213 5379 et
3242 5330 3482 5398 colligant
3508 5331 3565 5381 de
3584 5341 3709 5396 regno

2149 5418 2259 5487 ejus
2280 5418 2447 5471 omnia
2467 5418 2705 5471 scandala
2738 5416 2919 5487 (Ibid.,
2952 5419 3167 5486 59-41).
3197 5419 3461 5489 Numquid
3487 5420 3550 5475 de
3569 5432 3705 5483 ream

2151 5507 2265 5574 illo,
2289 5508 2379 5561 ubi
2407 5510 2547 5562 nulla
2571 5518 2692 5563 sunt
2712 5509 2959 5564 scandala
2979 5512 3003 5561 ἰ’
3030 5512 3105 5564 De
3132 5512 3236 5565 isto
3255 5528 3383 5581 ergo
3408 5528 3565 5582 regno
3585 5512 3699 5579 ejus,

2150 5601 2291 5670 quod
2313 5609 2394 5656 est
2421 5602 2506 5655 hie
2533 5601 2788 5666 Ecclesia,
2814 5602 3151 5673 colligentur.
3176 5604 3307 5658 Item
3330 5605 3473 5669 dicit,
3502 5605 3592 5670 Qui
3612 5603 3701 5656 sot-

2149 5693 2273 5746 verit
2316 5708 2470 5745 unum
2513 5695 2573 5745 de
2606 5694 2858 5746 mandatis
2887 5695 2999 5749 istis
3039 5696 3260 5749 minimis
3281 5739 3297 5759 ,
3327 5707 3376 5751 et
3400 5698 3608 5750 docuerit
3641 5696 3701 5747 sic

2149 5788 2395 5851 homines,
2421 5782 2655 5841 minimus
2680 5787 2937 5841 vocabitur
2961 5790 3013 5841 in
3043 5806 3196 5859 regno
3222 5792 3456 5845 calorum
3488 5808 3502 5845 :
3529 5794 3603 5861 qui
3622 5808 3695 5841 au~

2210 5947 2229 5976 ⁸
2264 5946 2395 6007 Editt,
2423 5943 2575 5996 sancti
2592 5943 2698 5996 Dei.
2722 5954 2776 5997 At
2814 5947 3120 6010 manusenpti
3136 5948 3373 6007 omittunt,
3402 5947 3499 5996 Dei.
