3882 6396
13 338 104 401 πε

13 473 90 510 ειη
127 452 349 526 fecerit,
377 459 425 505 et
449 451 521 507 sic
558 450 823 518 docuerit,
854 465 1066 512 magnus
1089 448 1346 505 vocabitur
1371 449 1425 501 in
1451 463 1607 517 regno

14 547 251 601 telorum
273 541 487 617 (Matth.
511 558 567 610 v,
588 541 699 613 19).
727 538 1017 612 Utrumque
1036 538 1166 595 dicit
1194 538 1248 594 in
1266 553 1429 608 regno
1444 537 1609 617 melo-

14 655 134 704 um,
159 648 220 693 et
242 636 333 708 qui
359 651 464 691 non
493 634 618 690 facit
636 633 884 688 mandata
906 609 1026 703 qua:
1040 632 1217 697 docet,
1240 631 1341 686 hoc
1362 637 1445 685 est
1463 609 1607 684 enim

13 731 240 795 nlvere,
275 742 381 783 non
414 741 651 790 servare,
684 740 791 780 non
820 724 1031 790 facere;
1064 734 1119 779 et
1146 723 1298 778 illum
1326 721 1415 791 qui
1443 719 1604 785 facit,

17 832 37 875 t
67 824 155 876 sic
186 820 356 876 docet
382 837 395 873 :
421 819 516 875 sed
544 819 705 873 istum
734 817 1033 881 minimum,
1064 815 1209 869 illum
1242 827 1513 883 magnum.
1538 810 1609 866 Et

16 914 263 968 cntinuo
293 920 512 967 secutus
536 909 776 980 adjungit
797 950 811 973 ,
840 907 970 962 Dico
995 906 1129 961 enim
1178 904 1336 970 vobis,
1365 903 1484 973 quia
1510 902 1609 956 nisi

19 1004 341 1061 bundaverit
353 1004 556 1074 justitia
574 1012 737 1056 vestra
764 1017 916 1071 super
943 997 1235 1054 Scribarum
1254 1004 1299 1050 et
1317 994 1609 1049 Pharisaso-

14 1117 103 1152 um
128 1142 143 1161 ,
180 1098 238 1152 id
261 1105 343 1153 est
366 1138 379 1164 ,
408 1111 571 1166 super
590 1095 850 1165 justitiam
891 1108 1075 1148 eorum
1119 1090 1207 1161 qui
1232 1090 1443 1145 solvunt
1464 1086 1606 1159 quod

22 1197 198 1243 nccnt
225 1190 266 1241 ί.
293 1189 367 1242 De
393 1185 598 1243 Scribis
622 1186 766 1242 enim
794 1193 850 1240 et
878 1182 1163 1238 Pharisaeis
1190 1179 1319 1237 dicit
1339 1181 1444 1235 alio
1465 1180 1604 1248 loco,

13 1282 268 1345 Quoniam
301 1280 494 1347 dicunt,
526 1288 571 1334 et
594 1295 696 1332 non
726 1278 920 1350 faciunt
954 1273 1172 1346 (Matth.
1203 1290 1351 1341 χχιιι,
1379 1272 1473 1344 5).
1495 1270 1607 1326 Nisi

14 1389 123 1441 τιςο
148 1386 322 1443 super
358 1385 453 1427 eos
481 1369 832 1426 abundaverit
857 1366 1061 1438 justitia
1088 1374 1259 1420 vestra
1282 1407 1296 1431 ,
1330 1364 1380 1417 id
1411 1372 1521 1428 est,
1550 1371 1608 1418 ut

13 1480 88 1516 'os
116 1479 234 1517 non
259 1462 498 1527 solvatis,
528 1460 620 1515 sed
649 1458 858 1515 faciatis
882 1458 1056 1528 potius
1084 1455 1226 1527 quod
1253 1454 1482 1521 docetis,
1507 1468 1608 1507 non

13 1555 284 1622 ntrabitis,
315 1555 506 1625 inquit,
529 1554 583 1608 in
603 1570 813 1624 regnum
841 1552 1079 1606 castorum
1109 1549 1227 1621 (ld.
1253 1564 1307 1613 v,
1337 1547 1407 1605 20
1426 1546 1465 1617 ).
1487 1546 1608 1602 Alio

14 1647 164 1702 nodo
196 1647 359 1717 igitur
389 1644 788 1716 intelligendum
823 1654 905 1699 est
944 1658 1163 1713 regnum
1194 1640 1451 1697 caslorum
1471 1680 1484 1705 ,
1517 1638 1606 1693 ubi

13 1740 163 1794 umbo
206 1747 372 1804 sunt,
401 1747 455 1793 et
497 1736 586 1792 ille
626 1736 831 1791 scilicet
859 1735 949 1805 qui
989 1732 1145 1788 solvit
1174 1731 1315 1802 quod
1346 1730 1522 1795 docet,
1554 1736 1609 1784 et

18 1834 90 1887 lle
118 1831 220 1901 qui
261 1830 419 1895 facit;
453 1828 547 1885 sed
594 1829 681 1883 ille
721 1828 993 1890 minimus,
1024 1825 1124 1880 iSte
1152 1838 1376 1893 magnus
1407 1823 1428 1853 ²
1460 1838 1473 1872 :
1502 1820 1608 1874 alio

18 1923 171 1978 nodo
201 1931 378 1980 autem
403 1936 623 1991 regnum
655 1919 911 1974 caelorum
938 1916 1151 1981 dicitur,
1184 1927 1290 1983 quo
1313 1926 1417 1968 non
1445 1912 1609 1966 intrat

14 2016 106 2071 nisi
134 2017 237 2072 ille
258 2016 347 2085 qui
375 2013 515 2068 facit.
547 2013 622 2066 Ac
651 2027 747 2082 per
774 2010 875 2065 hoc
899 2008 985 2064 ubi
1010 2017 1292 2076 utrumque
1316 2018 1482 2075 genus
1504 2015 1604 2069 est,

13 2107 257 2162 Ecclesia
288 2114 370 2161 est
396 2104 565 2175 qualis
594 2117 733 2158 nunc
762 2109 845 2156 est
888 2118 901 2155 :
943 2099 1030 2154 tibi
1068 2106 1245 2153 autem
1282 2095 1409 2151 illud
1434 2095 1606 2151 solum

14 2200 129 2264 erit,
167 2197 406 2252 Ecclesia
434 2204 516 2250 est
542 2194 711 2265 qualis
734 2204 859 2247 tunc
884 2192 1005 2259 erit,
1029 2189 1242 2261 quando
1268 2188 1440 2243 malus
1469 2187 1522 2242 in
1546 2201 1610 2242 ea

13 2308 113 2346 non
151 2291 278 2346 erit.
312 2291 449 2359 Ergo
480 2288 716 2343 Ecclesia
743 2294 798 2342 et
832 2298 972 2339 nunc
1000 2290 1084 2339 est
1111 2296 1338 2352 regnum
1368 2279 1608 2346 Christi,

13 2400 350 2455 regnumque
375 2383 653 2439 etelorum.
682 2380 926 2449 Regnent
965 2378 1140 2447 itaque
1167 2390 1288 2431 cum
1316 2374 1409 2428 illo
1447 2372 1609 2428 etiam

13 2494 161 2532 nunc
183 2476 350 2530 sancti
371 2474 507 2544 ejus,
526 2473 679 2528 aliter
695 2470 932 2541 quidem,
951 2483 1108 2539 quam
1131 2476 1258 2522 tunc
1277 2463 1574 2537 regnabuut
1594 2479 1608 2516 :

14 2585 113 2624 nec
150 2578 329 2623 tamen
357 2583 476 2622 cum
520 2566 611 2620 illo
640 2571 865 2635 regnant
892 2561 1092 2617 zizania
1112 2602 1128 2628 ,
1160 2558 1401 2630 quamvis
1424 2557 1478 2612 in
1510 2555 1614 2611 Ec-

14 2661 191 2717 clesia
229 2675 348 2715 cum
394 2658 568 2712 tritico
615 2662 880 2711 crescant.
922 2652 1166 2722 Regnant
1194 2650 1336 2705 enim
1364 2662 1483 2704 cum
1521 2647 1615 2702 illo

21 2754 113 2822 qui
148 2751 349 2806 faciunt
389 2748 528 2820 quod
570 2746 857 2817 Apestolus
892 2745 996 2809 ait,
1029 2743 1087 2797 Si
1120 2740 1459 2795 resurrexistis
1501 2754 1615 2792 cum

17 2845 249 2912 Christo,
261 2859 372 2913 qua:
384 2859 440 2896 su
448 2858 581 2895 rsum
595 2848 707 2895 sunt
728 2839 908 2909 sapite,
923 2836 1006 2891 ubi
1017 2833 1247 2891 Christus
1262 2842 1331 2888 est
1346 2834 1397 2886 in
1411 2830 1617 2886 dextera

18 2936 118 2991 Dei
145 2936 360 2990 sedens:
382 2948 493 3001 quw
512 2947 709 2986 sursum
729 2929 957 3000 quwrite,
991 2942 1091 2981 non
1116 2940 1229 2995 qua:
1253 2940 1404 2993 super
1432 2932 1617 2977 terram

24 3028 255 3098 (Coloss.
274 3043 349 3092 ιιι,
374 3027 397 3079 l
422 3035 469 3080 et
484 3024 561 3094 2).
583 3022 659 3078 De
680 3020 924 3092 qualibus
945 3019 1070 3073 item
1093 3016 1242 3079 dicit,
1267 3014 1407 3086 quod
1431 3027 1615 3069 eorum

21 3118 364 3174 conversatio
391 3116 460 3171 sit
501 3114 552 3168 in
583 3112 732 3168 caelis
759 3108 1019 3183 (Philipp.
1053 3124 1108 3163 ιιι
1176 3106 1294 3178 20).
1340 3104 1618 3160 Postremo

23 3220 259 3281 regnant
302 3224 419 3262 cum
462 3208 573 3272 illo,
619 3206 707 3276 qui
752 3220 816 3259 eo
845 3201 1006 3257 modo
1026 3208 1146 3254 sunt
1195 3197 1247 3253 in
1278 3210 1441 3266 regno
1481 3195 1616 3265 ejus,

28 3314 87 3359 ut
114 3303 227 3357 sint
250 3301 405 3356 etiam
434 3299 531 3368 ipsi
561 3310 781 3367 regnum
814 3294 952 3365 ejus.
989 3288 1268 3358 Quomodo
1294 3296 1468 3341 autem
1497 3295 1622 3341 sunt

28 3408 257 3467 regnum
308 3390 540 3457 Christi,
568 3392 692 3459 qui,
744 3396 802 3441 ut
846 3385 948 3439 alia
992 3394 1196 3438 taceam
1221 3422 1235 3447 ,
1279 3377 1519 3450 quamvis
1550 3376 1621 3431 ibi

32 3490 149 3543 sint
176 3486 347 3541 donec
390 3484 705 3553 colligantur
730 3480 782 3533 in
830 3477 936 3532 ﬁne
976 3472 1157 3531 saeculi
1199 3472 1266 3525 de
1305 3482 1469 3540 regno
1508 3467 1622 3537 ejus

33 3579 216 3635 omnia
234 3576 497 3639 scandala,
520 3584 695 3628 tamen
717 3571 825 3626 illic
842 3583 937 3624 sua
954 3572 1222 3639 quaerunt,
1239 3578 1346 3619 non
1363 3577 1481 3634 qua:
1496 3560 1625 3617 Jesu

34 3672 238 3729 Christi
268 3669 385 3741 (Id.
419 3666 643 3739 11,21)?

108 3767 165 3821 2.
200 3766 275 3820 De
304 3765 403 3820 hoc
437 3778 565 3833 ergo
604 3774 770 3831 regno
812 3758 1046 3837 militiae,
1081 3757 1133 3811 in
1164 3770 1269 3826 quo
1298 3752 1476 3808 adhuc
1501 3764 1624 3805 cum

40 3861 199 3916 hoste
224 3856 543 3927 conﬂigitur,
573 3862 628 3909 et
662 3850 949 3922 aliquando
973 3857 1296 3920 repugnatur
1324 3857 1627 3915 repugnau-

44 3953 187 4008 tibus
222 3950 359 4005 vitiis
381 3949 423 4015 ³,
452 3946 735 4017 aliquando
773 3943 1087 4000 cedentibus
1120 3941 1430 4010 imperatur,
1459 3936 1631 3990 donec

44 4047 289 4102 veniatur
317 4043 380 4098 ad
414 4041 539 4097 illud
571 4039 966 4111 pacatissimum
996 4049 1240 4105 regnum,
1274 4031 1361 4087 ubi
1386 4030 1502 4085 sine
1528 4027 1629 4082 ho-

46 4149 134 4194 ste
171 4135 509 4206 regnabitur,
540 4143 595 4187 et
629 4131 696 4186 de
746 4130 845 4185 hac
883 4128 1050 4197 prima
1092 4120 1484 4180 resurrectione
1512 4133 1630 4188 qua:

46 4246 193 4287 nunc
221 4238 325 4294 est,
360 4227 492 4282 liber
526 4226 627 4281 iste
656 4224 733 4279 sic
760 4222 1009 4292 loquitur.
1038 4217 1168 4273 Cum
1208 4214 1350 4270 enim
1380 4213 1627 4278 dixisset,

49 4321 256 4392 alligari
294 4319 561 4375 diabolum
600 4316 745 4371 mille
774 4314 957 4380 annis,
989 4321 1043 4366 et
1086 4318 1272 4379 postea
1310 4305 1443 4362 solvi
1488 4302 1634 4357 brevi

55 4428 321 4487 tempore;
354 4429 473 4467 mox
524 4406 922 4480 recapitulaudo
972 4402 1099 4474 quid
1135 4403 1190 4457 in
1220 4399 1336 4455 istis
1367 4397 1511 4452 mille
1540 4411 1635 4450 an-

57 4513 143 4567 nis
170 4517 289 4580 agat
314 4506 548 4563 Ecclesia
592 4504 675 4558 vel
717 4511 901 4573 agatur
939 4501 993 4581 in
1033 4513 1094 4552 ca
1119 4537 1132 4561 ,
1164 4493 1229 4547 Et
1270 4492 1405 4557 vidi,
1436 4489 1633 4559 inquit,

59 4577 269 4658 sedes‘et
294 4598 514 4653 sedentes
541 4610 693 4664 super
719 4609 821 4654 eas,
853 4600 899 4644 et
918 4577 1173 4660 judicium
1202 4584 1374 4637 datum
1402 4589 1492 4634 est.
1520 4577 1635 4633 Non

1366 328 1569 390 LIBER
1606 326 1985 391 VlGESlMUS.

3188 325 3295 396 67b

1715 448 1916 502 verbum
1942 443 2042 500 Dei
2066 461 2085 500 :
2112 444 2424 502 subauditur
2447 444 2588 518 quod
2613 450 2797 518 postea
2822 443 3057 505 dicturus
3080 458 3184 518 est,
3214 468 3293 507 re-

1714 548 1989 611 gnaverunt
2026 555 2141 593 cum
2177 537 2302 595 Iesu
2329 538 2467 593 mille
2493 541 2642 594 annis
2666 539 2847 613 (Apoc.
2876 558 2966 610 xx,
2993 542 3074 611 4),
3101 544 3293 599 animas

1712 631 1915 686 scilicet
1940 638 2229 701 martyrum
2257 630 2492 685 nondum
2526 630 2625 686 sibi
2651 633 2963 701 corporibus
2988 634 3098 689 suis
3123 634 3292 689 reddi-

1715 723 1800 777 tis.
1830 721 2011 793 Neque
2035 723 2177 777 enim
2207 723 2415 792 piorum
2441 724 2632 778 animae
2670 735 3001 778 mortuorum
3030 739 3289 794 separan-

1715 822 1799 869 tur
1824 815 1891 870 ab
1915 814 2149 869 Ecclesia
2167 855 2183 881 ,
2208 830 2327 888 quae
2355 829 2495 869 nunc
2528 814 2687 871 etiam
2715 824 2797 871 est
2824 830 3044 886 regnum
3069 816 3288 872 Christi.

1714 905 1957 977 Alioquin
1986 922 2083 962 nec
2109 906 2176 961 ad
2205 906 2371 961 altare
2403 908 2494 963 Dei
2524 907 2679 965 ﬁeret
2721 922 2904 962 eorum
2944 910 3198 964 memoria
3234 910 3290 965 in

1712 1000 2193 1056 communicatione
2219 999 2457 1069 corporis
2494 998 2730 1065 Christi;
2772 1016 2870 1057 nec
2896 1001 3093 1071 aliquid
3129 1000 3290 1070 prod-

1711 1100 1853 1144 esset
1889 1090 1953 1145 ad
1994 1091 2109 1159 ejus
2153 1091 2204 1144 in
2252 1090 2506 1160 periculis
2545 1090 2875 1160 Baptismum
2922 1106 3167 1158 currere,
3223 1104 3290 1146 ne

1712 1182 1825 1237 sine
1851 1182 1943 1237 illo
1972 1182 2184 1239 ﬁniatur
2214 1183 2328 1239 haec
2356 1184 2493 1249 vita;
2524 1198 2624 1238 nec
2661 1183 2729 1237 ad
2766 1185 3288 1253 reconciliationem,

1704 1276 1757 1330 si
1785 1274 1921 1332 forte
1948 1292 2042 1345 per
2069 1276 2427 1346 pcenitentiam
2454 1276 2716 1331 malamve
2746 1278 3121 1335 conscientiam
3145 1276 3292 1347 quib

1712 1383 1814 1437 quc
1842 1368 1909 1422 ab
1938 1368 2125 1423 eodem
2155 1383 2377 1438 corpore
2414 1377 2690 1437 separatus
2715 1376 2817 1422 est.
2852 1366 2961 1422 Cur
2987 1369 3126 1422 enim
3158 1369 3291 1424 ﬁunt

1713 1459 1811 1514 ista
1837 1500 1852 1524 ,
1882 1460 1983 1514 nisi
2018 1460 2137 1530 quia
2180 1460 2389 1527 lideles,
2423 1462 2579 1516 etiam
2608 1460 2878 1526 defuncti,
2908 1461 3145 1516 membra
3175 1460 3291 1531 ejus

1712 1554 1871 1605 sunt?
1907 1551 2157 1617 Quamvis
2198 1567 2328 1621 ergo
2365 1566 2484 1606 cum
2529 1554 2640 1607 suis
2675 1553 2988 1622 corporibus
3020 1551 3287 1620 nondum,

1706 1642 1818 1713 jam
1847 1652 2019 1699 tamen
2047 1660 2229 1699 eorum
2257 1645 2447 1699 animae
2484 1655 2707 1715 regnant
2734 1660 2852 1700 cum
2887 1646 3005 1706 illo,
3036 1645 3161 1700 dum
3204 1646 3291 1703 isti

1714 1734 1857 1790 mille
1877 1735 1999 1789 anni
2022 1735 2327 1790 decurrunt.
2352 1735 2500 1791 Unde
2522 1737 2572 1789 in
2598 1735 2698 1790 hoc
2723 1736 2910 1791 eodem
2934 1737 3067 1792 libro
3086 1744 3141 1792 et
3158 1736 3286 1792 alibi

1714 1825 1904 1897 legitur
1931 1845 1942 1879 :
1966 1826 2111 1882 Beati
2133 1829 2334 1895 mortui,
2356 1829 2439 1898 qui
2462 1830 2515 1882 in
2536 1827 2752 1883 Domino
2775 1830 3075 1896 moriuntur,
3099 1829 3282 1883 amodo

1714 1929 1757 1975 et
1788 1922 1903 1991 jam
1928 1923 2051 1975 dicit
2078 1920 2301 1992 Spiritus
2322 1962 2337 1989 ,
2370 1932 2423 1975 ut
2468 1922 2773 1992 requiescant
2798 1939 2829 1975 a
2859 1922 3109 1976 laboribus
3134 1923 3276 1991 suis;

1712 2029 1830 2068 nam
1871 2030 2023 2083 opera
2060 2030 2231 2068 eorum
2274 2022 2546 2084 sequuntur
2579 2013 2693 2067 illos
2723 2011 2852 2082 (Id.
2885 2029 2993 2079 xw,
3026 2012 3151 2086 1³5).
3181 2014 3287 2068 Re-

1711 2119 1839 2180 gnat
1868 2113 2042 2180 itaque
2071 2124 2190 2164 cum
2212 2107 2425 2163 Christo
2455 2122 2593 2162 nunc
2618 2107 2845 2176 primum
2874 2107 3108 2162 Ecclesia
3135 2108 3185 2162 in
3212 2108 3264 2163 vi
3288 2136 3291 2140 -

1713 2205 1793 2259 vis
1822 2214 1874 2259 et
1904 2202 2146 2258 mortuis.
2194 2200 2445 2255 Praeterea
2478 2199 2640 2265 enim,
2667 2200 2805 2253 sicut
2831 2199 2957 2254 dicit
2984 2200 3291 2269 Apostolus,

1714 2304 1940 2349 mortuus
1965 2302 2035 2348 est
2062 2292 2310 2357 Christus,
2333 2300 2387 2345 ut
2411 2300 2457 2344 et
2481 2291 2704 2344 vivorum
2728 2298 2771 2343 et
2801 2301 3110 2344 mortuorum
3130 2291 3297 2345 donti-

1715 2394 1859 2440 netur
1884 2384 2056 2455 (Rom.
2084 2399 2193 2451 xiv,
2226 2383 2302 2453 9).
2329 2381 2433 2437 Sed
2464 2380 2582 2436 ideo
2611 2379 2977 2434 tantummodo
3005 2390 3297 2452 martyrum

1716 2478 1921 2532 animas
1961 2473 2425 2537 commemoravit,
2465 2472 2586 2541 quia
2632 2471 2731 2540 ipsi
2774 2472 3039 2540 principue
3077 2477 3301 2543 regnant

1718 2567 1946 2634 mortui,
1975 2567 2061 2638 qui
2094 2581 2260 2636 usque
2300 2563 2366 2619 ad
2404 2574 2628 2618 mortem
2668 2578 2765 2632 pro
2799 2565 3021 2618 veritate
3056 2572 3302 2618 certave-

1718 2669 1862 2717 runt.
1885 2660 1989 2715 Sed
2012 2675 2041 2713 a
2068 2667 2218 2728 parte
2241 2666 2406 2712 totum
2433 2653 2508 2727 (a)
2534 2655 2694 2711 etiam
2720 2662 2941 2710 caeteros
2966 2667 3203 2709 mortuos
3224 2656 3303 2709 in-

1720 2752 2007 2823 telligimus
2036 2751 2358 2821 pertinentes
2382 2748 2449 2804 ad
2474 2747 2785 2812 Ecclesiam,
2812 2745 2954 2816 quod
2976 2754 3060 2802 est
3080 2760 3303 2817 regnum

1719 2843 1935 2900 Christi.

1791 2937 1847 2992 5.
1877 2934 2030 3003 Quod
2059 2949 2189 2990 vero
2217 2932 2484 3003 sequitur,
2518 2929 2583 2984 Et
2619 2930 2664 2983 si
2700 2931 2785 2999 qui
2827 2946 2928 2983 non
2968 2930 3302 2986 adoraverunt

1723 3032 1957 3097 bestiam,
1988 3045 2075 3083 nec
2105 3027 2375 3098 imaginem
2403 3027 2511 3096 ejus
2530 3065 2545 3092 ,
2576 3039 2664 3077 nec
2693 3031 2988 3092 acceperunt
3014 3021 3302 3091 inscriptio-

1723 3140 1837 3178 nem
1879 3123 1930 3175 in
1976 3125 2173 3192 fronte,
2214 3127 2301 3171 aut
2344 3118 2398 3171 in
2439 3132 2591 3169 manu
2628 3131 2721 3168 sua
2752 3129 2771 3167 :
2799 3112 2955 3167 simul
2988 3112 3055 3167 de
3079 3113 3212 3167 vivis
3240 3127 3302 3168 ac

1724 3217 1950 3274 mortuis
1979 3215 2233 3270 debemus
2261 3210 2523 3279 accipere.
2555 3208 2683 3275 Quae
2710 3206 2776 3261 sit
2804 3220 2963 3276 porro
2987 3202 3088 3260 ista
3114 3204 3305 3272 bestia,

1728 3310 1969 3381 quamvis
2002 3308 2070 3362 sit
2094 3304 2399 3376 diligentius
2429 3299 2799 3371 inquirendum
2863 3314 2968 3353 non
3004 3308 3178 3353 tamen
3207 3295 3308 3351 ab-

1728 3404 1910 3459 horret
1939 3417 1968 3454 a
1996 3399 2099 3453 ﬁde
2126 3405 2266 3453 recta
2286 3436 2299 3461 ,
2335 3404 2391 3449 ut
2420 3393 2532 3463 ipsa
2560 3391 2721 3461 impia
2746 3391 2931 3446 civitas
2959 3390 3305 3460 intelligatur,

1728 3506 1781 3552 et
1812 3494 2036 3565 p0pulus
2063 3488 2355 3546 inﬁdelium
2385 3484 2682 3542 contrarius
2710 3483 2904 3555 populo
2930 3481 3072 3537 ﬁdeli
3097 3492 3151 3536 et
3175 3481 3312 3537 civi-

1731 3587 1825 3643 tati
1855 3585 1967 3641 Dei.
1997 3583 2179 3653 lmago
2211 3595 2336 3635 vero
2358 3579 2473 3649 ejus
2500 3577 2764 3633 simulatio
2791 3575 2905 3653 ejus
2927 3572 3053 3628 mihi
3075 3572 3311 3640 videtur,

1732 3681 1785 3736 in
1818 3680 1894 3734 eis
1921 3677 2173 3732 videlicet
2202 3672 2503 3729 hominibus
2522 3713 2536 3735 ,
2569 3669 2657 3739 qui
2695 3667 2841 3722 velut
2869 3666 3024 3721 ﬁdem
3053 3665 3310 3734 proﬁten-

1732 3784 1840 3838 tur,
1868 3781 1921 3828 et
1950 3769 2237 3825 inﬁdeliter
2266 3766 2463 3821 vivunt.
2508 3762 2737 3832 Fingunt
2763 3759 2905 3813 enim
2933 3772 2991 3813 se
3018 3771 3139 3812 esse
3170 3753 3314 3825 quod

1734 3884 1839 3924 non
1870 3874 1995 3923 sunt
2014 3908 2026 3931 ,
2058 3870 2418 3930 vocanturque
2444 3871 2550 3911 non
2580 3853 2757 3910 veraci
2785 3851 2958 3921 efﬁgie
2977 3892 2991 3914 ,
3021 3850 3114 3905 sed
3140 3846 3316 3904 fallaci

1734 3958 1964 4030 imagine
1989 3954 2293 4011 Chrisﬁani.
2322 3950 2401 4005 Ad
2427 3947 2666 4004 eamdem
2693 3958 2921 4014 namque
2945 3940 3166 3995 bestiam
3193 3954 3317 4008 per-

1736 4054 1907 4107 tinent
1945 4063 2049 4103 non
2086 4045 2256 4101 solum
2286 4051 2468 4111 aperte
2488 4038 2683 4094 inimici
2717 4038 2735 4068 ί
2772 4032 3001 4091 nominis
3034 4031 3232 4088 Christi
3260 4040 3319 4086 et

1738 4144 1856 4214 ejus
1881 4139 2278 4211 gloriosissime
2298 4134 2546 4197 civitatis,
2574 4130 2666 4185 sed
2688 4128 2845 4184 etiam
2870 4125 3089 4189 zizania,
3112 4137 3230 4193 quae
3251 4121 3321 4178 de

1739 4212 1905 4305 regno
1933 4232 2083 4301 ejus,
2112 4228 2254 4300 quod
2294 4235 2376 4281 est
2418 4222 2651 4279 Ecclesia
2672 4262 2686 4287 ,
2722 4220 2774 4273 in
2816 4218 2923 4272 ﬁne
2958 4213 3137 4271 smculi
3164 4212 3321 4268 colli-

1739 4325 1908 4399 genda
1936 4331 2078 4378 sunt.
2111 4320 2179 4375 Et
2211 4318 2300 4389 qui
2327 4323 2447 4372 sunt
2474 4314 2563 4384 qui
2591 4327 2695 4365 non
2721 4310 2945 4363 adorant
2973 4305 3197 4362 bestiam
3222 4317 3325 4359 nec

1742 4396 2024 4488 imaginem
2065 4414 2209 4483 ejus,
2239 4409 2341 4465 nisi
2377 4407 2469 4479 qui
2506 4405 2703 4460 faciunt
2728 4401 2867 4471 quod
2897 4400 2969 4452 ait
2999 4396 3321 4468 Apostolus,

1747 4512 1826 4567 Ne
1849 4485 1956 4565 sitis
1970 4510 2155 4581 jugum
2173 4506 2406 4558 ducentes
2425 4514 2537 4552 cum
2556 4494 2843 4565 inﬁdelibus
2865 4490 2936 4562 (ll
2959 4487 3076 4545 Cor.
3097 4502 3171 4553 vt,
3196 4485 3324 4557 ΜΠ

1746 4606 1860 4661 Non
1889 4578 2111 4657 adorant
2135 4599 2297 4660 enim,
2333 4592 2383 4648 id
2413 4599 2515 4656 est,
2545 4604 2648 4643 non
2678 4585 3034 4647 consentiunt,
3067 4595 3171 4635 non
3202 4578 3327 4633 sub-

64 4696 166 4749 hoc
203 4690 487 4761 putandum
518 4696 599 4743 est
625 4686 692 4740 de
724 4684 910 4739 ultimo
947 4679 1147 4751 judicio
1185 4676 1289 4731 dici
1317 4691 1331 4728 :
1359 4673 1455 4729 sed
1484 4672 1640 4728 sedes

62 4784 486 4857 praepositorum,
515 4789 569 4835 et
596 4778 694 4849 ipsi
725 4773 991 4848 praepositi
1022 4768 1345 4841 intelligendi
1372 4776 1513 4831 sunt,
1547 4780 1640 4835 per

65 4856 200 4948 quos
226 4875 456 4929 Ecclesia
495 4885 635 4926 nunc
673 4869 1015 4938 gubernatur.
1048 4860 1309 4918 Iudicium
1348 4863 1520 4913 autem
1548 4856 1642 4909 da-

70 4947 181 5025 tum
228 4968 424 5022 nullum
474 4963 664 5019 melius
707 4958 1069 5030 accipiendum
1113 4953 1349 5014 videtur,
1392 4964 1549 5020 quam
1591 4947 1643 5002 id

70 5058 211 5131 quod
235 5058 427 5111 dictum
457 5063 559 5119 est,
594 5052 720 5120 Qua:
745 5047 1015 5120 ligaveritis
1044 5046 1097 5099 in
1129 5054 1280 5107 terra,
1314 5042 1473 5111 ligata
1499 5044 1644 5092 erunt

74 5128 120 5207 et
150 5153 199 5203 in
222 5149 341 5204 caelo
364 5168 381 5212 ,-
408 5156 454 5201 et
479 5161 591 5217 qua:
614 5142 859 5200 solveritis
884 5140 935 5193 in
963 5147 1097 5192 terra
1120 5178 1134 5202 ,
1166 5135 1333 5190 soluta
1358 5141 1500 5187 erunt
1526 5138 1572 5184 et
1594 5128 1647 5182 in

77 5242 198 5297 ίωιο
223 5239 445 5313 (Matth.
475 5251 600 5292 xvm
622 5276 636 5299 ,
672 5236 736 5289 18
762 5236 801 5303 ).
831 5230 981 5287 Unde
1006 5226 1289 5298 Apostolus
1309 5267 1323 5291 ,
1354 5223 1488 5291 Quid
1517 5221 1648 5275 enim

77 5334 199 5388 nti/ri
223 5342 311 5397 est,
336 5330 523 5400 inquit,
548 5327 609 5381 de
636 5327 711 5379 his
733 5326 817 5396 qui
843 5324 965 5394 {oris
987 5330 1100 5376 sunt
1116 5317 1386 5391 judicare?
1406 5331 1570 5369 nonne
1588 5316 1651 5369 de

82 5425 157 5477 his
177 5423 257 5493 qui
276 5423 409 5476 intus
435 5429 546 5474 sunt
568 5434 651 5472 vos
666 5415 908 5489 judicatis
932 5412 973 5483 (Ι
995 5412 1112 5466 Cor.
1135 5426 1187 5475 v,
1211 5406 1337 5478 ηρ
1359 5406 1426 5461 Et
1446 5406 1649 5472 animm,

83 5515 265 5586 inquit,
297 5513 574 5567 occisorum
603 5516 804 5579 propter
828 5503 1163 5558 testimonium
1199 5497 1347 5564 Jesu,
1374 5505 1422 5551 et
1450 5505 1656 5567 propter

146 5631 163 5661 ί
196 5636 372 5677 omnes
389 5632 516 5683 Mss,
540 5622 591 5671 id
616 5626 686 5672 est
720 5632 864 5681 super
884 5630 962 5669 eos
990 5615 1075 5680 qui
1104 5613 1286 5666 solvunt
1310 5609 1437 5673 quod
1468 5609 1653 5659 docent.

145 5693 166 5723 ³
197 5696 323 5745 Mss,
338 5685 420 5736 ille
435 5698 652 5749 magnus.

146 5752 168 5784 ³
190 5730 719 5807 iin‘éé'BQEuEEipu,
754 5739 1073 5807 pugnantibus
1095 5738 1239 5793 vitiis.
1275 5743 1329 5785 Et
1358 5747 1472 5787 mox
1512 5730 1659 5787 iidem

83 5816 259 5879 aliique
272 5824 459 5876 omnes,
492 5802 1072 5872 amentiameme

1743 4699 1997 4770 jicinntur
2023 4710 2038 4747 :
2069 4704 2245 4760 neque
2266 4684 2530 4753 accipiunt
2564 4677 2985 4747 inscriptionem,
3014 4680 3194 4727 notam
3223 4668 3328 4725 sei-

1747 4760 1870 4846 lieet
1908 4783 2146 4841 criminis
2171 4822 2186 4847 ,
2225 4779 2279 4834 in
2325 4775 2529 4841 fronte,
2570 4777 2788 4843 propter
2826 4763 3244 4836 professionem;
3274 4760 3328 4813 in

1751 4896 1931 4942 manu,
1961 4883 2176 4947 promer
2200 4867 2583 4942 operationem.
2613 4861 2695 4915 Ab
2729 4859 2813 4914 bis
2838 4857 2995 4928 igitur
3021 4852 3173 4908 malis
3197 4851 3329 4906 alie-

1754 4973 1841 5039 ni,
1875 4943 1993 5025 sive
2025 4943 2197 5022 adhuc
2229 4963 2280 5018 in
2323 4961 2423 5016 ista
2464 4954 2675 5012 mortali
2717 4964 2877 5006 carne
2916 4952 3188 5011 viventes,
3218 4943 3332 4997 sive

1752 5036 2022 5127 defuncti,
2064 5062 2286 5129 regnant
2322 5067 2444 5109 cum
2488 5047 2701 5105 Christo
2737 5044 2846 5114 jam
2892 5054 3067 5105 nunc,
3102 5036 3332 5108 quodam

1754 5155 1912 5211 modo
1942 5125 2063 5208 huic
2090 5125 2314 5216 tempori
2341 5154 2597 5211 congruo,
2626 5152 2718 5208 per
2744 5144 2910 5191 totum
2943 5131 3045 5185 hoc
3072 5125 3332 5183 interval-

1755 5250 1884 5316 lum,
1913 5244 2052 5316 quod
2080 5253 2304 5297 numero
2328 5234 2473 5291 mille
2498 5230 2824 5301 signiﬁcatur
2848 5236 3128 5277 annorum.

1829 5310 1881 5395 4:
1916 5310 2115 5407 fictiqui
2142 5346 2313 5389 eorum
2334 5370 2349 5396 ,
2380 5325 2586 5396 inquit,
2619 5337 2720 5375 non
2746 5318 2995 5371 vixerunt.
3023 5311 3161 5365 Hora
3191 5310 3334 5364 enim

1759 5448 1900 5492 nunc
1932 5401 2052 5498 est,
2076 5444 2199 5487 cum
2244 5422 2436 5483 mortui
2473 5415 2728 5476 audient'
2756 5423 2941 5466 vocem
2971 5404 3089 5461 Filii
3121 5401 3250 5467 Dei;
3282 5407 3339 5456 et

1826 5602 1843 5632 ι
1880 5595 2017 5665 editi,
2035 5587 2297 5665 nonsotum
2316 5580 2470 5639 auerti
2490 5574 2691 5631 inindci.
2712 5571 2909 5623 Codices
2928 5575 3053 5629 Mss,
3075 5575 3169 5615 non
3185 5558 3338 5613 solum

1762 5665 1926 5728 aperte
1949 5656 2151 5706 inimid.
2477 5704 2505 5713 ,,

1825 5728 1846 5757 ί
1883 5718 2015 5769 Vind.
2044 5726 2141 5764 Am.
2166 5720 2218 5761 et
2239 5722 2362 5768 mss,
2389 5706 2607 5755 auarum.
2730 5766 2737 5769 _
2779 5764 2789 5769 Δ
2906 5768 2918 5769 7
3032 5752 3043 5769 ε

1829 5753 1905 5849 ξε)
1918 5753 2377 5841 Hieracis;
2393 5753 2499 5832 qua
2514 5778 2542 5817 a
2564 5768 2703 5829 parte
2724 5764 2879 5813 totum
2899 5753 3127 5824 accljutur'
3128 5780 3144 5800 .

3232 5820 3286 5853 ρ..
