3826 6488
585 294 693 367 ’75

588 413 674 485 qui
702 412 1000 481 audierint,
1028 411 1208 477 vivent
1234 427 1252 473 :
1276 411 1464 484 πνειὶςυί
1488 424 1617 468 vero
1644 426 1829 469 eorum
1856 427 1963 469 non
1989 413 2171 469 vivent

592 503 771 579 (Joan.
796 520 849 571 v,
870 505 985 576 25).
1007 504 1158 574 Quod
1175 519 1305 563 vero
1324 504 1578 573 subdidit,
1598 504 1755 563 donec
1774 505 2018 577 finiantur
2036 505 2173 561 mitte

588 597 748 663 anni;
786 597 1184 668 intelligendum
1214 605 1330 666 est,
1359 596 1499 668 quod
1526 611 1593 659 eo
1622 605 1860 667 tempore
1890 611 1994 652 non
2022 596 2169 652 vixe-

586 696 732 757 runt,
753 703 859 760 quo
880 689 1055 744 vivere
1074 688 1392 757 debuerunt,
1416 689 1484 747 ad
1505 688 1662 755 vitam
1689 688 1892 745 scilicet
1911 688 1977 744 de
2000 695 2171 745 morte

588 779 932 837 transeundo.
960 779 1029 836 Et
1057 779 1175 837 ideo
1200 795 1323 847 cum
1340 780 1458 839 dies
1483 780 1706 847 venerit,
1734 796 1839 852 quo
1862 780 1956 839 ﬁat
1977 788 2031 836 et
2049 795 2168 836 cor-

586 888 777 944 porum
798 874 1137 941 resurrectio,
1164 889 1270 927 non
1300 873 1367 929 ad
1391 874 1551 931 vitam
1573 872 1639 928 de
1664 871 2020 930 monumentis
2048 886 2170 943 pro-

582 965 805 1032 cedent,
835 966 930 1022 sed
971 966 1037 1022 ad
1072 966 1363 1039 judicium;
1393 966 1461 1023 ad
1498 966 1889 1024 damnationem
1930 965 2168 1033 scilicet,

582 1072 702 1129 qua:
728 1058 959 1117 secunda
984 1074 1131 1116 mors
1151 1059 1361 1116 dicitur.
1390 1060 1573 1117 Donec
1592 1060 1735 1115 enim
1756 1059 2005 1115 ﬁniantur
2024 1059 2169 1115 mille

579 1151 729 1218 anui,
759 1152 1079 1224 quicumque
1104 1169 1211 1209 non
1236 1152 1446 1221 vixerit,
1471 1152 1523 1208 id
1547 1161 1646 1218 est,
1672 1152 1775 1207 isto
1796 1160 1908 1208 toto
1930 1161 2168 1222 tempore

582 1255 687 1309 quo
716 1243 891 1313 agitur
913 1244 1083 1314 prima
1110 1245 1450 1309 resurrectio,
1483 1260 1587 1299 non
1615 1243 1840 1301 audierit
1866 1258 2050 1300 vocem
2077 1243 2168 1299 Fi-

579 1332 636 1393 lii
675 1335 805 1403 Dei,
834 1344 888 1392 et
912 1336 979 1390 ad
1006 1338 1165 1393 vitam
1191 1337 1258 1393 de
1286 1346 1459 1393 morte
1499 1336 1765 1394 transierit
1789 1351 1804 1402 ;
1847 1337 2085 1408 profecto
2114 1337 2166 1391 in

579 1425 808 1481 secunda
834 1428 1243 1497 resurrectione,
1272 1444 1389 1499 quae
1414 1430 1589 1489 carnis
1613 1437 1714 1495 est,
1745 1429 1797 1485 in
1827 1437 2051 1485 mortem
2082 1444 2169 1485 se-

578 1518 805 1573 cundam
843 1534 962 1574 cum
994 1519 1106 1590 ipsa
1130 1536 1294 1576 carne
1326 1520 1587 1578 transibit.
1623 1519 1876 1591 Sequitur
1902 1520 2044 1577 enim
2066 1561 2083 1589 ,
2112 1530 2167 1577 et

577 1606 727 1676 dicit,
760 1608 888 1663 Herc
922 1612 1218 1666 resurrectio
1247 1612 1413 1683 prima
1439 1622 1530 1667 est.
1561 1612 1748 1667 Beatus
1776 1622 1823 1666 et
1851 1622 2051 1666 sanctus
2079 1612 2167 1681 qui

578 1698 724 1755 habet
745 1702 797 1757 in
818 1701 912 1757 hac
935 1703 1099 1773 prima
1124 1704 1488 1758 resurrectione
1510 1713 1703 1775 partem
1727 1703 1908 1774 (Apoc.
1933 1718 2025 1771 xx,
2048 1702 2162 1776 56),

575 1790 631 1847 id
661 1800 779 1859 est,
814 1796 1076 1865 particeps
1110 1795 1226 1866 ejus
1253 1803 1354 1851 est.
1400 1795 1516 1866 Ipse
1557 1804 1639 1851 est
1678 1803 1855 1851 autem
1899 1796 2165 1867 particeps

575 1882 713 1954 ejus,
740 1885 829 1956 qui
857 1902 966 1942 non
993 1887 1168 1941 solum
1193 1903 1224 1942 a
1251 1896 1445 1952 morte,
1474 1902 1592 1957 quae
1619 1889 1672 1943 in
1700 1889 1929 1958 peccatis
1956 1894 2057 1956 est,
2081 1903 2166 1941 re-

576 1974 805 2045 viviscit,
834 1992 1017 2032 verum
1046 1977 1205 2034 etiam
1234 1978 1287 2033 in
1317 1993 1382 2035 eo
1409 1977 1551 2050 quod
1577 1978 1850 2044 revixerit,
1881 1992 2163 2049 permane-

573 2066 670 2125 bit.
696 2067 764 2122 In
786 2069 913 2133 istis,
937 2070 1127 2139 inquit,
1150 2070 1372 2129 secunda
1394 2086 1526 2126 mors
1551 2086 1652 2124 non
1678 2069 1825 2123 habet
1850 2076 2160 2139 potestatem.

575 2159 747 2218 Habet
770 2175 898 2231 ergo
920 2162 973 2215 in
1003 2161 1240 2233 reliquis,
1268 2162 1335 2221 de
1358 2162 1551 2233 quibus
1574 2162 1816 2231 superius
1842 2161 1937 2228 ait,
1965 2159 2165 2232 Reliqui

574 2267 747 2307 eorum
775 2269 876 2307 non
904 2253 1163 2321 vixerunt,
1196 2253 1354 2308 donec
1386 2254 1633 2323 ﬁniantur
1666 2253 1803 2308 mitte
1838 2253 2003 2307 anni:
2027 2268 2163 2325 quo-

573 2344 719 2401 niam
760 2344 863 2400 isto
899 2352 1009 2399 toto
1044 2346 1299 2417 temporis
1329 2346 1638 2413 intervallo,
1667 2345 1804 2415 quod
1832 2343 1976 2401 mille
1995 2356 2164 2403 an“

573 2442 767 2503 vocat,
794 2444 1279 2507 quantumcumque
1307 2435 1360 2491 in
1390 2450 1455 2492 eo
1483 2436 1706 2507 quisque
1736 2449 1921 2491 eorum
1951 2436 2079 2491 vixit
2107 2435 2163 2493 in

573 2542 820 2597 corpore,
850 2543 955 2583 non
980 2529 1173 2584 revixit
1195 2544 1224 2584 a
1254 2536 1447 2593 morte,
1472 2528 1525 2583 in
1550 2543 1651 2599 qua
1679 2543 1799 2583 eum
1828 2527 2041 2583 tenebat
2064 2528 2163 2587 im-

571 2620 762 2690 pietas,
796 2628 853 2675 ut
880 2620 958 2675 sic
988 2620 1353 2681 revivisccndo
1389 2620 1575 2693 primae
1604 2620 2010 2677 rmarrectionis
2037 2637 2160 2692 par-

572 2710 741 2781 ticeps
774 2709 961 2776 ﬁeret,
990 2719 1149 2781 atque
1186 2710 1243 2769 iu
1279 2724 1345 2767 eo
1383 2719 1699 2782 potestatem
1739 2711 1975 2771 secunda
2015 2727 2162 2773 mors

571 2814 679 2857 non
706 2799 945 2855 haberet.

570 2912 795 2970 CAPUT
834 2912 904 2967 X.
936 2943 1007 2954 —-
1036 2912 1173 2980 Quid
1196 2913 1601 2985 respondendum
1628 2915 1697 2971 sit
1720 2915 1826 2982 eis,
1858 2916 1946 2989 qui
1978 2926 2161 2988 putant

640 3006 1055 3063 resurrectionem
1078 3008 1146 3061 ad
1174 3007 1286 3063 sata
1308 3023 1546 3078 corpora,
1573 3024 1676 3065 non
1696 3009 1850 3065 etiam
1870 3010 1939 3064 ad
1963 3010 2159 3066 animus

640 3107 904 3169 pertinere.

639 3187 777 3245 Sunt
799 3190 888 3260 qui
913 3198 1101 3259 putant
1128 3190 1577 3247 resurrectionem
1605 3190 1709 3246 dici
1737 3206 1844 3248 non
1872 3205 2032 3262 posse
2055 3192 2156 3249 nisi

568 3296 890 3353 corporum:
934 3283 1163 3353 ideoque
1204 3283 1361 3339 istam
1391 3299 1601 3354 quoque
1628 3284 1680 3339 in
1706 3286 2017 3355 corporibus
2045 3286 2155 3357 pri-

567 3388 709 3434 mam
730 3375 960 3430 futuram
986 3391 1107 3432 esse
1134 3375 1485 3433 contendunt.
1514 3375 1750 3443 Quorum
1781 3381 1921 3434 enim
1948 3387 2049 3446 est,
2078 3379 2157 3435 in-

566 3467 788 3537 quiunt,
820 3466 1045 3534 cadere,
1076 3483 1261 3525 eorum
1286 3476 1369 3525 est
1398 3482 1679 3539 resurgere
1713 3484 1726 3521 :
1759 3468 1954 3524 cadunt
1978 3477 2152 3524 autem

565 3574 791 3630 corpora
833 3560 1111 3617 moriendo
1141 3579 1153 3614 :
1187 3578 1310 3615 nam
1338 3570 1391 3616 et
1419 3577 1448 3615 a
1478 3561 1716 3618 cadendo
1739 3561 1996 3617 cadavera
2020 3579 2157 3618 nun-

565 3663 826 3723 cupantur
855 3651 953 3723 (α).
981 3633 1095 3708 Non
1122 3668 1247 3723 ergo
1277 3653 1595 3718 animarum,
1624 3654 1887 3724 inquiunt,
1916 3671 2155 3712 resurre-

564 3744 670 3800 ctio
698 3753 875 3813 potest
898 3759 1037 3808 esse,
1066 3746 1159 3801 sed
1188 3761 1492 3815 corporum.
1520 3746 1625 3802 Sed
1651 3746 1775 3816 quid
1802 3758 1985 3803 contra
2011 3749 2157 3818 Apo-

563 3835 759 3891 Stolum
779 3834 977 3899 dicunt,
1003 3836 1091 3903 qui
1117 3851 1233 3891 eam
1261 3838 1707 3895 resurrectionem
1732 3839 2000 3908 appellat?
2020 3841 2152 3898 Nam

562 3927 853 3981 secundum
882 3928 1186 3984 interiorem
1207 3970 1222 3995 ,
1250 3943 1357 3985 non
1384 3930 1676 3986 secundum
1702 3934 2022 3988 exteriorem
2053 3933 2153 3990 ho-

563 4022 761 4073 minem
789 4021 969 4089 utique
999 4032 1417 4090 resurrexerant,
1442 4024 1630 4088 quibus
1656 4026 1749 4092 ait,
1783 4026 1844 4081 Si
1870 4031 2153 4085 resurrexi-

560 4108 653 4165 stis
678 4126 792 4164 cum
820 4109 1017 4166 Christo
1040 4154 1056 4179 ,
1084 4128 1198 4181 qua:
1224 4129 1423 4168 sursum
1459 4125 1574 4173 sunt
1612 4118 1774 4186 sapite
1802 4116 2025 4187 (Cotoss.
2060 4136 2148 4188 ut,

560 4203 641 4274 4).
669 4204 837 4269 Quem
865 4219 1079 4260 sensum
1110 4206 1288 4261 verbis
1314 4206 1431 4261 aliis
1459 4208 1581 4262 alibi
1622 4209 1816 4278 posuit,
1845 4210 2047 4276 dicens,
2085 4211 2153 4267 Ut

560 4297 982 4367 quemadmodum
1004 4297 1231 4352 Christus
1254 4316 1286 4351 a
1308 4301 1519 4355 mortuis
1542 4301 1809 4357 resurrexit
1831 4319 1918 4371 per
1937 4304 2152 4374 gloriam

561 4387 759 4453 Patris,
784 4391 857 4444 sic
882 4400 927 4443 et
950 4407 1039 4445 nos
1066 4391 1117 4443 in
1149 4391 1362 4445 novitate
1386 4392 1498 4447 vitae
1526 4393 1835 4447 ambulemus
1858 4396 1871 4463 (
1898 4393 2047 4456 Rat».
2076 4412 2147 4462 Vt,

560 4480 638 4551 4).
669 4481 805 4535 liinc
829 4490 910 4536 est
935 4490 989 4535 et
1014 4480 1176 4547 illud,
1210 4481 1377 4551 Surge
1395 4525 1408 4547 ,
1442 4484 1529 4551 qui
1551 4483 1742 4539 dormis
1763 4526 1775 4549 ,
1808 4494 1855 4539 et
1882 4502 2097 4556 exsurge
2120 4503 2150 4539 a

559 4573 793 4638 mortuis,
816 4580 862 4626 et
881 4572 1184 4626 ittuminabit
1211 4582 1256 4626 te
1282 4572 1514 4629 Christus
1537 4570 1751 4643 (Ephes.
1778 4592 1827 4642 v,
1860 4576 1970 4646 14).
1998 4578 2149 4646 Quod

561 4672 740 4716 autem
768 4663 982 4727 dicunt,
1016 4679 1121 4718 non
1149 4680 1305 4734 posse
1332 4680 1608 4736 resurgere
1628 4706 1641 4729 ,
1672 4668 1772 4725 nisi
1797 4669 1885 4737 qui
1917 4669 2145 4735 cadunt;

560 4766 617 4809 et
640 4755 760 4809 ideo
785 4766 970 4826 putant
992 4759 1437 4817 resurrectionem
1464 4760 1529 4815 ad
1549 4775 1794 4830 corpora,
1824 4778 1927 4819 non
1950 4764 2014 4817 ad
2036 4764 2151 4817 ani-

558 4862 679 4902 mas
718 4848 985 4917 pertinere
1007 4891 1024 4917 ,
1054 4850 1175 4920 quia
1204 4866 1485 4921 corporum
1525 4861 1607 4907 est
1645 4853 1837 4913 uadere
1867 4872 1879 4909 :
1913 4870 2008 4909 cur
2040 4871 2149 4911 non

560 4940 800 5004 audiunt,
833 4939 955 4994 Non
984 4942 1222 4995 recedatis
1247 4944 1310 4997 ab
1330 4944 1441 5007 itto,
1464 4960 1526 4998 ne
1551 4945 1744 4999 cadatis
1770 4946 1953 5017 (Eccti.
1979 4964 2035 5015 ll,
2060 4949 2147 5020 7);

560 5041 649 5098 ct,
680 5032 787 5086 Suo
815 5033 1020 5087 domino
1045 5042 1143 5091 stat
1173 5044 1262 5088 aut
1288 5036 1422 5089 cadit
1456 5036 1644 5107 (Rom.
1677 5056 1780 5103 xw.
1809 5041 1867 5111 4)
1894 5060 1906 5106 ;
1933 5050 1986 5096 et
2006 5084 2020 5107 ,
2051 5042 2151 5107 Qui

563 5133 705 5194 putat
742 5140 797 5179 se
834 5133 999 5191 stare,
1025 5124 1229 5179 uideat1
1262 5144 1323 5182 ne
1345 5129 1494 5183 cadat
1524 5128 1581 5201 (Ι
1609 5130 1726 5186 Cor.
1758 5149 1812 5198 ι,
1845 5132 1991 5203 12)?
2017 5136 2151 5197 Puto

563 5216 703 5269 enim
730 5214 869 5286 quod
897 5215 947 5269 in
972 5216 1169 5283 anima,
1199 5233 1304 5272 non
1334 5219 1386 5274 in
1411 5234 1641 5290 corpore
1664 5236 1821 5283 casus
1846 5224 1946 5279 iste
1968 5240 2154 5281 caven-

561 5306 662 5361 dus
691 5315 792 5362 est.
833 5306 890 5361 Si
930 5306 1090 5377 igitur
1124 5308 1540 5367 cadantiumest
1568 5314 1925 5382 resurrectio,
1955 5316 2153 5374 cadunt

561 5407 739 5454 autem
780 5406 836 5454 et
871 5398 1095 5465 animae;
1127 5400 1363 5470 proiecto
1382 5411 1446 5461 et
1475 5403 1679 5463 animus
1709 5420 1990 5476 resurgere
2018 5423 2146 5464 con-

561 5491 816 5546 ﬁtendum
846 5502 945 5547 est.
976 5492 1128 5559 Quod
1172 5502 1348 5549 autem
1389 5509 1511 5550 cum
1549 5494 1803 5563 dixisset,
1836 5497 1903 5553 In
1932 5502 2041 5555 istis
2069 5518 2150 5554 se-

559 5585 729 5637 cunda
764 5600 900 5639 mors
930 5601 1031 5639 non
1060 5586 1205 5641 habet
1232 5596 1567 5658 potestatem;
1593 5589 1833 5662 adiunxit
1858 5601 2017 5665 atque
2043 5593 2147 5664 ait,

628 5720 646 5786 ἶ
836 5717 922 5778 Qui
943 5725 1150 5786 Mai-“
1171 5725 1317 5786 διιέτεν
1342 5727 1509 5783 caveat
1527 5735 1588 5785 ne
1617 5724 1781 5778 cadat.

622 5776 701 5850 (a)
836 5776 986 5832 Serm.
1008 5780 1119 5847 241,
1139 5795 1192 5834 n.
1216 5782 1263 5835 2.

442 5890 445 5893 ν
513 5857 562 5916 r

1681 290 1772 350 DE
1799 292 2123 363 CIVITATE
2161 291 2303 365 DEI,
2342 294 2402 351 S.
2441 287 2803 356 AUGUSTINi

3698 309 3767 373 ιτς

2278 411 2388 469 Sed
2419 423 2564 471 erunt
2602 415 2887 483 sacerdotes
2912 415 3334 489 Detetﬁt'zmts,
3364 426 3410 483 et
3444 430 3769 493 regnantem

2277 519 2334 558 eo
2366 504 2506 561 mitte
2538 506 2687 563 annis
2717 522 2737 561 :
2760 522 2869 569 non
2895 506 3069 579 utique
3097 508 3170 563 de
3210 508 3346 564 solis
3371 511 3608 585 episcopis
3628 526 3670 573 et
3689 534 3771 589 με.

2276 595 2505 668 sbyteris
2531 596 2729 655 dictum
2753 606 2835 655 est
2855 640 2871 665 ,
2896 599 2984 672 qui
3012 600 3232 672 proprie
3264 600 3378 672 jam
3404 614 3632 669 vocantur
3652 610 3690 664 in
3707 611 3777 669 ει.

2274 685 2435 743 clesia
2471 689 2782 747 sacerdotes
2809 709 2824 747 :
2850 690 2947 748 sed
2984 692 3121 749 sicut
3160 708 3354 750 omnes
3376 694 3667 757 Christianos
3686 703 3776 761 did.

2274 794 2393 835 mus
2413 791 2633 854 propter
2652 785 2934 856 mysticum
2952 785 3218 858 chrisma,
3232 788 3318 845 sic
3335 804 3518 847 omnes
3535 796 3777 866 sacerdota,

2273 873 2524 942 quoniam
2554 875 2790 933 membra
2831 885 2959 935 sunt
2996 879 3165 935 unius
3211 880 3523 938 sacerdotis.
3559 884 3621 940 De
3648 889 3780 957 quibus

2273 965 2543 1035 apostolus
2572 967 2760 1025 Petrus
2778 1008 2795 1036 ,
2824 967 3007 1038 Plebs,
3036 971 3246 1041 inquit,
3274 984 3479 1041 sancta,
3505 979 3647 1047 regale
3665 997 3781 1035 sacer-

2273 1056 2463 1112 dotium
2486 1058 2531 1127 (Ι
2557 1058 2698 1115 Petr.
2726 1077 2784 1128 ll,
2809 1061 2888 1133 9).
2915 1061 3076 1130 Sane,
3099 1064 3234 1119 licet
3258 1064 3491 1122 breviter
3514 1076 3649 1138 atque
3668 1082 3782 1128 trus-

2272 1160 2479 1219 eunter,
2510 1151 2795 1209 insinuavit
2826 1155 2993 1211 Deum
3022 1172 3147 1213 esse
3174 1156 3450 1217 Christum
3476 1160 3569 1231 (a),
3592 1161 3782 1231 dit'endo,

2272 1240 2574 1299 Sacerdotes
2615 1243 2714 1300 Dei
2755 1254 2803 1301 et
2839 1247 3056 1317 Christi,
3101 1249 3217 1307 hoc
3260 1260 3381 1317 est,
3422 1251 3582 1308 Patris
3613 1264 3657 1311 et
3682 1255 3783 1325 ἢῆ,

2269 1337 2515 1403 quamvis
2556 1348 2772 1409 propter
2801 1340 3023 1399 formam
3051 1344 3239 1413 servi,
3269 1345 3411 1403 sicut
3436 1344 3562 1403 titius
3592 1348 3785 1420 hominis,

2270 1424 2341 1483 ita
2376 1429 2535 1484 etiam
2565 1431 2815 1488 sacerdos
2844 1434 3086 1492 Christus
3119 1436 3360 1496 etractus
3388 1439 3457 1493 sit
3490 1440 3539 1496 in
3570 1450 3787 1510 uanum,

2267 1520 2561 1577 secundum
2601 1522 2844 1581 ordinem
2888 1526 3296 1587 Melchisedech
3322 1527 3509 1600 (Psat.
3534 1546 3636 1601 utr,
3658 1535 3719 1606 ι).
3740 1537 3789 1593 De

2268 1625 2371 1682 qua
2401 1628 2460 1669 re
2484 1612 2538 1669 in
2566 1615 2667 1673 hoc
2694 1630 2856 1687 opere
2882 1633 2987 1676 non
3012 1621 3186 1676 semel
3214 1621 3472 1681 diximus.

2267 1726 2493 1783 CAPUT
2516 1726 2609 1785 XI.
2638 1759 2712 1771 —-
2734 1730 2813 1785 De
2837 1731 2947 1804 Gog
2970 1743 3016 1789 et
3046 1733 3248 1807 Hagog
3272 1778 3289 1803 ,
3321 1753 3450 1807 quos
3474 1738 3539 1792 ad
3566 1756 3791 1811 persequa-

2337 1819 2457 1873 dam
2487 1820 2766 1877 Ecclesium
2791 1824 2916 1893 Dei,
2947 1828 3148 1883 solutus
3179 1846 3352 1900 prope
3390 1831 3696 1899 ﬂammati
3715 1837 3792 1890 dia-

2338 1912 2480 1966 bolus
2504 1914 2752 1970 incitabit.

2340 2004 2404 2058 Et
2429 2022 2541 2059 cum
2568 2008 2701 2075 ﬁniti
2724 2010 2929 2080 fuerint,
2958 2012 3152 2083 inquit,
3188 2015 3342 2070 mitte
3369 2017 3507 2080 antri,
3536 2017 3711 2072 solum
3730 2037 3789 2074 se.

2267 2105 2412 2153 tanas
2437 2098 2500 2152 de
2528 2102 2760 2154 custodia
2784 2118 2906 2170 sua,
2929 2113 2974 2158 et
3002 2105 3160 2159 exibit
3188 2107 3263 2159 ad
3282 2107 3584 2165 sedueendas
3603 2112 3784 2177 nationes,

2264 2205 2377 2259 qua:
2402 2199 2522 2245 sunt
2544 2191 2598 2245 in
2626 2202 2839 2263 quatuor
2860 2195 3063 2266 angulis
3101 2208 3261 2254 terra:
3283 2242 3299 2267 ,
3338 2200 3453 2273 Gog
3483 2210 3529 2256 et
3560 2202 3735 2274 Hagog,
3756 2216 3786 2256 tt

2266 2283 2428 2335 trahet
2442 2298 2527 2337 eos
2545 2284 2598 2337 in
2620 2283 2825 2351 bellum,
2848 2302 3060 2356 quorum
3080 2306 3335 2345 numerus
3353 2301 3428 2347 est
3447 2301 3498 2347 ut
3512 2309 3646 2347 arata
3662 2297 3779 2348 merit.

2265 2372 2348 2427 Ad
2380 2373 2481 2428 hoc
2507 2388 2636 2446 ergo
2664 2384 2790 2431 tunc
2819 2377 3078 2448 seducet,
3111 2390 3173 2436 ut
3220 2382 3279 2437 in
3312 2383 3416 2438 hoc
3447 2384 3624 2439 bellum
3650 2385 3781 2440 trahat.

2262 2465 2395 2520 Nam
2425 2477 2477 2521 et
2506 2477 2663 2525 antea
2692 2470 2868 2526 modis
2894 2472 3086 2541 quibus
3111 2483 3381 2543 poterat,
3414 2490 3508 2546 per
3531 2476 3649 2531 mala
3670 2478 3783 2531 multa

2264 2570 2321 2616 et
2346 2563 2490 2616 varia
2512 2561 2819 2619 seducebat.
2851 2563 3025 2620 Exibit
3050 2577 3238 2623 autem
3265 2568 3469 2625 dictum
3495 2578 3593 2637 est,
3617 2571 3659 2624 in
3679 2584 3784 2639 spcto

2263 2657 2371 2705 tam
2429 2656 2857 2722 persecutionem
2901 2657 2968 2712 de
3016 2658 3246 2715 latebris
3302 2670 3543 2732 erumpet
3581 2662 3777 2717 odiorum.

2262 2742 2388 2800 Haec
2415 2745 2557 2800 enim
2584 2746 2690 2801 erit
2733 2748 3020 2805 novissima
3058 2752 3379 2820 persecutio
3406 2794 3423 2820 ,
3449 2752 3701 2807 novissimo
3718 2754 3782 2806 im-

2261 2835 2500 2893 minente
2522 2838 2742 2908 judicio,
2766 2855 2923 2911 quam
2953 2851 3138 2898 sancta
3180 2844 3430 2899 Ecclesia
3461 2853 3563 2900 toto
3584 2853 3778 2899 tetrarum

2261 2929 2395 2984 orbe
2422 2930 2672 3000 patimur,
2704 2934 2952 2988 universa
2980 2935 3190 2991 scilicet
3210 2937 3408 2992 civitas
3425 2934 3607 2991 Christi
3629 2936 3685 2990 ab
3698 2939 3779 2989 uni-

2260 3035 2414 3077 versa
2445 3022 2641 3078 diaboli
2666 3025 2903 3090 civitate,
2929 3036 3370 3099 quantacumque
3393 3030 3494 3083 erit
3520 3036 3701 3097 utraque
3716 3040 3776 3080 suo

2261 3129 2357 3185 per
2387 3121 2603 3170 terram.
2637 3114 2837 3172 Gentes
2866 3117 3063 3188 quippe
3084 3119 3231 3188 istae,
3259 3135 3398 3192 quas
3425 3118 3777 3191 appellatcoget

2258 3205 2474 3277 Magog,
2507 3221 2611 3261 non
2635 3207 2712 3263 sic
2736 3218 2861 3264 sunt
2888 3210 3243 3280 accipiendae,
3278 3222 3525 3283 tanquam
3557 3213 3645 3267 sint
3666 3208 3774 3278 aliqui

2259 3298 2312 3353 in
2337 3298 2514 3369 aliqua
2539 3306 2689 3369 parte
2714 3308 2977 3357 terrarum
3008 3302 3226 3358 barbari
3254 3305 3548 3371 constituti,
3576 3304 3669 3358 sive
3687 3314 3774 3369 quos

2257 3391 2471 3461 quidam
2500 3393 2837 3463 suspicantur
2857 3394 3021 3450 Getas
3046 3404 3101 3450 et
3125 3396 3459 3467 Massagetas
3482 3437 3497 3463 ,
3524 3403 3705 3466 propter
3721 3392 3777 3446 iit-

2257 3491 2399 3539 teras
2442 3485 2629 3540 horum
2679 3488 2954 3542 nominum
3002 3490 3203 3559 primas
3234 3532 3251 3559 ,
3300 3492 3415 3547 sive
3462 3491 3643 3560 aliquos
3684 3487 3773 3540 alios

2255 3576 2606 3646 alienigenas,
2633 3585 2688 3632 et
2725 3592 2755 3631 a
2789 3578 3032 3635 Romano
3057 3580 3177 3650 jure
3210 3583 3500 3653 sejunctos.
3524 3581 3644 3636 Toto
3667 3592 3771 3632 nam-

2256 3683 2359 3739 que
2397 3668 2525 3723 orbe
2556 3678 2815 3725 terrarum
2859 3672 3138 3741 signiﬁcati
3179 3686 3311 3731 sunt
3340 3676 3426 3731 isti
3453 3691 3582 3741 esse,
3605 3688 3698 3728 cum
3719 3671 3772 3725 die

2254 3768 2398 3814 ctum
2424 3769 2526 3827 est,
2558 3758 2804 3816 Nationes
2826 3774 3071 3833 qutepunt
3095 3766 3147 3819 in
3175 3777 3399 3837 quatuor
3426 3766 3611 3838 angulis
3633 3775 3742 3818 terre
3758 3776 3771 3813 .'

2254 3866 2453 3923 easque
2498 3852 2726 3923 subjecit
2765 3868 2892 3909 esse
2922 3854 3032 3927 Gog
3059 3867 3107 3912 et
3136 3856 3351 3931 Magog.
3394 3860 3614 3928 Quorum
3654 3858 3767 3911 inter.

2254 3944 2604 4013 pretationem
2634 3945 2907 4001 nominum
2934 3961 3056 4003 esse
3081 3952 3444 4020 comperimus
3470 3950 3575 4021 Gog
3595 3958 3765 4007 tectum,

2253 4034 2438 4106 Magog
2467 4035 2534 4092 de
2555 4045 2696 4091 tecto
2723 4036 2797 4108 (b)
2824 4055 2837 4092 :
2865 4046 3115 4109 tanquam
3139 4040 3356 4108 domus,
3382 4050 3435 4098 et
3460 4043 3563 4113 ipse
3584 4040 3656 4111 qui
3678 4051 3762 4108 pr0~

2253 4127 2393 4183 cedit
2426 4127 2493 4183 de
2519 4127 2703 4184 domo.
2731 4127 2932 4185 Gentes
2961 4132 3123 4202 igitur
3156 4144 3319 4200 sunt,
3352 4134 3405 4189 in
3434 4134 3609 4204 quibus
3628 4128 3765 4185 diaboo

2253 4222 2363 4278 lum
2402 4223 2549 4278 velut
2585 4223 2637 4277 in
2668 4223 2861 4295 abysso
2905 4226 3152 4295 superius
3190 4227 3600 4299 intelligebamus
3642 4221 3761 4278 inclu-

2251 4329 2407 4379 sum;
2440 4322 2493 4369 et
2531 4314 2645 4384 ipse
2681 4314 2749 4369 de
2786 4315 2890 4371 illis
2931 4317 3332 4388 quodammodo
3372 4335 3489 4376 sese
3513 4317 3700 4373 etl‘erens
3724 4322 3762 4365 et

2317 4427 2389 4490 (ιι)
2415 4427 3000 4499 meummeum
3026 4444 3144 4499 esse.
3162 4433 3507 4499 promebantur
3522 4436 3758 4499 apertae»

2250 4488 2403 4559 tyres,
2418 4488 2617 4559 quando
2631 4489 2723 4559 diis
2744 4488 3013 4559 sacriﬁcare
3025 4488 3179 4559 jussi;
3190 4488 3599 4559 respoudeitautse
3615 4492 3758 4559 uniti!»

2253 4551 2306 4621 e_t
2326 4552 2508 4621 cbristo
2525 4551 2811 4621 sacriﬁcare.
2836 4555 2910 4604 Sic
2924 4551 3069 4621 beata
3090 4551 3319 4620 Crispina,
3344 4571 3450 4621 quae
3470 4559 3670 4621 passaqest

2152 4654 2159 4661 .
2250 4610 2461 4662 cietiano
2483 4614 2749 4688 secundum
2790 4622 2841 4666 et
2884 4618 3161 4688 Maximiano
3193 4610 3404 4688 iugasti;

2250 4688 2484 4752 900??”
2500 4676 2850 4752 άθβθωδῗίυωρ
2895 4680 3023 4752 Ψὲά
3066 4672 3305 4752 αξιοοίιιῖι

2251 4736 2455 4789 Anulino
2470 4738 2777 4805 proconsule,
2801 4736 2942 4791 sicuti
2967 4741 3129 4792 ferunt
3150 4744 3385 4805 passionis
3405 4742 3523 4792 illius
3533 4748 3628 4788 Acta
3644 4740 3680 4785 in
3693 4742 3750 4782 te-

2252 4804 2415 4867 terum
2440 4797 2774 4867 Analectprum
2796 4809 2925 4852 tomo
2942 4804 3088 4867 tertio
3109 4797 3334 4867 vulgata:
3361 4823 3383 4850 ε
3406 4812 3617 4865 Nunquam
3635 4810 3743 4865 estw

2252 4861 2427 4923 inquit,
2454 4878 2477 4908 α
2499 4862 2775 4923 sacriﬁcavi,
2810 4877 2903 4913 nec
2935 4865 3151 4915 sacrifico
3193 4861 3285 4918 nisi
3320 4868 3403 4916 uni
3437 4861 3526 4914 Deo
3544 4871 3588 4912 et
3604 4861 3743 4910 nomine

2259 4932 2470 4993 gruostro
2490 4931 2604 4993 Jesu
2626 4924 2808 4977 Christo
2829 4925 2943 4977 Filio
2966 4928 3099 4993 ejus,
3114 4929 3199 4993 qui
3214 4936 3371 4993 Anates
3401 4934 3471 4993 est
3491 4934 3537 4976 ει
3568 4931 3742 4993 Ρθδυδέέ

2252 4989 2306 5051 _Et
2328 4987 2624 5051 ttamniarius
2646 4994 2839 5050 martyr,
2859 4978 3010 5051 quem
3027 4978 3120 5039 sub
3133 4978 3512 5041 codemVAnulino

2251 5048 2300 5115 in
2318 5049 2516 5097 civitate
2553 5040 2785 5111 vagensi'
2799 5037 2994 5115 p'as'sum
3037 5037 3312 5115 impellitth
3612 5052 3653 5094 et

2252 5106 2385 5159 lieno
2407 5106 2649 5161 testantur
2671 5118 2780 5160 Acta
2801 5106 2863 5163 'iu
2886 5106 3121 5165 Veterum
3157 5115 3470 5167 Analedm'um
3496 5108 3743 5169 tanqu

2252 5172 2492 5245 publicata
2510 5185 2522 5221 :
2548 5191 2569 5217 α
2584 5180 2831 5245 Nunquam
2846 5173 3058 5245 sacriﬁco
3078 5175 3437 5245 daemoniis,sed
3452 5176 3523 5245 uti}
3536 5181 3627 5245 ρῳ.
3640 5171 3735 5245 [εξ

2252 5233 2407 5308 Atque
2423 5233 2671 5308 aliquantq
2692 5233 2815 5308 post,
2847 5254 2889 5308 ι.
2900 5238 3113 5297 Domino,
3136 5253 3161 5284 ι
3190 5240 3275 5302 ait,
3302 5233 3339 5287 ι’
3357 5246 3463 5288 δεειι
3473 5235 3736 5308 με

2260 5312 2284 5342 ι
2303 5294 2521 5357 beamus,
2540 5297 2623 5360 qui
2649 5294 2763 5348 fecit
2799 5294 2976 5359 emtum
3000 5307 3052 5349 et
3073 5294 3274 5364 terram,
3304 5313 3430 5352 mare
3463 5306 3507 5349 et
3524 5294 3735 5352 caluitiilla

2260 5357 2355 5424 ciu
2380 5358 2587 5424 eis_sunt
2609 5373 2623 5408 :
2649 5358 2761 5424 huic
2795 5366 2894 5411 Deo
2927 5362 3173 5413 credimus
3209 5370 3261 5413 et
3294 5363 3521 5414 servimus.
3542 5374 3560 5424 ξ
3582 5345 3732 5424 Ηξιζοέθ

2250 5418 2435 5497 ειιῖξεειξ
2448 5419 2894 5497 saltemve
2915 5424 3069 5497 ipsius
3089 5426 3139 5474 in
3162 5418 3731 5497 twtmre'tsbttm

2253 5486 2364 5552 Iret
2379 5467 2861 5552 miserrimae?
2871 5467 3139 5547 ὢῖἐυῖπῖ.
3162 5467 3558 5552 "aristas.
3575 5486 3614 5527 θι
3630 5467 3727 5552 μὲ]

2252 5522 2585 5619 re“
2599 5522 3167 5619 “suetas-stu.
3184 5522 3269 5619 ῑῖς

2252 5603 2404 5675 (qugd
2428 5606 2506 5655 hic
2524 5603 3047 5675 non_praat'ereundumj
3305 5630 3327 5658 ι
3507 5612 3549 5655 α
3564 5603 3628 5651 Da'
3639 5605 3725 5661 ροῦ-

2259 5665 2424 5735 i’tifex
2449 5684 2472 5714 ι
2501 5665 2772 5735 appellatur
2786 5682 2816 5719 a
2838 5672 3007 5735 Pontio
3029 5674 3077 5721 in
3102 5665 3373 5735 ipsius'vits.

2555 5716 3015 5794 summamad
3412 5731 3676 5797 Nam
3683 5716 3721 5773 η

2530 5804 2637 5845 can.
2663 5806 2868 5845 nxvm.

2186 5920 2252 5941 -ρτεη
