3896 6382
175 411 261 470 19⁵1

883 392 986 453 DE
1026 391 1184 453 FIDE
1219 390 1307 452 ET
1343 389 1694 458 OPERIBUS,
1731 390 1787 448 S.
1829 377 2196 450 AUGUSTINI
2234 389 2437 450 LIBER
2473 387 2672 452 UNUS.

3311 393 3416 460 198

177 521 358 594 quidem
381 508 731 587 pmtermissis
760 509 836 564 ab
865 509 1169 580 Augustino
1211 507 1275 563 iis
1318 506 1607 577 Scriptura:
1639 507 1982 574 testimoniis,
2013 505 2202 576 quibus
2233 504 2584 578 Hieronymus
2626 507 2680 563 in
2717 505 2905 565 Isaiam
2942 505 3190 567 observat
3215 511 3292 569 uti
3321 526 3416 570 eos

178 612 258 684 qui
285 609 439 663 volunt
459 609 800 674 peccatorum
836 599 1132 671 aliquando
1155 599 1293 654 finiri
1331 598 1609 669 supplicia.

236 703 358 758 Libri
407 699 469 754 de
497 697 625 753 Fide
670 705 732 752 et
771 695 1049 766 Operibus
1083 693 1325 748 meminit
1359 691 1686 762 Augustinus
1726 691 1780 747 in
1823 689 2152 760 Encbiridio,
2180 704 2299 763 cap.
2344 691 2450 760 67;
2496 691 2550 748 in
2593 691 2730 749 libro
2754 691 2823 751 de
2855 702 2980 753 octo
3020 696 3415 765 Qumstienibu;

171 796 363 859 Dulcitii,
391 801 574 865 quast.
607 792 662 858 ι,
689 806 750 846 ιι.
781 790 851 856 2;
882 798 940 846 et
965 789 1018 845 in
1065 787 1285 858 epistola
1310 785 1438 854 205,
1466 785 1532 841 ad
1550 785 1918 854 Consentium,
1944 801 1996 839 n.
2030 785 2117 841 i8.

227 911 300 971 In
319 859 541 972 librum
557 905 639 967 de
657 903 819 968 Fide
848 907 912 966 et
935 902 1252 983 Operibus
1274 901 1414 964 vide
1445 897 1551 964 lib.
1576 899 1636 968 2,
1658 898 1910 980 cap.38,
1940 859 2511 978 Retractationum,
2536 907 2684 965 tom.
2708 902 2768 981 1,
2803 903 2922 968 col.
2953 903 3095 983 ϐἵιϐ,
3127 929 3166 972 a
3187 909 3409 988 verbis,

165 1011 385 1076 interea
408 1009 610 1072 missa
642 1009 823 1081 sunt,
851 1023 1045 1086 usque
1070 1001 1152 1064 ad
1179 999 1386 1078 verba,
1412 1000 1812 1077 Quibusdam
1841 1000 2114 1065 videtur.
2197 1001 2284 1063 M.

625 1200 1714 1468 manu
1815 1309 2908 1466 AUGUSTINI

1113 1550 1860 1640 HIPPWENSIS
1914 1551 2446 1640 EPISCOPI

411 1704 734 1875 DE
813 1597 1860 1873 F1333?
1905 1597 3120 1881 ὃῖῖέἰιιιιυδ

1189 1977 1670 2091 LIBER
1777 1977 1895 2085 Π
1877 1978 2026 2088 Ν
2037 1980 2210 2090 US
2259 1981 2388 2097 (α).

1527 2142 2029 2225 autem

221 2289 462 2364 ttefellitur
477 2303 607 2364 error
623 2287 944 2364 quorumdam
960 2285 1142 2364 tripleit
1159 2285 2546 2364 ,ﬁeteontrademonstraturiLivonuomnesindiserete
2569 2293 2889 2364 admittendos
2917 2297 2976 2364 ad
3001 2304 3303 2364 Balittsmum,
3326 2305 3421 2356 sto-

159 2367 250 2424 «ne
271 2368 378 2424 εεξε
398 2347 659 2424 .wtmndoé
675 2354 724 2424 in
742 2350 957 2424 Bedesia
979 2347 1148 2424 ωδιοερ
1171 2357 1229 2399 ιιι
1247 2361 1350 2424 eos
1363 2347 2324 2424 inssﬁsalssscdesiasticaﬁiscivlim:
2347 2351 2395 2410 ἓν
2420 2355 2710 2424 mammis
2742 2371 2838 2407 non
2859 2347 3283 2424 satiusﬁitéiTsEd“

3306 2367 3419 2415 vitae

313 2418 570 2484 christiana;
591 2414 850 2465 tradendas
865 2425 978 2465 esse
1001 2411 1227 2476 regulas;
1246 2411 1293 2474 3,
1321 2409 1584 2475 Baptiiat‘os
1603 2409 1820 2474 domum,
1846 2411 1940 2460 nisi
1972 2410 2120 2461 vitam
2140 2409 2318 2463 malam
2335 2409 2582 2479 mutarint,
2608 2431 2853 2484 nunquam
2878 2421 2937 2471 ad
2956 2409 3167 2475 salutem
3184 2409 3418 2478 a‘eiérhiiri

159 2477 243 2530 ide
263 2478 359 2530 sola
380 2484 705 2543 perventuros.

223 2585 428 2643 CAPUT
466 2582 743 2642 PRIMUM.
771 2612 844 2624 -—
869 2582 924 2638 1.
948 2579 1113 2635 Error
1135 2579 1474 2652 quorumdam
1513 2580 1721 2651 triplex.

165 2677 332 2734 Omnes
379 2678 442 2730 ad
493 2675 814 2747 Baptismum
868 2674 998 2727 citra
1061 2672 1329 2727 discrimen
1380 2672 1724 2726 admittendos

163 2773 374 2826 sentiunt.
399 2769 720 2838 Quibusdam
747 2766 959 2822 videtur
986 2763 1270 2820 indiscrete
1307 2778 1494 2820 omnes
1513 2763 1711 2820 admit-

163 2863 333 2919 tendos
378 2875 490 2918 esse
516 2860 583 2915 ad
612 2859 884 2914 lavacrum
907 2855 1350 2928 regenerationis,
1382 2870 1503 2926 qua:
1544 2863 1627 2911 est
1667 2855 1721 2912 in

165 2950 354 3008 Christo
377 2952 493 3008 Iesu
528 2950 761 3007 Domino
789 2956 994 3013 nostro,
1024 2946 1233 3003 etiamsi
1261 2946 1452 3001 malam
1487 2953 1723 3017 turpem-

168 3061 264 3116 que
301 3047 442 3101 vitam
483 3044 814 3100 facinoribus
843 3051 899 3098 et
925 3041 1134 3112 ﬂagitiis
1175 3039 1590 3096 evidentissimis
1620 3055 1720 3097 no-

169 3140 296 3194 tam”
327 3149 517 3194 mutare
554 3137 850 3200 noluerint,
893 3143 1053 3205 atque
1092 3133 1144 3188 in
1175 3148 1235 3188 ea
1267 3148 1326 3188 se
1354 3141 1724 3204 perseveratu-

165 3247 248 3288 ros
281 3242 447 3305 aperta
485 3233 647 3288 etiam
690 3229 1028 3302 professione
1071 3227 1519 3284 declaraverint‘.
1562 3227 1725 3284 Verbi

161 3327 333 3404 gratia,
363 3326 405 3382 si
442 3327 720 3398 quisquam
751 3321 1025 3378 meretrici
1063 3319 1320 3388 adhaeret,
1352 3335 1456 3377 non
1502 3321 1551 3376 ei
1577 3319 1724 3391 prius

161 3417 473 3488 praecipiatur
499 3427 556 3472 ut
594 3417 664 3471 ab
698 3431 760 3472 ea
791 3413 1051 3482 discedat,
1075 3423 1130 3469 et
1157 3423 1282 3470 tunc
1305 3413 1484 3469 veniat
1522 3412 1590 3468 ad
1625 3413 1725 3469 Ba-

161 3512 409 3581 ptismum,
439 3511 531 3568 sed
559 3510 719 3566 etiam
745 3524 869 3565 cum
889 3523 953 3564 ea
979 3521 1200 3563 manens
1230 3520 1643 3577 mansurumque
1663 3521 1728 3564 se

162 3602 472 3672 conlidens’,
507 3616 604 3659 seu
633 3601 796 3658 etiam
821 3599 1101 3672 profiteris,
1131 3598 1446 3654 admittatur
1469 3607 1523 3654 et
1547 3598 1725 3669 bapti-

161 3703 320 3763 zetnr,
345 3710 439 3750 nec
459 3695 776 3766 impediatur
803 3692 918 3748 ﬁeri
948 3691 1248 3748 membrum
1273 3691 1494 3758 Christi,
1515 3690 1725 3746 etiamsi

158 3789 442 3846 membrum
471 3788 766 3845 meretricis
794 3801 917 3844 esse
943 3785 1235 3856 perstiterit
1266 3782 1306 3856 (I
1328 3782 1446 3840 Cor.
1478 3799 1553 3849 vt,
1586 3783 1674 3856 15)
1708 3801 1722 3838 :

157 3879 245 3935 sed
273 3890 445 3950 postea
494 3879 754 3935 doceatur
802 3891 962 3949 quam
1003 3875 1204 3930 sithoc
1247 3874 1468 3941 malum,
1509 3873 1728 3944 jamque

161 3970 434 4042 baptizatus
461 3972 530 4028 de
554 3971 824 4027 mutandis
851 3971 903 4026 in
927 3970 1118 4026 melius
1146 3969 1384 4024 moribus
1412 3969 1724 4026 instruatur.

161 4061 454 4121 Perversum
498 4067 643 4122 enim
691 4071 880 4136 putant
920 4071 1079 4133 atque
1123 4069 1530 4133 praeposterum,
1582 4061 1728 4130 prius

168 4154 340 4213 docere
378 4156 828 4230 quemadmodum
856 4154 1049 4210 debeat
1084 4153 1261 4209 vivere
1303 4152 1644 4219 Christianus,
1675 4162 1729 4209 et

170 4247 338 4307 deinde
361 4251 638 4322 baptizari.
671 4249 778 4306 Sed
806 4256 1029 4305 censent
1058 4246 1360 4318 przecedere
1395 4245 1594 4303 debere
1630 4246 1728 4300 Ba-

173 4342 325 4411 ptismi
368 4353 782 4408 sacramentum,
832 4349 889 4396 ut
933 4339 1124 4395 deinde
1170 4348 1421 4410 sequatur
1463 4338 1585 4393 vitce
1615 4353 1729 4393 mo-

176 4448 368 4506 rumque
397 4438 639 4494 doctrina
679 4454 693 4493 :
736 4450 894 4506 quam
933 4436 977 4491 si
1024 4444 1206 4490 tenere
1243 4442 1297 4488 et
1340 4431 1608 4488 custodire
1641 4446 1730 4486 vo-

178 4524 332 4591 luerit,
377 4531 568 4585 utililer
615 4528 837 4594 fecerit;
889 4528 934 4581 si
989 4535 1166 4581 autem
1217 4525 1480 4590 noluerit,
1523 4531 1729 4578 retenta

182 4619 270 4676 Iide
294 4621 587 4688 christiana,
620 4623 736 4677 sine
765 4636 869 4692 qua
899 4620 951 4674 in
980 4628 1236 4674 mternum
1269 4617 1484 4687 periret,
1512 4616 1565 4670 in
1596 4630 1730 4685 quo-

182 4709 293 4766 libet
337 4715 530 4771 scelere
587 4710 1032 4782 immunditiaque
1076 4707 1462 4780 permanserit,
1519 4705 1732 4760 salvum

180 4818 284 4860 eum
317 4805 536 4863 futurum
567 4815 823 4876 tanquam
849 4819 942 4875 per
970 4803 1164 4874 ignem,
1204 4801 1348 4856 velut
1375 4799 1461 4870 qui
1497 4797 1729 4852 aedifica-

1830 2581 1968 2638 verit
1996 2595 2160 2651 super
2187 2582 2585 2640 fundamentum
2625 2586 2766 2657 qnod
2795 2596 2872 2644 est
2901 2587 3164 2658 Christus,
3187 2608 3294 2649 non
3318 2608 3417 2650 au-

1829 2687 1971 2739 rum,
2009 2685 2309 2746 argentum,
2349 2675 2551 2747 lapides
2577 2679 2860 2749 pretiosos,
2896 2681 2991 2738 sed
3021 2682 3184 2754 ligna,
3214 2684 3416 2753 fenum,

1828 2765 2076 2834 stipulam
2100 2766 2142 2840 (I
2168 2766 2285 2822 Cor.
2315 2784 2394 2837 ιιι,
2421 2767 2612 2844 11-15)
2634 2787 2649 2837 ;
2674 2771 2725 2825 id
2745 2780 2849 2839 est,
2870 2787 2978 2828 non
2998 2773 3172 2845 justos
3203 2787 3414 2836 castos-

1828 2871 1933 2928 que
1963 2873 2159 2926 tnores,
2189 2859 2285 2916 sed
2313 2859 2524 2932 iniquos
2550 2870 2606 2917 et
2628 2862 2946 2934 impudicos.

1898 2948 1956 3004 2.
1998 2949 2202 3005 Marum
2246 2951 2530 3008 doctrinam
2577 2965 2776 3009 censent
2827 2956 3029 3012 nonnisi
3081 2967 3192 3029 post
3237 2956 3418 3030 Bapti-

1827 3060 1991 3100 smum
2021 3061 2126 3100 esse
2152 3046 2471 3102 tradendam.
2503 3047 2586 3102 Ad
2614 3047 2752 3104 banc
2789 3058 2966 3106 autem
3002 3051 3416 3122 disputationem

1828 3136 2078 3192 videntur
2107 3139 2342 3209 impulsi,
2379 3139 2520 3210 quod
2544 3155 2636 3196 eos
2664 3143 2925 3198 moverit‘
2966 3158 3072 3198 non
3102 3144 3314 3201 admitti
3345 3145 3416 3201 ad

1829 3226 2157 3296 Baptismum
2190 3230 2280 3300 qui
2319 3230 2554 3286 dimissis
2587 3231 2845 3289 uxoribus
2881 3233 3013 3288 alias
3035 3233 3304 3301 duxerint,
3333 3234 3418 3290 vel

1829 3318 2058 3376 feminas
2092 3338 2210 3391 quae
2249 3323 2482 3378 dimissis
2502 3323 2631 3379 viris
2658 3325 2779 3380 aliis
2813 3327 3120 3396 nupserim;
3157 3327 3280 3398 quia
3303 3326 3421 3384 haec

1829 3428 1939 3469 non
1985 3415 2251 3486 conjugis,
2291 3415 2387 3470 sed
2413 3414 2672 3471 adulteria
2713 3430 2832 3473 esse
2877 3417 3134 3474 Dominus
3175 3416 3421 3476 Christus

1829 3507 1948 3563 sine
1975 3507 2081 3562 ulla
2120 3507 2451 3565 dubitatione
2490 3516 2716 3564 testatur
2758 3508 2968 3579 (Matth.
3011 3525 3138 3577 nx,
3179 3509 3258 3581 9).
3285 3509 3421 3564 Cum

1827 3598 1973 3655 enim
2001 3614 2196 3670 negare
2222 3615 2328 3655 non
2351 3609 2569 3671 possent
2595 3615 2716 3658 esse
2739 3600 3079 3668 adulterium,
3101 3600 3246 3671 quod
3265 3600 3421 3657 Veri-

1833 3697 1914 3746 tas
1941 3690 2260 3748 adulterium
2306 3707 2426 3748 esse
2465 3693 2580 3748 sine
2619 3693 2842 3766 ambage
2869 3691 3206 3759 confirmat',
3235 3692 3422 3762 eisque

1831 3781 2110 3854 suffragari
2126 3783 2321 3840 vellent
2335 3783 2401 3838 ad
2417 3783 2781 3854 accipiendum
2800 3783 2870 3837 Ba
2877 3783 3150 3853 ptismum,
3168 3799 3303 3854 quos
3319 3783 3420 3840 hu-

1825 3874 2061 3946 jusmodi
2082 3876 2271 3946 laqueo
2300 3877 2370 3931 ita
2399 3886 2584 3947 captos
2611 3875 2874 3943 viderent,
2898 3883 2956 3930 ut
2974 3876 3017 3930 si
3037 3891 3142 3930 non
3171 3875 3420 3932 admitte-

1831 3975 2017 4023 rentur
2057 3967 2125 4023 ad
2162 3968 2509 4039 Baptismum,
2549 3969 2664 4025 sine
2683 3968 2795 4024 ullo
2826 3977 3163 4026 sacramento
3205 3968 3424 4024 mallent

1831 4059 2012 4115 vivere
2040 4059 2125 4116 vel
2169 4061 2328 4116 etiam
2367 4062 2523 4127 mori,
2547 4077 2706 4131 quam
2734 4060 2978 4131 disrupto
3021 4060 3267 4117 adulterii
3303 4061 3421 4116 vin-

1832 4153 1954 4208 culo
1992 4153 2210 4210 liberari
2249 4172 2262 4209 :
2294 4157 2522 4209 humana
2543 4154 2772 4226 quadam
2803 4156 3144 4211 miseratione
3168 4156 3422 4211 commoti

1834 4253 1958 4300 sunt
1991 4245 2058 4300 ad
2091 4261 2275 4301 eorum
2315 4262 2528 4302 causam
2558 4247 2636 4302 sic
2686 4244 3102 4316 suscipiendam,
3130 4254 3187 4301 ut
3235 4261 3422 4302 omnes

1835 4353 1958 4394 cum
1998 4339 2077 4394 eis
2124 4339 2452 4396 facinorosos
2499 4339 2883 4410 etﬂagitiosos,
2918 4339 3077 4394 etiam
3109 4339 3253 4394 nulla
3295 4354 3420 4410 pro-

1837 4430 2094 4486 hibitione
2117 4439 2413 4500 correptos,
2444 4433 2583 4486 nulla
2603 4431 2950 4486 instructioue
2966 4439 3255 4494 correctos,
3280 4429 3423 4483 nulla

1835 4521 2148 4592 pmnitentia
2191 4531 2421 4577 mutatos
2454 4521 2520 4576 ad
2552 4521 2878 4591 Baptismutn
2912 4517 3272 4574 admittendos
3307 4532 3426 4574 esse

1835 4625 2151 4681 censerent;
2202 4614 2567 4670 existimantes
2615 4626 2742 4678 eos,
2795 4610 2894 4666 nisi
2951 4611 3124 4678 fieret,
3169 4609 3224 4664 in
3272 4616 3429 4665 aeter-

1838 4724 1964 4764 num
1992 4722 2110 4764 esse
2157 4709 2453 4778 perituros;
2504 4707 2752 4761 siautem
2800 4703 2975 4768 fieret,
3024 4703 3185 4758 etiam
3225 4702 3277 4758 in
3325 4701 3427 4760 illis

1837 4800 1992 4856 malis
2017 4808 2423 4871 perseverantes
2453 4800 2628 4854 salvos
2655 4813 2748 4869 per
2778 4797 2952 4867 ignem
2980 4794 3208 4852 futuros.

1343 4928 1630 4970 ADHONITIO
1667 4929 1747 4970 PP.
1793 4929 2268 4973 BENEDICTINORUM.

231 5009 657 5078 {idemenﬁdandum
681 5009 861 5078 librum
877 5008 942 5059 de
965 5009 1076 5059 Fide
1102 5014 1154 5078 et
1182 5006 1446 5078 Operibus,
1487 5005 1563 5078 usi
1586 5017 1756 5078 sumus
1792 5008 2165 5078 codicibusmss.
2207 5011 2440 5060 Vaticanis
2463 5011 2646 5078 tribus,
2684 5018 2735 5078 et
2757 5012 3293 5078 tredecim__(‘.allieanis,
3327 5025 3427 5078 uno

183 5069 380 5140 fidelia}
398 5073 706 5140 bibliotheca:
729 5073 909 5140 Regina,
937 5084 1034 5140 uno
1055 5066 1940 5140 sorlionieaz,aliqaugustinianerum
1961 5072 2156 5140 majoris
2177 5081 2446 5140 conventus
2466 5066 2758 5140 ttarisiensis
2774 5109 2788 5134 ,
2813 5075 2907 5126 alio
2929 5074 3123 5140 collegii
3151 5066 3428 5140 Parisiensis

181 5135 574 5201 danai-dium,
593 5137 738 5201 diem
758 5129 1113 5201 alio_i;1ccle_sia;
1139 5131 1412 5201 “emensis,
1449 5129 1674 5201 Ecclesiae
1697 5129 2056 5201 laudunensis;
2081 5134 2287 5201 abbatim
2309 5137 2615 5201 corbeiensis
2634 5172 2648 5198 ,
2682 5129 3138 5201 rttot’omagensisvs.
3179 5138 3391 5201 Andoeni
3409 5169 3428 5197 ,

182 5198 380 5264 stetettsis
399 5190 692 5264 “manu
708 5231 724 5257 ,
745 5194 1058 5264 s._tlichaelis
1096 5196 1142 5244 in
1167 5192 1382 5264 periculo
1407 5192 1552 5264 maris
1568 5225 1582 5251 ,
1602 5190 2050 5264 pasalis_i3enedi_cti
2067 5229 2083 5256 ,
2106 5197 2408 5264 Diyiunensis
2424 5206 2467 5247 s.
2494 5190 2718 5264 Benigni,
2744 5206 2804 5264 et
2826 5190 3174 5264 cistereiensis.
3200 5190 3426 5249 Adhibui;

181 5265 274 5324 plus
294 5261 425 5324 etiam
446 5253 687 5324 lectiones
709 5253 956 5324 variantes
970 5269 1002 5324 Aa
1019 5253 1394 5324 Lovaniensihus
1414 5253 1578 5324 (Ie-ceri
1598 5258 1674 5324 tas
1698 5266 1763 5324 eg:
1785 5259 1892 5305 Mss.
1918 5253 2077 5308 tribus
2095 5257 2323 5324 Belgicis;
2349 5272 2540 5310 necnon
2570 5253 2869 5324 aritiquiores
2890 5261 3130 5312 editiones
3150 5269 3254 5312 Am.
3277 5266 3355 5312 Er.
3379 5266 3432 5313 et

182 5320 294 5378 ιω,
309 5321 350 5370 id
370 5331 460 5382 est,
478 5322 676 5373 Joannis
699 5319 1018 5404 Amerbachii,
1043 5318 1278 5370 Desiderii
1309 5316 1505 5376 Erasini,
1526 5313 1578 5365 et
1597 5313 1951 5380 't‘heologorum
1974 5313 2354 5371 Lovaniensium.

253 5366 732 5487 έοπῳιιναυίιηιιε
751 5366 1054 5486 praetcrea
1082 5421 1179 5465 eas
1206 5418 1411 5464 omnes
1435 5366 1736 5461 editiones
1765 5366 1953 5466 initio
1983 5403 2156 5466 Retr.
2181 5412 2242 5468 et
2262 5405 2551 5470 Confess.
2586 5414 2633 5470 t.
2667 5409 2727 5485 1,
2750 5416 3140 5474 memoratas.

239 5528 254 5597 ξ
281 5537 397 5597 Lfnus
417 5545 447 5584 e
461 5531 848 5597 vatieanisuss.,
883 5526 1116 5597 deditam.
1282 5589 1300 5597 Α
1376 5586 1385 5597 ι

237 5592 338 5663 {Sic
359 5582 461 5648 Mss.
499 5582 582 5648 at,
598 5594 753 5654 editi,
799 5582 971 5655 aperta
1007 5589 1152 5641 etiam
1181 5586 1474 5652 confessimte
1516 5582 1736 5637 declara-

177 5663 371 5771 ’Ἧι
406 5728 457 5774 et
477 5729 573 5782 an,
605 5729 814 5772 umeris
831 5725 1180 5782 marum-usque
1198 5711 1459 5780 conﬁdens.
1478 5717 1610 5775 l.ov.,
1636 5722 1742 5762 ma-

166 5790 274 5847 nu
299 5774 665 5847 unum
691 5793 754 5847 ,δέ
783 5774 1040 5847 90mm.-

220 5841 290 5912 (α)
531 5837 664 5901 circa
688 5837 890 5894 initium
911 5837 1026 5889 anni
1048 5837 1154 5889 ιιδ.

1907 5533 1922 5563 ι
1958 5533 2030 5582 sic
2051 5538 2124 5581 Er.
2153 5539 2203 5582 et
2222 5539 2326 5581 .‘ilss.
2351 5539 2405 5582 At
2425 5538 2557 5593 Lov.,
2581 5530 2812 5584 noverint.

1908 5595 1927 5627 ²
1962 5593 2184 5659 Plerique
2207 5602 2336 5658 Mss,
2359 5594 2461 5648 sine
2483 5593 2808 5660 ambiguitate.
