3882 6396
45 228 203 289 επ
1407 225 1612 287 uasa
1648 228 2039 295 mansurus.

45 346 402 417 procedens
431 360 447 401 :
473 354 535 402 ut
556 342 667 403 illa
690 346 799 404 sint
825 352 1021 404 tectum
1045 390 1060 415 ,
1085 349 1201 419 ipse
1222 346 1294 404 de
1322 355 1484 405 tecto.
1511 346 1569 404 Si
1595 361 1694 404 su-

45 448 200 493 Lem
237 449 531 508 utrumque
559 438 855 495 referamus
885 440 951 494 ad
975 448 1161 511 gentes
1182 481 1200 505 ,
1250 454 1356 496 non
1394 456 1558 496 unum
1596 438 1695 499 bo—

45 546 213 585 rum
260 531 333 586 ad
371 531 516 596 illas,
542 531 768 587 alterum
799 531 866 587 ad
893 532 1163 588 diabolum
1196 548 1211 595 ;
1243 542 1298 590 et
1327 540 1522 588 tectum
1562 532 1692 603 ipsae

45 632 220 676 sunt
250 664 268 688 ,
321 622 444 693 quia
492 623 543 679 in
565 623 648 678 eis
691 639 832 678 nunc
877 623 1163 681 includitur
1203 632 1258 679 et
1294 624 1691 694 quodammodo

45 714 300 783 Legitur
342 714 590 769 inimicus
633 715 924 783 antiquus;
971 724 1027 771 et
1055 716 1123 771 de
1152 724 1291 772 tecto
1331 717 1462 786 ipsa:
1489 726 1686 785 erunt.

45 805 318 875 quando
343 805 394 861 in
421 814 663 874 apertum
692 805 870 861 odium
901 806 968 863 de
1012 816 1201 877 operto
1242 815 1513 876 eruptura:
1541 818 1687 867 sunt.

45 895 249 963 Quod
278 911 406 951 vero
432 897 523 962 ait,
553 895 624 951 Et
652 895 980 951 ascenderunt
1000 915 1152 968 super
1174 909 1321 953 terrm
1344 899 1685 967 latitudinem,

45 1004 136 1040 eo
189 988 465 1043 cinwunt
516 998 683 1044 castra
726 999 1020 1045 sanctorum
1062 1000 1107 1044 et
1158 988 1391 1045 dilectam
1439 991 1688 1055 civitatem

46 1077 93 1149 (
120 1078 310 1149 Apoc.
337 1095 405 1134 xx
428 1120 445 1149 ,
474 1081 526 1147 7,
558 1080 592 1137 8
617 1080 636 1150 )
667 1098 681 1135 :
712 1095 821 1136 non
865 1080 1045 1151 utique
1090 1080 1158 1137 ad
1200 1097 1363 1137 unum
1392 1081 1567 1137 locum
1597 1096 1688 1138 ve-

46 1171 238 1226 nisse
260 1214 277 1236 ,
306 1173 386 1226 vel
418 1172 624 1227 venturi
650 1186 771 1227 esse
810 1172 1090 1242 signiﬁcati
1139 1182 1297 1242 sunt,
1330 1174 1479 1244 quasi
1506 1174 1687 1245 aliquo

46 1279 197 1319 uno
229 1265 353 1321 loco
378 1263 553 1320 futura
581 1264 688 1321 sint
713 1275 888 1323 castra
917 1275 1221 1323 sanctorum
1250 1276 1305 1321 et
1337 1268 1528 1324 dilecta
1556 1267 1688 1325 civi-

46 1363 206 1419 tas;
239 1370 364 1411 cum
397 1354 511 1411 haec
535 1369 640 1411 non
666 1356 737 1411 sit
765 1355 864 1411 nisi
894 1356 1090 1412 Christi
1121 1356 1360 1415 Ecclesia
1386 1365 1498 1413 toto
1525 1366 1687 1414 terra-

46 1462 207 1501 rum
239 1446 374 1502 orbe
398 1445 589 1503 diffusa
619 1464 633 1501 :
660 1462 725 1503 ac
774 1462 868 1517 per
898 1447 999 1502 hoc
1039 1448 1361 1519 ubicumque
1405 1456 1531 1503 tunc
1560 1449 1681 1516 erit,

48 1556 208 1608 quae
243 1540 297 1595 in
326 1540 577 1595 omnibus
599 1540 846 1611 gentibus
872 1542 1005 1607 erit,
1039 1541 1181 1611 quod
1220 1542 1573 1612 signiﬁcatum
1603 1551 1689 1599 est

50 1646 314 1688 nomtne
336 1631 630 1687 latitudinis
651 1640 807 1686 terrae
830 1672 846 1699 ,
878 1632 949 1687 ibi
975 1642 1133 1689 erunt
1152 1644 1329 1688 castra
1353 1643 1680 1702 sanctorum,

54 1724 157 1778 ibi
205 1724 312 1779 erit
351 1722 539 1778 dilecta
572 1724 681 1779 Deo
710 1724 899 1779 civitas
924 1724 1042 1797 ejus
1067 1741 1080 1789 ;
1116 1725 1185 1780 ibi
1214 1726 1281 1780 ab
1306 1726 1553 1782 omnibus
1581 1727 1683 1781 ini-

56 1814 251 1868 micis
278 1814 389 1869 suis
414 1855 427 1880 ,
457 1814 580 1883 quia
609 1822 665 1869 et
694 1814 792 1884 ipsi
821 1814 875 1869 in
904 1815 1150 1870 omnibus
1176 1816 1422 1886 gentibus
1450 1831 1569 1871 cum
1594 1817 1681 1871 illa

58 1914 279 1973 erunt,
309 1907 693 1978 persecutionis
734 1908 877 1963 illius
913 1909 1244 1965 immanitate
1284 1912 1547 1983 cingetur,
1580 1911 1681 1969 hoc

60 2010 208 2065 est,
242 1999 293 2057 in
326 2000 595 2070 angustias
629 2000 984 2057 tribulationis
1010 2003 1301 2058 arctabiIur
1322 2045 1337 2069 ,
1390 2006 1680 2075 urgebitur,

64 2090 475 2159 concludetur;
500 2107 599 2147 nec
625 2092 867 2147 militiam
897 2094 914 2125 ⁸
942 2107 1093 2149 suam
1123 2095 1358 2165 deseret,
1381 2110 1499 2167 quae
1526 2112 1682 2154 voca-

60 2184 219 2239 bulo
247 2192 331 2239 est
358 2185 619 2255 appellata
654 2193 973 2242 castrorum.

3276 251 3383 317 ΜΒ

1802 350 2046 411 tiehristo
2073 354 2250 427 (sicut
2290 357 2402 431 iam
2440 361 2716 433 diximus,
2743 365 2868 437 quis
2910 373 2969 428 et
3000 367 3055 427 is
3101 367 3205 429 hoc
3236 371 3379 431 libro

1798 446 2043 512 superius
2057 444 2238 519 [Apoc.
2255 462 2377 518 x,et
2399 453 2501 527 x1],
2519 464 2573 511 et
2597 456 2737 528 apud
2764 458 3034 518 Danielum
3061 461 3377 534 prophetam

1801 535 1819 608 [
1841 537 1978 595 Dan.
2007 539 2102 612 χιι]
2134 544 2360 611 positum
2387 547 2513 618 est),
2541 549 2711 607 tribus
2733 553 2888 617 annis
2910 561 2967 610 et
2987 569 3083 611 sex
3104 557 3379 615 mensibus

1796 630 1916 687 erit.
1945 632 2097 701 Quod
2123 643 2350 707 tempus,
2382 642 2624 711 quamvis
2645 646 2914 716 exiguum,
2943 655 3120 704 utrum
3139 649 3207 705 ad
3230 651 3378 708 mille

1793 739 1964 781 annos
2006 729 2307 799 pertineat,
2334 734 2528 804 quibus
2554 746 2608 792 et
2635 737 2905 795 diabolum
2947 740 3162 811 ligatum
3208 742 3374 809 dicit,

1796 829 1849 873 et
1876 831 2087 877 sanctos
2117 838 2340 893 regnare
2361 841 2483 881 cum
2504 828 2751 896 Christo;
2777 846 2847 887 an
2865 832 3069 889 eisdem
3092 833 3248 890 annis
3273 834 3374 891 hoc

1794 926 2013 980 parvum
2036 916 2265 984 spatium
2290 920 2698 990 superaddatur,
2720 932 2878 992 atque
2898 927 2967 981 sit
2986 935 3159 993 extra,
3182 927 3377 983 merito

1793 1004 2095 1074 ambigitur.
2126 1006 2259 1075 Quia
2285 1010 2331 1065 si
2359 1010 2646 1070 dixerimus
2688 1014 2757 1073 ad
2799 1016 3019 1073 eosdem
3059 1033 3229 1074 annos
3272 1018 3375 1076 hoc

1791 1096 2062 1166 pertinere
2089 1140 2103 1163 ,
2145 1114 2250 1156 non
2294 1110 2441 1159 tanto
2486 1112 2726 1174 tempore
2748 1147 2765 1173 ,
2805 1107 2900 1164 sed
2930 1109 3224 1179 prolixiore
3250 1124 3373 1167 cum

1791 1187 2004 1243 Christo
2032 1206 2250 1259 regnum
2276 1202 2581 1251 sanctorum
2612 1197 2907 1267 reperietur
2933 1199 3183 1267 extendi,
3210 1216 3371 1271 quam

1790 1281 2034 1339 diabolus
2058 1285 2280 1355 alligari.
2313 1287 2561 1345 Proiecto
2587 1290 2729 1345 enim
2756 1293 2926 1349 sancti
2955 1308 3078 1349 cum
3106 1307 3204 1350 suo
3227 1295 3374 1365 Rege

1790 1376 1949 1430 etiam
1976 1378 2029 1431 in
2060 1378 2177 1447 ipsa
2202 1380 2467 1449 prtecipue
2505 1384 2872 1450 persecutione
2904 1386 3202 1457 regnabunt
3234 1387 3374 1443 mala

1790 1478 1933 1523 tanta
1963 1470 2256 1533 vincentes.
2288 1472 2498 1541 quando
2520 1474 2629 1542 jam
2657 1475 2900 1535 diabolus
2928 1493 3036 1533 non
3063 1479 3167 1534 erit
3190 1479 3375 1550 alliga.

1789 1568 1896 1626 tus,
1920 1571 1978 1617 ut
1997 1578 2091 1619 eos
2112 1567 2362 1636 persequi
2393 1567 2640 1623 omnibus
2660 1569 2863 1626 viribus
2886 1570 3071 1642 possit.
3094 1572 3375 1640 Quomodo

1787 1668 1914 1725 ergo
1938 1656 2039 1711 ista
2073 1655 2344 1728 Scriptura
2373 1660 2572 1716 eisdem
2607 1660 2753 1717 mille
2779 1665 2933 1720 annis
2962 1673 3243 1735 utrumque
3275 1664 3372 1722 de-

1788 1749 2081 1816 terminat,
2130 1750 2325 1807 diaboli
2366 1753 2572 1809 scilicet
2617 1754 3007 1824 alligationem,
3040 1771 3373 1828 regnumque

1786 1851 2089 1897 sanctorum
2114 1861 2129 1909 ;
2161 1858 2283 1901 cum
2314 1845 2470 1901 trium
2497 1860 2755 1902 annorum
2783 1858 2837 1904 et
2866 1864 2961 1905 sex
2996 1848 3261 1905 mensium
3286 1849 3371 1905 in-

1786 1938 2006 1992 tervallo
2037 1939 2183 2008 prius
2207 1938 2418 1994 desinat
2443 1940 2675 2010 alligatio
2698 1940 2934 2009 diaboli,
2962 1958 3119 2013 quam
3149 1958 3369 2013 regnum

1785 2039 2090 2087 sanctorum
2118 2033 2172 2087 in
2203 2032 2282 2088 his
2309 2033 2455 2090 mille
2492 2035 2645 2091 annis
2683 2050 2802 2090 cum
2828 2035 3081 2092 Christo?
3108 2034 3164 2092 Si
3191 2044 3371 2092 autem

1783 2123 2072 2181 dixerimus
2118 2141 2337 2195 parvum
2382 2129 2764 2197 persecutionis
2802 2128 2960 2199 hujus
2996 2129 3099 2184 hoc
3139 2129 3370 2198 spatium

1784 2231 1889 2272 non
1934 2218 2346 2287 computandum
2394 2220 2448 2275 in
2493 2220 2636 2276 mille
2678 2221 2871 2288 annis,
2911 2220 3006 2277 sed
3034 2221 3112 2277 eis
3138 2221 3369 2292 impletis

1784 2310 1959 2378 potius
1987 2310 2343 2378 adjiciendum
2369 2328 2383 2377 ;
2416 2320 2472 2366 ut
2498 2312 2710 2381 proprie
2740 2312 2908 2382 possit
2938 2311 3195 2383 intelligi,
3225 2312 3367 2383 quod

1782 2413 1903 2455 cum
1931 2400 2153 2457 dixisset
2176 2444 2189 2464 ,
2222 2403 2522 2457 Sacerdotes
2546 2403 2644 2458 Dei
2665 2414 2715 2458 et
2741 2404 2925 2459 Christi
2955 2406 3230 2477 regnabant
3255 2421 3369 2459 cum

1782 2508 1838 2546 eo
1866 2493 2004 2546 mille
2026 2495 2191 2561 annis,
2221 2494 2428 2565 adjecit,
2456 2494 2521 2548 Et
2544 2512 2659 2549 cum
2687 2497 2817 2566 ﬁniti
2844 2498 3029 2567 fuerint
3057 2497 3195 2551 mille
3222 2498 3365 2565 anni,

62 2295 322 2354 CAPUT
350 2296 466 2353 XII.
504 2327 576 2338 —
610 2297 691 2355 An
727 2298 796 2352 ad
831 2299 1062 2354 ultimum
1092 2302 1399 2371 supplicium
1436 2306 1680 2375 pertineat

153 2392 451 2461 impiorum,
483 2392 619 2462 quod
646 2392 959 2453 descendisse
996 2395 1127 2466 ignis
1154 2395 1215 2450 de
1235 2396 1379 2465 ctelo,
1408 2408 1459 2452 et
1481 2400 1681 2455 eosdem

153 2484 434 2540 comedisse
461 2494 784 2541 memoratur.

152 2599 313 2666 Quod
344 2613 471 2654 vero
516 2599 631 2667 ait,
664 2599 733 2653 Et
773 2600 1029 2656 descendit
1062 2602 1197 2673 ignis
1227 2602 1301 2671 (η)
1332 2604 1395 2657 de
1436 2604 1586 2661 cwlos
1632 2616 1681 2661 et

70 2694 303 2748 comedit
342 2710 424 2749 eos
447 2693 627 2767 (Apoc.
662 2712 757 2760 xx,
787 2695 845 2765 9)
872 2712 884 2749 :
917 2710 1023 2751 non
1057 2705 1356 2752 extremum
1385 2700 1675 2768 putandum

72 2798 169 2843 est
217 2788 267 2843 id
306 2804 426 2844 esse
466 2790 805 2860 suppllcium,
834 2790 974 2860 quod
1004 2791 1123 2857 erit,
1154 2806 1274 2845 cum
1316 2792 1545 2860 dicetur,
1577 2794 1677 2849 Di-

69 2880 273 2935 scedite
318 2897 349 2933 a
387 2897 468 2935 me
490 2923 504 2948 ,
546 2880 840 2947 maledicti,
881 2882 933 2935 in
975 2883 1141 2953 ignem
1168 2892 1408 2937 ceter-nunt
1442 2884 1673 2957 (Matth.

72 2988 215 3039 xxv,
242 2971 354 3042 il).
383 2972 532 3026 Tunc
562 2972 757 3043 quippe
800 2973 853 3027 in
886 2974 1060 3042 ignem
1096 2975 1375 3029 mittentur
1404 2976 1499 3045 ipsi
1527 3017 1541 3043 ,
1568 2993 1674 3033 non

72 3064 227 3133 ignis
257 3063 325 3118 de
349 3063 487 3119 cmlo
518 3066 691 3119 veniet
717 3080 877 3134 super
910 3065 1072 3134 ipsos.
1105 3065 1201 3120 Hic
1228 3075 1407 3121 autem
1436 3066 1569 3123 bene
1594 3069 1675 3122 in-

73 3155 342 3225 telligitur
364 3154 493 3226 ignis
515 3156 578 3208 de
604 3155 728 3210 coelo
754 3197 769 3224 ,
799 3155 867 3209 de
894 3156 1005 3226 ipsa
1042 3156 1290 3211 ﬁrmitate
1325 3167 1630 3213 sanctorum
1656 3199 1671 3224 ,

75 3264 191 3321 qua
223 3263 329 3303 non
354 3250 555 3304 cessuri
596 3258 721 3304 sunt
760 3251 1098 3306 szevientibus
1121 3292 1135 3318 ,
1167 3260 1224 3305 ut
1250 3266 1435 3307 eorum
1482 3252 1675 3307 faciant

74 3340 432 3396 voluntatem.
476 3340 891 3396 Firmamentum
938 3353 1019 3397 est
1067 3344 1208 3397 enim
1258 3343 1448 3398 coelum
1476 3385 1491 3411 ,
1523 3346 1675 3415 cujus

78 3434 428 3489 ﬁrmitateilli
447 3432 823 3489 cruciabuntur
842 3434 1219 3490 ardentissimo
1239 3436 1388 3501 zelo;
1420 3438 1670 3507 quoniam

78 3541 195 3581 non
234 3534 486 3596 poterunt
511 3525 780 3583 attrahere
820 3526 873 3583 in
906 3534 1086 3596 partes
1115 3528 1430 3583 Antichristi
1460 3538 1672 3585 sanctos

78 3620 307 3676 Christi.
350 3621 417 3675 Et
457 3621 571 3690 ipse
600 3621 702 3675 erit
744 3622 879 3691 ignis
909 3622 999 3692 qui
1027 3622 1430 3688 comedeteos,
1475 3633 1531 3678 et
1571 3623 1673 3679 hoc

81 3732 119 3770 α
148 3712 308 3768 Deo:
334 3714 455 3785 quia
487 3714 579 3769 Dei
624 3729 848 3770 munere
888 3714 1272 3787 insuperabiles
1300 3715 1436 3769 ﬁunt
1461 3716 1629 3771 sancti
1654 3759 1668 3785 ,

82 3808 235 3863 unde
262 3808 634 3865 excruciantur
658 3808 877 3864 inimici.
921 3808 1069 3864 Sicut
1092 3810 1232 3864 enim
1264 3809 1316 3863 in
1347 3810 1487 3865 bono
1528 3811 1673 3880 posi-

86 3912 206 3957 tum
225 3908 325 3967 est,
343 3899 495 3955 Zelus
508 3901 685 3954 domus
704 3910 804 3954 tua?
822 3902 1036 3954 comedit
1049 3918 1126 3956 me
1148 3899 1317 3970 (Psal.
1333 3916 1515 3965 LXVIII,
1538 3902 1625 3972 10)
1652 3920 1667 3968 ;

86 3993 166 4047 ita
196 4008 227 4047 e
254 3991 549 4057 contrario,
584 3990 738 4045 Zelus
781 3992 1041 4059 occupavit
1065 3990 1255 4059 plebem
1274 3991 1600 4053 ineruditum,
1625 4002 1672 4045 et

88 4099 227 4138 nunc
241 4084 366 4153 ignis
391 4083 669 4138 contrarios
684 4083 906 4137 comedet
932 4080 1081 4152 (Isai.
1102 4097 1247 4149 xxVI,
1264 4082 1351 4149 II,
1364 4099 1464 4137 sec.
1481 4082 1668 4154 LXX).

91 4176 164 4230 Et
178 4194 307 4230 nunc
321 4178 523 4247 utique,
538 4187 760 4247 excepto
775 4177 977 4231 scilicet
996 4176 1160 4230 ultimi
1180 4176 1321 4229 illius
1338 4176 1669 4247 ignejudicii.

91 4275 202 4326 Aut
228 4272 413 4337 sicam
455 4271 693 4341 plagam,
723 4285 825 4340 qua
872 4269 1197 4339 percutientli
1248 4279 1370 4325 sunt
1420 4271 1672 4326 Ecclesia:

92 4375 462 4437 persecutores
488 4407 505 4432 ,
552 4366 798 4425 veniente
844 4364 953 4434 jam
993 4362 1238 4428 Christo,
1269 4377 1401 4432 quos
1430 4364 1671 4419 viventes

94 4457 328 4513 inveniet
375 4472 534 4527 super
583 4465 809 4521 terram,
839 4455 1049 4526 quando
1079 4454 1358 4508 interlicict
1407 4455 1676 4511 Antichri-

95 4560 235 4604 stum
264 4548 448 4619 spiritu
478 4549 586 4603 oris
614 4547 697 4603 sui
727 4547 807 4619 (ll
838 4547 1013 4601 Thess.
1043 4562 1099 4613 II,
1124 4546 1200 4613 8),
1236 4546 1406 4615 ignem
1440 4548 1672 4617 appella-

94 4648 171 4700 vit
198 4644 599 4700 descendentem
629 4642 696 4697 de
720 4641 877 4707 coelo,
907 4654 1105 4711 eosque
1133 4638 1499 4694 comedentcm
1523 4680 1539 4706 ,
1571 4656 1669 4695 ne-

98 4752 201 4808 que
221 4736 315 4792 hoc
339 4736 580 4791 :Itlmum
612 4734 929 4804 supplicium
958 4733 1059 4791 erit
1090 4731 1393 4802 impiorum,
1422 4732 1514 4786 sed
1541 4732 1670 4787 illud

98 4831 237 4905 quod
264 4829 395 4886 facta
420 4844 701 4907 corporum
732 4826 1122 4883 resurrectione
1148 4825 1353 4897 passuri
1383 4833 1528 4878 sunt.

96 4963 318 5021 CAPUT
357 4963 493 5020 XIII.
532 4992 603 5005 --
638 4962 717 5016 An
756 4972 948 5031 tempus
986 4961 1342 5031 persecutionis
1379 4961 1672 5018 Antichristi

407 5054 545 5108 mille
580 5054 724 5109 annis
761 5053 1195 5108 annumerandum
1221 5054 1287 5108 sit
1310 5056 1352 5108 ².

177 5193 291 5249 Ilaec
318 5190 616 5265 persecutio
646 5190 959 5257 novissima,
995 5204 1113 5260 qua:
1150 5187 1325 5245 futura
1350 5198 1432 5244 est
1461 5188 1528 5243 ab
1556 5190 1668 5245 An-

165 5359 182 5390 ι
214 5355 358 5405 Editio
388 5360 543 5416 tom,
580 5350 833 5403 malitiam.
867 5348 1154 5400 mandatur
1198 5360 1261 5398 ex
1304 5347 1449 5397 editis
1485 5345 1596 5398 aliis
1622 5353 1675 5397 et

96 5419 445 5480 manuscriptis.
1283 5468 1312 5480 _.
1381 5470 1391 5480 .

166 5468 267 5530 ilIta
420 5485 474 5527 Al.
498 5476 632 5535 editi,
658 5488 725 5525 An
747 5480 1057 5538 antetempus
1074 5468 1415 5536 persecutionis
1432 5468 1671 5521 Antichri-

100 5543 162 5595 sti
181 5541 305 5592 mille
328 5541 439 5590 armi
462 5537 809 5589 annumerandi
830 5537 941 5586 sint.

164 5605 236 5669 (α)
258 5606 338 5669 llic
357 5603 584 5669 omissum
606 5608 701 5669 est,
725 5613 755 5648 α
778 5608 910 5659 Deo;
950 5597 1079 5669 quod
1100 5603 1262 5646 tamen
1290 5606 1352 5643 eo

172 5653 246 5715 Isis
275 5664 471 5728 legebat
494 5653 819 5728 Augustinus:
844 5653 1032 5710 nam'id
1056 5672 1186 5720 mox,
1206 5656 1446 5720 quomodo
1483 5653 1582 5707 illic
1603 5659 1672 5707 in-

172 5668 246 5715 sis
275 5668 471 5728 legebat
494 5668 744 5726 Augustius

102 5668 411 5790 augendum
430 5730 512 5787 sit,
526 5725 744 5787 exponit.

1782 2590 1999 2643 solvetur
2038 2598 2241 2644 satanas
2271 2590 2333 2644 de
2370 2592 2600 2645 custodia
2637 2607 2730 2644 sua
2751 2608 2771 2659 ;
2808 2591 2911 2646 ἰδιο
2940 2592 3081 2646 enim
3124 2591 3280 2647 modo
3313 2600 3370 2647 ct

1781 2696 2003 2752 regnum
2035 2692 2337 2737 sanctorum
2377 2691 2430 2738 et
2460 2683 2727 2738 vinculum
2767 2683 2962 2738 diaboli
3001 2684 3159 2739 simul
3186 2698 3365 2739 cessa-

1783 2784 1897 2832 tura
1919 2790 2039 2832 esse
2058 2777 2338 2847 signiﬁcat,
2364 2786 2420 2832 ut
2444 2778 2635 2834 deinde
2661 2779 3043 2849 persecutionis
3063 2780 3203 2834 illius
3230 2789 3364 2835 tem-

1779 2884 1879 2940 pus
1909 2886 2006 2925 nec
2033 2871 2098 2925 ad
2125 2880 2431 2926 sanctorum
2462 2888 2706 2942 regnum,
2735 2888 2833 2927 nec
2860 2872 2925 2926 ad
2953 2872 3249 2928 custodiam
3274 2888 3365 2927 sa-

1779 2969 1937 3028 tanas,
1962 2976 2186 3031 quorum
2215 2971 2493 3032 utrumque
2518 2964 2570 3017 in
2600 2963 2743 3021 mille
2768 2963 2922 3017 annis
2942 2972 3043 3031 est,
3072 2963 3361 3034 pertinere,

1777 3055 1869 3110 sed
1910 3055 2305 3126 superadditum
2337 3067 2389 3115 et
2423 3068 2571 3112 extra
2601 3060 3009 3128 computandum
3036 3074 3155 3115 esse
3177 3057 3364 3115 creda-

1778 3156 1904 3203 tur:
1935 3162 2185 3220 cogemur
2216 3150 2366 3204 lateri
2395 3159 2611 3206 sanctos
2650 3151 2704 3208 in
2741 3151 2828 3207 illa
2870 3152 3239 3223 persecutione
3276 3168 3362 3208 re-

1776 3226 2029 3312 gnaturos
2074 3256 2180 3296 non
2232 3255 2350 3297 esse
2396 3257 2516 3296 cum
2560 3242 2797 3299 Christo.
2847 3243 2952 3299 Sed
3002 3246 3122 3315 quis
3169 3245 3363 3301 audeat

1777 3334 1955 3389 dicere
1984 3374 2000 3401 ,
2052 3342 2179 3390 tunc
2208 3350 2327 3389 cum
2359 3334 2449 3391 illo
2476 3350 2581 3390 non
2608 3345 2889 3406 regnatura
2927 3351 3019 3391 sua
3071 3338 3308 3393 membra
3338 3381 3355 3408 ,

1776 3427 1985 3499 quando
2010 3428 2059 3483 ei
2098 3427 2326 3483 maxime
2359 3439 2519 3500 atque
2564 3428 2852 3484 fortissime
2884 3429 3261 3497 colIaarcbunt,
3306 3440 3360 3486 et

1774 3535 1880 3589 quo
1909 3529 2148 3591 tempore
2174 3530 2372 3591 quanto
2402 3523 2503 3577 erit
2528 3522 2701 3576 acrior
2732 3522 2960 3597 impetus
2998 3524 3118 3579 belli
3148 3566 3165 3595 ,
3212 3534 3358 3579 tanto

1774 3613 1946 3683 major
1965 3613 2133 3683 gloria
2154 3629 2258 3668 non
2276 3614 2499 3669 cedendi
2520 3616 2561 3681 ³,
2588 3624 2732 3669 tanto
2752 3616 2966 3677 densior
2990 3631 3185 3671 corona
3211 3632 3355 3672 mar-

1774 3708 1896 3779 tyrii
1917 3707 1940 3762 ?
1965 3708 2071 3763 Aut
2095 3708 2138 3765 si
2165 3718 2382 3779 pr0pter
2409 3707 2797 3777 tribulationcs,
2828 3724 2958 3781 quas
2984 3710 3187 3781 passuri
3209 3720 3351 3776 sunt,

1774 3817 1881 3858 non
1902 3801 2112 3859 dicendi
2133 3812 2258 3858 sunt
2276 3804 2578 3874 regnaturi;
2607 3818 2941 3874 consequens
2964 3807 3085 3872 erit,
3114 3814 3170 3863 ut
3195 3807 3356 3863 etiam

1773 3897 2137 3967 superioribus
2165 3896 2351 3951 diebus
2377 3896 2429 3953 in
2456 3896 2656 3952 eisdem
2695 3896 2837 3953 mille
2860 3898 3012 3953 annis
3041 3894 3358 3972 quicumque

1774 3990 2160 4047 tribulabantur
2180 3998 2502 4057 sanctorum,
2526 4006 2591 4044 eo
2611 3990 2727 4062 ipso
2747 3997 2985 4062 tempore
3008 3991 3356 4051 tribulationis

1775 4099 1886 4140 suae
1912 4100 2034 4140 cum
2062 4084 2276 4139 Christo
2302 4100 2406 4138 non
2437 4098 2683 4154 regnasse
2712 4084 2955 4141 dicantur
2988 4102 3000 4138 :
3031 4098 3094 4139 ac
3129 4099 3225 4154 per
3257 4085 3357 4139 hoc

1774 4176 1925 4233 etilli
1955 4219 1968 4243 ,
2015 4192 2238 4247 quorum
2278 4177 2485 4231 animas
2526 4184 2711 4231 auctor
2750 4175 2868 4231 libri
2897 4174 3051 4251 hujus
3072 4175 3268 4231 vidisse
3297 4191 3356 4235 se

1773 4269 1956 4325 scribit
1973 4269 2271 4323 occisorum
2297 4278 2518 4339 propter
2541 4268 2897 4325 tesﬁmonium
2922 4267 3045 4323 Iesu
3067 4275 3122 4322 et
3141 4277 3355 4338 propter

1772 4362 1993 4418 verbum
2022 4361 2151 4427 Dei,
2183 4376 2288 4415 non
2320 4360 2610 4431 regnabant
2638 4375 2756 4415 cum
2784 4360 2995 4415 Christo
3022 4361 3233 4432 quando
3263 4376 3354 4431 pa-

1774 4454 2041 4509 tiebantur
2076 4453 2533 4524 persecutionem;
2565 4461 2619 4507 et
2645 4453 2745 4521 ipsi
2776 4468 2993 4522 regnum
3026 4452 3218 4510 Christi
3248 4468 3354 4508 non

1774 4555 1927 4605 erant
1947 4589 1961 4613 ,
1991 4561 2125 4616 quos
2150 4545 2389 4599 Christus
2422 4544 2764 4600 excellentius
2796 4543 3117 4614 possidebat.
3148 4545 3355 4601 Absur-

1776 4637 2049 4694 dissimum
2077 4637 2127 4691 id
2153 4636 2364 4706 quidem
2393 4645 2446 4690 et
2473 4634 2619 4689 omni
2642 4634 2802 4690 modo
2829 4635 3203 4691 aversandum.
3247 4634 3351 4692 Sed

1772 4740 1919 4788 certe
1960 4731 2151 4785 animae
2194 4729 2436 4785 victrices
2471 4727 2981 4802 'gloriosissimorum
3021 4739 3310 4802 martyrum
3337 4771 3353 4799 ,

1771 4824 2019 4879 omnibus
2047 4822 2321 4877 doloribus
2359 4837 2422 4879 ac
2466 4821 2732 4877 laboribus
2762 4822 3021 4891 superatis
3051 4830 3209 4893 atque
3238 4822 3355 4877 tini-

1774 4918 1881 4984 tis,
1923 4924 2266 4988 posteaquam
2306 4913 2550 4971 mortalia
2593 4913 2830 4971 membra
2870 4922 3203 4985 posuerunt,
3235 4929 3353 4969 cum

1773 5011 1984 5069 Christo
2014 5011 2195 5081 utique
2217 5016 2572 5080 regnaverunt
2599 5016 2654 5063 et
2678 5016 2937 5079 regnant,
2966 5007 3139 5064 donec
3169 5008 3357 5063 ﬁnian-

1776 5114 1861 5162 tur
1889 5105 2033 5161 mille
2070 5104 2227 5170 anni,
2259 5112 2316 5160 ut
2360 5112 2540 5173 postea
2583 5104 2811 5175 receptis
2847 5103 3004 5157 etiam
3047 5102 3357 5173 corporibus

1772 5199 1881 5269 jam
1924 5196 2310 5252 immortalibus
2335 5202 2579 5264 regnent.
2621 5194 2849 5250 Proinde
2890 5192 3056 5249 tribus
3080 5194 3183 5249 illis
3203 5193 3357 5247 annis

1778 5303 1934 5362 atque
1962 5290 2183 5349 dimidio
2206 5333 2221 5358 ,
2250 5290 2441 5345 anima:
2470 5287 2769 5343 oecisorum
2799 5300 2894 5356 pro
2920 5285 3034 5355 ejus
3065 5286 3319 5356 martyrio
3338 5326 3354 5350 ,

1780 5393 1833 5440 ct
1860 5399 1976 5455 quae
2001 5393 2155 5438 antea
2184 5382 2251 5437 de
2275 5378 2589 5449 corporibus
2613 5378 2873 5442 exierunt,
2905 5383 2957 5430 et
2984 5392 3101 5445 qua:
3127 5376 3236 5444 ipsa
3261 5392 3356 5430 no-

1778 5477 1989 5534 vissima
2033 5474 2400 5547 persecutione
2444 5480 2567 5527 sunt
2599 5469 2815 5523 exitura:
2844 5509 2859 5535 ,
2903 5467 3195 5538 regnabunt
3236 5482 3356 5521 cum

1778 5574 1867 5627 illo
1890 5614 1904 5638 ,
1957 5572 2126 5625 donec
2167 5568 2379 5623 ﬁniatur
2421 5563 2647 5619 mortale
2682 5558 2937 5621 saeculum
2963 5601 2982 5628 ,
3027 5566 3082 5617 et
3120 5558 3189 5615 ad
3228 5558 3359 5622 illud

1846 5719 1863 5749 ι
1898 5706 2016 5763 pint!
2031 5737 2043 5751 .
2060 5720 2157 5761 Am.
2182 5721 2254 5763 Er.
2283 5718 2335 5762 ei
2356 5709 2525 5769 plures
2544 5707 2870 5771 manuscripti,
2891 5716 2988 5759 παι

1770 5887 1896 5907 ,ιρις
