3960 6476
558 286 660 353 (πο

558 418 803 478 regnum,
838 405 928 464 ubi
953 419 1098 465 mors
1124 422 1231 464 non
1254 407 1377 478 erit,
1408 415 1725 488 transeatur.
1749 409 2009 478 Quocirca
2026 423 2149 466 cum

553 497 771 554 Christo
807 500 1140 571 regnantium
1183 509 1491 557 sanctorum
1546 497 1725 571 plures
1774 502 1900 560 anni
1946 510 2145 570 erunt,

556 605 715 661 quam
742 592 938 647 vinculi
976 591 1175 648 diaboli
1217 601 1272 649 et
1312 593 1570 649 custodite
1600 612 1614 647 :
1646 595 1767 664 quia
1801 594 1874 650 illi
1902 610 2023 650 cum
2046 609 2147 650 suo

554 696 680 751 rege
709 683 801 737 Dei
825 682 960 738 Filio
985 724 1001 751 ,
1037 684 1149 756 jam
1176 685 1387 742 diabolo
1418 702 1521 742 non
1548 687 1709 759 ligato
1729 688 1888 743 etiam
1918 703 2013 759 per
2036 697 2147 744 tres

553 772 673 828 illos
693 789 862 830 annos
877 790 941 832 ac
961 777 1256 844 semissem,
1273 779 1587 851 regnabant.
1608 778 1870 837 Remanet
1890 780 2066 852 igitur,
2087 788 2146 837 ut

552 878 672 919 cum
701 868 965 934 audimus,
990 870 1288 927 Sacerdotes
1306 871 1403 927 Dei
1444 883 1490 927 et
1519 872 1711 929 Christi
1730 874 2007 945 regnabant
2028 891 2144 930 cum

550 955 640 1010 illo
670 958 807 1013 mille
835 960 1003 1029 annis,
1030 972 1210 1017 etcum
1238 964 1371 1034 ﬁniti
1391 966 1576 1036 fuerint
1604 968 1742 1022 mille
1760 968 1903 1035 anni,
1924 967 2143 1022 solvetur

554 1058 761 1106 satanas
777 1054 840 1106 de
852 1055 1083 1109 custodia
1099 1072 1227 1123 sua;
1243 1067 1336 1113 aut
1363 1074 1467 1113 non
1487 1059 1635 1128 regni
1658 1059 1814 1128 hujus
1832 1070 2139 1115 sanctorum

548 1140 903 1215 intelligamus
919 1162 1087 1205 annos
1107 1150 1252 1205 mille
1270 1150 1428 1216 finiri,
1449 1150 1543 1206 sed
1559 1151 1752 1207 vinculi
1767 1150 1962 1206 diaboli
1980 1159 2140 1222 atque

545 1235 832 1304 custodiae;
855 1245 914 1294 ut
934 1253 1102 1296 annos
1128 1241 1273 1298 mille
1304 1284 1319 1308 ,
1350 1243 1403 1297 id
1427 1251 1540 1309 est,
1567 1258 1736 1299 annos
1761 1258 1947 1299 omnes
1970 1257 2099 1300 suos
2116 1286 2132 1313 ,

545 1340 768 1398 qumque
795 1345 916 1399 pars
938 1331 1130 1388 habeat
1156 1332 1380 1389 diversis
1403 1349 1468 1390 ac
1493 1335 1723 1407 propriis
1745 1334 2135 1405 prolixitatibus

548 1418 829 1488 tiniendos,
859 1423 1115 1494 ampliore
1141 1436 1447 1483 sanctorum
1464 1442 1649 1497 regno,
1668 1427 1914 1484 breviore
1937 1427 2134 1484 diaboli

542 1513 751 1574 vinculo
783 1531 798 1573 :
827 1524 917 1575 aut
943 1526 1087 1574 certe
1110 1559 1125 1585 ,
1165 1519 1418 1589 quoniam
1461 1519 1618 1575 trium
1665 1534 1925 1575 annorum
1953 1529 2008 1576 et
2036 1534 2132 1578 sex

542 1608 804 1665 mensium
821 1604 1189 1667 brevissimum
1206 1612 1434 1680 spatium
1450 1619 1551 1677 est,
1584 1613 1879 1682 computari
1895 1613 2131 1672 noluisse

537 1701 803 1765 credatur,
828 1704 941 1760 sive
961 1704 1101 1775 quod
1120 1704 1297 1759 minus
1313 1714 1515 1759 satanae
1532 1704 1823 1773 vinculum,
1845 1705 1960 1762 sive
1986 1705 2127 1777 quod

538 1794 762 1864 amplius
796 1795 1005 1851 videtur
1030 1811 1251 1867 regnum
1279 1796 1479 1855 habere
1515 1806 1819 1852 sanctorum
1850 1814 1863 1851 :
1893 1798 2032 1854 sicut
2060 1797 2128 1854 de

535 1886 930 1958 quadringentis
953 1889 1106 1945 annis
1132 1889 1184 1945 in
1212 1899 1363 1946 sexto
1388 1888 1595 1945 decimo
1613 1890 1767 1961 hujus
1781 1889 1961 1960 operis
1975 1890 2126 1947 volu-

533 1979 678 2034 mine
696 1979 959 2051 disputavi
983 1982 1119 2053 (cap.
1138 1982 1254 2055 24);
1278 1983 1527 2052 quoniam
1551 1983 1667 2053 plus
1692 1983 1891 2053 aliquid
1912 1993 2065 2040 erant
2081 1986 2121 2051 ⁸,

532 2078 586 2124 et
615 2077 791 2126 tamen
818 2073 1189 2147 quadringenti
1219 2082 1346 2129 sunt
1372 2075 1661 2144 nuncupati
1690 2092 1704 2128 :
1738 2084 1791 2130 et
1826 2075 1951 2130 talia
1980 2089 2127 2146 sape

530 2164 867 2232 reperiuntur
903 2164 955 2220 in
986 2165 1202 2222 Litteris
1242 2169 1438 2235 sacris,
1467 2168 1513 2222 si
1538 2168 1657 2238 quis
1684 2168 1942 2224 advertat.

528 2271 754 2331 CAPUT
792 2274 933 2332 XIV.
961 2307 1032 2317 —
1060 2276 1138 2342 De
1174 2279 1497 2335 damnatione
1540 2280 1729 2335 diaboli
1756 2298 1870 2336 cum
1898 2283 2025 2350 suis,
2071 2293 2121 2338 et

600 2383 692 2437 per
730 2369 1201 2441 recapitulationem
1242 2372 1304 2426 de
1333 2374 1697 2428 resurrectione
1733 2390 1977 2445 corporea
2012 2392 2121 2430 ont-

599 2461 739 2517 nium
766 2472 1097 2531 mortuorum,
1144 2476 1193 2519 et
1223 2465 1285 2519 de
1301 2466 1499 2536 judicio
1530 2467 1726 2522 ultimae
1753 2468 2113 2524 retributionis.

597 2572 723 2631 Post
779 2576 914 2632 hanc
972 2587 1147 2633 autem
1196 2581 1761 2643 commemorationem
1812 2581 2117 2639 novissima:

524 2666 930 2734 persecutionis,
966 2668 1199 2723 breviter
1229 2670 1604 2739 complectitur
1637 2681 1827 2740 totum,
1860 2672 2001 2743 quod
2028 2673 2112 2727 ul-

523 2755 776 2827 timojam
800 2758 1004 2828 judicio
1023 2759 1286 2825 diabolus,
1314 2769 1367 2816 et
1390 2777 1510 2817 cum
1535 2778 1632 2817 suo
1660 2764 1898 2834 principe
1927 2765 2113 2823 civitas

522 2847 734 2904 inimica
756 2864 975 2920 passura
1005 2863 1105 2907 est.
1142 2853 1279 2909 Dicit
1317 2854 1457 2909 enim
1488 2871 1500 2907 :
1536 2854 1600 2909 Et
1629 2855 1861 2911 diabolus
1905 2857 1993 2929 qui
2028 2874 2111 2914 se-

523 2939 731 2995 ducebttt
755 2944 1047 3010 eos,missus
1067 2945 1207 2999 estin
1233 2957 1467 3017 stagnum
1496 2948 1627 3019 ignis
1642 2959 1688 3002 et
1716 2950 1991 3019 sulphuris,
2012 2968 2110 3023 quo

520 3032 679 3089 bestia
709 3044 754 3090 et
779 3037 1219 3109 pseudopropheta
1234 3054 1255 3104 ;
1276 3050 1321 3094 et
1343 3043 1701 3096 cruciabuntur
1722 3046 1742 3075 ²
1769 3045 1849 3101 die
1875 3062 1935 3099 ac
1962 3058 2107 3103 nocte

518 3122 572 3177 in
598 3126 783 3180 secula
810 3129 1111 3183 sazculorum
1136 3128 1316 3203 (Apoc.
1346 3147 1435 3195 xx,
1458 3132 1491 3188 9
1508 3142 1555 3187 et
1578 3133 1686 3202 10).
1710 3133 1945 3191 Bestiam
1972 3137 2109 3195 bene

518 3215 737 3289 intelligi
768 3219 936 3290 ipsam
964 3222 1182 3293 impiam
1210 3224 1499 3292 civitatein,
1529 3241 1686 3297 supra
1713 3228 1823 3298 jam
1854 3229 2104 3288 diximus.

520 3310 727 3367 Pseudo
768 3330 894 3370 vero
939 3317 1194 3387 prOpheta
1229 3318 1344 3388 ejus
1369 3328 1461 3373 aut
1501 3320 1861 3377 Antichristus
1887 3334 1987 3393 est,
2016 3335 2106 3381 aut

516 3402 691 3476 imago
733 3407 842 3473 illa,
892 3409 941 3462 id
991 3420 1073 3464 est
1120 3412 1450 3481 figmentum,
1479 3413 1546 3470 de
1573 3430 1679 3485 quo
1721 3416 1791 3470 ibi
1817 3417 1979 3471 locuti
2007 3432 2103 3472 su-

515 3510 655 3551 mus.
704 3496 988 3559 Posthaic
1028 3499 1201 3571 ipsum
1245 3503 1591 3558 novissimum
1631 3506 1910 3575 judicium,
1961 3507 2103 3578 quod

514 3589 617 3644 erit
658 3590 711 3644 in
739 3592 971 3648 secunda
1003 3596 1398 3651 resurrectione
1424 3606 1778 3666 mortuorum,
1809 3614 1928 3669 quae
1975 3615 2100 3655 cor-

513 3697 699 3751 porum
747 3694 850 3751 est,
900 3688 1303 3756 rccapitulando
1347 3704 1590 3756 narrans,
1623 3692 1893 3761 quomodo
1941 3692 2102 3750 fuerit

511 3773 611 3827 sibi
649 3777 964 3840 revelatum,
996 3776 1064 3833 Et
1103 3779 1227 3846 uidi,
1262 3781 1451 3851 inquit,
1494 3783 1730 3837 thronum
1769 3802 2013 3856 magnum
2053 3797 2100 3842 et

509 3864 801 3933 candidum,
835 3877 880 3921 et
908 3868 1161 3924 sedentem
1190 3888 1341 3941 super
1385 3889 1518 3941 eum,
1549 3876 1696 3945 cujus
1721 3894 1752 3930 a
1795 3879 1926 3949 facie
1965 3880 2098 3951 fugit

508 3955 686 4009 malum
711 3966 757 4012 et
786 3967 939 4024 terra,
970 3969 1014 4013 et
1042 3961 1181 4016 locus
1212 3979 1383 4018 eorum
1410 3964 1639 4022 inventus
1678 3984 1780 4022 non
1804 3979 1877 4024 est
1909 3969 2093 4044 (Ibid.,

508 4046 621 4119 il).
649 4046 765 4103 Non
789 4050 882 4118 ait,
918 4051 1037 4107 Vidi
1069 4053 1317 4110 thronum
1348 4072 1597 4128 magnum
1627 4069 1681 4115 et
1724 4062 2009 4127 candidum
2040 4074 2095 4122 et

506 4137 780 4195 sedentem
805 4156 967 4212 super
991 4158 1134 4211 cum,
1167 4155 1221 4202 et
1252 4148 1318 4203 ab
1343 4150 1458 4218 ejus
1497 4150 1632 4207 facie
1656 4152 1787 4224 fugit
1814 4156 2007 4211 coelum
2039 4166 2094 4215 et

508 4240 684 4298 terra;
714 4233 969 4303 quoniam
997 4251 1103 4292 non
1137 4245 1261 4293 tunc
1304 4238 1501 4296 factum
1545 4252 1645 4309 est,
1694 4244 1746 4300 id
1787 4254 1888 4313 est,
1937 4258 2091 4306 ante-

506 4338 662 4395 quam
693 4336 835 4383 esset
861 4328 928 4384 de
965 4330 1098 4386 vivis
1137 4342 1188 4387 et
1230 4337 1454 4391 mortuis
1478 4336 1809 4408 judicatnm:
1853 4343 1947 4399 sed
1967 4360 2091 4401 eum

502 4428 563 4470 se
594 4414 793 4474 vidisse
811 4418 943 4476 dixit
970 4421 1025 4476 in
1056 4424 1249 4481 throno
1276 4426 1573 4495 sedentem,
1605 4446 1633 4484 a
1658 4432 1811 4502 cujus
1835 4433 1968 4491 facie
2003 4435 2088 4492 fu-

500 4507 577 4577 git
602 4508 796 4565 coelum
843 4522 896 4567 et
922 4521 1098 4581 terra;
1128 4516 1221 4570 sed
1266 4528 1473 4588 postea.
1505 4520 1730 4578 Peracto
1772 4525 1971 4597 quippe
1997 4527 2084 4597 ju-

500 4598 639 4655 dicio
670 4609 794 4658 tunc
814 4618 933 4660 esse
956 4604 1162 4662 desinet
1183 4607 1288 4664 hoc
1307 4611 1500 4666 coelum
1523 4621 1578 4668 et
1598 4611 1713 4669 haec
1735 4625 1896 4685 terra,
1919 4634 2089 4689 quan-

499 4691 569 4747 do
595 4693 810 4765 incipiet
835 4711 957 4754 esse
995 4700 1191 4756 coelum
1219 4717 1416 4759 novum
1446 4714 1501 4761 et
1547 4715 1685 4763 terra
1726 4723 1884 4766 nova.
1912 4711 2085 4768 Muta-

501 4783 646 4842 tione
676 4803 902 4859 namque
932 4806 1132 4859 rerum,
1166 4810 1273 4850 non
1298 4797 1444 4851 omni
1474 4798 1635 4854 modo
1665 4800 1879 4858 interitu
1911 4813 2087 4861 trans-

497 4874 594 4929 ibit
620 4876 706 4932 hic
731 4880 980 4936 mundus.
1006 4881 1157 4939 Unde
1182 4893 1237 4939 et
1256 4886 1547 4957 Apostolus
1572 4891 1667 4958 ait,
1691 4890 1931 4950 Praeterit
1952 4896 2084 4952 enim

496 4967 661 5038 ﬁgura
682 4970 833 5040 hujus
851 4975 1166 5041 mundi,volo
1182 4993 1266 5033 vos
1286 4981 1395 5036 sine
1418 4983 1759 5041 sollicitudine
1779 5005 1885 5044 esse
1901 4990 1943 5061 (l
1960 4990 2081 5051 Cor.

495 5075 589 5130 vn,
613 5062 675 5118 31
701 5073 747 5117 et
768 5063 893 5136 52).
924 5065 1116 5137 Figura
1147 5085 1274 5141 ergo
1305 5077 1561 5144 prietcrit,
1581 5092 1688 5133 non
1715 5090 1922 5136 natura.
1946 5081 2083 5140 Cum

493 5173 622 5230 ergo
643 5175 702 5216 se
726 5159 958 5219 Joannes
983 5162 1181 5221 vidisse
1203 5165 1426 5223 dixisset
1445 5171 1720 5229 sedentem
1748 5191 1911 5246 super
1934 5176 2082 5233 thro.

494 5268 644 5321 num,
685 5270 714 5309 a
744 5255 895 5326 cujus
940 5256 1094 5327 facie,
1140 5260 1280 5331 quod
1310 5272 1496 5332 postea
1536 5265 1771 5323 futurum
1814 5280 1914 5339 est,
1949 5270 2084 5343 fugit

492 5346 688 5403 caelum
719 5356 772 5403 ct
807 5355 947 5405 terra
978 5367 991 5404 :
1033 5349 1101 5405 Et
1145 5352 1269 5421 vidi,
1304 5354 1493 5425 inquit,
1540 5370 1765 5417 mortuos
1793 5379 2005 5436 magnos
2032 5374 2081 5422 et

549 5484 568 5558 Ξ
603 5490 656 5558 19
677 5486 961 5558 (ῐυιυυεάεφ
991 5495 1119 5558 Ψβεον
1144 5489 1254 5553 Plus
1275 5490 1426 5558 aliqui
1440 5499 1596 5558 erant.

547 5547 571 5578 ³
582 5546 674 5630 ἕο
696 5546 1416 5630 ἰξιίιξιιιδείξιρριὶιῇιιιιιὶξ,ενεῐέοιιιίι.Δ
1429 5557 1552 5630 editi
1575 5570 1712 5630 vero,
1729 5565 1775 5612 et
1790 5564 2080 5630 pseudopro-

484 5606 643 5686 phetis
672 5606 1096 5686 excruciabantiu.
1136 5606 1283 5686 porro
1321 5606 1568 5686 particula,
1578 5606 1593 5686 ξ
1609 5606 1685 5682 et,
1698 5606 2079 5686 bib'i‘iﬁé'iié

484 5670 710 5747 zerbutn,
735 5672 1104 5747 cruciabuntur,‘
1118 5676 1263 5747 deest
1284 5670 1483 5747 quidem
1502 5670 2079 5747 inlimpt‘essvis—e—d'itio-n'i;

482 5729 832 5842 ἷὲἐὲῗίὶῖξῗθδ
855 5736 905 5786 ί¹³
927 5729 1137 5803 “Ws
1157 5729 1321 5794 taurea

480 5801 738 5853 reperitur.

1658 289 1748 348 DE
1785 288 2106 350 ClVlTATE
2142 289 2279 360 DEI,
2318 292 2378 351 S.
2404 290 2769 358 AUGUSTINI

2259 411 2511 480 pusillos;
2531 424 2582 471 et
2600 416 2765 488 aperti
2791 428 2912 474 sunt
2938 419 3089 489 libri;
3127 430 3175 479 et
3200 424 3336 481 alius
3368 427 3498 483 liber
3517 438 3734 500 apertus
3755 446 3841 503 est,

2253 509 2342 578 qui
2364 519 2440 565 est
2462 511 2579 567 vitta
2615 513 3011 587 uniuscujusque
3033 518 3146 591 (a);
3174 532 3223 575 et
3250 523 3480 593 jndieati
3516 535 3641 580 sunt
3670 533 3843 583 mortui

2253 618 2319 658 ea:
2338 604 2464 669 ipsis
2487 607 2753 674 scripturis
2783 606 3026 666 librorum
3063 615 3341 672 secundum
3365 622 3504 689 facta
3527 638 3630 674 sua
3668 620 3837 693 (Apoc.

2250 710 2340 762 xx,
2377 697 2491 769 12).
2521 698 2713 757 Libros
2755 701 2891 760 dixit
2917 720 3040 762 esse
3080 719 3311 778 apertos,
3341 719 3398 767 et
3443 711 3653 769 librum
3694 733 3709 768 :
3756 721 3840 773 scd

2250 787 2444 846 librum
2473 792 2773 864 cujnsmodi
2818 813 2925 854 non
2966 802 3170 870 tacuit;
3219 805 3306 874 qui
3346 815 3441 875 est,
3490 808 3700 881 inquit,
3739 813 3842 869 rite

2248 885 2660 960 uniuscujusque.
2684 891 2824 964 Ergo
2850 895 2925 950 illi
2948 894 3092 965 libri,
3123 912 3259 967 quos
3280 901 3461 970 priore
3490 902 3619 959 loco
3653 908 3838 976 posuit,

2248 977 2575 1051 intelligendi
2602 996 2727 1042 sunt
2771 990 2941 1045 sancti
2972 1000 3028 1047 et
3054 1001 3260 1050 veteres
3298 1004 3353 1051 et
3379 998 3527 1065 novi,
3558 1009 3625 1054 ut
3662 1001 3719 1054 in
3748 1002 3842 1058 illis

2246 1073 2619 1132 ostenderetur
2643 1094 2762 1149 qua:
2793 1081 2933 1136 Deus
2969 1082 3084 1139 fieri
3113 1099 3207 1140 sua
3248 1087 3494 1143 mandata
3535 1091 3797 1161 jussisset
3826 1112 3840 1148 :

2244 1163 2298 1219 in
2329 1166 2421 1221 illo
2441 1178 2618 1225 autem
2645 1172 2737 1242 qui
2762 1182 2843 1230 est
2869 1175 2991 1231 vita:
3016 1179 3449 1251 uniuscujusque,
3483 1184 3619 1253 quid
3656 1186 3839 1242 horum

2242 1257 2465 1330 quisque
2490 1278 2596 1319 non
2625 1265 2856 1335 fecisset,
2884 1270 2996 1326 sive
3023 1270 3259 1329 fecisset.
3283 1274 3383 1341 Qui
3413 1277 3553 1332 liber
3571 1280 3626 1334 si
3652 1294 3839 1335 carm-

2240 1347 2364 1405 liter
2381 1353 2665 1425 cogitetur,
2692 1359 2813 1429 quis
2839 1360 2957 1433 ejus
2985 1366 3421 1436 magnitudinem,
3455 1381 3553 1426 aut
3599 1372 3841 1444 longitu—

2238 1442 2439 1513 dinem,
2470 1449 2644 1505 valeat
2664 1452 2975 1511 restimare?
3004 1466 3094 1512 aut
3118 1468 3319 1529 quanto
3347 1472 3594 1533 tempore
3764 1484 3845 1537 po-

2239 1537 2365 1592 terit
2393 1538 2549 1607 liber,
2605 1543 2658 1599 in
2708 1560 2815 1617 quo
2856 1550 3075 1620 scriptae
3100 1565 3225 1607 sunt
3269 1555 3534 1612 universa:
3564 1559 3706 1613 vita:
3734 1561 3843 1616 uni-

2238 1633 2558 1688 versorum?
2598 1635 2681 1691 An
2728 1646 2907 1695 tantus
2950 1642 3279 1713 Angelorum
3324 1661 3584 1704 numerus
3643 1651 3840 1719 aderit,

2233 1732 2465 1795 quantus
2496 1727 2771 1785 hominum
2814 1734 2942 1803 erit,
2983 1744 3036 1790 et
3078 1738 3237 1792 vitam
3290 1753 3440 1795 suam
3491 1742 3739 1813 quisque
3777 1746 3843 1800 ab

2232 1816 2438 1889 Angelo
2463 1820 2563 1875 sibi
2589 1821 2829 1886 adhibita
2864 1826 3046 1883 audiet
3082 1830 3341 1885 recitari?
3378 1832 3495 1887 Non
3529 1850 3675 1905 ergo
3708 1852 3841 1892 unus

2230 1908 2366 1965 liber
2393 1912 2496 1966 erit
2522 1914 2783 1985 omnium,
2816 1917 2909 1972 sed
2938 1919 3130 1991 singuli
3162 1923 3514 1994 singulorum.
3547 1925 3837 1998 Scriptura

2230 2016 2359 2058 vero
2384 2003 2484 2060 ista
2508 2022 2672 2062 unum
2698 2011 2883 2066 volens
2904 2012 3151 2085 intelligi,
3181 2013 3252 2069 Et
3271 2017 3426 2083 alius,
3458 2020 3665 2091 inquit,
3712 2024 3835 2076 liber

2230 2108 2434 2168 apertus
2458 2108 2547 2155 est.
2578 2101 2833 2170 Qutedam
2856 2104 3018 2176 igitur
3037 2108 3118 2162 vis
3137 2118 3220 2165 est
3244 2110 3593 2183 intelligenda
3622 2114 3830 2183 divina,

2227 2206 2331 2261 qua
2379 2192 2470 2249 fiet
2519 2205 2577 2249 ut
2621 2195 2815 2268 cuique
2855 2212 3020 2270 opera
3061 2217 3179 2269 sua,
3225 2204 3311 2259 vel
3342 2206 3482 2260 bona
3531 2208 3621 2263 vel
3666 2210 3827 2277 mala,

2225 2296 2419 2341 cuncta
2451 2287 2504 2342 in
2546 2290 2861 2347 memoriam
2902 2304 3245 2365 revocentur,
3279 2308 3335 2353 et
3380 2301 3580 2355 mentis
3631 2300 3829 2357 intuitu

2224 2379 2363 2435 mira
2406 2381 2681 2439 celeritate
2711 2396 3033 2454 cernantur;
3084 2396 3141 2444 ut
3184 2400 3419 2459 accuset,
3469 2393 3554 2448 vel
3602 2405 3830 2452 excuses

2224 2472 2448 2529 scientia
2486 2477 2904 2546 conscientiam;
2934 2488 3095 2551 atque
3136 2482 3207 2537 ita
3245 2483 3402 2539 simul
3451 2493 3509 2541 et
3539 2501 3742 2543 omnes
3777 2496 3827 2544 et

2221 2566 2414 2637 singuli
2438 2567 2773 2639 judicentur.
2804 2572 2934 2641 Quae
2961 2574 3211 2631 nimirum
3238 2578 3318 2632 vis
3343 2577 3545 2644 divina,
3572 2580 3708 2636 libri
3736 2597 3824 2637 uo-

2220 2673 2344 2714 men
2371 2661 2595 2732 accepit.
2621 2663 2679 2719 ln
2704 2679 2767 2720 ea
2788 2668 2984 2738 quippe
3008 2670 3404 2740 quodammodo
3425 2673 3651 2745 legitur,
3673 2678 3825 2748 quid-

2220 2750 2348 2821 quid
2374 2768 2435 2807 ea
2464 2752 2696 2812 faciente
2738 2758 3057 2815 recolitur‘.
3086 2761 3156 2818 Ut
3198 2773 3373 2819 autem
3419 2768 3705 2835 ostendat,
3735 2771 3823 2841 qui

2218 2843 2414 2897 mortui
2434 2843 2710 2913 judicandi
2737 2848 2865 2917 sint,
2903 2851 3084 2920 pusilli
3103 2862 3157 2909 et
3184 2856 3384 2927 magni,
3406 2860 3824 2929 recapitulando

2217 2930 2347 2991 dicit
2392 2943 2644 3006 tanquam
2689 2939 2758 2995 ad
2798 2941 2852 2996 id
2877 2943 3114 3012 rediens,
3147 2947 3290 3017 quod
3317 2951 3687 3020 praeterierat,
3723 2970 3817 3023 po.

2218 3024 2388 3082 tiusve
2413 3027 2725 3088 distulerat:
2766 3031 2837 3087 Et
2864 3035 3089 3091 exhibuit
3126 3056 3267 3094 mare
3294 3053 3522 3097 mortuos
3543 3047 3640 3114 qui
3667 3048 3723 3100 in
3758 3064 3813 3101 eo

2215 3125 2359 3171 erant
2378 3159 2394 3186 ,
2424 3128 2470 3173 et
2509 3137 2647 3176 mors
2691 3133 2740 3177 et
2779 3127 3010 3197 infernus
3050 3129 3379 3187 reddiderunt
3416 3145 3649 3192 mortuos
3694 3156 3815 3209 quos

2212 3208 2265 3262 in
2307 3226 2361 3264 se
2400 3211 3015 3292 habebant(1bid.,i3).
3057 3222 3170 3279 lloc
3213 3228 3399 3294 procul
3446 3227 3613 3285 dubio
3666 3208 3811 3303 prius

2213 3298 2410 3357 factum
2441 3312 2542 3370 est,
2585 3324 2741 3378 quam
2772 3320 2953 3367 essent
2984 3317 3180 3371 mortui
3220 3318 3483 3387 judicati:
3538 3334 3591 3379 et

2210 3394 2338 3449 illud
2372 3398 2516 3465 prius
2544 3399 2743 3456 dictum
2773 3413 2873 3459 est.
2906 3405 3020 3462 Hoc
3046 3418 3130 3463 est
3154 3425 3283 3482 ergo
3318 3414 3462 3484 quod
3493 3415 3626 3485 dixi,
3662 3435 3811 3475 reca—

2210 3486 2488 3557 pitulando
2517 3507 2638 3547 eum
2665 3494 2732 3549 ad
2758 3494 2811 3550 id
2828 3496 3057 3555 rediisse
3072 3500 3215 3571 quod
3246 3503 3634 3564 intermiserat.
3655 3510 3807 3569 Nunc

2207 3588 2389 3637 autem
2435 3583 2680 3641 ordinem
2726 3590 2918 3659 tenuit,
2968 3602 3130 3665 atque
3181 3605 3239 3651 ut
3282 3599 3651 3670 explicaretur
3692 3604 3803 3674 ipse

2207 3673 2360 3743 ordo,
2392 3680 2725 3736 commodius
2749 3683 2911 3739 etiam
2960 3684 3027 3741 de
3070 3686 3325 3755 judicatis
3362 3696 3611 3761 mortuis,
3661 3696 3805 3769 quod

2200 3767 2313 3838 jam
2341 3769 2569 3840 dixerat,
2619 3789 2717 3830 suo
2747 3779 2996 3847 repetivit
3026 3780 3167 3839 loco.
3209 3783 3345 3841 Cum
3373 3788 3522 3846 enim

2204 3857 2275 3914 Et
2315 3862 2539 3921 exhibuit
2578 3884 2720 3923 mare
2748 3881 2973 3929 mortuos
3017 3876 3103 3945 qui
3130 3876 3183 3931 in
3203 3894 3262 3933 eo
3290 3890 3462 3951 erant,
3505 3894 3554 3939 et
3592 3903 3726 3942 mors

2202 3952 2434 4022 infernus
2457 3957 2787 4017 reddiderunt
2809 3974 3036 4021 mortuos
3062 3985 3186 4037 quos
3212 3970 3265 4024 in
3283 3989 3338 4027 se
3361 3973 3615 4032 habebant
3633 3996 3656 4045 ;
3672 3994 3790 4036 mox

2199 4046 2404 4105 addidit
2445 4051 2587 4135 quod
2627 4055 2789 4124 paulo
2836 4068 2961 4115 ante
3010 4073 3284 4132 posuerat,
3314 4064 3383 4120 Et
3417 4069 3644 4138 judicati
3676 4082 3788 4127 sunt

2199 4140 2388 4212 singuli
2410 4145 2686 4200 secundum
2715 4152 2852 4220 facta
2876 4168 2989 4208 sua.
3019 4153 3133 4210 Hoc
3166 4166 3249 4212 est
3286 4159 3433 4214 enim
3464 4163 3611 4233 quod
3634 4179 3783 4234 supra

2196 4231 2427 4302 dixerat,
2459 4235 2529 4305 Et
2545 4240 2767 4311 judicati
2809 4254 2926 4299 sunt
2967 4249 3152 4302 mortui
3197 4231 3647 4327 secundum—faeta
3673 4231 3777 4311 sua.

2196 4346 2423 4407 CAPUT
2463 4353 2579 4412 XV.
2608 4387 2679 4397 —
2707 4358 2806 4425 Qui
2853 4362 2956 4416 sint
3002 4366 3210 4433 mortui,
3256 4384 3385 4437 quos
3425 4371 3497 4424 ad
3537 4373 3777 4443 judicium

2268 4444 2494 4500 exhibuit
2519 4465 2677 4519 mare,
2703 4452 2780 4507 uel
2806 4470 2931 4524 quos
2956 4473 3090 4512 mors
3114 4471 3162 4515 et
3179 4460 3337 4531 inferi
3362 4464 3709 4522 reddiderunt.

2266 4554 2370 4611 Sed
2398 4559 2489 4628 qui
2531 4571 2656 4617 sunt
2705 4566 2923 4634 mortui,
2974 4584 3109 4640 quos
3139 4571 3386 4629 exhibuit
3411 4592 3584 4647 mare,
3615 4579 3695 4651 qui
3724 4578 3768 4633 in

2192 4662 2260 4705 eo
2286 4653 2686 4726 erantiNeque
2730 4659 2875 4715 enim
2919 4662 3009 4733 qui
3051 4664 3106 4719 in
3148 4667 3285 4722 mari
3328 4671 3650 4739 moriuntur,
3675 4687 3765 4727 non

2192 4754 2317 4800 sunt
2362 4746 2417 4802 in
2468 4747 2698 4819 inferno,
2754 4763 2846 4809 aut
2892 4770 3115 4828 corpora
3166 4776 3357 4837 eorum
3401 4776 3681 4822 servantur
3719 4765 3763 4820 in

2191 4837 2362 4903 mari;
2392 4850 2504 4908 aut,
2546 4843 2688 4911 quod
2729 4854 2814 4900 est
2836 4846 3143 4918 absurdius,
3172 4867 3323 4908 mare
3346 4855 3577 4913 habebat
3614 4858 3764 4913 bonos

2188 4939 2454 5002 mortuos,
2484 4943 2540 4990 et
2568 4936 2809 4995 infernus
2834 4941 3025 4997 malos.
3054 4943 3186 5013 Quis
3216 4944 3318 5002 hoc
3342 4952 3650 5020 putaverit?
3672 4948 3763 5006 Sed

2188 5024 2428 5094 profecto
2456 5031 2845 5089 convenienter
2865 5034 3081 5105 quidam
3108 5036 3213 5094 hoc
3239 5039 3360 5097 loco
3389 5059 3538 5101 mare
3559 5060 3654 5117 pro
3674 5045 3765 5101 isto

2186 5118 2385 5172 εωοιιιο
2412 5120 2646 5188 positum
2679 5125 2969 5193 accipiunt.
2994 5128 3126 5183 Cum
3158 5145 3289 5202 ergo
3318 5142 3375 5189 et
3401 5151 3539 5206 quos
3574 5135 3657 5193 hic
3688 5138 3763 5192 in-

2186 5209 2366 5264 veniet
2386 5209 2631 5269 Christus
2662 5214 2716 5271 in
2755 5232 2983 5287 corpore
3009 5221 3353 5293 constitutos,
3386 5227 3547 5284 simul
3574 5229 3761 5301 signiﬁ-

2186 5308 2333 5357 caret
2353 5316 2474 5358 cum
2500 5304 2564 5361 iis
2587 5305 2677 5376 qui
2706 5314 3063 5367 resurrecturi
3091 5323 3215 5370 sunt
3234 5315 3577 5390 judicandos,
3615 5323 3757 5376 etiam

2185 5394 2331 5464 ipsos
2370 5407 2612 5455 mortuos
2636 5404 2970 5473 appellavit,
3024 5417 3080 5463 et
3118 5408 3289 5467 bonos
3337 5414 3533 5484 quibus
3559 5415 3753 5480 dicitur.

2185 5484 2382 5543 Mortui
2426 5492 2561 5546 enim
2600 5496 2737 5561 estis,
2784 5505 2829 5549 ct
2868 5498 2971 5552 vita
3010 5510 3177 5555 vestra
3225 5502 3522 5561 abscondita
3548 5517 3620 5563 est
3653 5518 3756 5561 cm!

2184 5580 2384 5639 Christo
2413 5584 2465 5639 in
2491 5584 2602 5641 Deo
2652 5588 2866 5661 (Coloss.
2905 5607 2984 5661 ut,
3028 5594 3121 5666 3);
3167 5606 3221 5653 et
3248 5599 3420 5655 malos
3466 5601 3533 5657 de
3579 5600 3751 5674 quibus

2247 5698 2494 5775 5-59.3“?-
2522 5706 2578 5749 λι
2616 5700 2753 5773 θάίιὲν
2776 5702 3015 5775 quidquid
3039 5720 3071 5756 α
3092 5708 3293 5775 facit?!“
3308 5710 3549 5763 molitur.

2194 5758 2620 5841 “,(ﬁlfglgﬁe’fj'oxt
2640 5758 3033 5833 mutuasque,
3055 5758 3381 5838 avulsam;
3393 5758 3601 5841 sese.
3616 5782 3743 5833 texts

2186 5820 2544 5888 Apocalypseos.
