3882 6396
93 246 182 305 68!
1344 236 1546 297 LIBER
1585 234 1966 297 VIGESIMUS.

93 359 290 421 dicitur,
334 354 462 410 Sine
488 361 713 407 mortuos
752 351 964 422 sepelire
1010 361 1233 409 mortuos
1260 369 1378 409 suos
1425 354 1640 426 (Matth.

90 466 189 513 vin,
213 448 320 517 εἰ).
348 446 580 501 Possunt
600 445 791 500 mortui
812 445 971 500 etiam
994 455 1213 516 pr0pter
1234 444 1334 501 hoc
1354 446 1476 511 dici,
1502 447 1643 516 quod

93 540 316 597 mortalia
343 547 533 608 gerunt
581 552 807 608 corpora
846 553 859 590 :
907 537 1048 592 unde
1091 537 1397 607 Apostolus,
1439 536 1635 607 Corpus

87 633 292 703 quidem,
314 629 499 699 inquit,
530 639 783 683 mortuum
821 638 894 684 est
920 640 1129 700 propter
1157 639 1450 699 peccatum;
1491 631 1646 698 spiri-

89 732 157 777 tus
192 731 348 775 autem
377 720 477 773 vita
523 728 594 773 est
624 728 828 789 prapter
861 720 1116 789 justitiam
1154 720 1327 791 (Rom.
1368 736 1480 787 vnt,
1510 720 1639 792 l0):

87 828 350 883 utrumque
378 814 427 867 in
455 812 670 866 homine
713 811 942 879 vivente,
986 821 1143 884 atque
1187 814 1240 867 in
1280 813 1381 868 hoc
1416 827 1641 884 corpore

84 906 350 963 Constituto
392 920 512 959 esse
541 904 929 971 demonstrans,
961 914 1015 960 et
1048 920 1243 975 corpus
1270 916 1557 969 mortuum,
1587 916 1640 962 et

82 998 307 1067 spiritum
338 995 519 1049 vitam.
551 993 659 1049 Nec
690 1003 867 1050 tamen
895 994 1028 1049 dixit
1052 1010 1244 1065 corpus
1273 996 1515 1063 mortale,
1546 994 1640 1051 sed

79 1099 327 1143 mortuum
356 1106 368 1142 :
397 1087 641 1156 quamvis
666 1087 849 1141 eadem
870 1088 1031 1156 paulo
1061 1096 1179 1158 post
1203 1089 1362 1143 etiam
1398 1088 1639 1144 mortalia

78 1195 282 1249 corpora
315 1178 473 1249 (Ibid.
510 1178 619 1251 ll),
652 1180 789 1234 sicut
814 1180 1055 1235 usitatius
1076 1189 1352 1247 vocantur,
1380 1182 1633 1250 appellet.

76 1272 173 1326 Hos
196 1286 320 1341 ergo
350 1281 589 1325 mortuos
615 1272 858 1327 exhibuit
886 1288 1053 1339 mare,
1082 1274 1168 1343 qui
1194 1275 1245 1327 in
1276 1288 1341 1329 co
1382 1284 1554 1341 erant,
1585 1273 1638 1329 id

76 1374 167 1430 est,
212 1363 451 1419 exhibuit
498 1363 743 1419 homines
772 1364 872 1418 hoc
915 1364 1188 1431 sascnlum,
1235 1366 1556 1435 quicumque
1585 1366 1639 1420 in

73 1470 131 1509 eo
154 1463 319 1520 erant,
344 1455 467 1524 quia
494 1454 728 1509 nondum
758 1454 1015 1508 obierant.
1052 1454 1123 1507 Et
1153 1471 1289 1509 mors
1317 1466 1365 1510 et
1388 1456 1635 1527 infernus,

71 1548 247 1617 inquit,
279 1547 607 1600 reddiderunt
636 1555 876 1613 mortuos,
893 1562 1017 1616 quos
1046 1546 1099 1599 in
1123 1562 1176 1600 se
1200 1547 1463 1601 habebant.
1497 1547 1639 1602 Mare

67 1639 481 1709 exhibuit,'quia
511 1639 648 1695 sicut
677 1639 876 1694 inventi
924 1650 1067 1705 sunt,
1113 1639 1395 1695 adfuerunt
1429 1658 1442 1694 :
1492 1655 1638 1695 mors

68 1748 183 1786 vero
210 1742 263 1787 et
306 1732 547 1786 infernus
597 1731 960 1798 reddiderunt,
991 1732 1242 1801 quoniam
1269 1732 1409 1795 vitae,
1441 1731 1509 1786 de
1534 1747 1637 1801 qua

64 1823 160 1892 jam
208 1824 473 1888 exierant,
523 1831 856 1877 revocarunt.
888 1822 996 1878 Nec
1040 1822 1235 1877 frustra
1284 1823 1505 1877 fortasse
1530 1838 1637 1877 non

65 1914 183 1968 satis
209 1914 305 1969 fuit
330 1923 387 1968 ut
418 1914 620 1969 diceret
640 1931 794 1980 mors,
824 1923 915 1968 aut
942 1914 1210 1986 infernus;
1233 1914 1327 1970 sed
1355 1924 1638 1985 utrumque

62 2005 245 2060 dictum
276 2014 392 2061 est:
431 2020 595 2070 mors,
642 2013 858 2076 propter
900 2006 1104 2071 bonos,
1152 2007 1240 2075 qui
1274 2008 1638 2063 tantummodo

62 2106 276 2150 mortem
306 2098 515 2166 perpeti
547 2105 850 2165 potuerunt,
878 2113 981 2151 non
1003 2106 1057 2151 et
1076 2097 1336 2152 infernum
1359 2113 1375 2163 ;
1400 2098 1637 2154 infernus

59 2198 222 2242 autem
267 2198 489 2258 pr0pter
518 2189 708 2255 malos,
736 2189 823 2259 qui
854 2190 1012 2244 etiam
1057 2204 1243 2259 poenas
1267 2189 1407 2260 apud
1437 2190 1636 2247 inferos

60 2280 302 2349 pendunt.
333 2281 389 2336 Si
424 2282 565 2337 enim
590 2297 693 2336 non
719 2281 947 2336 absurde
967 2282 1112 2336 credi
1133 2281 1361 2349 videtur,
1384 2283 1632 2352 antiquos

57 2376 204 2429 etiam
248 2384 494 2442 sanctos,
522 2376 612 2446 qui
642 2377 847 2431 venturi
894 2376 1090 2432 Christi
1132 2384 1416 2432 tenuerunt
1455 2377 1632 2443 fidem,

57 2467 178 2522 locis
200 2468 423 2538 quidem
448 2483 478 2522 a
509 2460 787 2523 tormentis
815 2468 1095 2539 impiorum
1119 2468 1508 2534 remotissimis,
1539 2469 1634 2526 sed

56 2559 181 2626 apud
228 2558 436 2614 inferos
479 2557 662 2625 fuisse,
694 2559 864 2614 donec
893 2573 986 2613 eos
1029 2558 1153 2614 inde
1193 2560 1408 2629 sanguis
1435 2560 1634 2616 Christi

56 2658 103 2703 et
143 2651 204 2705 ad
250 2667 314 2707 ea
348 2653 467 2707 loca
512 2651 802 2706 descensus
842 2660 1074 2717 erueret,
1122 2653 1359 2722 profecto
1383 2652 1635 2724 deinceps

55 2738 166 2795 boni
199 2742 387 2797 fideles
418 2741 586 2797 effuso
613 2742 705 2796 illo
734 2741 906 2811 pretio
942 2742 1052 2811 jam
1084 2741 1366 2813 redempti,
1412 2758 1634 2812 prorsus

56 2832 244 2888 inferos
290 2834 562 2900 nesciunt,
611 2833 782 2889 donec
820 2834 979 2889 etiam
1029 2833 1257 2904 receptis
1299 2836 1630 2905 corporibus,

55 2924 179 2980 bona
223 2928 494 2997 recipiant
534 2942 656 2998 quae
701 2937 995 2982 merentur.
1023 2926 1158 2983 Cum
1186 2935 1360 2983 autem
1390 2928 1631 2995 dixisset,

55 3017 111 3072 Et
127 3021 349 3089 judicati
390 3030 506 3075 sunt
531 3020 720 3091 singuli
743 3019 1019 3074 secundum
1054 3024 1191 3090 facta
1231 3036 1358 3086 sua;
1405 3020 1636 3076 breviter

55 3112 291 3181 subjecit,
325 3113 777 3184 quemadmodum
808 3112 1003 3168 fuerint
1036 3112 1297 3182 judicati:
1333 3112 1401 3168 Et
1433 3131 1568 3168 mors
1588 3122 1636 3169 et

55 3202 293 3273 infernus,
330 3206 521 3275 inquit,
551 3206 692 3260 missi
717 3214 835 3260 sunt
858 3205 912 3259 in
947 3214 1181 3276 stagnum
1222 3206 1353 3276 ignis
1374 3221 1393 3259 :
1423 3204 1505 3260 his
1533 3221 1632 3261 no-

55 3296 282 3353 minibus
330 3298 639 3368 signillcans
680 3297 974 3363 diabolum,
1025 3297 1274 3368 quoniam
1324 3286 1514 3353 mortis
1552 3308 1635 3354 est

56 3398 226 3444 auctor
252 3399 312 3445 et
356 3389 681 3445 infernarum
714 3405 1011 3460 pinnarum,
1043 3389 1449 3461 universamque
1477 3390 1631 3446 simul

56 3478 353 3536 daemonum
382 3482 711 3538 societatem.
741 3481 851 3537 Hoc
874 3492 956 3537 est
979 3482 1122 3537 enim
1159 3482 1300 3552 quod
1326 3498 1484 3553 supra
1518 3484 1632 3540 evi-

55 3570 254 3629 ientius
286 3575 711 3645 praeoccupando
731 3574 841 3646 jam
864 3575 1090 3643 dixerat,
1118 3586 1166 3630 es
1188 3575 1418 3632 diabolus
1436 3579 1525 3653 qui
1550 3595 1631 3633 se-

56 3662 253 3718 iucebat
286 3682 392 3731 eos,
422 3667 604 3720 missus
630 3675 703 3720 est
738 3667 791 3720 in
833 3676 1064 3737 stagnum
1103 3666 1235 3737 ignis
1269 3675 1317 3720 et
1350 3667 1628 3736 sulphuris.

55 3753 188 3822 Quod
224 3756 302 3810 ibi
354 3771 481 3810 vero
518 3757 795 3811 obscurius
834 3758 1167 3827 adjunxerat,
1199 3758 1403 3823 dicens,
1444 3758 1558 3826 Quo
1584 3769 1635 3814 et

56 3848 217 3914 iestia,
269 3856 322 3899 et
366 3847 799 3915 pseudopropheta
823 3865 845 3910 ;
895 3849 979 3902 hic
1025 3850 1279 3917 apertius,
1312 3848 1380 3904 Et
1420 3850 1504 3919 qui
1534 3867 1634 3904 non

55 3950 171 4005 lunt,
208 3938 412 4007 inquit,
440 3938 625 3991 inuenti
652 3938 706 3990 in
730 3937 856 3991 libro
885 3937 1000 3991 vita:
1025 3939 1219 4007 scripti,
1250 3938 1390 3993 missi
1426 3949 1542 3992 sunt
1579 3940 1635 3993 in

55 4041 281 4102 stagnum
311 4029 444 4100 ignis
466 4027 649 4100 (Apoc.
678 4044 767 4091 xx,
797 4028 884 4094 ll,
912 4028 1020 4097 l5).
1046 4027 1160 4081 Non
1191 4029 1357 4082 Deum
1378 4029 1513 4083 liber
1535 4029 1635 4084 iste

56 4130 457 4185 :ommemorat,
491 4136 558 4177 ne
586 4121 852 4176 oblivione
878 4118 1092 4173 fallatur
1115 4120 1253 4174 :ised
1284 4119 1632 4188 praedesuna-

56 4215 242 4271 .ionem
274 4213 538 4284 signiﬁcat
567 4227 773 4278 eorum,
806 4212 997 4280 quibus
1030 4220 1227 4264 (eterna
1270 4209 1481 4264 dabitur
1505 4210 1632 4265 vita.

55 4307 228 4377 \leque
273 4306 420 4360 enim
468 4305 637 4360 nescit
674 4318 768 4358 eos
796 4303 956 4369 Deus,
990 4310 1044 4357 et
1073 4304 1124 4355 in
1156 4300 1259 4356 hoc
1300 4300 1437 4354 libro
1484 4301 1629 4370 legit,

56 4410 97 4451 at
125 4400 264 4452 sciat
288 4415 302 4450 :
329 4396 420 4451 sed
448 4396 624 4466 potius
650 4394 760 4463 ipsa
792 4392 907 4463 ejus
938 4390 1268 4461 praescientia
1294 4390 1362 4445 de
1387 4390 1633 4459 illis,qua:

56 4490 149 4545 falli
180 4506 294 4545 non
331 4497 524 4559 potest,
554 4488 689 4542 liber
714 4494 803 4543 est
826 4487 968 4553 vitae,
998 4486 1049 4539 in
1072 4499 1178 4555 quo
1206 4492 1330 4537 sunt
1353 4481 1556 4551 scripti,
1582 4481 1634 4536 id

56 4594 140 4652 est,
176 4593 312 4639 ante
339 4582 666 4654 praecogniti.

174 4714 413 4773 CAPUT
454 4712 591 4769 XVI.
616 4743 688 4755 —
711 4712 789 4768 De
815 4713 938 4767 cazlo
966 4726 1112 4776 novo,
1141 4718 1186 4765 et
1215 4719 1348 4764 terra
1368 4724 1512 4762 nova.

112 4855 300 4910 Finito
329 4860 510 4907 autem
534 4850 757 4921 judicio,
788 4863 895 4919 quo
924 4845 1299 4917 praenuntiavit
1318 4842 1634 4913 iudicandos

56 4951 238 5015 nalos,
276 4953 451 5002 restat
479 4954 535 4998 ut
578 4944 737 4998 etiam
765 4942 833 4997 de
856 4940 1010 4995 bonis
1037 4939 1197 4992 dicat.
1225 4936 1342 4991 Jam
1369 4935 1513 4990 enim
1538 4949 1633 4989 ex-

56 5042 265 5109 plicavit
295 5039 442 5111 quod
472 5038 703 5094 breviter
725 5051 755 5090 a
795 5034 1020 5089 Domino
1052 5032 1248 5086 dictum
1299 5038 1382 5085 est
1422 5069 1437 5091 ,
1479 5026 1636 5082 Ibunt

56 5136 123 5188 sti
142 5136 200 5189 in
226 5130 545 5204 supplicium
564 5138 841 5192 internum;
866 5125 1124 5196 sequitur,
1153 5132 1211 5177 ut
1238 5122 1469 5191 explicet
1493 5118 1633 5190 quod

56 5226 207 5281 etiam
240 5224 319 5281 ibi
354 5224 710 5285 connectitur,
750 5218 887 5273 Justi
921 5226 1089 5271 autem
1118 5215 1173 5268 in
1206 5213 1360 5267 vitam
1397 5222 1637 5266 (sternam

55 5316 271 5384 (Matth.
320 5330 448 5380 xxv,
492 5312 605 5384 46).
644 5310 715 5366 Et
739 5310 862 5375 vidi,
900 5308 1088 5379 inquit,
1123 5308 1300 5361 cretum
1344 5320 1543 5369 novum,
1589 5312 1637 5356 et

55 5416 237 5461 terram
284 5422 488 5461 nouam.
522 5403 662 5458 Nam
690 5404 909 5473 primum
939 5401 1119 5455 calum
1156 5409 1201 5452 et
1245 5409 1378 5451 terra
1425 5396 1589 5466 prima
1618 5395 1634 5425 ¹

55 5508 389 5563 recesserunt,
434 5506 481 5552 et
523 5511 660 5549 mare
679 5496 790 5565 jam
832 5509 933 5546 non
977 5503 1044 5545 est
1076 5491 1256 5562 (Apoc.
1286 5503 1393 5551 xxi,
1426 5486 1503 5555 l).
1534 5481 1638 5538 Isto

55 5588 141 5644 fiet
171 5588 391 5653 ordine,
437 5586 576 5658 quod
605 5584 848 5653 superius
888 5579 1307 5652 praeoccupando
1348 5579 1457 5651 jam
1483 5574 1637 5644 dixit,

112 5726 131 5757 ⁸
167 5733 223 5776 In
246 5727 470 5777 omnibus
488 5734 592 5775 Mss.
612 5724 775 5782 deest,
791 5733 966 5784 prima.

420 5810 625 5871 Sanc'r
693 5809 969 5869 Anausr.
1016 5803 1153 5864 VII.

1756 354 1952 408 vidisse
1976 368 2035 409 se
2060 369 2220 425 super
2248 354 2494 412 thronum
2535 357 2829 429 sedentem,
2858 375 2888 417 a
2912 360 3062 433 cujus
3091 363 3221 419 facie
3249 367 3328 421 lu-

1753 445 1829 515 git
1853 445 2044 500 cmlum
2091 456 2145 501 et
2172 456 2331 502 terra.
2374 448 2626 505 Judicatis
2670 452 2866 523 quippe
2892 452 2995 521 his,
3027 453 3115 524 qui
3143 456 3327 525 scripti

1754 551 1863 591 non
1894 547 2017 592 sunt
2043 538 2097 593 in
2138 538 2275 595 libro
2299 540 2439 608 vitm,
2485 550 2539 596 et
2564 542 2615 596 in
2645 551 2902 599 aeternum
2931 545 3105 614 ignem
3148 549 3327 603 missis

1754 626 1868 699 (qui
1895 629 2030 699 ignis
2058 630 2375 701 cujusmodi,
2398 643 2453 689 et
2480 634 2531 687 in
2554 649 2658 705 qua
2685 636 2865 690 mundi
2886 636 2971 691 vel
3002 653 3178 692 rerum
3202 654 3323 708 par-

1752 727 1804 774 te
1834 719 2040 776 futurus
2075 723 2160 786 sit,
2198 721 2462 777 hominem
2486 725 2625 779 scire
2650 726 2881 781 arbitror
2910 728 3197 798 neminem,
3219 730 3321 783 nisi

1747 806 1885 864 forte
1909 811 1993 865 cui
2019 810 2244 881 Spiritus
2274 812 2483 868 divinus
2511 816 2786 886 ostendit),
2817 824 2941 872 tunc
2971 817 3137 888 figura
3170 819 3329 889 hujus

1748 902 1931 956 mundi
1978 903 2361 959 mundanorum
2409 905 2606 975 ignium
2635 905 3045 978 conﬂagratione
3078 910 3322 978 prmtcri-

1748 991 1844 1058 bit,
1876 992 2012 1047 sicut
2041 994 2234 1048 factum
2262 1004 2344 1049 est
2372 996 2757 1051 mundanarum
2796 1014 3053 1067 aquarum
3096 999 3321 1053 inunda-

1748 1084 1893 1139 tione
1921 1085 2196 1141 diluvium.
2250 1086 2338 1142 llla
2386 1089 2580 1158 itaque,
2625 1099 2683 1144 ut
2728 1090 2859 1157 dixi,
2908 1092 3325 1162 conﬂagratione

1747 1177 2012 1231 mundana
2043 1180 2426 1234 elementorum
2458 1182 2874 1251 corruptibilium
2902 1184 3339 1255 qualitates,qu'.e

1747 1270 2061 1339 corporibus
2111 1273 2306 1326 nostris
2338 1274 2770 1343 corruptibilibus
2800 1276 3178 1345 congruebant,
3234 1293 3323 1330 ar-

1750 1358 1924 1414 dendo
1958 1362 2165 1430 penitus
2196 1363 2515 1429 interibunt;
2549 1374 2707 1435 atque
2734 1367 2845 1434 ipsa
2891 1366 3182 1421 substantia
3232 1382 3324 1419 cas

1744 1451 2023 1520 qualitates
2061 1452 2297 1519 habebit,
2330 1470 2448 1524 qua:
2472 1456 2783 1524 corporibus
2809 1457 3198 1511 immortalibus
3221 1457 3323 1510 mi-

1742 1544 1898 1598 rabili
1948 1548 2242 1602 mutatione
2271 1548 2625 1602 conveniant:
2670 1558 2727 1602 ut
2750 1549 2953 1604 scilicet
3000 1550 3228 1604 mundus
3269 1551 3323 1603 in

1745 1636 1935 1691 melius
1994 1638 2313 1705 innovatus,
2368 1649 2490 1709 apte
2545 1640 2973 1695 accommodetur
3021 1640 3323 1696 hominibus

1744 1728 1905 1782 etiam
1936 1743 2097 1785 carne
2122 1731 2174 1783 in
2203 1729 2393 1785 melius
2419 1732 2701 1786 innovatis.
2736 1730 2887 1798 Quod
2913 1742 3088 1787 autem
3116 1733 3209 1797 ait,
3253 1732 3322 1786 Et

1742 1835 1881 1874 mare
1889 1821 2006 1891 jam
2033 1838 2133 1876 non
2150 1833 2220 1877 est
2243 1839 2261 1877 :
2285 1834 2459 1878 utrum
2480 1824 2713 1879 maximo
2734 1824 2824 1879 illo
2848 1825 3039 1879 ardore
3066 1826 3317 1892 siccetur,

1741 1925 1807 1964 an
1840 1920 1894 1967 et
1939 1912 2111 1982 ipsum
2150 1924 2388 1969 vertatur
2420 1916 2469 1969 in
2499 1916 2711 1983 melius,
2744 1932 2847 1970 non
2879 1916 3034 1972 facile
3073 1918 3319 1974 dixerim.

1741 1999 1945 2056 Casium
1974 2004 2169 2074 quippe
2209 2020 2402 2059 novum
2447 2014 2501 2060 et
2527 2015 2723 2061 terram
2748 2023 2941 2061 novam
2986 2008 3215 2063 futuram
3244 2010 3320 2065 le-

1741 2092 1951 2162 gimus:
1980 2094 2047 2150 de
2077 2097 2207 2151 mari
2237 2107 2414 2152 autem
2441 2114 2580 2153 novo
2625 2099 2825 2169 aliquid
2875 2116 2959 2156 me
2991 2103 3196 2170 uspiam
3241 2103 3321 2158 ie-

1740 2181 1904 2251 gisse,
1933 2199 2038 2239 non
2082 2187 2299 2252 recolo;
2331 2188 2433 2241 nisi
2471 2189 2612 2257 quod
2642 2189 2692 2243 in
2729 2189 2829 2244 hoc
2856 2190 3042 2245 eodem
3072 2192 3207 2246 libro
3232 2207 3320 2247 re-

1741 2273 1963 2342 peritur,
1973 2285 2208 2345 tanquam
2226 2294 2364 2332 mare
2386 2278 2595 2332 vitreum
2617 2280 2777 2333 simile
2796 2282 3031 2351 crystallo
3047 2281 3227 2353 (Apoc.
3243 2297 3319 2347 Iv,

1742 2363 1807 2429 6;
1840 2380 1929 2432 xv,
1958 2364 2038 2431 2).
2066 2366 2169 2421 Sed
2197 2377 2322 2423 tunc
2365 2384 2470 2425 non
2500 2370 2565 2424 de
2596 2374 2698 2425 isto
2722 2371 2827 2426 line
2856 2372 3037 2426 saeculi
3068 2373 3321 2443 loqueba-

1740 2463 1861 2510 tur:
1894 2472 1993 2513 nec
2025 2463 2240 2529 proprie
2287 2463 2486 2517 dixisse
2515 2464 2727 2519 videtur
2763 2481 2932 2531 mare,
2964 2466 3055 2521 sed
3084 2474 3323 2537 tanquam

1739 2564 1896 2602 mare.
1918 2549 2166 2616 Quamvis
2186 2561 2241 2607 et
2269 2570 2430 2619 nunc,
2462 2556 2600 2609 sicut
2626 2564 2769 2609 amat
2794 2556 3101 2625 prophetica
3130 2558 3323 2613 locutio

1744 2640 1974 2707 propriis
1995 2643 2171 2697 verbis
2191 2645 2439 2699 translata
2472 2647 2720 2714 miscere,
2743 2663 2805 2701 ac.
2832 2649 2909 2702 sic
2931 2649 3323 2718 quodammodo

1741 2730 1916 2786 velare
1953 2734 2094 2803 quod
2141 2736 2356 2802 dicitur,
2391 2739 2562 2807 patuit
2603 2738 2669 2793 de
2700 2739 2793 2793 illo
2840 2740 2975 2793 mari
3006 2740 3204 2805 dicere,
3255 2740 3325 2794 Et

1739 2837 1878 2876 mare
1893 2825 2010 2894 jam
2050 2842 2151 2881 non
2179 2837 2287 2893 est;
2317 2828 2383 2883 de
2409 2844 2515 2898 quo
2541 2844 2700 2897 supra
2746 2829 2971 2896 dixerat,
3003 2829 3069 2882 Et
3101 2830 3323 2883 exhibuit

1739 2930 1877 2968 mare
1902 2927 2144 2984 mortuos,
2167 2919 2251 2989 qui
2280 2920 2331 2973 in
2355 2936 2412 2974 eo
2443 2930 2605 2973 erant.
2630 2919 2747 2975 Jam
2775 2920 2919 2974 enim
2942 2929 3067 2976 tunc
3095 2935 3198 2975 non
3221 2923 3324 2975 erit

1739 3003 1840 3059 hoc
1882 3009 2132 3063 saaculum
2164 3011 2268 3064 vita
2300 3011 2604 3065 mortalium
2637 3012 2997 3066 turbulentum
3027 3022 3082 3067 et
3111 3013 3323 3083 procel-

1740 3098 1933 3166 losum,
1965 3101 2104 3171 quod
2133 3103 2292 3156 maris
2321 3103 2538 3158 nomine
2558 3102 2821 3174 figuravit.

1736 3208 1962 3281 CAPUT
2009 3212 2172 3268 XVII.
2203 3242 2276 3254 —-
2302 3213 2382 3268 De
2411 3214 2653 3268 Ecclesia:
2684 3214 3054 3286 gloriﬁcatione
3080 3214 3190 3269 sine
3216 3214 3322 3285 ﬁne
3389 3192 3405 3202 ’

2339 3316 2451 3375 post
2478 3307 2631 3374 ﬁnem
2661 3306 2700 3361 ⁸.

1818 3417 1888 3472 Et
1912 3419 2178 3485 civitatem,
2212 3417 2403 3488 inquit,
2433 3434 2668 3488 magnam
2702 3417 2989 3471 Jerusalem
3017 3434 3198 3473 novam
3218 3418 3323 3473 vidi

1737 3515 2115 3570 descendentem
2143 3513 2205 3566 de
2232 3513 2353 3566 caalo
2377 3529 2408 3564 a
2430 3510 2558 3577 Deo,
2578 3519 2824 3580 aptatam,
2855 3510 3000 3582 quasi
3022 3526 3203 3564 novam
3221 3528 3322 3565 nu-

1741 3618 1878 3679 ptam
1908 3617 2139 3662 ornatam
2163 3607 2343 3659 marito
2365 3620 2479 3659 suo.
2510 3603 2577 3656 Et
2594 3603 2764 3656 audivi
2794 3617 2962 3657 vocem
2996 3619 3234 3673 magnam
3259 3603 3322 3656 de

1738 3700 1921 3754 throno
1943 3700 2206 3764 dicentem,
2242 3696 2373 3750 Ecce
2400 3695 2777 3749 tabernaculum
2815 3692 2914 3746 Dei
2965 3710 3079 3746 cum
3105 3693 3323 3746 homini-

1738 3790 1850 3853 bus,
1880 3800 1924 3844 et
1946 3790 2188 3843 habitabit
2230 3804 2342 3841 cum
2369 3788 2461 3850 eis,
2492 3796 2537 3839 et
2570 3786 2669 3854 ipsi
2693 3794 2841 3839 erunt
2867 3786 3085 3856 populus
3113 3787 3237 3857 ejus,
3276 3793 3323 3838 et

1738 3882 1845 3951 ipse
1866 3880 2000 3936 Deus
2022 3882 2114 3933 erit
2136 3896 2250 3932 cum
2275 3879 2363 3932 eis.
2386 3877 2452 3930 Et
2495 3876 2737 3946 absterget
2764 3874 2902 3930 Deus
2931 3892 3126 3929 omnem
3149 3876 3320 3946 lacry-

1738 3989 1873 4025 mam
1899 3972 1960 4024 ab
1990 3970 2148 4025 oculis
2174 3986 2385 4033 eorum;
2412 3978 2457 4022 et
2482 3985 2618 4021 mors
2634 3969 2749 4036 jam
2779 3984 2879 4020 non
2925 3970 3037 4032 erit,
3061 3984 3218 4036 neque
3242 3968 3322 4019 lu-

1737 4072 1867 4127 ctus,
1915 4077 2071 4131 neque
2109 4060 2335 4123 clamor,
2384 4057 2471 4111 sed
2509 4074 2597 4110 nec
2636 4058 2782 4109 dolor
2815 4057 2971 4121 ullus,
3006 4058 3123 4125 quia
3149 4058 3321 4126 priora

1738 4152 1987 4205 abierunt.
2034 4150 2100 4204 Et
2138 4150 2269 4205 dixit
2294 4149 2472 4203 sedens
2506 4149 2560 4201 in
2603 4148 2814 4211 throno,
2860 4147 2992 4201 Ecce
3034 4164 3160 4200 nova
3187 4149 3319 4216 facio

1739 4242 1909 4297 omnia
1938 4240 2049 4313 (Id.
2082 4256 2195 4307 xxi,
2217 4240 2360 4308 2-5).
2393 4239 2467 4292 De
2492 4239 2631 4293 casio
2654 4236 2981 4292 descendere
3011 4237 3112 4290 ista
3131 4237 3317 4291 civitas

1738 4333 1955 4399 dicitur,
1988 4332 2238 4402 quoniam
2284 4329 2517 4384 cmlcstis
2542 4339 2623 4384 est
2649 4328 2835 4399 gratia,
2876 4343 2979 4395 qua
3011 4328 3149 4381 Deus
3196 4342 3314 4381 eam

1738 4426 1881 4480 fecit.
1901 4425 2124 4493 Propter
2146 4422 2287 4493 quod
2304 4421 2352 4476 ei
2379 4421 2505 4475 dicit
2530 4421 2687 4475 etiam
2712 4435 2809 4489 per
2835 4419 3043 4483 Isaiam,
3066 4417 3179 4487 Ego
3206 4434 3318 4470 sum

1740 4515 1987 4570 Dominus
2003 4515 2192 4584 faciens
2210 4522 2255 4565 te
2272 4512 2343 4581 (a)
2364 4510 2414 4582 (I
2422 4510 2517 4564 sai.
2538 4525 2665 4576 va,
2685 4509 2761 4579 8).
2784 4509 2847 4564 Et
2862 4508 2928 4563 de
2944 4508 3080 4562 ccelo
3102 4506 3319 4575 quidem

1738 4607 1807 4661 ab
1827 4607 1977 4660 initio
2000 4606 2082 4659 sui
2111 4602 2409 4668 descendit,
2441 4618 2509 4656 ex
2537 4617 2643 4671 quo
2668 4616 2763 4679 per
2785 4600 2941 4669 hujus
2968 4599 3149 4653 smculi
3185 4607 3320 4653 tem-

1740 4714 1857 4770 pus,
1886 4699 2053 4769 gratia
2088 4697 2184 4751 Dei
2215 4696 2446 4765 desuper
2473 4694 2719 4749 veniente
2744 4708 2836 4762 per
2866 4692 3131 4745 lavacrum
3165 4706 3318 4760 rege-

1740 4792 2034 4847 nerationis
2062 4791 2115 4845 in
2138 4793 2157 4822 ²
2184 4788 2385 4860 Spiritu
2416 4796 2603 4841 sancto
2649 4786 2813 4839 misso
2842 4784 2908 4839 de
2934 4784 3072 4840 ctelo
3093 4782 3319 4837 subinde

1738 4885 1885 4938 cives
1913 4884 2028 4950 ejus
2067 4888 2400 4935 accrescunt.
2454 4876 2560 4931 Sed
2591 4890 2684 4945 per
2722 4874 2979 4944 judicium
3036 4872 3149 4937 Dei,
3175 4870 3317 4942 quod

1739 4975 1843 5030 erit
1886 4971 2235 5027 novissimum
2283 4986 2377 5039 per
2418 4969 2534 5037 eius
2577 4967 2770 5021 Filium
2797 4965 2978 5020 Jesum
3020 4963 3314 5029 Christum,

1741 5074 1885 5119 tanta
1908 5064 2022 5134 ejus
2048 5072 2102 5117 et
2139 5072 2243 5116 tam
2274 5075 2409 5116 nova
2432 5059 2498 5114 de
2528 5059 2621 5113 Dei
2651 5073 2874 5113 munere
2902 5056 3115 5112 claritas
3154 5069 3319 5124 appa-

1740 5158 1899 5224 rebit,
1939 5164 1999 5210 ut
2042 5154 2184 5209 nulla
2210 5159 2520 5207 remaneant
2555 5148 2833 5205 vetustatis
2860 5144 3077 5214 vestigia
3111 5160 3125 5196 :
3155 5158 3317 5212 quan-

1743 5246 2027 5318 doquidem
2077 5254 2132 5301 et
2174 5254 2398 5314 corpora
2432 5240 2499 5297 ad
2543 5238 2991 5308 incorruptionem
3032 5242 3189 5302 atque
3218 5233 3319 5285 imo

1744 5342 2121 5400 mortalitatem
2138 5353 2331 5394 novam
2355 5352 2421 5393 ex
2440 5344 2621 5391 vetere
2641 5330 2981 5399 corruptione
3000 5336 3157 5394 atque
3179 5339 3324 5379 mor-

1808 5524 1825 5555 ι
1860 5528 1926 5583 Ita
1945 5528 2050 5570 Mss.
2074 5517 2193 5567 Editi
2214 5527 2353 5583 vera,
2375 5513 2714 5583 P03!

1805 5586 1827 5617 ¹
1859 5582 2026 5633 Plures
2048 5576 2353 5641 manuscripti
2375 5576 2616 5628 omittunt,
2637 5576 2704 5641 in.

1809 5630 1881 5708 (ai
1904 5630 2129 5708 sfécimwr
2168 5630 2427 5708 βςὲίιίδηθίη
2464 5630 3322 5708 secessit“:.EBEG'R'FE'Ezﬂm

1746 5684 2143 5774 8,553.,"5’5‘533
2163 5684 2307 5752 litisas
2324 5710 2406 5760 se;
2430 5697 2511 5746 ubi
2530 5684 2729 5755 Vulgata
2752 5684 3241 5774 latiue,_creavi_etmt.

2626 5770 3122 5856 (“agt-deum.)
