3960 6492
130 351 255 410 685

131 482 247 522 nec
274 466 454 536 ignem
481 456 913 530 conﬂagrationis
934 455 1074 509 illius
1100 452 1479 523 pertimescent
1511 451 1732 505 immor—

135 558 283 612 tales
301 540 465 636 atque
478 540 911 640 incorruptibiles
933 544 1055 640 iacti
1080 564 1092 599 :
1120 546 1255 599 sicut
1277 544 1293 574 ί
1317 544 1549 596 virorum
1572 542 1732 595 trium

135 624 521 716 corruptibilis
548 624 786 716 corpora
820 624 975 709 atque
1019 626 1281 698 mortalia,
1324 630 1373 688 in
1418 630 1625 687 camino
1652 636 1737 687 ar-

138 716 303 791 denti
330 714 513 789 vivere
544 713 705 788 illazsa
729 716 1015 801 patuerunt
1042 726 1200 799 (Dan.
1235 742 1311 792 ιιι,
1339 724 1455 796 24).

140 871 385 929 CAPUT
407 870 550 925 XIX.
574 898 645 910 -—
667 867 803 934 Quid
830 864 1086 937 apostolus
1110 862 1306 919 Paulus
1328 820 1741 921 Thessalonicen-

218 965 365 1019 sibus
394 962 650 1033 scripserit
693 960 755 1012 de
799 956 1204 1026 manifestatione
1240 950 1562 1016 Antichristi,
1597 949 1741 1019 cujus

221 1054 427 1124 tempus
453 1055 559 1107 dies
588 1052 793 1107 Domini
821 1049 1165 1118 subsequetur.

224 1170 281 1224 l.
318 1164 509 1222 Multas
538 1150 872 1236 evaiigellcas
898 1160 1325 1233 apostolicasque
1362 1154 1650 1210 sententias
1679 1150 1747 1205 de

148 1262 337 1318 divino
370 1256 472 1317 isto
493 1246 694 1330 judicio
722 1250 1012 1313 novi'sSiiuo
1039 1254 1192 1309 video
1222 1251 1347 1305 mihi
1374 1262 1494 1303 esse
1524 1254 1748 1317 printer-

150 1356 386 1421 ctlltdas,
414 1372 480 1409 ne
509 1355 611 1408 hec
638 1352 885 1407 roliiih‘en
916 1351 967 1403 in
990 1347 1207 1401 nimiam
1231 1341 1610 1411 longitudinem
1630 1352 1749 1405 pro-

150 1452 405 1502 vulvatur
427 1451 447 1479 ³
479 1468 492 1501 :
526 1441 621 1501 sed
653 1442 799 1499 nullo
821 1441 980 1496 modo
998 1447 1081 1495 est
1107 1433 1513 1507 praetereundus
1538 1438 1750 1501 aposto-

153 1542 239 1595 lus
274 1541 497 1603 Paulus,
526 1540 613 1608 qui
646 1537 887 1592 scribens
916 1532 983 1587 ad
1012 1529 1516 1586 TheSsalonicetses
1536 1564 1550 1590 ,
1576 1522 1753 1592 Roga-

153 1652 292 1700 mus,
329 1628 522 1701 inquit,
554 1632 639 1683 vos
661 1671 675 1693 ,
704 1632 915 1699 fratres,
949 1634 1035 1694 per
1060 1623 1327 1675 adventum
1351 1616 1555 1671 Domini
1582 1612 1743 1667 nostri

154 1725 286 1778 Jes'u
315 1722 527 1787 Christi,
562 1730 607 1774 et
637 1724 820 1773 nostra:
845 1712 1244 1785 congregationis
1272 1708 1323 1763 in
1347 1708 1551 1777 ipsum,
1578 1713 1753 1758 utnon

155 1822 259 1871 cito
289 1812 593 1869 mobea‘iiiini
615 1816 795 1874 mente,
820 1812 976 1877 neque
1006 1802 1291 1858 terreamini
1310 1841 1324 1863 ,
1346 1813 1504 1868 neque
1531 1812 1619 1867 per
1644 1797 1753 1864 spi-

158 1913 346 1972 ritum,
380 1904 537 1977 neque
569 1904 655 1976 per
675 1903 895 1967 verbum,
928 1906 1084 1971 neque
1116 1912 1205 1967 per
1224 1894 1490 1964 epistolam
1518 1900 1756 1959 tanquam

166 2021 256 2074 per
288 2019 385 2056 nos
418 1998 647 2063 missam,
680 1994 823 2064 quasi
862 1994 1010 2046 instet
1044 1990 1147 2043 dies
1172 1985 1421 2041 Domini:
1449 1997 1510 2036 ne
1535 1981 1645 2052 quis
1674 1996 1758 2032 vos

160 2071 378 2150 seducet
404 2092 510 2147 ullo
540 2088 710 2143 niodo.
735 2086 984 2154 Quoniam
1016 2081 1111 2135 nisi
1136 2078 1320 2133 venerit
1345 2075 1524 2144 refuga
1548 2071 1620 2144 (α)
1649 2072 1756 2140 pri-

162 2205 329 2252 mum,
362 2199 413 2240 ut
442 2186 689 2240 revelatus
716 2178 865 2250 fuerit
893 2179 1041 2230 hoino
1073 2173 1296 2243 peccati;
1330 2169 1468 2238 ﬁlius
1490 2167 1754 2230 interitus,

162 2281 249 2350 qui
279 2276 581 2332 adversatur
611 2268 653 2327 et
680 2269 1088 2343 super-extollitur
1127 2264 1281 2333 supra
1308 2276 1452 2316 omne
1473 2259 1605 2330 quod
1632 2256 1761 2309 dici-

167 2348 248 2425 tur
281 2359 444 2436 Deus,
477 2368 565 2420 aut
595 2364 728 2435 quod
751 2363 964 2423 Colitur;
994 2348 1066 2411 ita
1094 2367 1148 2410 ut
1176 2357 1227 2408 in
1248 2353 1436 2423 templo
1459 2351 1551 2405 Dei
1572 2353 1760 2417 sedeat,

167 2458 430 2519 ostentans
452 2460 471 2492 ³
503 2466 554 2514 "se
584 2454 823 2524 tanquam
862 2448 925 2506 sit
965 2451 1119 2504 Deus.
1158 2447 1280 2501 Non
1322 2442 1546 2499 retinetis
1574 2442 1626 2495 in
1655 2456 1764 2493 me-

169 2554 360 2620 moria,
388 2548 523 2621 quod
548 2549 713 2602 adhuc
742 2544 854 2599 cum
886 2549 1040 2597 es‘s’em
1076 2537 1213 2610 apud
1242 2551 1328 2590 vos
1348 2577 1361 2599 ,
1402 2534 1508 2587 liwc
1543 2529 1767 2584 dicebam

172 2647 358 2701 vobis?
384 2643 448 2697 Et
475 2644 604 2695 mare
634 2638 755 2710 quid
782 2637 997 2690 detineat
1034 2633 1200 2697 scitis,
1242 2640 1295 2682 ut
1332 2628 1574 2681 reveletur
1599 2625 1652 2677 in
1677 2639 1768 2677 suo

174 2749 422 2806 tempore.
448 2732 484 2786 Ι
489 2742 571 2786 am
592 2732 722 2785 enim
742 2727 1032 2798 mysterium
1050 2719 1327 2791 iniquitatis
1353 2726 1612 2787 operatur.
1638 2712 1769 2767 Tan-

174 2837 281 2881 tum
306 2826 397 2897 qui
427 2822 577 2878 modo
610 2828 737 2875 tenet
760 2826 942 2882 teneat,
975 2816 1131 2869 donec
1158 2812 1219 2866 de
1243 2810 1406 2864 medio
1440 2809 1528 2877 ﬁat
1547 2822 1565 2860 :
1587 2812 1631 2859 et
1654 2815 1771 2858 tunc

174 2918 487 2976 revelabitur
522 2916 721 2986 iniquus
752 2912 798 2980 ⁸,
839 2927 982 2983 quem
1027 2907 1275 2961 Dominus
1313 2904 1465 2957 Jesus
1506 2900 1771 2968 interﬁciet

174 3015 364 3083 spiritu
391 3008 493 3065 oris
514 3010 613 3075 sui,
638 3015 681 3061 et
704 3003 960 3060 evacuabit
984 2999 1351 3055 illuminatione
1372 2994 1649 3063 prwsentia:
1666 3006 1774 3045 sua:

178 3124 293 3161 eum
314 3147 327 3170 ,
357 3100 506 3174 cujus
535 3110 608 3155 est
647 3097 915 3169 prtrscntia
943 3093 1217 3149 secundum
1254 3088 1597 3159 operationem
1634 3094 1774 3139 sata-

179 3217 282 3263 πίε,
310 3200 361 3251 in
387 3196 522 3251 omni
551 3194 748 3258 uirtute,
778 3198 824 3244 et
853 3189 1028 3260 signis;
1061 3195 1106 3240 et
1136 3183 1379 3254 prodigiis
1410 3179 1697 3243 mendacii,
1729 3187 1775 3231 et

180 3296 232 3348 in
262 3292 406 3346 omni
441 3290 729 3345 seductione
754 3283 1061 3355 iniquitatis,
1096 3280 1173 3334 his
1202 3279 1286 3348 qui
1326 3284 1563 3345 pereunt;
1598 3288 1690 3343 pro
1719 3288 1777 3325 eo

181 3386 323 3455 quod
352 3380 671 3437 dilectionem
698 3377 919 3431 veritatis
948 3386 1048 3427 non
1076 3377 1389 3440 receperunt,
1431 3376 1484 3420 ut
1521 3365 1645 3419 salvi
1690 3364 1779 3432 ﬁe-

182 3485 318 3531 rent.
353 3473 416 3527 Et
447 3472 560 3526 ideo
587 3472 743 3523 i‘nittet
775 3468 878 3521 illis
922 3465 1060 3517 Deus
1100 3460 1441 3533 operationem
1479 3456 1691 3521 erroris,
1723 3461 1778 3507 ut

183 3568 397 3623 credant
422 3562 707 3628 mendacio,
738 3568 783 3614 et
804 3559 1100 3631 judicentur
1125 3567 1295 3607 omnes
1314 3551 1400 3620 qui
1427 3565 1528 3603 non
1555 3546 1781 3601 credide-

184 3670 307 3715 runt
354 3656 591 3724 veritati,
632 3653 719 3709 sed
760 3655 1117 3706 consenserunt
1164 3642 1417 3715 iniquitati
1464 3640 1553 3712 (ll
1599 3639 1777 3693 Thess.

187 3766 243 3822 ιι,
278 3750 466 3821 l-ll).

254 3844 316 3898 2.
350 3838 491 3898 Nulli
522 3837 737 3893 dubium
768 3840 868 3899 est,
895 3838 1014 3887 eum
1038 3830 1103 3885 de
1129 3824 1462 3883 Antichristo
1489 3823 1589 3877 ista
1618 3820 1785 3875 dixis-

190 3950 287 4003 se;
323 3928 574 4005 memque
601 3927 786 4002 judleii
818 3927 991 3998 (hunc
1019 3923 1196 3979 enim“
1234 3918 1465 3989 appellat
1494 3916 1634 3970 diem
1680 3914 1783 3968 Do-

192 4028 365 4100 mini)
412 4030 517 4083 nuli
561 4038 679 4081 esse
722 4024 1040 4083 venturum,
1083 4015 1184 4069 nisi
1234 4008 1323 4066 llle
1362 4010 1507 4080 prior
1544 4005 1782 4069 venerit,

194 4095 357 4195 qtiem
387 4112 627 4188 refugam
657 4120 812 4169 vocat
832 4154 848 4179 ,
872 4108 1057 4178 utique
1083 4121 1115 4161 a
1145 4103 1369 4160 Domino
1402 4102 1529 4154 Deo.
1562 4096 1713 4165 Quod
1739 4095 1787 4150 si

196 4186 261 4269 de
294 4186 543 4267 omnibus
573 4205 751 4275 impiis
781 4201 972 4257 merito
1002 4198 1108 4252 dici
1151 4201 1359 4265 potest,
1393 4199 1591 4259 quanto
1620 4186 1790 4257 magis

197 4290 264 4364 de
291 4300 436 4361 isto?
459 4294 563 4358 Sed
596 4296 650 4355 Ib
678 4314 783 4367 quo
809 4293 1006 4363 templo
1037 4289 1132 4345 Dei
1171 4289 1241 4341 sit
1270 4298 1513 4340 sessurus
1536 4281 1576 4345 θ,
1609 4281 1786 4332 incer-

200 4394 314 4453 tutit
338 4398 422 4452 est
449 4412 461 4447 :
489 4402 665 4448 utrum
696 4388 749 4443 in
776 4387 863 4441 illa
884 4385 1036 4440 ruina
1063 4376 1268 4448 templi,
1292 4375 1431 4445 quod
1452 4389 1481 4427 a
1504 4372 1791 4427 Salomone

200 4502 329 4559 rege
356 4490 718 4541 constructum
747 4486 848 4543 est,
880 4491 946 4530 an
977 4482 1105 4529 vero
1140 4470 1193 4524 in
1222 4466 1484 4522 Ecclesia.
1510 4463 1625 4516 Non
1648 4461 1792 4515 enim

202 4552 465 4647 templum
494 4574 718 4643 alicujus
760 4569 884 4625 idoli
929 4574 1018 4620 aut
1062 4561 1318 4618 daemonis
1344 4599 1358 4624 ,
1403 4556 1655 4625 templum
1699 4552 1794 4608 Dei

206 4645 497 4742 Apostolus
520 4666 742 4721 diceret.
769 4660 917 4718 Unde
943 4655 1218 4719 nonnulli,
1251 4663 1355 4706 non
1382 4651 1553 4719 ipsum
1585 4645 1791 4717 princi-

208 4737 355 4834 pein,
379 4758 474 4816 sed
502 4750 809 4812 universum
832 4742 1223 4822 quadammodo
1246 4753 1437 4813 Corpus
1460 4738 1597 4808 ejus,
1621 4737 1671 4791 id
1691 4745 1793 4802 est,

213 4827 279 4908 ad
304 4827 427 4908 eum
469 4844 824 4919 pertinentem
876 4841 1150 4896 hominum
1191 4832 1610 4893 multitudinem,
1640 4827 1799 4881 simul

214 4960 335 5002 cum
369 4942 485 5014 ipso
512 4940 611 4995 suo
635 4936 870 5009 principe
893 4936 991 4989 hoc
1020 4934 1138 4987 loco
1172 4926 1389 4995 intelligi
1414 4920 1799 4978 Autichristum

218 5042 401 5097 volunt
430 5054 445 5091 :
474 5026 776 5103 rectiusque
814 5036 997 5100 putant
1026 5026 1183 5081 etiam
1222 5023 1382 5077 latine
1416 5019 1519 5074 dici
1539 5057 1555 5084 ,
1586 5017 1721 5070 sicut
1747 5015 1800 5067 in

219 5147 391 5203 gnsco
411 5140 515 5194 eSt,
542 5142 670 5191 non,
696 5125 750 5178 in
774 5120 960 5192 templo
979 5118 1104 5183 Dei;
1126 5115 1240 5181 sed,
1271 5116 1325 5168 in
1348 5110 1587 5181 templum
1606 5104 1703 5161 Dei
1725 5121 1804 5161 se-

278 5291 298 5323 ¹
331 5286 487 5338 Nostri
510 5282 716 5340 codices,
742 5278 805 5330 si.
868 5285 929 5340 ιι.
998 5320 1005 5331 η.

281 5354 301 5384 ³
336 5349 526 5411 Aliquot
550 5354 677 5401 Mss,
702 5338 1029 5411 protendatur.

282 5416 303 5446 ³
336 5396 504 5461 t’tui'es
531 5421 561 5455 e
585 5396 837 5455 veteribus
856 5400 1009 5457 libris,
1025 5396 1273 5461 ostendens

281 5475 302 5507 ⁸
336 5448 836 5527 i.i"é{€u§is','iiiiipiii§
856 5461 954 5513 itte.
982 5448 1144 5516 Abest,
1168 5455 1265 5517 ille,
1290 5466 1319 5501 a
1340 5448 1675 5510 manuscriptis
1698 5453 1749 5495 et
1779 5458 1808 5494 a

225 5540 547 5600 graecohtextu
569 5526 789 5600 Apostoli.

284 5562 972 5653 dieque
985 5562 1182 5643 judicii.
1205 5587 1340 5628 Umtc
1353 5566 1496 5632 enini,
1520 5570 1613 5621 etc.
1640 5564 1809 5617 Emen-

225 5659 395 5709 dantur
432 5650 497 5705 ex
521 5650 866 5717 manuscriptisu
1083 5706 1116 5717 _.
1156 5716 1159 5717 ν
1200 5710 1208 5717 ,
1344 5709 1418 5717 _-_
1443 5711 1459 5717 Α
1499 5709 1520 5717 η
1549 5693 1780 5717 mum...

277 5705 481 5794 ζῖὲιιίιι,
506 5722 557 5765 ut
582 5720 708 5763 Deus
728 5705 791 5762 sit
811 5719 1043 5759 sessurus.
1070 5706 1236 5765 Abest,
1260 5711 1311 5751 ut
1335 5709 1479 5759 Deus,
1498 5709 1525 5745 a
1549 5705 1812 5743 mensori-

229 5792 361 5908 Imat)
385 5849 435 5894 tn
461 5838 680 5901 Vulgata,
704 5830 943 5886 discessio.

1492 334 1695 391 LIBER
1731 332 2116 391 VIGESIMUS.

3310 331 3413 387 686

1841 450 1954 503 deat
1982 448 2078 519 (α),
2110 455 2359 517 tanquam
2388 446 2501 515 ipse
2526 445 2596 500 sit
2616 444 2871 514 templum
2896 444 3011 511 Dei,
3036 444 3176 513 quod
3205 454 3285 501 est
3316 446 3416 501 Ec-

1842 534 2006 598 clesia
2037 566 2049 595 ε
2081 534 2217 595 ‘sicut
2245 539 2490 603 dicimus,
2522 537 2683 594 Sedet
2714 534 2767 592 in
2790 538 3041 605 amicum,
3071 536 3123 593 id
3146 545 3248 605 est,
3275 538 3421 595 velut

1844 630 2081 700 amicus;
2113 630 2269 688 veL'si
2301 632 2425 703 quid
2455 631 2597 687 aliud
2629 626 2731 686 isto
2771 626 3053 685 leculiouis
3091 646 3288 701 genere
3316 626 3421 685 dici

1844 727 1997 782 solet.
2022 725 2174 792 Quod
2200 734 2375 778 autent
2401 726 2505 789 ait,
2539 723 2603 777 Et
2632 726 2765 777 nunc
2792 714 2913 792 quid
2940 720 3160 776 detineat
3185 718 3345 789 scitis;
3370 717 3425 775 lli

1846 826 1948 883 est,
1970 810 2103 901 quid
2131 815 2199 869 sit
2225 815 2274 869 in
2306 810 2471 881 mera,
2500 814 2617 883 quae
2638 806 2797 869 eausa
2823 815 2893 867 sit
2920 810 3184 867 dilationis
3210 814 3345 882 ejus,
3373 820 3427 865 at

1846 907 2089 964 reveletur
2126 910 2177 961 in
2219 916 2309 962 suo
2354 914 2601 977 tempore,
2645 906 2789 962 scitis
2818 923 2830 959 :
2859 902 3111 975 quoniam
3136 905 3273 960 seire
3306 902 3427 958 illos

1848 999 2004 1066 dixit,
2034 1007 2215 1069 aperte
2244 988 2347 1051 hoc
2376 996 2554 1052 dicere
2585 997 2769 1051 noluit.
2792 982 2859 1050 Et
2884 994 3002 1051 ideo
3025 1010 3120 1050 nos
3141 995 3229 1066 qui
3251 990 3438 1049 nesci-

1850 1106 1969 1147 mus
2004 1091 2144 1161 quod
2178 1086 2251 1145 illi
2280 1090 2556 1157 sciebant,
2584 1088 2863 1160 pervenire
2901 1098 3020 1144 cum
3050 1088 3232 1146 labore
3273 1089 3339 1143 ad
3382 1088 3436 1144 id

1851 1183 1990 1254 quod
2019 1180 2185 1239 sensit
2213 1176 2521 1252 ᾹιισειοΙιιε,
2553 1182 2825 1254 cupimus,
2858 1190 2956 1237 nec
2981 1178 3256 1237 valemus:
3287 1196 3432 1251 prte-

1853 1273 2034 1329 sertim
2065 1274 2183 1343 quia
2213 1281 2265 1328 et
2295 1268 2378 1327 illa
2412 1268 2528 1343 quia
2558 1252 2785 1336 addidit,
2819 1272 2961 1329 hanc
2991 1270 3205 1327 Sensum
3235 1270 3436 1326 faciunt

1854 1365 2233 1419 obscuriorem.
2257 1364 2385 1418 Nam
2422 1364 2545 1435 quid
2582 1364 2683 1431 est,
2719 1358 2837 1418 Jam
2875 1356 3313 1435 enin‘tmysterittm
3338 1362 3436 1417 ini-

1856 1454 2057 1528 quitatis
2083 1450 2336 1527 aperatur.
2357 1454 2578 1510 Tantum
2607 1457 2692 1525 qui
2718 1457 2867 1510 modo
2902 1463 3031 1509 tenet
3068 1463 3247 1521 teneat,
3279 1454 3437 1509 donec

1858 1549 1919 1629 de
1946 1547 2104 1601 medio
2127 1547 2253 1615 fiat;
2282 1548 2327 1600 et
2352 1554 2467 1599 tunc
2488 1546 2787 1599 revelabitur
2809 1540 3052 1614 iniquus?
3075 1546 3186 1616 Ego
3218 1542 3435 1614 prersus

1859 1638 1983 1708 qnid
2009 1638 2220 1703 dixerit,
2260 1646 2344 1691 me
2383 1634 2556 1690 fateor
2586 1636 2849 1705 ignorare.
2887 1635 3229 1705 Suspiciones
3262 1644 3439 1689 tamen

1862 1730 2155 1793 hominum,
2180 1722 2311 1799 quas
2332 1725 2418 1782 vel
2444 1725 2659 1794 audire,
2693 1727 2776 1781 vel
2803 1725 2980 1796 legere
3008 1726 3190 1796 potui,
3223 1738 3329 1780 non
3360 1735 3441 1779 ta-

1862 1819 2016 1875 cebo.

1934 1912 1987 1965 5.
2013 1911 2237 1977 Quidam
2267 1919 2451 1980 putant
2471 1902 2570 1965 hoc
2596 1908 2663 1965 de
2684 1908 2908 1978 imperio
2928 1906 3125 1963 dictum
3156 1906 3317 1962 fuisse
3338 1907 3447 1962 Ilo-

1865 2002 2051 2069 niauo;
2085 2014 2137 2057 et
2166 2010 2442 2071 propterea
2472 2000 2690 2056 Paulum
2717 1999 3020 2069 apostoltnu
3050 2004 3153 2053 non
3178 1998 3229 2052 id
3260 2008 3448 2068 aperte

1865 2094 2101 2149 scribere
2124 2094 2388 2157 voluisse,
2423 2108 2488 2147 ne
2516 2093 2834 2147 calumniam
2861 2090 3107 2147 videlicet
3130 2092 3445 2157 incurreret,

1867 2190 2005 2261 quod
2036 2190 2277 2243 Romano
2300 2186 2521 2258 imperio
2549 2187 2688 2242 male
2714 2186 3011 2261 optaverit,
3051 2200 3171 2239 eum
3206 2198 3452 2253 sperare-

1870 2278 1953 2336 l'ur
1979 2284 2234 2335 internum
2263 2300 2276 2335 :
2306 2292 2360 2333 dt
2391 2281 2491 2333 hoc
2515 2277 2653 2348 quod
2679 2277 2830 2343 dixit,
2854 2276 2976 2330 Iam
2999 2277 3129 2329 enim
3159 2277 3453 2346 mysterium

1868 2362 2145 2444 iniquitatis
2175 2382 2425 2445 operatur,
2463 2371 2723 2425 Neronem
2752 2362 2979 2424 voluerit
3017 2362 3270 2437 intelligi,
3302 2364 3455 2432 cuius

1867 2471 1975 2539 jam
2004 2466 2141 2522 facta
2165 2467 2308 2521 velut
2335 2463 2647 2520 Antichristi
2674 2456 3008 2517 videbantur.
3035 2456 3186 2517 Unde
3213 2456 3459 2514 hounulli

1875 2562 2045 2631 ipsum
2091 2544 2517 2614 resurrectm'um
2539 2599 2552 2621 ,
2588 2558 2641 2611 et
2668 2555 2904 2609 futurum
2938 2552 3327 2607 Antichristum
3370 2562 3462 2606 Su-

1875 2653 2144 2722 Spicanlur
2177 2642 2271 2721 (ὁ).
2298 2649 2399 2703 Alii
2428 2644 2554 2703 vero
2579 2650 2680 2703 nec
2708 2644 2939 2701 occisum
2970 2652 3173 2715 putant,
3208 2640 3301 2697 sed
3332 2644 3461 2697 sub-

1877 2732 2102 2799 tractum
2132 2742 2327 2812 potius,
2358 2752 2409 2795 ut
2442 2748 2717 2810 putaretur
2736 2737 2942 2793 occisus
2963 2751 2978 2800 ;
3002 2734 3055 2790 et
3080 2735 3260 2788 vivum
3287 2730 3465 2788 occul-

1877 2836 1975 2891 tari
1995 2836 2044 2889 in
2066 2826 2244 2904 vigore
2266 2824 2431 2905 ipsius
2454 2833 2645 2899 :etatis,
2672 2832 2723 2886 in
2746 2845 2848 2901 qua
2873 2827 2989 2893 fuit,
3016 2843 3134 2883 eum
3156 2826 3467 2881 crederetur

1878 2930 2189 2995 exstinctus,
2216 2930 2387 2983 donec
2415 2943 2512 2983 suo
2554 2937 2793 2995 tempore
2825 2922 3111 2989 reveletur,
3134 2928 3191 2977 et
3216 2922 3447 2975 restitua-

1880 3033 1967 3077 tur
2003 3023 2054 3075 in
2097 3036 2315 3091 regnum
2348 3018 2439 3089 (c).
2474 3018 2577 3073 Sed
2613 3016 2835 3071 multum
2883 3013 3012 3069 mihi
3056 3010 3187 3067 mira
3227 3018 3307 3065 cst
3353 3010 3467 3063 hrec

1880 3102 2210 3183 Opinantium
2256 3118 2398 3164 tanta
2433 3106 2794 3178 praesumptio.
2824 3103 2959 3158 Illud
2992 3106 3166 3157 tamen
3212 3099 3352 3169 quod
3396 3092 3470 3152 ait

1881 3202 2188 3272 Apostolus,
2223 3200 2439 3253 Tantum
2460 3198 2543 3268 qui
2570 3198 2717 3250 modo
2741 3205 2867 3249 tenet
2896 3202 3075 3256 teneat,
3102 3182 3255 3245 donec
3281 3191 3341 3243 de
3362 3202 3469 3242 me-

1883 3298 1965 3351 dio
1993 3292 2081 3366 ﬁat
2108 3314 2126 3349 :
2156 3312 2259 3350 non
2289 3293 2517 3348 absurde
2547 3292 2613 3346 de
2643 3291 2759 3361 ipso
2790 3290 3030 3343 Romano
3053 3284 3275 3356 imperio
3297 3282 3471 3338 credi;
3548 3284 3563 3287 ⁷

1886 3400 1970 3445 tur
2000 3386 2197 3451 dictum
2221 3430 2235 3453 ,
2271 3398 2517 3456 tanquam
2547 3383 2747 3439 dictum
2774 3382 2841 3436 sit
2863 3424 2877 3447 ,
2906 3380 3135 3434 Tantum
3176 3376 3265 3447 qui
3310 3376 3469 3431 modo

1886 3484 2109 3549 imperat
2140 3480 2381 3549 imperet,
2408 3478 2577 3531 donec
2606 3473 2671 3529 de
2694 3472 2869 3527 medio
2902 3471 3018 3537 liat,
3053 3468 3104 3525 id
3135 3479 3245 3535 est,
3272 3467 3336 3524 de
3360 3484 3471 3523 me-

1886 3560 1971 3627 dio
2003 3571 2236 3625 tollatur.
2268 3558 2333 3622 Et
2362 3578 2479 3621 tunc
2508 3564 2807 3621 revelabitur
2833 3565 3033 3633 iniquus
3061 3578 3080 3616 :
3105 3578 3259 3631 quem
3305 3561 3472 3630 signi-

1888 3662 2031 3720 ﬁcari
2063 3661 2444 3717 Antichristum
2466 3698 2481 3725 ,
2511 3658 2688 3713 nullus
2719 3654 2955 3725 ambigit.
2981 3653 3081 3707 Alii
3103 3668 3231 3707 vero
3254 3649 3469 3722 etquod

1888 3761 1980 3826 ait,
2006 3758 2143 3824 Quid
2165 3758 2379 3811 detineat
2404 3754 2575 3819 scitis;
2598 3759 2670 3817 et,
2702 3750 2990 3821 mysterium
3016 3746 3214 3815 operari
3240 3745 3479 3815 iniquita-

1891 3854 1972 3917 tis,
2008 3868 2112 3905 non
2141 3857 2323 3919 putant
2345 3846 2563 3911 dictum,
2594 3840 2691 3897 nisi
2714 3836 2780 3895 de
2802 3840 2955 3895 malis
2983 3847 3037 3894 ct
3059 3838 3214 3904 lictis,
3243 3836 3329 3908 qui
3354 3844 3478 3890 sunt

1891 3945 1943 3999 in
1974 3942 2231 4005 Ecclesia,
2261 3938 2432 3994 donec
2461 3934 2770 4007 perveniunt
2807 3930 2872 3985 ad
2911 3941 3116 3985 tantum
3158 3944 3474 3992 numerum,

1892 4035 1979 4105 qui
2009 4029 2335 4087 Antichrislo
2366 4040 2616 4097 maguum
2654 4023 2902 4093 populum
2932 4020 3118 4085 faciat;
3146 4027 3199 4074 et
3230 4019 3331 4071 hoc
3361 4032 3480 4073 esse

1896 4123 2206 4196 mysterium
2234 4119 2547 4190 iniquitatis,
2574 4116 2694 4185 quia
2717 4114 2927 4167 videtur
2954 4111 3238 4166 occultum.
3268 4107 3481 4162 llortari

1893 4228 2068 4271 autem
2092 4213 2398 4283 Apostolum
2434 4208 2616 4262 ﬁdeles
2636 4247 2649 4271 ,
2684 4216 2741 4260 ut
2768 4206 2829 4259 in
2861 4204 2964 4258 (ide
2994 4218 3149 4272 quam
3190 4210 3371 4254 tenent
3400 4209 3479 4254 te-

1896 4310 2097 4363 naciter
2127 4310 2483 4375 perseverent,
2511 4297 2757 4363 dicendo,
2792 4295 3007 4349 Tantum
3045 4293 3129 4363 qui
3163 4295 3311 4346 modo
3353 4302 3483 4347 tenet

1898 4408 2076 4464 teneat,
2110 4399 2264 4451 donec
2301 4394 2363 4447 de
2404 4391 2567 4445 medio
2605 4390 2694 4459 ﬁat
2722 4405 2739 4441 :
2772 4392 2872 4443 hoc
2898 4396 2999 4453 est,
3032 4387 3203 4441 donec
3232 4395 3387 4439 exeat
3416 4384 3484 4439 de

1898 4490 2074 4546 medio
2120 4484 2369 4542 Ecclesiae
2407 4480 2719 4553 mysterium
2773 4478 3101 4549 iniquitatis,
3150 4476 3293 4547 quod
3343 4492 3485 4531 nunc

1900 4584 2162 4639 oecultum
2202 4589 2302 4635 est.
2338 4575 2417 4630 Ad
2457 4576 2628 4645 ipsum
2669 4573 2810 4627 enim
2856 4570 3169 4642 mysterium
3218 4570 3486 4637 pertinere

1902 4676 2245 4733 arbitrantur,
2274 4669 2414 4739 quod
2448 4669 2524 4722 ait
2553 4670 2605 4721 in
2636 4652 2869 4734 Epistola
2912 4677 3009 4717 sua
3048 4662 3281 4716 Joannes
3324 4677 3490 4714 emno

1902 4767 2086 4837 gelista
2108 4807 2121 4830 ,
2166 4762 2322 4815 Pueri
2346 4802 2360 4825 ,
2402 4760 2669 4814 novissima
2708 4758 2833 4811 hora
2859 4764 2931 4809 est
2958 4770 2977 4808 :
3001 4764 3046 4807 et
3074 4755 3201 4806 sicut
3238 4753 3451 4806 audistis
3476 4796 3489 4816 ,

1904 4858 2037 4930 quod
2068 4854 2402 4909 Antio/instas
2440 4852 2504 4905 sit
2540 4859 2808 4913 venturus;
2845 4862 2976 4900 nunc
3002 4838 3169 4899 autem
3208 4843 3494 4897 antichristi

1907 4949 2050 5003 multi
2077 4940 2195 5015 facti
2221 4954 2335 4999 sunt
2361 4942 2531 4998 :unde
2570 4941 2915 5011 cognoscimus
2950 4937 3085 5007 quod
3128 4936 3395 4990 novissima
3429 4935 3494 4987 sit

1909 5043 2050 5095 liora.
2081 5038 2163 5092 Ea:
2190 5037 2330 5091 nobis
2360 5036 2584 5091 exierunt
2609 5049 2625 5085 .'
2652 5030 2741 5086 sed
2772 5048 2869 5083 non
2892 5038 3034 5082 erant
3066 5044 3127 5081 ea:
3154 5018 3312 5081 nobis.
3342 5024 3507 5091 Quod

1907 5136 1950 5189 si
1996 5132 2205 5203 fuissent
2240 5144 2304 5182 ex
2342 5127 2522 5187 nobis,
2578 5122 2965 5194 permansissent
3020 5120 3187 5188 utique
3234 5115 3491 5170 nobiscum

1912 5227 1956 5301 tl
1976 5226 2203 5291 Joan.u,
2234 5222 2300 5277 18
2321 5229 2364 5275 et
2384 5218 2489 5290 19).
2518 5217 2666 5295 Sicut
2687 5230 2816 5284 ergo
2830 5222 2951 5267 ante
2979 5212 3137 5265 tinem
3166 5208 3219 5293 in
3254 5206 3354 5261 hac
3391 5204 3493 5261 ho-

1912 5336 1992 5386 ra,
2023 5319 2303 5387 inquiunt,
2335 5326 2495 5382 quam
2524 5302 2757 5364 Joannes
2786 5302 3126 5359 novissimam
3157 5299 3315 5362 dicit,
3348 5300 3494 5353 exie—

1915 5422 2039 5467 runt
2069 5409 2220 5465 multi
2249 5402 2483 5460 haeretici
2521 5401 2589 5456 de
2616 5399 2790 5453 medio
2823 5395 3103 5457 Ecclesiae,
3134 5405 3268 5460 quos
3296 5390 3494 5446 multos

1992 5547 2063 5617 (α)
2092 5531 2213 5601 ὅστε
2243 5549 2382 5597 αὐτὸν
2411 5544 2474 5597 εἰς
2501 5543 2577 5589 τὸν
2599 5541 2702 5583 ναὸν
2727 5541 2809 5581 τοῦ
2831 5524 2950 5617 Θιοξ
2973 5531 3030 5585 ὡς
3051 5532 3162 5577 Θεὸν
3191 5532 3399 5577 καθίσαι.

2178 5615 2188 5617 _
2278 5615 2285 5617 Α
2470 5608 2479 5616 .
2548 5610 2635 5617 “LA
2690 5612 2738 5617 _._
2809 5603 2851 5617 ν..
2962 5612 2967 5617 .
2993 5597 3125 5617 tu”...
3151 5603 3301 5617 μνη-οη..
3350 5592 3397 5617 ιη

1981 5592 2212 5680 (dicunt:
2460 5592 2516 5655 in
2548 5610 2661 5651 Dan.
2690 5612 2757 5658 ιιι,
2804 5603 2857 5645 et.
2877 5596 3127 5656 Sulpitiutn
3151 5603 3319 5643 Sever.
3348 5592 3434 5644 lib.
3459 5594 3491 5645 2

2368 5736 2417 5784 iu
2440 5738 2646 5785 Nerone,
2681 5734 2784 5784 cap.
2809 5721 2888 5782 57,
2938 5726 2991 5768 et
3011 5718 3157 5770 'racit.
3183 5720 3297 5768 Hist.
3340 5716 3426 5771 lib.
3451 5719 3501 5783 2,

1924 5822 2027 5853 ean.
2084 5840 2095 5852 .

1924 5822 2027 5871 cap.
2049 5822 2095 5853 δ.
