3960 6472
517 369 622 425 687

515 485 646 540 dicit
673 482 1012 538 antichristos
1042 499 1055 534 :
1086 481 1157 535 ita
1187 492 1373 534 omnes
1411 486 1536 531 tunc
1573 476 1695 532 inde
1720 476 1970 543 exibunt,
1996 475 2085 545 qui

513 590 621 631 non
643 576 709 630 ad
739 575 1029 639 Christum,
1051 572 1146 628 sed
1172 572 1237 626 ad
1266 571 1416 625 illum
1445 570 1790 625 novissimum
1825 569 2093 625 Antichri-

514 679 657 725 stum
681 668 1038 740 pertinebunt,
1064 674 1119 721 et
1148 676 1269 719 tunc
1296 664 1635 719 revelabitur.
1776 652 1791 657 ﬂ

590 763 643 815 4.
675 760 827 814 Alius
846 774 973 828 ergo
1001 758 1112 824 sic,
1141 757 1276 810 alius
1300 765 1475 811 autem
1503 756 1578 809 sic
1600 754 1839 823 Apostoli
1870 754 2095 808 obscura

515 853 677 907 verba
723 850 1026 920 conjectant
1052 866 1065 901 :
1093 848 1233 919 quod
1272 857 1445 902 tamen
1489 862 1610 901 eum
1640 846 1838 901 dixisse
1869 860 1972 899 non
1997 845 2095 898 du-

515 944 661 997 bium
681 950 799 1007 est,
831 940 945 995 Non
975 940 1154 994 veniet
1181 938 1249 993 ad
1277 938 1425 993 vivos
1445 947 1497 992 et
1523 946 1762 991 mortuos
1784 935 2098 1005 judicandos

517 1032 761 1089 Christus
780 1073 796 1101 ,
836 1032 935 1087 nisi
967 1032 1113 1102 prius
1141 1032 1348 1086 venerit
1377 1030 1441 1084 ad
1471 1030 1801 1084 seducendos
1844 1030 1894 1082 in
1924 1029 2097 1082 anima

520 1134 757 1179 mortuos
796 1124 1131 1179 adversarius
1170 1123 1286 1193 ejus
1326 1122 1717 1187 Antichristus;
1750 1121 1991 1192 quamvis
2032 1120 2097 1175 ad

517 1215 781 1270 occultum
801 1214 1186 1287 jamjudicium
1212 1214 1307 1267 Dei
1333 1214 1615 1283 pertineat,
1647 1210 1789 1282 quod
1817 1213 1883 1267 ab
1904 1212 1995 1265 illo
2017 1226 2099 1265 se-

515 1310 794 1363 dueentur.
819 1304 1098 1361 Prtesentia
1118 1306 1314 1376 quippe
1335 1306 1443 1376 ejus
1463 1306 1576 1369 erit,
1606 1304 1745 1358 sicut
1769 1303 1968 1357 dictum
1997 1312 2098 1369 est,

516 1401 791 1453 secundum
818 1400 1158 1468 operationem
1192 1407 1412 1461 satanw,
1447 1398 1501 1450 in
1531 1397 1665 1450 omni
1701 1397 1914 1461 virtute,
1944 1404 1989 1448 et
2027 1396 2101 1447 si-

516 1493 650 1561 gnis,
668 1501 715 1545 et
737 1491 980 1562 prodigiis
1006 1490 1287 1552 mendacii,
1312 1499 1356 1542 et
1380 1489 1433 1541 in
1453 1488 1592 1542 omni
1616 1488 1900 1542 seductione
1928 1486 2104 1556 iniqui-

519 1586 656 1651 tatis,
683 1584 762 1637 his
779 1585 867 1653 qui
896 1592 1122 1653 pereunt.
1151 1582 1300 1636 Tunc
1334 1582 1476 1635 enim
1503 1580 1741 1635 solvetur
1769 1590 2017 1644 satanas,
2050 1588 2105 1634 et

516 1692 614 1744 per
640 1675 800 1729 illum
831 1674 1217 1729 Antichristum
1249 1674 1303 1727 in
1327 1674 1469 1727 omni
1502 1688 1595 1728 sua
1625 1673 1817 1726 virtute
1844 1671 2103 1725 mirabili-

520 1778 601 1819 ter
630 1765 865 1835 quidem,
904 1765 997 1819 sed
1024 1764 1352 1818 mendaciter
1379 1764 1703 1832 operabitur.
1746 1763 1876 1831 Quae
1908 1764 1925 1794 ί
1970 1762 2106 1817 solet

517 1857 713 1926 ambigi
741 1866 917 1910 utrum
948 1864 1228 1926 propterea
1266 1855 1405 1909 dicta
1445 1854 1552 1908 sint
1592 1855 1740 1924 signa
1779 1863 1832 1909 et
1872 1854 2105 1923 prodigia

516 1947 804 2011 mendacii,
832 1947 1081 2015 quoniam
1111 1946 1363 1999 mortales
1390 1958 1577 2000 sensus
1609 1960 1703 2013 per
1727 1944 2097 2013 phantasmata

517 2037 838 2105 decepturus
867 2045 983 2101 est;
1015 2042 1072 2089 ut
1105 2034 1245 2104 quod
1287 2049 1391 2088 non
1420 2034 1546 2090 facit
1570 2077 1585 2102 ,
1616 2034 1792 2089 facere
1822 2035 2061 2089 videatur
2088 2052 2102 2088 :

519 2144 586 2181 an
615 2128 737 2197 quia
763 2128 849 2181 illa
871 2128 1005 2197 ipsa,
1025 2127 1232 2181 etiamsi
1260 2138 1414 2181 erunt
1436 2142 1560 2181 vera
1585 2127 1846 2196 prodigia,
1870 2126 1936 2180 ad
1959 2141 2107 2180 men-

518 2221 728 2275 dacium
774 2220 1084 2289 pertrahent
1126 2220 1423 2274 credituros
1468 2234 1576 2273 non
1625 2234 1685 2273 ea
1727 2221 1964 2288 potuisse
2005 2219 2106 2273 nisi

518 2311 769 2366 divinitus
797 2312 910 2367 ﬁeri
932 2352 948 2378 ,
979 2312 1228 2365 virtutem
1268 2310 1463 2365 diaboli
1499 2310 1835 2374 nescientes;
1877 2309 2108 2364 maxime

519 2403 733 2473 quando
765 2410 997 2469 tantam,
1030 2410 1281 2472 quantam
1314 2416 1582 2470 nunquam
1609 2401 1821 2466 habuit,
1844 2400 2109 2468 acceperit

518 2502 839 2563 potestatem
865 2495 907 2547 ³.
932 2493 1049 2547 Νοη
1073 2493 1214 2547 enim
1238 2492 1449 2562 quando
1473 2491 1541 2547 de
1568 2492 1705 2547 etnlo
1735 2492 1871 2562 ignis
1890 2491 2103 2559 cecidit,

518 2596 573 2639 et
621 2594 819 2639 tantam
869 2584 1121 2637 familiam
1178 2599 1299 2638 cum
1348 2586 1506 2638 tantis
1555 2584 1806 2654 gregibus
1854 2599 2105 2653 pecorum

518 2676 689 2730 sancti
716 2676 817 2730 Job
848 2690 953 2730 uno
980 2676 1181 2743 impetu
1207 2675 1530 2744 absumpsit,
1561 2684 1615 2729 et
1645 2675 1798 2730 turbo
1820 2676 2029 2730 irruens
2053 2684 2107 2731 et

517 2768 735 2823 domum
766 2768 1019 2836 dejiciens
1044 2767 1181 2821 ﬁlios
1202 2767 1316 2835 ejus
1345 2768 1539 2821 occidit
1579 2767 1715 2837 (Job
1745 2769 1820 2839 1),
1879 2770 2106 2838 phanta-

517 2869 685 2913 smata
716 2857 930 2912 fuerunt
956 2876 969 2911 τ
991 2874 1110 2927 quas
1141 2868 1316 2916 tamen
1350 2858 1563 2913 fuerunt
1588 2875 1750 2929 opera
1778 2869 1999 2927 satanae,
2019 2862 2106 2917 cui

520 2950 662 3003 Deus
693 2948 916 3004 dederat
959 2950 1095 3003 hanc
1126 2956 1463 3017 potestatem.
1491 2950 1718 3019 Propter
1758 2952 1883 3020 quid
1916 2953 2104 3006 horum

516 3056 645 3111 ergo
670 3041 809 3095 dicta
832 3039 937 3095 sint
962 3038 1201 3110 prodigia
1224 3050 1277 3094 et
1297 3041 1444 3109 signa
1471 3040 1757 3107 mendacii,
1784 3050 1909 3096 tunc
1929 3042 2106 3110 potius

517 3131 812 3200 apparebit.
842 3130 948 3185 Sed
993 3139 1212 3199 propter
1246 3132 1519 3200 quodlibet
1547 3131 1736 3185 horum
1769 3131 1967 3186 dictum
1999 3134 2101 3200 sit,

516 3224 839 3278 scducentur
882 3222 960 3277 eis
1000 3224 1162 3293 signis
1190 3231 1211 3261 ³
1252 3234 1411 3293 atque
1458 3224 1747 3294 prodigiis,
1794 3224 1883 3294 qui
1924 3225 2104 3281 seduci

518 3317 867 3369 merebuntur
891 3332 903 3367 :
938 3333 1028 3385 pro
1056 3333 1114 3369 eo
1142 3316 1277 3386 quod
1302 3316 1616 3368 dilectionem
1643 3316 1883 3382 veritatis,
1910 3316 2100 3386 inquit,

519 3423 620 3460 non
647 3417 957 3478 receperunt,
988 3418 1042 3461 ut
1068 3408 1195 3461 salvi
1222 3409 1416 3476 ﬁerent.
1442 3408 1549 3461 Nec
1581 3407 1843 3461 dubitavit
1874 3408 2103 3475 Aposto-

517 3497 602 3552 lus
629 3498 846 3563 addcre,
879 3508 933 3554 et
962 3498 1141 3555 dicere
1165 3517 1177 3552 :
1204 3498 1330 3553 Ideo
1360 3500 1517 3551 mittet
1548 3499 1649 3552 illis
1679 3496 1816 3551 Deus
1850 3499 2104 3567 operatio-

518 3606 629 3642 nem
653 3592 859 3653 erroris,
877 3600 931 3644 ut
952 3592 1157 3644 credant
1176 3590 1435 3643 mendacio
1462 3589 1559 3659 (a).
1585 3590 1723 3643 Deus
1740 3589 1883 3642 enim
1908 3589 2100 3656 mittet,

518 3680 639 3749 quia
672 3682 809 3735 Deus
835 3680 1103 3735 diabolum
1132 3680 1307 3735 facere
1347 3680 1447 3732 ista
1490 3680 1777 3747 permittet,
1813 3679 1958 3745 justo
1988 3678 2102 3747 ipse

512 3772 715 3839 judicio
735 3813 750 3836 ,
782 3773 1023 3840 quamvis
1050 3773 1203 3826 iaciat
1233 3772 1320 3827 ille
1351 3772 1532 3838 iniquo
1561 3770 1899 3839 malignoque
1926 3769 2101 3823 consi-

519 3862 608 3915 lio.
663 3862 727 3915 Ut
759 3863 1075 3932 judicentur,
1107 3863 1291 3931 inquit,
1327 3878 1497 3914 omnes
1534 3862 1619 3929 qui
1654 3878 1753 3913 non
1782 3861 2100 3914 crediderunt

515 3953 747 4018 veritati,
777 3953 867 4006 sed
906 3964 1259 4006 consenserunt
1304 3953 1571 4021 iniquitati.
1618 3952 1843 4006 Proinde
1878 3952 2099 4021 judicati

516 4044 857 4107 seducentur,
889 4054 943 4098 et
966 4044 1169 4098 seducti
1196 4045 1594 4112 judicabuntur.
1633 4044 1737 4099 Sed
1760 4044 1981 4111 judicati
2010 4060 2099 4100 se-

516 4137 777 4191 ducentur
807 4136 910 4190 illis
933 4135 1144 4204 judiciis
1174 4136 1264 4189 Dei
1300 4136 1507 4191 occulte
1543 4136 1698 4203 justis
1720 4176 1733 4199 ,
1758 4135 1899 4204 juste
1924 4136 2102 4191 occul-

516 4229 601 4289 tis,
634 4228 828 4295 quibus
852 4225 919 4279 ab
941 4227 1091 4280 initio
1120 4226 1320 4294 peccati
1352 4225 1627 4278 rationalis
1664 4236 1921 4279 creatum
1963 4242 2099 4280 nun-

515 4335 672 4389 quam
698 4318 938 4387 judicare
974 4318 1202 4372 cessavit
1241 4334 1252 4368 :
1286 4316 1488 4370 seducti
1520 4326 1695 4369 autem
1719 4316 2098 4385 judicabuntur

511 4409 807 4464 novissimo
836 4410 1219 4477 manifestoque
1242 4408 1441 4475 judicio
1468 4424 1560 4475 per
1579 4408 1759 4461 Jesum
1787 4408 2053 4463 Christum
2075 4450 2091 4476 ,

511 4499 804 4568 justissime
830 4499 1213 4568 judicaturum,
1246 4498 1593 4568 injustissime
1612 4498 1926 4567 judicatum.
2034 4554 2041 4568 _,

512 4564 739 4643 CAPUT
934 4618 1004 4629 --
1047 4590 1182 4654 Quid
1234 4564 1368 4642 idem
1415 4564 1674 4657 apostolus
1715 4589 1767 4641 in
1818 4590 1981 4657 prima
2028 4564 2095 4643 ad

544 4681 740 4733 eosdem
759 4678 991 4749 Epistola
1008 4680 1068 4732 de
1100 4682 1453 4733 resurrectione
1483 4692 1792 4731 mortuorum
1809 4680 2050 4732 docuerit.

585 4774 637 4826 l.
667 4773 773 4827 Sed
804 4774 890 4827 hic
920 4774 1204 4841 Apostolus
1231 4774 1392 4826 tacuit
1430 4772 1494 4826 de
1521 4773 1908 4826 resurrectione
1950 4787 2094 4826 mor-

511 4874 721 4918 tuorum
769 4881 782 4916 :
832 4864 897 4917 ad
952 4865 1167 4919 eosdem
1224 4874 1400 4919 autem
1454 4865 1693 4919 scribens
1745 4864 1797 4917 in
1858 4865 2090 4932 Epistola

508 4956 699 5025 pritna,
735 4953 1009 5016 Nolumus,
1040 4955 1228 5024 inquit,
1256 4957 1488 5025 ignorare
1515 4972 1618 5020 vos,
1646 4955 1847 5023 fratres,
1879 4956 1940 5007 de
1966 4956 2088 5009 dor-

509 5044 807 5107 mientibus,
838 5055 891 5095 ut
941 5061 1040 5097 non
1084 5046 1473 5108 contristemini,
1515 5046 1640 5097 sicut
1682 5055 1725 5097 et
1766 5045 1959 5109 caeteri,
2003 5044 2090 5113 qui

507 5154 645 5208 spem
666 5154 765 5190 non
791 5134 992 5189 habent.
1019 5134 1155 5188 Nam
1177 5136 1220 5189 si
1239 5137 1504 5201 credimus,
1537 5137 1670 5206 quod
1689 5136 1837 5190 Jesus
1864 5146 2088 5189 mortuus

507 5241 601 5298 est,
631 5240 679 5287 et
708 5230 981 5285 resurrexit
1012 5246 1030 5282 :
1057 5230 1127 5283 ita
1167 5240 1214 5284 et
1244 5229 1383 5284 Deus
1420 5246 1500 5283 eos
1538 5232 1623 5300 qui
1652 5231 1960 5284 dormierunt
1999 5245 2087 5299 per

572 5404 586 5433 ι
626 5410 691 5452 tta
720 5410 826 5453 Mss.
852 5410 909 5452 At
932 5403 1065 5461 editi,
1088 5400 1235 5463 Quod.

570 5467 589 5496 ⁹
623 5467 693 5513 sic
716 5465 849 5513 \‘ind.
877 5474 978 5513 Am.
1007 5474 1073 5537 etv
1092 5462 1197 5515 Mss.
1224 5470 1281 5515 At
1302 5470 1373 5512 Er.
1415 5469 1467 5512 et
1487 5469 1617 5523 l.ov.,
1657 5462 1859 5526 accipiet
1882 5468 2085 5527 potesta-

504 5532 715 5635 mil'sola
741 5588 889 5636 editio
910 5590 1287 5649 Lovaniensium,
1313 5587 1599 5638 “ducentur
1618 5588 1722 5649 eius

569 5692 641 5749 (a)
666 5698 733 5739 De
756 5693 932 5741 Jutlazis
964 5693 1053 5740 hoc
1092 5700 1339 5753 exponunt
1379 5694 1671 5750 Ambrosms,
1712 5700 1921 5741 Joannes
1940 5691 2084 5754 Chryo

504 5758 761 5817 sostomus,
779 5755 1137 5817 Tllmtthl‘elllS,_
1153 5754 1251 5809 alii,
1273 5762 1323 5802 et
1340 5756 1444 5815 ipse
1469 5756 1797 5817 Hieronymus,
1816 5756 2082 5816 qumstione

505 5812 560 5865 Η
588 5812 639 5860 in
654 5813 858 5872 Epistola
880 5816 983 5874 iiii,
1006 5815 1065 5863 ad
1090 5815 1334 5876 Algasiaut.
1358 5812 1605 5871 ὶὶορυίευδ.

1609 355 1695 411 DE
1731 350 2049 412 ClVlTATE
2086 350 2225 422 DEI,
2262 353 2319 410 S.
2358 349 2718 412 AUGUSTIN

2198 476 2394 541 Jesum,
2413 473 2624 529 adducet
2644 489 2758 526 cum
2784 487 2862 525 eo.
2895 469 3005 524 Iloc
3032 466 3309 523 enimvobis
3325 465 3547 521 dicimus
3566 466 3617 518 in
3635 466 3761 520 verba

2194 568 2420 635 Domini,
2439 567 2556 637 quia
2582 582 2670 619 nos
2686 566 2917 629 viventes,
2941 561 3027 631 qui
3048 561 3228 631 reliqui
3243 576 3428 614 sumus
3448 557 3503 610 in
3519 556 3764 610 adventum

2195 662 2430 727 Domini,
2479 678 2578 715 non
2622 658 2976 731 prwvenietitus
3015 672 3099 710 eos
3137 655 3222 723 qui
3264 664 3385 707 ante
3429 650 3768 705 dormierunt:

2198 738 2434 825 quoniam
2462 755 2570 823 ipse
2599 751 2846 805 Dominus
2873 751 2925 803 in
2943 750 3118 819 jussu,
3146 757 3191 800 et
3214 748 3268 800 in
3292 762 3416 799 voce
3447 742 3768 813 Archangeli,

2199 854 2245 900 et
2269 846 2320 899 in
2349 845 2464 898 tuba
2491 843 2588 897 Dei
2618 842 2877 898 descendet
2917 842 2981 894 de
3003 840 3163 904 celo;
3201 848 3250 894 et
3274 840 3468 891 mortui
3494 838 3550 890 in
3594 836 3773 890 Christo

2199 945 2455 1007 resurgant
2498 936 2659 1005 primo
2684 935 2700 965 ί
2735 950 2749 999 ;
2778 933 2956 987 deinde
2996 949 3088 985 nos
3115 933 3329 985 viventes
3346 972 3363 996 ,
3394 930 3485 999 qui
3509 929 3684 998 reliqui
3701 946 3775 982 su-

2202 1046 2332 1095 mus,
2374 1028 2525 1081 simul
2550 1044 2661 1080 cum
2710 1027 2813 1080 illis
2840 1025 3097 1095 rapiemur
3143 1025 3198 1076 in
3240 1021 3461 1076 nubibus
3502 1021 3555 1073 in
3601 1020 3775 1072 obviam

2204 1118 2401 1174 Christo
2449 1120 2501 1172 in
2548 1135 2701 1183 aera;
2728 1127 2775 1171 et
2810 1119 2882 1170 ita
2922 1133 3120 1186 semper
3169 1132 3287 1170 cum
3329 1113 3565 1171 Domino
3614 1113 3778 1165 erinas

2205 1211 2249 1282 (1
2282 1211 2456 1266 Thess.
2486 1227 2559 1277 tv,
2592 1209 2801 1280 12-16).
2833 1209 2961 1264 Haec
3004 1208 3169 1263 verba
3214 1206 3519 1277 apostolica
3560 1220 3781 1259 resurre-

2205 1308 2437 1361 ctionem
2468 1315 2796 1360 mortuorum
2827 1304 3077 1370 futuram,
3095 1300 3309 1372 quando
3329 1300 3518 1355 veniet
3547 1298 3781 1352 Dominus

2206 1398 2477 1460 Christus,
2513 1398 2693 1465 utique
2738 1395 2806 1449 ad
2854 1396 3002 1450 vivos
3047 1408 3103 1450 et
3152 1403 3399 1449 mortuos
3441 1390 3779 1462 iudicandos,

2207 1490 2613 1559 praiclarissime
2640 1489 2943 1544 ostendunt.

2276 1580 2331 1635 2.
2359 1580 2464 1635 Sed
2483 1582 2647 1650 quaeri
2668 1581 2825 1647 solet,
2855 1591 3030 1635 utrum
3063 1581 3138 1635 illi
3162 1595 3301 1651 quos
3327 1579 3421 1634 hic
3450 1579 3692 1633 viventes
3717 1578 3781 1630 in-

2207 1683 2459 1729 venturus
2485 1684 2567 1729 est
2596 1674 2856 1739 Christus,
2888 1690 3119 1744 quorum
3155 1689 3444 1743 personam
3471 1674 3526 1727 in
3554 1688 3614 1726 se
3642 1681 3783 1741 atque

2209 1766 2329 1820 illos
2382 1766 2473 1835 qui
2504 1774 2630 1820 tunc
2669 1780 2848 1820 secum
2894 1765 3173 1831 vivebant,
3208 1764 3631 1834 transﬁgurabat
3657 1764 3782 1832 Apo-

2208 1844 2400 1923 stolus,
2430 1873 2698 1927 nunquam
2723 1858 2941 1912 omnino
2966 1856 3208 1911 morituri
3236 1864 3403 1920 sunt;
3424 1870 3495 1909 an
3527 1856 3644 1924 ipso
3668 1865 3782 1908 tem-

2208 1948 2353 2018 poris
2397 1958 2626 2017 puncto,
2672 1963 2777 2017 quo
2804 1963 2925 2002 cum
2975 1948 3381 2017 resurgentibus
3425 1946 3697 2015 rapientur
3736 1946 3780 1999 iu

2210 2040 2437 2095 nubibus
2458 2042 2510 2094 in
2538 2041 2744 2095 obviam
2765 2030 2978 2095 Christo
2999 2040 3053 2094 in
3073 2056 3220 2107 aera,
3242 2038 3314 2093 ad
3336 2040 3777 2093 inunortalitatem

2210 2151 2304 2205 per
2347 2143 2574 2189 mortem
2623 2134 2757 2188 mira
2801 2133 3074 2189 celeritate
3116 2132 3425 2186 transibunt
3469 2132 3566 2203 (a).
3619 2130 3781 2199 Neque

2209 2228 2350 2283 enim
2382 2224 2669 2281 dicendum
2693 2234 2795 2288 est,
2827 2223 2941 2278 ﬁeri
2963 2238 3069 2277 non
3100 2238 3278 2292 posse,
3309 2234 3367 2275 ut
3396 2221 3527 2275 dum
3556 2236 3647 2291 per
3673 2236 3778 2274 aera

2211 2318 2265 2371 in
2296 2317 2523 2371 sublime
2553 2323 2851 2384 portantur,
2884 2314 2939 2368 in
2968 2314 3059 2367 illo
3092 2312 3263 2383 spatio
3290 2321 3344 2365 et
3388 2312 3705 2375 moriantur,
3735 2322 3779 2364 et

2210 2408 2549 2463 reviviscant.
2573 2406 2724 2474 Quod
2747 2406 2888 2461 enim
2910 2406 3005 2471 ait,
3038 2404 3106 2457 Et
3129 2405 3200 2457 ita
3219 2420 3424 2473 semper
3447 2420 3565 2456 cum
3582 2402 3778 2457 Domino

2210 2501 2397 2555 erimus
2423 2516 2442 2554 :
2472 2516 2576 2554 non
2618 2500 2696 2554 sic
2724 2499 3092 2568 accipiendum
3138 2506 3249 2561 est,
3283 2506 3545 2565 tanquam
3584 2496 3634 2549 in
3676 2511 3778 2549 acre

2210 2608 2308 2647 nos
2328 2592 2522 2646 dixerit
2551 2606 2762 2661 semper
2789 2606 2911 2645 cum
2937 2590 3161 2643 Domino
3187 2604 3307 2643 esse
3334 2602 3649 2649 mansuros;
3675 2586 3777 2655 quia

2211 2701 2309 2741 nec
2335 2686 2449 2755 ipse
2476 2684 2661 2755 utique
2689 2684 2761 2737 ibi
2790 2683 3045 2749 manebit,
3076 2682 3199 2751 quia
3226 2681 3451 2735 veniens
3483 2681 3776 2733 transiturus

2209 2788 2310 2834 est.
2356 2778 2604 2833 Venienti
2650 2777 2845 2847 quippe
2875 2776 3037 2829 ibitur
3082 2773 3328 2840 obviam,
3380 2788 3487 2825 non
3518 2771 3773 2824 manenti:

2210 2870 2305 2926 sed
2331 2870 2403 2923 ita
2448 2886 2564 2923 cum
2586 2868 2806 2922 Domino
2838 2869 3024 2921 erimus
3047 2905 3062 2929 ,
3094 2866 3144 2918 id
3190 2872 3273 2918 est
3293 2906 3309 2931 ,
3352 2864 3435 2918 sic
3462 2864 3661 2918 erimus
3694 2860 3777 2914 ba-

2207 2963 2396 3017 bentes
2443 2963 2463 2993 ⁹
2506 2976 2729 3031 corpora
2771 2961 3125 3029 sempiterna,
3165 2958 3490 3027 ubicumque
3535 2972 3652 3011 cum
3702 2956 3777 3008 illo

2209 3053 2482 3109 fuerimus.
2517 3053 2597 3108 Ad
2627 3054 2769 3108 hunc
2801 3062 2981 3107 autem
3010 3067 3227 3106 sensum
3248 3091 3263 3117 ,
3292 3065 3402 3120 quo
3427 3050 3776 3104 existimemus

2208 3148 2368 3202 etiam
2400 3149 2541 3212 illos,
2575 3163 2708 3217 quos
2746 3146 2833 3202 hic
2860 3146 3007 3200 vivos
3037 3146 3352 3199 inventurus
3393 3154 3478 3197 est
3508 3144 3772 3205 Dominus,

2208 3240 2261 3295 in
2292 3243 2407 3311 ipso
2439 3256 2600 3311 parvo
2629 3239 2801 3310 spatio
2838 3249 2893 3294 et
2920 3253 3170 3307 passuros
3200 3248 3431 3291 mortem
3472 3246 3527 3290 et
3552 3244 3775 3303 acceptu-

2206 3350 2297 3390 ros
2336 3333 2805 3398 immortalitatem,
2836 3332 2949 3401 ipse
2978 3329 3264 3400 Apostolus
3314 3343 3414 3381 nos
3461 3328 3668 3381 videtur
3697 3342 3773 3378 ur-

2207 3442 2352 3496 gere,
2386 3425 2473 3479 ubi
2502 3424 2649 3488 dicit,
2680 3424 2748 3476 1η
2776 3420 2971 3479 Christo
2993 3438 3164 3474 omnes
3188 3419 3577 3488 viviﬁcabuntur
3608 3418 3646 3488 (1
3670 3416 3772 3471 Cor.

2206 3534 2296 3584 xv,
2342 3515 2435 3589 22)
2468 3536 2479 3570 :
2510 3532 2631 3570 cum
2676 3516 2780 3569 alio
2835 3514 2952 3569 loco
2999 3514 3066 3568 de
3110 3513 3224 3582 ipsa
3273 3512 3502 3580 loquens
3548 3524 3774 3565 resurre-

2206 3610 2383 3663 ctione
2412 3623 2693 3677 corporum
2723 3606 2894 3672 dicat,
2930 3604 3011 3658 Tu
3057 3604 3191 3675 quod
3229 3605 3471 3669 sentinas,
3505 3620 3607 3656 non
3634 3601 3775 3669 vivi/i-

2205 3712 2366 3766 catur,
2418 3701 2515 3753 nisi
2555 3699 2796 3752 moriatur
2852 3695 3056 3767 (Ibid.,
3113 3694 3242 3763 '56).
3270 3694 3553 3761 Quomodo
3602 3694 3770 3763 igitur,

2205 3808 2338 3861 quos
2368 3792 2605 3846 viventes
2632 3790 2717 3844 hic
2743 3788 2987 3845 Christus
3018 3788 3275 3853 inveniet,
3305 3802 3401 3855 per
3424 3786 3773 3840 immortalita-

2206 3893 2310 3939 tem
2338 3884 2388 3937 in
2417 3884 2509 3937 illo
2537 3882 2961 3945 viviﬁcabuntur,
2991 3879 3091 3933 etsi
3133 3894 3239 3932 non
3284 3878 3621 3942 moriantur;
3666 3890 3770 3930 cum

2204 3974 2475 4029 videamus
2506 3982 2725 4044 propter
2750 3972 2851 4026 hoc
2878 3986 2999 4025 esse
3027 3971 3247 4034 dictum,
3284 3968 3360 4021 Tu
3386 3970 3527 4039 quod
3552 3968 3765 4029 seruitia,

2204 4084 2303 4120 non
2327 4067 2625 4132 viviﬁcatur,
2656 4065 2753 4117 nisi
2780 4063 3061 4116 moriatur?
3088 4062 3107 4092 ³
3135 4063 3241 4115 Aut
3265 4061 3310 4115 si
3344 4070 3494 4115 recte
3526 4076 3628 4115 non
3654 4059 3768 4113 dici-

2203 4172 2322 4212 mus
2347 4155 2635 4223 seminari,
2667 4156 2767 4209 nisi
2800 4170 2861 4209 ea
2903 4170 3126 4223 corpora
3167 4152 3470 4219 hominum,
3504 4169 3619 4223 qua:
3663 4165 3765 4205 mo-

2202 4250 2388 4304 riendo
2431 4264 2643 4319 quoquo
2687 4248 2846 4302 modo
2884 4256 3220 4302 revertuntur
3269 4248 3320 4299 in
3371 4255 3604 4311 terram;
3644 4246 3762 4299 sicut

2201 4356 2321 4397 sese
2349 4341 2506 4395 habet
2533 4342 2690 4395 etiam
2719 4340 2807 4393 illa
2829 4341 2880 4393 in
2909 4349 3358 4409 transgressorem
3382 4348 3586 4408 patrem
3614 4351 3757 4407 gene—

2200 4434 2275 4488 ris
2310 4434 2524 4487 humani
2565 4433 2817 4487 divinitus
2845 4432 3046 4502 prolata
3097 4432 3365 4487 sententia
3385 4472 3400 4496 ,
3449 4431 3605 4485 Terra
3630 4448 3693 4494 es,
3720 4438 3758 4482 et

2198 4525 2250 4578 in
2278 4534 2463 4579 terram
2488 4523 2754 4595 ibis(Gcn.
2783 4540 2839 4578 tu
2860 4564 2874 4589 ,
2904 4522 2994 4595 19)
3021 4539 3036 4576 :
3067 4522 3337 4579 fatendum
3365 4532 3450 4577 est
3478 4524 3619 4587 istos,
3642 4533 3757 4590 quos

2197 4616 2433 4670 nondum
2460 4616 2527 4671 de
2544 4615 2857 4683 corporibus
2878 4628 3141 4684 egressos,
3161 4629 3279 4667 cum
3307 4614 3488 4668 veniet
3519 4612 3751 4673 Christus,

2199 4709 2449 4772 inveniet,
2484 4717 2537 4762 et
2580 4707 2695 4761 istis
2721 4707 2898 4761 verbis
2938 4706 3198 4774 Apostoli,
3227 4714 3283 4759 et
3321 4706 3429 4759 illis
3474 4705 3540 4759 de
3584 4702 3751 4757 Genesi

2196 4815 2300 4852 non
2334 4798 2502 4853 teneri
2536 4814 2548 4849 :
2580 4798 2829 4866 quoniam
2855 4810 3067 4850 sursum
3108 4796 3161 4849 in
3202 4795 3439 4849 nubibus
3465 4794 3619 4863 rapti,
3663 4806 3749 4844 non

2196 4892 2378 4960 utique
2406 4890 2768 4954 seminantur;
2793 4890 2916 4958 quia
2946 4904 3044 4943 nec
3074 4898 3201 4942 eunt
3231 4888 3286 4941 in
3317 4898 3534 4951 terram,
3563 4900 3651 4939 nec
3674 4898 3746 4936 rc-

2194 4982 2391 5047 deunt;
2422 4981 2530 5037 sive
2553 4982 2750 5035 nullam
2774 4996 2989 5050 prorsus
3016 4980 3359 5049 experiantur
3386 4988 3624 5042 mortem,
3651 4976 3743 5028 sive

2194 5074 2464 5143 paululum
2489 5074 2541 5127 in
2570 5088 2695 5127 aere
2720 5072 3035 5126 moriantur.

2264 5166 2317 5219 5.
2350 5165 2453 5220 Sed
2483 5164 2623 5219 aliud
2654 5180 2840 5218 rursus
2868 5162 3116 5227 occurrit,
3149 5162 3291 5231 quod
3324 5161 3461 5216 idem
3483 5159 3604 5214 dixit
3626 5170 3733 5224 apo-

2191 5255 2378 5321 stolus,
2403 5270 2523 5310 cum
2548 5255 2615 5309 de
2643 5254 3038 5311 resurrectione
3066 5268 3352 5323 corporum
3380 5252 3445 5306 ad
3464 5248 3730 5307 Corinthios

2253 5438 2272 5472 ι
2305 5437 2458 5501 Nostri
2480 5434 2852 5501 codd.,primi._
2904 5441 2960 5484 Μ.
3070 5496 3081 5501 _

2250 5503 2275 5573 ξ
2307 5506 2358 5548 1η
2381 5498 2540 5559 editis,
2564 5495 2750 5560 semper
2773 5495 3011 5547 habentes.
3033 5496 3199 5556 Abest,
3223 5506 3425 5558 semper,
3449 5506 3476 5542 ε
3498 5498 3726 5541 ιηιιηλςίτι.

2192 5570 2446 5693 mssa-idid,
2468 5622 2559 5693 nisi
2577 5622 2711 5686 prius
2734 5628 2982 5693 moriatur.
3009 5618 3259 5693 Particula,
3296 5616 3444 5693 prius,
3483 5626 3569 5662 non
3592 5618 3655 5658 cS'
3685 5618 3722 5653 ιη

2187 5684 2538 5741 manuscriotis,
2566 5676 2729 5746 neque
2751 5686 2797 5733 in
3009 5689 3147 5731 textu
3175 5676 3395 5741 Apostoli.
3664 5730 3671 5737 ι
3696 5728 3703 5734 ,

2251 5754 2323 5793 (ηδ
2349 5740 2456 5793 vid.
2477 5750 2617 5793 linist.
2647 5749 2751 5793 195.
2775 5694 3187 5793 am‘atmem.
3230 5740 3314 5790 lib.
3359 5740 3419 5789 de
3441 5744 3540 5788 octo
3560 5729 3703 5782 πλήσια

2188 5726 3187 5817 ""(zi'v'ninisi‘tss.".;rin;;aiasa,
3209 5726 3333 5790 in:
3359 5740 3419 5789 de
3441 5744 3540 5788 octo
3560 5726 3717 5782 mea

2185 5826 2384 5863 Duxisti.
2408 5826 2461 5863 (1.
2482 5812 2530 5863 5.
2558 5819 2609 5860 et
2632 5809 2758 5858 alibi.

2199 5826 2384 5875 )uast,
2408 5826 2461 5876 (ι.
2482 5819 2530 5871 5,
2558 5819 2609 5860 et
2632 5819 2758 5858 uuln.
