3926 6386
113 357 210 419 689
1455 372 1657 431 LIBER
1699 377 2073 445 VICESIMUS.

111 478 449 547 loqueretur:
484 478 670 537 Omnes
693 499 1046 556 resurgemus;
1074 487 1185 554 vel,
1208 488 1344 543 sicut
1372 489 1460 544 alii
1479 491 1694 547 codices

109 570 337 637 habent,
378 571 573 628 Omnes
611 576 913 633 dormiemus
940 578 1013 652 (a)
1048 578 1099 653 (1
1122 581 1238 635 Cor.
1280 597 1367 649 xv,
1399 584 1511 652 51).
1562 583 1695 639 Cum

109 679 233 735 ergo
256 680 356 721 nec
386 670 715 723 resurrectio
745 670 858 725 ﬁeri
884 674 1071 742 possit,
1100 674 1199 728 nisi
1229 690 1374 730 mors
1402 691 1694 746 praecesse-

110 759 205 824 rit;
237 773 336 813 nec
364 758 745 817 dormitionem
787 766 1053 834 possimus
1098 766 1187 821 illo
1215 767 1332 822 loco
1362 768 1655 839 intelligere
1677 812 1692 836 ,

111 850 204 903 nisi
234 859 498 915 mortem;
533 854 801 923 quomodo
831 872 1019 912 omnes
1057 859 1139 914 vel
1167 859 1463 925 dormient,
1494 861 1578 915 vel
1613 877 1696 917 re-

110 951 322 1011 surgent
345 984 358 1007 ,
390 944 434 997 si
458 953 569 999 tam
598 947 772 1014 multi,
798 964 931 1018 quos
956 950 1007 1003 in
1032 966 1257 1021 corpore
1284 953 1591 1010 inventurus
1616 963 1699 1009 cst

109 1032 375 1101 Christus,
411 1050 514 1090 nec
540 1037 806 1093 dormient
824 1083 837 1104 ,
868 1057 968 1096 nec
994 1047 1304 1113 resurgent‘t
1326 1046 1382 1102 Si
1411 1062 1538 1118 ergo
1571 1064 1696 1103 san-

109 1137 240 1189 ctos,
262 1127 353 1196 qui
381 1130 725 1197 reperientur
745 1132 960 1188 Christo
985 1136 1233 1192 veniente
1261 1139 1526 1206 viventes,
1544 1142 1698 1210 eique

110 1220 155 1269 in
206 1219 424 1273 obviam
476 1223 780 1291 rapientur,
812 1227 1197 1285 crediderimus
1232 1231 1283 1284 in
1329 1232 1517 1286 eodem
1545 1243 1698 1303 raptu

109 1309 171 1363 de
202 1312 523 1370 mortalibus
553 1319 864 1387 corporibus
889 1322 1154 1391 exituros,
1185 1332 1239 1379 et
1269 1326 1331 1380 ad
1362 1327 1548 1381 eadem
1576 1343 1699 1383 mox

112 1406 428 1461 immortalia
462 1410 751 1478 redituros,
781 1415 953 1469 nullas
986 1416 1036 1471 in
1061 1418 1238 1472 verbis
1262 1420 1503 1488 Apostoli
1529 1420 1698 1490 patie-

111 1515 227 1553 mur
249 1503 568 1571 angustias,
602 1506 715 1561 sive
748 1508 838 1562 ubi
870 1509 1032 1576 dicit,
1078 1512 1154 1566 Tu
1180 1515 1313 1582 quod
1341 1516 1575 1583 seminas,
1600 1532 1700 1571 non

110 1590 409 1659 viviﬁcatur,
440 1596 543 1650 nisi
572 1599 850 1665 moriatur;
874 1602 987 1656 sive
1017 1603 1103 1658 ubi
1134 1604 1294 1671 dicit,
1327 1605 1512 1660 Omnes
1534 1625 1701 1661 resur-

110 1698 309 1752 gemus;
334 1693 449 1749 aut,
502 1687 687 1744 Omnes
710 1690 1053 1748 dormiemus:
1088 1696 1206 1765 quia
1239 1714 1337 1752 nec
1369 1699 1442 1753 illi
1483 1715 1578 1769 per
1603 1700 1702 1754 im-

111 1775 490 1831 mortalitatem
510 1780 939 1850 viviﬁcabuntur,
960 1786 1083 1853 nisi,
1098 1789 1387 1857 quamlibet
1408 1791 1697 1860 paululum,

114 1873 283 1921 tamen
315 1879 441 1925 ante
472 1874 800 1941 moriantur;
833 1894 894 1932 ac
918 1895 1012 1949 per
1040 1880 1141 1936 hoc
1165 1891 1221 1937 et
1249 1898 1277 1935 a
1308 1885 1701 1940 resurrectione

112 1973 212 2011 non
258 1971 418 2015 erunt
450 1963 636 2032 alieni,
668 1982 828 2036 quam
869 1970 1120 2026 dormitio
1161 1974 1485 2043 prmcedit‘,
1518 1992 1704 2046 quam-

112 2049 188 2102 vis
236 2050 578 2121 brevissima,
610 2073 714 2112 non
756 2069 934 2116 tamen
978 2064 1140 2118 nulla.
1169 2064 1275 2120 Cur
1315 2076 1492 2122 autem
1549 2068 1703 2124 nobis

112 2141 420 2201 incredibile
463 2148 746 2217 videatur,
802 2153 945 2209 illam
987 2158 1377 2215 multitudinem
1417 2178 1701 2232 corporum

112 2236 162 2289 in
226 2254 353 2293 aere
418 2243 815 2312 quodammodo
881 2250 1173 2314 seminari,
1221 2262 1380 2323 atque
1442 2255 1516 2309 ibi
1579 2271 1704 2325 pro-

115 2332 250 2386 tinus
277 2334 657 2392 immortaliter
679 2348 837 2407 atque
863 2341 1335 2412 incorruptibiliter
1363 2347 1699 2414 reviviscere,

114 2438 227 2478 cum
282 2428 608 2496 credamus,
646 2432 787 2502 quod
830 2433 968 2488 idem
1011 2435 1124 2504 ipse
1150 2438 1437 2506 Apostolus
1478 2439 1705 2507 apertis-

116 2517 245 2571 sime
292 2518 506 2587 dicit',
542 2522 592 2575 in
643 2523 750 2578 ictu
800 2527 935 2579 oculi
981 2526 1211 2582 futuram
1258 2531 1702 2585 resurrectionem

120 2608 156 2678 (l
188 2607 304 2663 Cor.
338 2628 429 2677 xv,
464 2611 577 2683 59),
605 2615 733 2670 etin
760 2617 997 2672 membra
1029 2619 1144 2674 sine
1180 2619 1285 2674 fine
1327 2622 1531 2676 victura
1562 2621 1729 2677 tanta

118 2699 367 2757 facilitate
419 2716 635 2775 tamque
677 2706 1034 2763 inrestimabili
1081 2711 1363 2766 velocitate
1410 2713 1703 2769 rediturum

117 2794 609 2863 antiquissimorum
654 2798 971 2854 cadaverum
1018 2802 1332 2871 pulverem?
1360 2802 1469 2858 Nec
1504 2804 1571 2858 ab
1618 2805 1705 2859 illa

118 2888 399 2953 sententia,
433 2904 539 2958 qua
586 2889 788 2944 homini
834 2891 1033 2946 dictum
1080 2902 1183 2960 est,
1240 2894 1397 2949 Terra
1444 2913 1514 2961 es,
1561 2905 1607 2949 et
1654 2897 1707 2950 in

120 2986 298 3031 terram
320 2978 434 3045 ibis,
464 2979 667 3035 futuros
688 2982 808 3036 illos
832 2992 1045 3039 sanctos
1065 2985 1387 3041 arbitramur
1413 2988 1699 3056 immunes,

119 3067 159 3119 si
186 3083 371 3125 eorum
420 3072 763 3127 morientium
816 3074 867 3127 in
907 3082 1103 3130 terram
1151 3092 1255 3131 non
1300 3078 1542 3133 recident
1588 3096 1708 3135 cor-

124 3174 267 3225 pora,
298 3163 393 3217 scd
425 3164 564 3218 sicut
590 3165 645 3219 in
676 3165 791 3236 ipso
812 3174 965 3235 raptu
998 3158 1313 3234 morientur,
1346 3169 1419 3223 ita
1448 3180 1503 3225 et
1531 3187 1709 3226 resur-

119 3259 264 3319 gent,
293 3253 422 3308 dmn
448 3253 685 3310 ferentur
708 3257 759 3311 in
788 3273 931 3312 aera.
960 3257 1025 3312 In
1048 3267 1233 3313 terram
1253 3263 1446 3331 quippe
1465 3261 1584 3333 ibis,
1604 3272 1705 3331 est,

123 3342 172 3395 in
211 3343 311 3399 hoc
340 3346 444 3401 ibis
472 3348 665 3402 amissa
696 3350 801 3404 vita
822 3391 838 3416 ,
872 3352 1011 3420 quod
1043 3368 1165 3407 eras
1213 3363 1497 3425 antequam
1526 3372 1710 3412 sume-

122 3450 206 3491 res
233 3440 396 3493 vitam
429 3458 441 3493 :
467 3441 517 3495 id
545 3452 657 3507 est,
698 3442 811 3499 Hoc
840 3444 946 3498 eris
984 3446 1313 3501 exanimatus
1334 3447 1375 3514 ³,
1417 3448 1561 3518 quod
1588 3463 1707 3504 eras

122 3537 405 3600 antequam
452 3548 598 3589 esses
640 3536 924 3590 animatus.
964 3536 1143 3591 Terra:
1180 3539 1374 3608 quippe
1422 3539 1710 3595 insufﬂavit

124 3617 264 3675 Deus
293 3621 346 3675 in
378 3621 567 3679 faciem
590 3624 771 3680 ﬂatum
793 3630 937 3695 vita},
963 3642 1087 3682 cum
1119 3629 1285 3685 factus
1315 3640 1397 3685 est
1416 3629 1436 3661 ‘
1468 3630 1627 3686 homo
1654 3632 1708 3687 in

121 3711 355 3766 animam
390 3715 609 3771 vivam:
656 3727 904 3789 tanquam
953 3720 1249 3789 diceretur,
1294 3722 1455 3777 Terra
1483 3738 1540 3777 es
1589 3725 1708 3779 ani-

122 3814 286 3868 mata,
318 3808 460 3873 quod
489 3826 591 3863 non
616 3826 766 3876 eras;
790 3822 929 3869 terra
958 3816 1064 3869 eris
1091 3817 1371 3883 exanimis,
1396 3819 1534 3871 sicut
1561 3832 1703 3873 eras.

117 3892 272 3961 Quod
321 3906 448 3950 sunt
490 3906 542 3952 et
577 3910 860 3971 antequam
910 3915 1217 3973 putrescant
1259 3908 1435 3961 omnia
1481 3924 1706 3979 corpora

122 3994 459 4041 mortuorum
483 4009 495 4043 :
515 3992 655 4060 quod
676 4003 832 4048 erunt
852 4004 905 4049 et
920 3997 1027 4061 illa,
1062 3998 1105 4051 si
1128 3999 1443 4066 morientur,
1463 4001 1707 4055 ubicum-

122 4095 226 4148 que
258 4082 578 4150 moriantur,
607 4100 728 4139 cum
772 4086 878 4140 vita
925 4088 1205 4155 carebunt,
1251 4105 1408 4160 quam
1456 4092 1710 4147 continuo

126 4183 410 4245 receptura
463 4185 604 4231 sunt.
650 4176 738 4232 Sic
762 4193 890 4249 ergo
939 4179 1089 4234 ibunt
1132 4181 1183 4235 in
1226 4189 1449 4248 terram,
1494 4185 1615 4253 quia
1643 4200 1711 4239 ex

128 4266 260 4320 vivis
305 4266 613 4323 hominibus
657 4280 794 4325 terra
841 4282 1043 4329 erunt:
1087 4274 1533 4343 quemadmodum
1573 4276 1613 4330 it
1657 4278 1711 4332 in

130 4357 388 4424 cinerem,
436 4361 575 4429 quod
603 4361 662 4415 fit
699 4362 870 4430 cinis;
901 4364 940 4417 it
978 4364 1029 4417 in
1079 4372 1418 4431 vetustatem,
1464 4366 1604 4435 quod
1653 4368 1713 4423 fit

131 4458 315 4515 vetus;
350 4450 391 4504 it
426 4452 491 4505 in
523 4461 709 4508 testam
730 4494 747 4520 ,
776 4453 914 4524 quod
939 4469 1027 4509 ex
1070 4455 1180 4509 luto
1206 4454 1264 4509 fit
1315 4464 1446 4511 testa
1482 4476 1495 4512 :
1526 4468 1581 4513 et
1608 4459 1709 4514 alia

134 4552 387 4597 sexcenta
435 4544 513 4598 sic
540 4545 823 4615 loquimur.
854 4545 1133 4613 Quomodo
1168 4556 1347 4603 autem
1374 4550 1445 4603 sit
1475 4549 1709 4606 futurum

133 4634 271 4700 quod
316 4650 458 4690 nunc
496 4651 593 4707 pro
621 4647 815 4693 nostra:
856 4640 1167 4696 ratiunculas
1192 4640 1392 4696 viribus
1425 4652 1714 4712 utcumque

136 4727 466 4795 conjicimus,
499 4739 623 4785 tunc
659 4732 761 4786 erit
789 4734 983 4802 potius,
1012 4743 1068 4788 ut
1096 4750 1255 4789 nosse
1284 4737 1569 4805 possimus.
1601 4737 1711 4794 Re-

136 4826 522 4879 surrectionem
574 4827 768 4896 quippe
820 4836 1151 4884 mortuorum
1207 4830 1435 4885 futuram
1486 4845 1605 4886 csse
1659 4832 1712 4887 in

136 4930 291 4973 carne
308 4919 350 4986 ',
379 4920 592 4988 quando
620 4918 865 4976 Christus
892 4932 1149 4977 venturus
1174 4932 1257 4979 est
1281 4924 1431 4978 vivos
1448 4924 1712 4995 judicatu-

138 5021 222 5062 rus
248 5020 301 5066 et
344 5020 605 5078 mortuos,
635 5023 864 5082 oportet,
896 5014 941 5068 si
979 5015 1251 5069 christiani
1281 5029 1401 5070 esse
1446 5015 1710 5081 volumus,

140 5106 193 5151 ut
221 5102 522 5157 credamus.
552 5103 659 5157 Sed
688 5119 794 5158 non
821 5103 942 5159 ideo
974 5104 1041 5159 de
1064 5105 1162 5159 hac
1196 5120 1255 5159 re
1280 5105 1450 5159 inanis
1475 5114 1557 5161 est
1582 5106 1714 5162 ﬁdes

141 5200 335 5261 nostra,
381 5195 428 5251 si
457 5195 906 5263 quemadmodum
948 5195 1125 5252 futura
1170 5197 1259 5263 sit,
1292 5196 1527 5266 perfecte
1567 5213 1714 5253 com-

140 5282 467 5349 prehendere
510 5299 617 5341 non
655 5286 912 5343 valemus.
952 5287 1147 5343 Verum
1181 5289 1315 5358 jam,
1368 5290 1509 5344 sicut
1555 5304 1715 5362 supra

199 5418 843 5493 ἓὲίξξ-ρσυαηιφίρνηιίιξρηε
866 5421 1215 5493 nesciunt-
1251 5418 1280 5493 ,ζ
1337 5483 1371 5493 ,.
1457 5490 1465 5493 _

141 5481 224 5590 us;
250 5484 387 5543 Editi,
416 5481 672 5547 apostolus
702 5482 819 5533 alibi
841 5481 1138 5548 apertissime
1161 5482 1296 5533 dicit.
1324 5483 1488 5545 Abest,
1515 5482 1651 5547 alibi,
1686 5498 1717 5536 a

200 5604 220 5635 ³
252 5607 321 5656 sic
345 5615 449 5657 MSS.
474 5608 609 5666 Editi,
630 5606 884 5657 exanimis.

199 5666 220 5732 ξ
252 5675 297 5716 tn
324 5670 481 5726 editis,
507 5683 614 5719 cum
638 5672 791 5732 fartus
813 5676 951 5720 esset.
976 5677 1032 5723 At
1052 5678 1178 5731 Mss,
1214 5683 1322 5720 cum
1344 5670 1498 5732 factus
1515 5675 1601 5720 est.

201 5728 220 5794 ἦ
255 5738 373 5794 Mssa,
402 5734 614 5794 futuram
636 5728 747 5780 etin
766 5745 930 5783 carne.
954 5760 1015 5770 -—
1038 5728 1199 5783 Recte.
1329 5728 1383 5781 Μ.

204 5791 271 5857 (α)
292 5802 312 5840 \
329 5791 461 5856 idItii
482 5797 557 5844 ist.
583 5794 691 5857 eos,
716 5795 774 5842 ad
795 5797 1124 5857 Consentium,
1157 5809 1207 5846 ιι.
1236 5794 1313 5856 14,
1337 5801 1391 5845 et
1412 5794 1497 5845 lib.
1522 5796 1585 5844 de
1608 5801 1717 5846 octo

146 5854 323 5908 Dulcitii
342 5854 540 5919 Quies“
563 5871 612 5920 (ι.
638 5856 686 5918 5,
712 5871 761 5906 n.
787 5856 833 5907 4.

1802 500 2164 570 promisimus,
2194 504 2262 561 de
2287 506 2389 564 hoc
2409 508 2610 579 judicio
2636 510 2730 566 Dei
2760 511 3052 567 novissimo
3072 511 3231 567 etiam
3262 526 3403 581 pro-t

1802 589 1996 658 phetici
2028 603 2235 652 veteres
2272 598 2391 655 libri
2437 603 2562 672 quid
2590 605 3061 674 praenuntiaverint
3085 648 3100 673 ,
3125 612 3387 675 quantum

1802 685 1930 738 satis
1955 702 2073 743 esse
2102 690 2385 760 videbitur,
2422 695 2682 753 debemus
2711 699 2997 754 ostendere
3026 717 3038 752 :
3069 715 3186 769 quae
3204 741 3216 763 ,
3245 700 3386 754 sicut

1800 778 2049 845 arbitror,
2080 800 2184 838 non
2220 796 2361 841 tanta
2392 804 2540 844 mora
2573 807 2793 847 necesse
2831 795 2935 847 erit
2965 790 3179 849 tractari
3209 801 3265 846 et
3292 808 3389 847 ex-

1802 872 1964 939 Poni.
2014 873 2058 928 Si
2109 876 2258 943 isliS,
2302 894 2422 950 quae
2463 883 2855 951 prmmisimus,
2905 884 3073 939 lector
3120 882 3387 939 curaverit

1801 963 2058 1034 adjuvari.

1804 1056 2028 1115 CAPUT
2054 1061 2197 1117 XXI.
2228 1094 2300 1105 —
2328 1066 2465 1133 Quid
2500 1068 2668 1123 Isaias
2695 1071 2940 1140 prapheta
2971 1071 3033 1124 de
3071 1079 3390 1123 mortuorum

1900 1156 2259 1211 resurrectione
2282 1167 2328 1212 et
2355 1160 2417 1213 de
2444 1162 2768 1217 retributione
2794 1164 2978 1235 judicii
3005 1165 3069 1217 sit
3098 1165 3313 1217 locutus.

1880 1244 1927 1296 Ι.
1972 1244 2234 1315 Propheta
2273 1250 2455 1317 Isaias,
2507 1253 2807 1325 Resurgent,
2859 1254 3049 1324 inquit,
3101 1254 3303 1319 mortui,
3343 1262 3392 1307 et

1804 1348 2063 1406 resnrgent
2101 1341 2183 1410 qui
2209 1342 2261 1394 in
2288 1344 2534 1413 sepulcris
2575 1354 2718 1399 erant
2747 1363 2765 1399 :
2792 1356 2839 1400 et
2875 1346 3180 1400 laetabuntur
3218 1362 3391 1401 omnes

1804 1427 1889 1494 qui
1914 1438 2029 1481 sunt
2055 1430 2108 1482 in
2139 1440 2307 1498 terra;
2334 1451 2418 1487 ros
2446 1436 2579 1489 enim
2616 1438 2703 1506 qui
2727 1436 2813 1491 abs
2839 1446 2886 1490 te
2928 1448 3021 1501 est,
3062 1437 3255 1489 sanitas
3288 1436 3392 1489 illis

1808 1528 1908 1573 est:
1928 1531 2063 1575 terra
2076 1539 2189 1577 vero
2206 1525 2474 1597 impiorum
2488 1528 2631 1582 cadet
2645 1528 2693 1599 (Ι
2701 1532 2776 1582 sai
2784 1571 2794 1581 .
2812 1545 2961 1593 xxvi,
2980 1528 3065 1594 19,
3079 1546 3179 1582 sec.
3202 1527 3340 1582 LXX
3350 1526 3393 1597 ).

1808 1611 1997 1668 Totum
2027 1615 2154 1670 illud
2184 1622 2428 1689 superius
2452 1621 2515 1675 ad
2540 1624 2987 1678 resurrectionem
3016 1624 3244 1693 pertinet
3267 1623 3393 1676 bea-

1808 1714 2002 1761 torum.
2033 1709 2185 1775 Quod
2232 1724 2409 1767 aulem
2449 1714 2542 1780 ait,
2574 1713 2733 1769 Terra
2779 1716 3187 1786 veroimpiorum
3224 1714 3391 1781 cadet,

1807 1796 1945 1852 bene
1995 1799 2309 1870 intelligitur
2349 1803 2589 1871 dictum,
2641 1806 2879 1875 Corpora
2927 1821 3059 1861 vero
3109 1805 3394 1873 impiorum

1808 1891 1960 1946 ruina
1982 1892 2334 1950 damnationis
2364 1898 2615 1967 excipiet.
2638 1897 2755 1952 Jam
2781 1913 2939 1968 porro
2961 1898 3004 1951 si
3036 1897 3102 1951 de
3131 1897 3394 1951 bonorum

1807 1986 2197 2041 resurrectione
2244 1988 2386 2057 quod
2430 1987 2628 2042 dictum
2682 1997 2799 2055 est,
2857 1988 3162 2057 diligentius
3210 1994 3265 2043 et
3310 1984 3396 2040 di-

1809 2076 2056 2131 stinctius
2085 2078 2308 2132 velimus
2337 2079 2552 2143 intueri,
2580 2079 2644 2132 ad
2676 2080 2901 2149 primam
2938 2077 3276 2133 referendum
3316 2084 3397 2131 est

1809 2168 1950 2236 quod
1989 2169 2186 2223 dictum
2238 2178 2351 2237 est,
2401 2170 2681 2242 Resurgent
2720 2171 2942 2235 mortui;
2990 2168 3056 2223 ad
3108 2167 3395 2223 secundam

1812 2274 1941 2314 vero
1966 2261 2107 2330 quod
2136 2263 2393 2332 sequitur,
2424 2272 2470 2316 et
2490 2270 2747 2332 resurgent
2779 2262 2863 2334 qui
2890 2262 2943 2314 in
2966 2260 3212 2330 sepulcris
3230 2267 3393 2312 erant.

1810 2348 1926 2403 Jam
1968 2352 2012 2403 si
2044 2360 2098 2406 et
2127 2352 2244 2407 illos
2293 2353 2623 2420 inquiramus
2652 2363 2898 2418 sanctos,
2946 2365 3081 2421 quos
3123 2350 3208 2403 hic
3249 2351 3399 2401 vivos

1811 2440 2124 2497 inventurus
2172 2452 2254 2498 est
2310 2445 2599 2509 Dominus,
2646 2445 2726 2499 eis
2777 2458 3011 2513 congrue
3058 2441 3400 2511 deputabitur

1811 2533 1950 2603 quod
1979 2533 2243 2603 adjunxit,
2269 2533 2338 2589 Et
2368 2535 2671 2589 laetabuntur
2699 2551 2870 2589 omnes
2894 2535 2982 2603 qui
3006 2543 3120 2588 sunt
3152 2534 3203 2586 in
3232 2542 3401 2595 terra;

1811 2640 1895 2677 ros
1922 2627 2056 2679 enim
2078 2626 2166 2697 qui
2186 2627 2274 2680 abs
2302 2638 2348 2680 te
2376 2636 2469 2693 est,
2492 2627 2684 2680 sanitas
2706 2625 2809 2679 illis
2835 2635 2927 2678 est.
2959 2625 3252 2680 Sanitatem
3282 2623 3402 2677 loco

1814 2717 1915 2771 isto
1935 2760 1948 2782 ,
1983 2719 2435 2775 immortalitatem
2464 2720 2762 2775 rectissime
2803 2718 3115 2787 accipimus.
3150 2716 3224 2770 Ea
3254 2730 3402 2768 nam-

1813 2825 1916 2879 que
1944 2820 2027 2865 est
2047 2811 2358 2879 plenissima
2384 2811 2607 2877 sanitas,
2634 2826 2754 2880 qua:
2783 2825 2888 2863 non
2914 2809 3152 2863 reficitur
3176 2807 3404 2860 alimen-

1815 2901 1883 2955 tis
1909 2910 2157 2971 tanquam
2186 2902 2512 2972 quotidianis
2531 2901 2955 2955 medicamentis.
2981 2900 3111 2955 Item
3133 2899 3200 2952 de
3216 2897 3405 2968 judicii

1814 2993 1901 3048 die
1944 3009 2093 3063 spem
2146 2996 2292 3063 prius
2320 2994 2455 3048 dans
2503 2994 2680 3058 bonis,
2709 2992 2902 3046 deinde
2942 3000 3148 3045 terrens
3194 2989 3401 3052 malos,

1814 3086 1956 3141 idem
1988 3086 2248 3156 propheta
2277 3087 2354 3139 sic
2380 3087 2649 3156 loquitur:
2685 3084 2810 3139 Hazc
2827 3086 2946 3138 dicit
2966 3083 3237 3148 Dominus,
3262 3082 3395 3137 Ecce

1815 3195 1905 3249 ego
1931 3179 2128 3231 declina
2155 3179 2208 3231 in
2234 3194 2317 3231 eos
2351 3188 2406 3230 ut
2432 3179 2621 3247 ﬂumen
2663 3178 2822 3247 pacis,
2856 3186 2901 3230 et
2928 3184 2982 3229 ut
3014 3184 3207 3229 torrens
3245 3174 3401 3227 inun-

1815 3271 1943 3323 dans
1978 3270 2195 3340 gloriam
2221 3270 2462 3339 gentium.
2493 3267 2619 3321 Filii
2644 3284 2816 3321 eorum
2842 3282 2998 3336 super
3025 3266 3260 3319 humeros
3282 3281 3405 3335 por-
3483 3330 3491 3343 .

1817 3362 2085 3429 labuntur,
2115 3373 2163 3416 et
2199 3380 2353 3433 super
2392 3378 2554 3433 genua
2596 3361 3014 3416 consolabuntur.
3059 3358 3405 3424 Quemadmo-

1817 3457 1937 3509 dum
1966 3458 2009 3509 si
2035 3474 2179 3526 quem
2208 3466 2366 3510 mater
2394 3458 2679 3511 consoletur
2701 3500 2715 3523 ,
2744 3457 2819 3509 ita
2846 3473 2936 3527 ego
2957 3471 3041 3509 vos
3068 3454 3407 3518 consolabor;

1817 3557 1861 3601 et
1891 3549 1942 3600 in
1972 3547 2256 3602 Jerusalem
2288 3548 2670 3602 consolabimini
2701 3564 2719 3602 :
2751 3558 2796 3601 et
2822 3547 3067 3613 videbitis,
3093 3555 3139 3599 et
3165 3544 3405 3617 gaudebit

1815 3656 1903 3694 cor
1922 3651 2161 3709 vestrum,
2194 3651 2238 3695 et
2265 3658 2379 3696 ossa
2408 3650 2569 3695 vestra
2598 3651 2653 3694 ut
2675 3640 2858 3694 herba‘
2887 3640 3197 3693 exorientur.
3224 3638 3290 3691 Et
3319 3654 3408 3691 co-

1816 3744 2084 3804 gnoscetur
2110 3750 2291 3787 manus
2329 3733 2539 3787 Domini
2565 3732 2845 3786 colentibus
2876 3747 3024 3785 eum:
3052 3741 3097 3784 et
3130 3730 3410 3785 commina-

1817 3824 1951 3879 bitur
1980 3824 2376 3879 contumacibus.
2409 3822 2543 3879 Ecce
2566 3826 2697 3878 enim
2715 3823 2967 3877 Dominus
2987 3832 3040 3876 ut
3065 3823 3197 3893 ignis
3226 3822 3408 3889 veniet,

1818 3928 1863 3972 et
1888 3928 1942 3971 ut
1971 3926 2238 3988 tempestas
2264 3934 2444 3971 currus
2470 3919 2599 3988 ejus,
2618 3917 2828 3970 reddere
2848 3916 2898 3968 in
2921 3915 3270 3984 indignatione
3294 3914 3409 3967 uin-

1818 4010 2040 4073 dictam,
2069 4019 2116 4063 et
2142 4010 2471 4063 vastationem
2500 4009 2554 4061 in
2589 4009 2783 4077 [lamna
2811 4008 2964 4078 ignis.
2996 4004 3064 4059 1n
3115 4006 3232 4076 igne
3277 4005 3411 4058 enim

1818 4100 2026 4155 Domini
2038 4102 2355 4172 judicabitur
2384 4102 2548 4154 omnis
2579 4110 2733 4166 terra,
2765 4110 2809 4152 et
2830 4100 2883 4152 in
2915 4099 3088 4169 gladio
3108 4099 3216 4168 ejus
3245 4098 3413 4151 omnis

1818 4211 1936 4248 caro
1959 4210 1977 4248 :
2006 4195 2149 4248 multi
2178 4194 2424 4247 vulnerati
2444 4201 2587 4246 erunt
2608 4208 2639 4243 a
2670 4190 2891 4244 Domino
2918 4188 3030 4260 (Id.
3054 4204 3205 4251 vat.
3229 4188 3409 4253 i9r16,

1818 4305 1917 4342 sec.
1963 4285 2151 4359 LXX).
2187 4288 2242 4341 In
2297 4286 2560 4341 bonorum
2611 4284 2966 4354 promissione
3018 4281 3216 4337 ﬂumen
3264 4283 3412 4352 pacis

1822 4379 2058 4449 profecto
2086 4382 2106 4410 ³
2150 4379 2533 4433 abundantiam
2580 4378 2725 4446 pacis
2770 4376 2911 4429 illius
2958 4374 3218 4429 debemus
3264 4374 3410 4429 acci-

1820 4486 1946 4541 pere
1968 4512 1983 4535 ,
2016 4486 2114 4539 qua
2144 4470 2314 4540 major
2357 4484 2477 4524 esse
2506 4483 2612 4522 non
2643 4467 2829 4536 possit.
2865 4466 2976 4521 Hac
3001 4466 3184 4535 utique
3214 4467 3267 4520 in
3296 4466 3406 4523 fine

1820 4562 2156 4632 rigabimur:
2212 4560 2280 4615 de
2309 4575 2409 4631 qua
2452 4560 2503 4613 in
2527 4558 2862 4629 prtecedenti
2904 4557 3039 4613 libro
3080 4557 3413 4614 abundanter

1819 4656 1982 4713 locuti
2010 4670 2214 4710 sumus.
2266 4656 2379 4710 lloc
2424 4656 2618 4708 flumen
2647 4668 2705 4709 se
2749 4653 2801 4705 in
2830 4667 2925 4706 eos
2957 4651 3229 4706 declinare
3252 4652 3408 4719 dicit,

1820 4749 2013 4821 quibus
2047 4758 2247 4803 tantam
2294 4746 2677 4802 beatitudinem
2704 4744 3018 4814 pollicetur,
3048 4751 3107 4796 ut
3151 4743 3413 4813 intelliga-

1819 4859 1941 4899 mus
1964 4844 2017 4896 in
2041 4841 2183 4897 illius
2208 4840 2477 4896 felicitatis
2502 4840 2742 4909 regione,
2774 4852 2894 4907 qua:
2920 4836 2975 4890 in
3004 4836 3158 4891 ccelis
3182 4846 3285 4903 est,
3312 4835 3413 4892 hoc

1820 4935 2040 4990 flumine
2061 4934 2238 4988 omnia
2260 4932 2462 4988 satiari.
2490 4930 2594 4987 Sed
2622 4930 2743 5001 quia
2771 4938 2825 4982 et
2844 4928 3071 4983 terrenis
3095 4927 3412 4997 corporibus

1820 5045 1922 5101 pax
1954 5028 2367 5097 incorruptionis
2398 5034 2557 5094 atque
2578 5020 2994 5077 immortalitatis
3021 5020 3144 5075 inde
3175 5019 3411 5085 inﬂuet',

1821 5122 1943 5178 ideo
1972 5122 2243 5177 declinare
2282 5134 2342 5175 se
2379 5118 2507 5172 dicit
2534 5116 2638 5170 hoc
2689 5115 2922 5180 ﬂumen,
2951 5121 3009 5167 ut
3050 5112 3120 5167 de
3164 5111 3413 5181 supernis

1822 5212 2215 5286 quodammodo
2244 5214 2404 5267 etiam
2436 5210 2688 5265 inferiora
2734 5205 3052 5278 perfundat,
3081 5212 3136 5259 et
3164 5203 3410 5259 homines

1821 5309 2056 5377 mquales
2084 5306 2301 5376 Angelis
2325 5303 2532 5360 reddat.
2555 5301 2849 5357 Jerusalem
2871 5311 3103 5369 quoque,
3126 5310 3235 5351 non
3260 5294 3411 5351 illam

1821 5418 1941 5474 quae
1985 5402 2149 5456 servit
2177 5415 2298 5455 cum
2327 5398 2451 5454 liliis
2492 5397 2623 5462 suis,
2650 5393 2743 5449 sed
2786 5392 3006 5448 liberam
3047 5397 3272 5445 matrem
3310 5402 3411 5444 no-

1886 5605 1903 5636 ¹
1938 5605 2011 5653 sic
2026 5602 2177 5651 nostri
2202 5598 2412 5655 codices,
2430 5603 2484 5646 ut
2506 5593 2628 5643 infra
2650 5596 2930 5642 constanter
2953 5595 3118 5638 Patres
3136 5584 3409 5635 Benedicti-

1821 5667 1890 5724 ni,
1914 5667 1996 5728 qui
2020 5666 2112 5714 hoc
2135 5663 2258 5728 loco,
2280 5660 2403 5711 sicut
2424 5657 2587 5728 herba.
2640 5663 2695 5703 Iit.
2843 5727 2851 5728 ί
3098 5724 3140 5728 μ
3171 5708 3289 5728 JH”

1884 5708 1996 5779 iit]
2019 5708 2263 5775 {vigit-Etim
2283 5708 2420 5781 vero,
2446 5729 2497 5768 In
2520 5718 2747 5781 bonorum
2770 5712 3141 5778 promissionese
3163 5708 3409 5761 declinare
