3960 6476
626 305 730 362 695

625 420 812 490 inquit,
842 423 1047 489 spiritus
1074 442 1212 481 meus
1240 469 1256 493 ,
1292 445 1381 499 ego
1410 429 1595 486 Daniel
1624 433 1676 485 in
1697 432 1985 490 habitudine
2015 437 2030 466 ¹
2054 453 2195 504 mea,

625 522 671 566 et
685 515 821 567 visus
849 518 1025 587 capitis
1056 519 1151 570 mei
1171 522 1531 577 conturbabant
1554 542 1650 578 me.
1675 526 1743 579 Et
1769 528 1986 595 accessi,
2011 528 2200 599 inquit,

625 608 691 657 ad
736 622 891 659 unum
921 607 983 661 de
1007 611 1271 677 stantibus,
1301 623 1346 667 et
1376 617 1631 671 veritatem
1654 619 1935 690 quarebam
1973 621 2034 674 ab
2060 637 2117 675 eo
2141 622 2204 676 de

624 697 701 750 liis
728 699 954 752 omnibus
971 717 989 754 :
1015 711 1061 754 et
1079 702 1206 756 dixit
1225 706 1349 759 mihi
1367 709 1641 764 veritatem.
1669 711 1891 780 Deinde,
1911 714 2037 783 quid
2053 716 2204 771 audi-

623 789 726 842 erit
754 790 820 843 ab
850 790 961 855 illo,
985 808 1013 845 a
1045 810 1149 864 quo
1179 797 1245 852 de
1275 799 1520 855 omnibus
1544 800 1626 856 his
1655 804 1916 872 quaesivit,
1951 816 2199 876 tanquam

621 893 687 931 eo
704 880 800 933 sibi
827 896 889 934 ex
898 897 1067 949 poneu
1076 894 1145 951 te,
1176 886 1254 941 sic
1275 888 1506 959 loquitur
1524 909 1537 944 :
1560 890 1657 946 Ha:
1673 904 1885 963 quatuor
1900 895 2070 951 bestia:
2093 914 2203 951 ma-

619 987 734 1038 gna:
754 1014 768 1037 ,
800 985 1016 1044 quatuor
1051 994 1203 1049 regna
1230 994 1433 1052 surgent
1463 984 1515 1037 in
1549 994 1702 1050 terra,
1733 1004 1844 1057 quia
1883 995 2197 1061 auferentur,

619 1071 663 1113 et
689 1065 931 1134 accipient
958 1085 1167 1138 regnum
1203 1075 1363 1127 sancti
1400 1075 1642 1130 Altissimi
1659 1089 1734 1132 :et
1756 1079 2039 1135 obtinebunt
2069 1084 2198 1137 illud

619 1168 773 1217 usque
791 1155 841 1206 in
856 1160 1096 1211 sceculum
1114 1162 1221 1215 etin
1235 1168 1638 1235 usquesazculum
1651 1170 1971 1225 swculorum.
1987 1172 2055 1225 Et
2068 1190 2198 1243 quae-

617 1243 804 1308 rebant,
837 1246 1024 1316 inquit,
1041 1251 1302 1321 diligenter
1314 1257 1375 1309 de
1388 1257 1539 1311 bestia
1559 1271 1760 1330 quarta,
1784 1280 1900 1335 qua?
1924 1275 2033 1321 erat
2048 1266 2197 1337 di/fc-

614 1351 727 1390 rens
739 1354 844 1406 prie
853 1343 988 1395 omni
1000 1342 1172 1409 bestia,
1192 1349 1426 1404 terribilis
1442 1357 1658 1422 amplius
1675 1372 1694 1409 :
1711 1356 1880 1413 dentes
1901 1362 2008 1430 ejus
2019 1366 2191 1433 ferrei,

613 1438 659 1480 et
681 1446 868 1500 ungues
897 1436 1004 1505 ejus
1032 1441 1167 1505 cerei,
1193 1444 1505 1499 manducans
1531 1458 1577 1501 et
1602 1453 1945 1510 comminuens
1964 1498 1980 1523 ,
2004 1467 2050 1512 et
2069 1461 2193 1515 reli-

610 1536 710 1586 qua
735 1524 942 1590 pedibus
962 1530 1066 1582 suis
1090 1534 1387 1589 conculcans
1408 1553 1427 1592 :
1455 1548 1501 1592 et
1524 1541 1587 1594 de
1603 1545 1839 1600 cornibus
1864 1550 1973 1619 ejus
1992 1551 2186 1620 decem,

609 1626 722 1678 qua:
746 1625 889 1668 erant
928 1618 978 1670 in
1009 1622 1170 1690 capite
1194 1626 1322 1693 ejus,
1347 1637 1393 1680 et
1413 1630 1475 1683 de
1497 1632 1657 1686 altero
1686 1636 1823 1704 quod
1850 1618 2075 1697 ascendit
2100 1686 2116 1711 ,
2144 1654 2192 1700 et

608 1704 821 1756 excussit
842 1705 903 1758 de
928 1709 1179 1775 prioribus
1204 1716 1300 1769 tria
1319 1733 1338 1770 :
1362 1734 1521 1773 cornu
1546 1722 1678 1776 illud
1704 1725 1756 1779 in
1779 1743 1878 1797 quo
1900 1742 2042 1785 erant
2070 1751 2191 1789 ocu-

608 1790 646 1841 li
675 1833 688 1857 ,
719 1802 765 1845 et
791 1811 846 1848 os
893 1797 1099 1868 loquens
1144 1822 1359 1875 magna;
1390 1820 1436 1864 et
1465 1812 1599 1868 visus
1625 1816 1735 1886 ejus
1778 1822 1942 1890 major
1976 1829 2185 1881 cieteris.

616 1880 857 1939 Videbam
883 1930 896 1952 ,
929 1902 975 1943 et
1004 1909 1163 1949 cornu
1210 1898 1342 1953 illud
1369 1903 1585 1970 faciebat
1614 1880 1795 1963 bellum
1815 1880 1929 1967 cum
1954 1920 2141 1973 sanctis

603 1981 650 2026 et
676 1980 974 2044 prastaalebat
994 1985 1062 2037 ad
1089 1987 1223 2057 ipsos
1242 2031 1257 2056 ,
1291 1991 1449 2048 donec
1478 1998 1605 2050 venit
1631 2008 1848 2057 vetustus
1869 2006 2065 2062 dierum
2089 2051 2103 2076 ,
2137 2020 2187 2065 et

601 2083 811 2139 regnum
841 2073 978 2129 dedit
1003 2082 1186 2134 sanctis
1212 2083 1457 2140 Altissimi
1489 2105 1506 2143 .'
1533 2102 1579 2144 et
1617 2102 1812 2165 tempus
1850 2103 2110 2171 pervenit,
2135 2114 2185 2159 et

599 2175 809 2229 regnum
854 2167 1174 2239 obtinuerunt
1201 2179 1380 2232 sancti.
1417 2177 1541 2236 Haec
1593 2184 1773 2243 Daniel
1823 2192 2076 2260 quaesisse
2122 2209 2182 2251 se

597 2253 747 2308 dixit.
776 2256 975 2316 Deinde
1005 2265 1129 2333 quid
1154 2268 1398 2337 audierit,
1429 2277 1684 2333 continuo
1713 2253 2039 2354 subjungens
2062 2326 2078 2352 ,
2108 2285 2179 2343 Et

597 2344 746 2411 dixit,
780 2350 968 2421 inquit,
999 2356 1049 2410 id
1078 2366 1177 2424 est,
1209 2360 1296 2416 ille
1316 2378 1473 2433 aquo
1508 2371 1820 2439 quaesierat,
1851 2378 2126 2446 reSpondit
2154 2420 2171 2447 ,

592 2444 645 2489 et
670 2438 801 2494 dixit
824 2482 839 2507 ,
866 2441 1034 2499 Bestia
1062 2460 1239 2518 quarta
1258 2495 1273 2516 ,
1307 2438 1539 2525 quartum
1566 2476 1776 2531 regnum
1797 2466 1887 2518 erit
1922 2466 1974 2520 in
2001 2477 2133 2523 terra
2154 2512 2170 2537 ,

590 2530 725 2597 quod
753 2537 1040 2600 pra'valebit
1068 2543 1293 2597 omnibus
1322 2549 1487 2619 regnis
1509 2566 1529 2615 ;
1554 2560 1600 2604 et
1626 2530 1949 2610 ntanducabit
1977 2575 2172 2615 onmem

591 2629 797 2689 terram,
830 2636 875 2677 et
900 2631 1210 2686 conculcabit
1234 2653 1341 2689 eam
1368 2680 1382 2702 ,
1417 2650 1464 2693 et
1483 2643 1727 2699 concidet.
1770 2646 1837 2701 Et
1863 2650 2029 2704 decem
2057 2669 2170 2708 cor-

589 2725 692 2763 nua
715 2713 843 2781 ejus,
878 2716 1045 2771 decem
1068 2738 1205 2792 reges
1220 2737 1423 2797 surgent
1451 2746 1469 2785 :
1497 2740 1543 2785 et
1566 2745 1678 2802 post
1700 2752 1783 2790 eos
1802 2750 1971 2810 surget
1994 2741 2125 2797 alius
2146 2784 2164 2811 ,

585 2802 672 2871 qui
691 2808 946 2873 superabit
976 2813 1121 2867 malis
1148 2816 1167 2846 ²
1198 2833 1389 2886 omnes,
1421 2823 1508 2890 qui
1527 2834 1643 2880 ante
1684 2844 1797 2881 eum
1845 2835 2089 2899 fuerunt;
2118 2845 2165 2890 et

583 2904 683 2948 tres
712 2914 849 2971 reges
876 2902 1181 2976 ltumiliabit,
1211 2920 1257 2963 et
1283 2914 1429 2968 verba
1452 2917 1692 2975 adversus
1720 2924 2037 2982 Altissimum
2080 2931 2163 2985 lo-

579 2999 757 3057 quetur
780 3008 799 3046 :
824 3003 870 3047 et
912 3009 1111 3053 sanctos
1138 3003 1384 3059 Altissimi
1422 3020 1663 3068 conteret.
1723 3014 1785 3069 Et
1825 3022 2162 3090 suspicabitur

580 3091 773 3137 mutare
798 3094 1021 3157 tempora
1040 3100 1088 3144 et
1114 3094 1271 3164 legem
1291 3113 1309 3150 :
1325 3108 1371 3151 et
1392 3100 1591 3156 dabitur
1615 3106 1667 3159 in
1694 3124 1846 3164 manu
1870 3114 1979 3183 ejus
2003 3132 2160 3188 usque

576 3171 645 3223 ad
670 3182 892 3244 tempus,
926 3190 974 3233 et
1002 3192 1226 3253 tempora
1246 3230 1259 3251 ,
1290 3199 1336 3241 et
1381 3191 1644 3249 dimidium
1672 3171 1928 3271 temporii.
1962 3204 2029 3260 Et
2057 3171 2155 3278 ju-

575 3261 761 3317 dicium
788 3270 1008 3339 sedebit,
1036 3268 1086 3327 et
1123 3279 1465 3350 principatum
1512 3292 1828 3346 removebant
1850 3294 1871 3326 ⁹
1898 3297 1966 3349 ad
1990 3310 2157 3356 exter-

572 3353 866 3412 minandum
892 3370 939 3413 et
970 3366 1279 3430 perdendum
1316 3390 1471 3444 usque
1492 3378 1544 3431 in
1568 3380 1724 3449 ﬁnem
1749 3394 1836 3448 ;et
1855 3404 2083 3459 regnum,
2106 3401 2153 3448 et

570 3454 789 3514 potestas
809 3491 822 3514 ,
854 3460 901 3504 et
932 3459 1225 3525 magnitudo
1255 3480 1447 3535 regum,
1474 3472 1561 3537 qui
1589 3473 1679 3527 sub
1705 3479 1842 3532 omni
1865 3454 1989 3536 cdelo
2007 3493 2145 3551 sunt,

569 3534 689 3589 data
701 3549 772 3591 est
783 3544 966 3598 sanctis
976 3545 1240 3605 Altissimi.
1254 3534 1319 3606 Et
1328 3534 1535 3628 regnum
1548 3565 1655 3630 eius
1668 3584 1877 3639 regnum
1891 3577 2149 3645 sempiter-

567 3641 760 3685 num:et
781 3649 951 3690 omnes
965 3640 1279 3712 principatus
1297 3646 1395 3715 ipsi
1414 3653 1649 3721 servient,
1668 3666 1713 3710 et
1729 3640 2147 3723 obaudient'JIue

564 3733 738 3789 usque,
768 3724 957 3794 inquit,
989 3730 1110 3797 finis
1134 3739 1397 3792 sermonis.
1429 3738 1542 3812 Ego
1579 3744 1801 3816 Daniel,
1822 3754 2029 3809 multum
2058 3775 2145 3813 co-

561 3812 825 3881 gitationes
862 3834 985 3873 mete
1003 3825 1365 3881 conturbabant
1392 3847 1470 3885 me
1500 3874 1515 3897 ,
1547 3844 1596 3888 et
1637 3842 1803 3908 forma
1832 3860 1941 3898 mea
1967 3848 2142 3904 immu-

560 3910 663 3955 tata
687 3916 758 3957 est
784 3923 937 3977 super
963 3928 1040 3966 me
1060 3956 1073 3979 ,
1098 3925 1145 3968 et
1171 3918 1373 3974 verbum
1413 3924 1465 3976 in
1487 3928 1639 3982 corde
1680 3948 1789 3986 meo
1828 3945 2137 3998 conservavi.

559 3990 719 4061 (Dan.
748 4011 838 4064 vn,
864 4000 1069 4075 i528).
1090 4004 1326 4074 Quatuor
1346 4012 1431 4068 illa
1454 4030 1615 4086 regna
1643 3990 2139 4105 exposueruntqui;

1517 4082 1537 4086 -
1714 4082 1729 4092 .
2024 4082 2113 4105 1—-

555 4082 676 4138 dam
705 4086 1063 4161 Assyriorum,
1092 4097 1374 4158 Persarum
1405 4148 1420 4171 ,
1449 4106 1793 4170 Macedonum
1814 4160 1828 4185 ,
1852 4130 1907 4175 et
1936 4122 2136 4183 Roma-

558 4189 765 4233 norum.
791 4181 958 4249 Quam
989 4195 1504 4253 veroconvenienter
1520 4200 1573 4255 id
1602 4201 1947 4281 lecerint,qui
1976 4230 2135 4274 nosse

554 4263 893 4340 desiderant,
925 4275 1101 4346 legant
1148 4284 1440 4355 presbyteri
1489 4288 1795 4367 Hieronymi
1830 4263 2025 4358 librum
2078 4308 2132 4363 in

552 4356 821 4416 Danielem
851 4406 866 4429 ,
912 4370 1043 4423 satis
1084 4371 1364 4443 diligenter
1409 4356 1721 4456 eruditeque
1746 4396 2125 4465 conscriptum.

548 4450 861 4510 Antichristi
917 4469 1089 4517 tamen
1130 4465 1384 4524 adversus
1435 4472 1729 4534 Ecclesiam
1777 4486 2128 4548 saevissimum

547 4556 788 4611 regnum,
828 4547 951 4603 licet
988 4553 1177 4623 exiguo
1204 4560 1374 4626 Spatio
1407 4569 1659 4634 temporis
1707 4575 2073 4637 sustinendum
2106 4624 2123 4651 ,

548 4631 719 4689 donec
748 4637 837 4692 Dei
895 4641 1080 4699 ultimo
1128 4646 1329 4716 jndicio
1385 4631 1605 4725 regnum
1656 4666 1821 4719 sancti
1867 4631 2127 4740 accipiani

498 4724 501 4727 ⁷
542 4728 923 4796 sempiternum
945 4776 959 4797 ,
990 4738 1078 4807 qui
1103 4740 1183 4793 vel
1207 4724 1502 4804 dormitans
1532 4753 1645 4806 haec
1674 4754 1839 4827 legit,
1880 4724 2125 4824 dubitare

541 4832 649 4872 non
678 4820 886 4877 sinitur.
920 4824 1152 4898 Tempus
1179 4835 1374 4905 quippe
1398 4848 1452 4893 et
1477 4848 1713 4913 tempora
1726 4820 1794 4903 et
1824 4820 2119 4914 vdimidiuni

542 4912 821 4977 temporis,
852 4928 1046 4971 annum
1075 4936 1236 4975 unum
1263 4940 1382 4981 esse
1408 4940 1461 4983 et
1493 4912 1628 4987 ducs
1657 4944 1711 4989 et
1730 4938 2026 5013 dimidium,
2057 4961 2120 5004 ac

539 5012 635 5065 per
652 4996 750 5053 hoc
782 5010 888 5056 tres
907 5019 1073 5061 annos
1096 5019 1149 5063 et
1175 5016 1473 5083 semissem,
1494 5022 1653 5078 etiam
1677 5043 1895 5086 numero
1912 5033 2116 5093 dierum

535 5088 801 5156 posterius
826 5094 994 5161 posito
1014 5096 1311 5169 dilucescit,
1353 5108 1637 5178 aliquando
1675 5116 1727 5171 in
1750 5119 2038 5193 Scripturis
2061 5140 2117 5184 et

536 5181 797 5236 mensium
825 5200 1050 5243 numero
1074 5186 1392 5253 declaratur.
1421 5198 1679 5260 Videntur
1701 5210 1843 5267 enim
1873 5223 2112 5287 tempora

535 5271 810 5331 indetinite
853 5276 938 5334 hic
982 5280 1119 5337 dicta
1170 5284 1348 5358 lingua
1388 5290 1583 5349 latina:
1622 5299 1715 5354 sed
1756 5317 1851 5372 per
1895 5271 2107 5367 dualem

593 5455 1103 5541 .‘..Fs.’iti:1:e£etridiue-
1122 5467 1292 5541 γετίυε
1305 5473 1633 5541 "summa
1647 5474 1928 5534 ἰαοίιιιάθιε
1951 5496 1969 5537 -'
1992 5500 2105 5541 ηιω

525 5517 651 5577 apud
676 5523 985 5591 Septuaginta
1001 5539 1169 5617 graece
1192 5517 1287 5591 est,
1305 5517 1473 5583 edici."
1545 5517 1570 5535 ⁷
1619 5517 1633 5534 ⁷

587 5579 607 5607 ³
642 5580 773 5617 ΡΑΙίΙίξ
799 5596 896 5617 mine
917 5598 996 5617 mn
1017 5599 1058 5617 u-
1118 5591 1252 5617 stum.
1301 5596 1397 5617 ...:-
1438 5610 1461 5617 -
1487 5611 1679 5617 _..______
1712 5605 1723 5616 ο
1761 5607 1792 5617 ..

554 5579 607 5687 ι’
642 5579 777 5689 editi,
796 5579 896 5633 suis
917 5579 1074 5637 malis.
1109 5579 1465 5658 Abest,'suis,ia
1487 5605 1821 5667 manuscriptis
1861 5614 1915 5660 et
1946 5622 1977 5662 a
2014 5620 2100 5664 Se-

521 5650 553 5700 p
574 5651 719 5699 uagin
744 5655 788 5691 a.

517 5700 1055 5818 @Wmovebit.
1076 5718 1132 5762 At
1147 5721 1472 5784 manuscripti,
1485 5726 1799 5782 removebtmt.
1818 5738 1980 5786 Graece
1999 5746 2091 5802 est,

1720 321 1808 375 DE
1846 320 2165 378 CIVITATE
2203 324 2337 392 DEI,
2378 328 2435 382 S.
2475 327 2840 388 AUGUSTINI
3713 353 3787 412 σε

2315 456 2594 499 numerum
2615 446 2755 503 dicta
2785 457 2907 505 sunt
2934 492 2949 517 ,
2975 466 3128 521 quem
3154 454 3308 511 latini
3346 473 3452 513 non
3491 459 3674 519 habent.
3692 468 3791 529 Sim

2311 546 2489 592 autem
2511 538 2682 595 (ἕτκοί
2703 584 2717 606 ,
2752 542 2825 597 ita
2855 545 2997 599 hunc
3025 545 3273 604 dicuntur
3312 549 3505 608 habere
3543 566 3588 610 et
3627 558 3791 619 Hebraei.

2309 628 2397 685 Sic
2422 645 2548 701 ergo
2599 632 2736 688 dicta
2785 645 2909 690 sunt
2956 645 3192 708 tempora
3219 683 3235 707 ,
3288 650 3529 713 tanquam
3570 649 3795 709 diceremur

2309 722 2415 778 duo
2444 733 2702 796 tempora.
2733 727 2918 784 Vereri
2960 746 3050 785 me
3076 747 3205 789 sane
3261 733 3432 790 fateor
3458 777 3472 801 ,
3505 753 3566 793 ne
3588 742 3633 795 in
3668 743 3796 803 decem

2308 816 2539 884 regibus,
2559 833 2694 885 quos
2721 828 2966 890 tanquam
2993 822 3177 878 decem
3204 823 3450 882 homines
3481 830 3661 886 videtur
3674 835 3798 891 inven-

2310 915 2458 964 turus
2482 911 2862 981 Antichristus,
2889 914 3027 970 forte
3053 916 3304 972 fallamur
3320 960 3337 984 ,
3361 930 3513 990 atque
3549 925 3609 977 ita
3628 924 3698 979 ille
3720 930 3798 983 ino-

2308 1000 2516 1071 pinatus
2542 1003 2788 1059 adveniat
2815 1048 2831 1073 ,
2889 1023 2994 1063 non
3041 1010 3403 1066 existentibus
3450 1023 3521 1067 tot
3568 1018 3736 1085 regibus
3769 1023 3800 1074 iu

2305 1093 2434 1149 orbe
2460 1094 2719 1151 Romano.
2744 1098 2879 1165 Quid
2908 1100 3049 1155 enim
3078 1102 3123 1156 si
3150 1119 3384 1158 numero
3414 1105 3510 1158 isto
3532 1107 3712 1163 denario
3727 1115 3801 1167 uni-

2303 1189 2528 1243 versitas
2554 1204 2737 1261 regum
2764 1193 3056 1263 signiﬁcata
3076 1206 3177 1263 est,
3215 1206 3342 1265 post
3368 1214 3498 1268 quos
3524 1201 3602 1256 ille
3619 1217 3806 1261 venturis

2303 1288 2421 1342 est:
2450 1283 2584 1340 sicut
2613 1285 2913 1346 milienario
2938 1334 2954 1357 ,
2982 1291 3331 1362 centenario,
3358 1297 3638 1362 septenario
3658 1298 3805 1367 signiﬁ-

2300 1384 2451 1432 catur
2476 1378 2788 1451 plerumque
2814 1385 3219 1452 universitas,et
3239 1391 3364 1444 aliis
3384 1401 3538 1460 atque
3557 1390 3657 1448 aliis
3677 1407 3808 1448 uiuae

2300 1469 2393 1535 ris,
2418 1485 2552 1541 quos
2579 1488 2719 1528 nunc
2746 1489 3169 1534 commemorare
3204 1496 3318 1535 non
3344 1492 3427 1536 est
3453 1488 3683 1541 necesse?

2368 1560 2422 1614 2.
2456 1563 2575 1617 Alio
2601 1564 2717 1618 loco
2748 1566 2887 1620 idem
2936 1568 3117 1624 Daniel
3145 1611 3157 1634 ,
3186 1568 3257 1624 Et
3278 1575 3378 1627 erit
3397 1615 3413 1640 ,
3455 1578 3609 1646 inquit
3632 1620 3645 1642 ,
3668 1590 3805 1647 tempus

2297 1653 2651 1720 tribulationis,
2683 1658 2848 1725 qualis
2874 1676 2975 1712 non
2995 1661 3090 1729 fuit
3114 1678 3177 1715 es:
3200 1680 3307 1733 quo
3334 1675 3458 1719 nata
3481 1678 3548 1722 est
3570 1686 3674 1737 gens
3700 1688 3806 1739 super

2296 1756 2490 1806 terram.
2505 1766 2658 1821 usque
2675 1751 2744 1804 ad
2768 1761 2961 1823 tempus
2981 1755 3131 1811 illud.
3156 1755 3230 1808 Et
3254 1757 3311 1809 in
3349 1766 3566 1827 tempore
3587 1759 3663 1812 illo
3684 1763 3803 1813 salsa-

2294 1838 2427 1892 bitur
2448 1840 2668 1909 populus
2688 1853 2804 1897 tuus
2829 1847 2991 1899 omnis
3017 1847 3105 1917 qui
3143 1848 3381 1902 inventus
3406 1850 3551 1917 fuerit
3576 1852 3747 1919 scriptus
3768 1854 3803 1905 is

2292 1929 2440 1984 libro.
2460 1930 2529 1984 Et
2557 1934 2703 1986 multi
2722 1935 3077 1990 dormientium
3101 1938 3155 1991 in
3177 1948 3335 1994 terra
3359 1958 3539 2011 aggere
3559 1954 3798 2011 exsurgant:

2291 2021 2343 2075 hi
2368 2023 2419 2075 in
2444 2025 2595 2077 vitam
2619 2035 2857 2080 teternam
2883 2067 2897 2094 ,
2930 2039 2978 2082 et
3006 2030 3062 2082 lii
3082 2031 3135 2084 in
3169 2034 3505 2102 opprobrium
3544 2044 3585 2088 et
3608 2035 3651 2086 in
3670 2040 3799 2106 confu-

2285 2114 2477 2167 sionem
2490 2124 2749 2170 internum.
2784 2118 2853 2172 Et
2871 2121 3201 2192 intelligentes
3231 2124 3625 2195 fulgebuntsicut
3643 2129 3795 2179 claritas

2284 2205 2632 2275 firmamenti,
2657 2218 2703 2263 et
2725 2227 2789 2264 ex
2820 2212 2982 2282 justis
3029 2214 3173 2268 multi
3224 2220 3358 2268 sicut
3383 2217 3540 2271 stellae
3575 2219 3621 2269 in
3658 2222 3795 2271 secula

2287 2296 2449 2369 (Dan.
2472 2314 2565 2365 xu,
2622 2301 2763 2371 1-5).
2796 2304 2863 2357 Et.
2902 2304 3076 2360 adhuc
3109 2310 3396 2363 sententiae
3422 2308 3497 2363 illi
3544 2311 3791 2379 evangelica

2280 2400 2365 2448 est
2393 2392 2540 2447 locus
2578 2394 2679 2450 iste
2706 2396 3011 2453 simillimus
3032 2438 3048 2464 ,
3078 2398 3143 2458 de
3165 2401 3559 2455 resurrectione
3596 2400 3791 2455 duntaxat

2281 2494 2610 2541 mortuorum
2631 2503 2936 2559 corporum.
2955 2490 3087 2546 Nam
3109 2493 3199 2564 qui
3233 2493 3345 2548 illic
3370 2493 3492 2548 dicti
3511 2503 3623 2547 sunt
3641 2508 3732 2548 esse
3751 2494 3787 2546 is

2276 2582 2631 2647 monumentis,
2665 2583 2765 2653 ipsi
2786 2583 2871 2639 hic
2901 2584 3201 2640 dormientes
3234 2588 3290 2641 in
3324 2598 3469 2641 teme
3488 2603 3675 2658 aggere;
3694 2588 3754 2641 vel
3773 2628 3785 2649 ,

2273 2671 2411 2726 sicut
2436 2673 2526 2728 alii
2568 2674 2900 2745 interpretati
2928 2688 3089 2747 sunt,
3117 2681 3170 2734 in
3196 2691 3351 2735 terras
3379 2683 3583 2751 pulvere.
3604 2681 3659 2736 Et
3687 2683 3781 2735 sicut

2271 2760 2344 2816 ibi
2367 2804 2383 2828 ,
2408 2767 2677 2832 procedent
2702 2807 2719 2834 ,
2740 2766 2943 2822 dictum
2967 2779 3089 2838 est;
3121 2772 3192 2825 ita
3243 2772 3331 2827 hic
3354 2812 3370 2835 ,
3398 2782 3654 2841 exsurgent.
3677 2771 3783 2825 Sicut

2268 2853 2364 2922 ibi,
2394 2855 2496 2922 Qui
2522 2858 2652 2911 bona
2670 2863 2914 2930 fecerunt,
2942 2863 2993 2916 in
3019 2865 3437 2918 resurrectionem
3455 2865 3559 2919 vita!
3582 2881 3598 2929 ',
3619 2865 3690 2934 qui
3708 2880 3776 2916 stt-

2268 2954 2367 2999 tem
2394 2950 2529 3003 mala
2557 2960 2783 3022 egerunt,
2813 2954 2867 3008 in
2883 2957 3302 3010 resurrectionem
3315 2957 3501 3028 judicii
3516 2972 3535 3021 ;
3562 2957 3621 3010 ita
3644 2965 3687 3009 et
3702 2956 3773 3009 isto

2268 3038 2386 3094 loco
2406 3082 2422 3105 ,
2456 3039 2527 3095 Hi
2553 3043 2606 3096 in
2625 3044 2777 3098 vitam
2797 3054 3036 3100 cateruam
3056 3087 3071 3113 ,
3099 3058 3148 3101 et
3197 3048 3255 3102 lii
3291 3049 3344 3101 in
3375 3048 3667 3118 opprobrium
3685 3046 3771 3099 etin

2262 3136 2608 3205 confusionem
2627 3148 2867 3192 cisternam
2893 3139 3071 3213 (Joan.
3095 3156 3145 3207 ν,
3168 3141 3264 3209 28,
3287 3142 3403 3212 29).
3426 3142 3532 3238 Νρη
3553 3149 3697 3238 illum
3716 3140 3771 3238 δίῇ

2261 3241 2472 3281 versum
2504 3237 2735 3297 putetur,
2764 3230 2905 3301 quod
2935 3245 3053 3285 cum
3086 3232 3155 3286 ibi
3182 3234 3418 3303 positum
3438 3233 3519 3299 sit,
3543 3231 3695 3286 Omnes
3707 3230 3768 3302 qui

2255 3328 2371 3375 sunt
2398 3319 2451 3374 in
2478 3324 2810 3376 monumentis
2832 3363 2848 3388 ,
2880 3322 2969 3379 bie
3005 3340 3111 3379 non
3153 3325 3229 3380 ait
3278 3326 3551 3397 Propheta,
3592 3326 3765 3387 Omnes;

2257 3411 2383 3478 sed,
2417 3410 2573 3466 Multi
2599 3414 2955 3469 dormientium
3002 3417 3055 3470 in
3085 3427 3233 3471 terra
3271 3434 3467 3489 aggere.
3504 3416 3637 3472 Ponit
3661 3415 3762 3469 enim

2253 3501 2535 3571 aliquando
2578 3503 2846 3575 Scriptura
2907 3522 3002 3577 pro
3050 3510 3302 3566 omnibus
3348 3512 3550 3565 multos.
3589 3507 3763 3577 Propte-

2253 3607 2344 3647 rea
2383 3602 2438 3647 et
2488 3594 2715 3651 Abraha:
2743 3598 2942 3655 dictum
2988 3610 3071 3656 est
3094 3644 3109 3669 ,
3138 3602 3353 3660 Patrem
3398 3606 3644 3658 multarum
3667 3617 3760 3673 gen-

2250 3685 2376 3739 tium
2403 3686 2550 3753 posui
2576 3696 2662 3753 te;
2682 3689 2767 3743 cui
2795 3699 2971 3747 tamen
2997 3692 3101 3748 alio
3122 3694 3266 3763 loco,
3297 3695 3364 3750 In
3389 3698 3579 3759 semine,
3606 3694 3755 3763 inquit.

2249 3785 2334 3829 tuo
2353 3776 2702 3833 benedicentur
2728 3798 2899 3837 omnes
2921 3794 3089 3854 gentes
3120 3786 3273 3857 (Gen.
3307 3805 3432 3855 xm,
3454 3790 3513 3851 5;
3542 3802 3649 3850 χιιι,
3672 3784 3753 3853 l8).

2245 3867 2321 3922 De
2349 3869 2439 3923 tali
2460 3878 2636 3926 autem
2675 3875 3066 3931 resurrectione
3086 3876 3208 3933 huic
3227 3895 3435 3951 quoque
3463 3881 3551 3950 ipsi
3575 3876 3750 3948 propheo

2244 3965 2311 4012 ta:
2338 3958 2540 4015 Danieli
2570 3961 2725 4030 paulo
2747 3972 2865 4032 post
2892 3964 3111 4021 dicitur:
3131 3968 3197 4022 Et
3222 3980 3280 4024 tu
3306 3973 3431 4038 veni,
3456 3982 3500 4025 et
3521 3970 3749 4039 requiesce:

2241 4048 2407 4102 adhuc
2432 4051 2565 4104 enim
2605 4053 2711 4108 dies
2738 4057 2790 4108 in
2820 4057 3197 4126 completionem
3242 4060 3686 4120 consummationis;
3711 4064 3744 4108 et

2238 4144 2536 4214 requiesces,
2560 4156 2608 4200 et
2636 4164 2862 4221 resurges
2885 4150 2939 4205 in
2965 4163 3097 4207 sorte
3123 4164 3211 4209 tua
3236 4158 3292 4210 in
3311 4158 3411 4227 fine
3432 4157 3603 4210 dierum
3616 4152 3739 4223 (Dat!-

2239 4248 2337 4299 xu,
2370 4236 2485 4306 43).

2235 4325 2459 4383 CAPUT
2508 4329 2733 4386 XIV.—
2769 4332 2843 4388 In
2889 4334 3113 4393 Psalmis
3150 4338 3411 4395 Davidici:
3442 4355 3543 4412 qua
3575 4339 3627 4392 ἀι
3664 4336 3739 4404 ﬁ“

2267 4419 2441 4474 siccati
2466 4422 2620 4493 hujus
2664 4434 2711 4478 et
2736 4428 3007 4483 nouissimo
3033 4428 3129 4483 Dei
3157 4433 3360 4502 judicio
3387 4434 3703 4503 prop/retentat.

2302 4511 2354 4565 1.
2389 4512 2548 4568 Multa
2576 4516 2643 4570 de
2660 4516 2859 4586 judicio
2886 4522 3173 4579 novissimo
3210 4528 3450 4583 dicuntur
3472 4527 3517 4581 in
3541 4522 3729 4585 Psalmis.

2228 4604 2323 4661 sed
2369 4622 2553 4663 eorum
2604 4610 2750 4678 plura
2777 4623 3112 4672 transeunter
3137 4629 3191 4673 et
3213 4621 3450 4677 strictim.
3475 4619 3571 4674 Hoc
3595 4628 3726 4671 tamen

2226 4698 2369 4768 quod
2397 4698 2462 4754 de
2489 4700 2595 4756 ﬁne
2614 4700 2771 4772 hujus
2791 4706 2970 4760 steeuli
2996 4710 3336 4777 apertissime
3356 4712 3532 4767 dictum
3558 4716 3624 4763 est
3646 4706 3722 4767 ibi.

2226 4803 2557 4862 nequaquam
2596 4795 2808 4851 silentio
2860 4799 3164 4867 praeteribo.
3197 4800 3452 4875 Principio
3491 4812 3639 4855 terram

2225 4882 2470 4952 fundasti,
2502 4884 2737 4953 Domine,
2758 4898 2806 4942 et
2834 4906 2989 4959 opera
3022 4907 3270 4947 manuum
3299 4904 3483 4949 tuarum
3502 4900 3596 4945 sunt
3619 4885 3715 4940 cadi.

2222 4969 2338 5041 Ipsi
2390 4975 2639 5044 peribunt,
2669 4986 2722 5029 tu
2749 4988 2912 5033 autem
2943 4999 3203 5051 permanes
3237 5000 3260 5040 :
3301 4997 3349 5042 et
3375 5000 3524 5040 omnes
3542 4983 3645 5036 sicut
3663 4992 3714 5029 tv-

2221 5064 2505 5119 stimentum
2529 5078 2853 5135 veterascent,
2885 5083 2931 5127 et
2954 5076 3079 5130 sicut
3107 5081 3408 5146 opertorium
3433 5074 3610 5131 mutabis
3629 5085 3709 5131 eos.

2219 5164 2266 5209 et
2292 5160 2618 5214 mutabuntur
2642 5178 2662 5228 ;
2683 5172 2738 5216 tu
2762 5176 2929 5221 autem
2956 5168 3087 5223 idem
3114 5172 3224 5239 ipse
3251 5189 3333 5240 es,
3356 5183 3399 5227 et
3415 5171 3521 5224 anni
3541 5168 3603 5222 tui
3631 5179 3704 5216 ποι

2216 5247 2447 5316 deﬁcient
2481 5250 2649 5323 (Psal.
2671 5270 2742 5321 et,
2764 5257 2975 5331 26-28).
3005 5262 3139 5329 Quid
3165 5274 3251 5320 est
3274 5266 3406 5336 quod
3431 5259 3700 5332 Porphyrius,

2212 5355 2332 5396 cum
2359 5344 2606 5414 pietatem
2660 5349 2839 5406 laudet
2893 5353 3235 5414 Hebraeorum
3264 5403 3280 5427 ,
3320 5376 3412 5430 qua
3457 5368 3630 5423 magnus
3660 5357 3697 5400 ει

2210 5448 2368 5490 verus
2393 5444 2448 5491 et
2475 5437 2604 5507 ipsis
2621 5442 2925 5498 numinibus
2948 5447 3199 5503 terribilis
3217 5451 3284 5506 ab
3302 5452 3376 5506 eis
3398 5450 3557 5505 colitur
3574 5445 3690 5500 Dens,

2207 5526 2535 5585 Christianos
2558 5533 2628 5587 ob
2654 5534 2756 5588 hoc
2798 5538 2971 5608 arguit
3015 5542 3262 5599 maxima:
3301 5542 3537 5603 stultitim,
3571 5534 3687 5589 etiam

2207 5636 2278 5675 ex
2320 5623 2549 5678 oraCulis
2591 5625 2813 5683 deorum
2850 5643 3065 5686 suorum
3090 5676 3105 5700 ,
3148 5635 3289 5705 quod
3335 5637 3469 5693 istum
3492 5624 3681 5721 mundun!

2202 5712 2383 5767 dicunt
2411 5730 2529 5770 esse
2561 5719 2850 5787 periturum
2886 5723 3007 5793 (a)?
3051 5726 3187 5783 Ecce
3245 5730 3297 5785 iu
3331 5726 3490 5784 litteris
3524 5712 3678 5793 pietatis

2264 5805 2336 5869 (a)
2371 5808 2483 5859 vide
2506 5824 2666 5875 supra,
2695 5812 2777 5865 lib.
2802 5814 2876 5878 19,
2892 5829 2995 5880 cap.
3022 5817 3097 5869 23.
