3940 6528
526 517 629 582 199
1481 517 1574 560 ms
1611 517 1768 562 FIDE
1809 517 1897 557 tu
1935 517 2108 555 urrm

594 629 823 690 CAPUT
860 627 924 684 ll.
951 626 1100 682 —-5.
1141 622 1361 694 Propter
1411 618 1565 692 ﬁdem
1621 617 1948 673 christianum
2004 612 2108 668 sal-

526 729 715 786 vandos
765 743 870 784 esse
919 722 1194 796 baptizatos
1219 759 1234 786 ,
1289 714 1486 772 etiamsi
1539 729 1704 768 mores
1749 706 2109 783 quantumlibet

528 822 688 877 malos
729 836 830 875 non
886 814 1209 873 correxerint.
1275 808 1404 864 Mali
1453 808 1510 862 in
1565 805 1793 860 Ecclesia
1855 805 1926 858 sic
1979 801 2108 855 tole-

527 915 695 983 randi,
737 923 791 969 ut
838 928 942 968 non
991 910 1250 965 omittatur
1291 901 1538 972 correptio
1566 909 1612 954 et
1662 897 1951 968 disciplina.
1978 894 2108 962 Qui-

528 1007 628 1063 bus
648 1006 1000 1078 respondens,
1042 1003 1143 1057 hoc
1183 998 1410 1070 primum
1443 995 1584 1061 dico,
1625 1007 1694 1048 ne
1724 991 1843 1063 quis
1869 1006 1931 1046 ea
1960 991 2112 1044 testi-

530 1101 708 1155 monia
746 1101 1171 1169 Scripturarum,
1212 1108 1331 1163 quae
1372 1087 1810 1145 commixtionem
1851 1087 2112 1140 bonorum

531 1199 589 1245 et
618 1189 879 1244 malorum
912 1189 962 1242 in
995 1185 1231 1241 Ecclesia
1258 1182 1345 1236 vel
1376 1187 1696 1250 praesentem
1739 1175 2005 1238 indicant,
2030 1173 2115 1228 vel

536 1283 766 1337 futuram
793 1279 1166 1352 praenuntiant,
1199 1277 1275 1330 sic
1313 1273 1559 1343 accipiat,
1590 1279 1648 1324 ut
1687 1268 1979 1337 disciplina:
2025 1280 2115 1320 se-

537 1375 817 1429 veritatem
848 1373 959 1427 sive
1002 1368 1326 1440 diligentiam
1369 1362 1675 1421 solvendam
1706 1359 1926 1415 omnino
1955 1366 2116 1427 atque

536 1466 901 1532 omittendam,
941 1478 1049 1520 non
1080 1462 1184 1518 illis
1228 1459 1445 1515 edoctus
1471 1457 1706 1522 Litteris,
1751 1453 1844 1509 sed
1871 1467 1966 1508 sua
1997 1451 2116 1520 opi-

538 1558 755 1612 natione
783 1556 1037 1626 deceptus
1081 1552 1365 1609 existimet.
1411 1549 1590 1618 Neque
1615 1546 1782 1612 enim,
1825 1543 1946 1614 quia
1974 1542 2120 1597 illam

541 1647 700 1718 primi
737 1646 916 1716 populi
947 1642 1351 1715 permixtionem
1379 1638 1588 1708 Moyses
1623 1636 1716 1691 Dei
1759 1633 1987 1688 famulus
2023 1646 2122 1702 pa-

542 1739 859 1794 tientissime
881 1735 1202 1808 perferebat,
1233 1733 1354 1789 ideo
1380 1746 1486 1786 non
1515 1731 1566 1784 in
1598 1728 1794 1783 multos
1819 1726 1977 1810 etiam
2006 1725 2122 1795 gla-

542 1831 642 1885 dio-
674 1829 977 1886 vindicavit.
1011 1829 1078 1884 Et
1110 1827 1340 1881 Phinees
1369 1822 1618 1878 sacerdos
1657 1820 1928 1875 adulteros
1965 1815 2126 1872 simul

543 1923 786 1979 inventos
815 1924 958 1979 ferro
981 1923 1149 1976 ultore
1173 1918 1394 1974 conﬁxit
1419 1915 1606 1990 (Nunt.
1637 1929 1779 1980 xxv,
1811 1911 1949 1982 5-8).
1975 1909 2127 1978 Quod

545 2016 725 2084 utique
775 2012 1238 2084 degradationibus
1277 2019 1331 2065 et
1377 2004 2012 2064 excommunicationibus
2051 2003 2126 2056 si-

545 2109 853 2177 gnificatum
883 2115 965 2162 est
1003 2121 1125 2162 esse
1161 2102 1458 2159 faciendum
1490 2101 1593 2156 hoc
1618 2108 1887 2169 tempore,
1915 2111 2034 2151 cum
2073 2095 2128 2150 in

546 2198 796 2253 Ecclesia:
825 2197 1103 2267 disciplina
1132 2193 1354 2249 visibilis
1379 2191 1550 2247 fuerat
1572 2190 1777 2262 gladius
1802 2197 2126 2244 cessaturus.

546 2287 674 2351 Nec,
705 2287 826 2356 quia
853 2287 1039 2341 beatus
1073 2283 1358 2354 Apostolus
1389 2283 1526 2337 inter
1555 2281 1717 2336 falsos
1756 2279 1948 2334 fratres
1989 2279 2126 2334 tole-

547 2378 850 2433 rantissime
885 2376 1232 2447 congemiscit
1278 2374 1341 2444 (ll
1373 2373 1491 2428 Cor.
1527 2388 1600 2436 xi,
1640 2370 1756 2443 26),
1790 2381 1843 2425 ct
1872 2371 2130 2442 quosdam

547 2470 708 2524 etiam
748 2467 1026 2522 diabolicis
1067 2465 1371 2520 invidentia:
1417 2463 1647 2518 stimulis
1692 2463 1940 2531 agitatos,
1972 2461 2129 2516 Chri-

549 2568 687 2614 stum
719 2568 893 2613 tamen
925 2558 1213 2627 praedicare
1243 2556 1497 2627 permittit
1529 2554 1786 2627 (Philipp.
1820 2571 1866 2621 ι,
1902 2553 2127 2623 15-18);

550 2649 669 2703 ideo
699 2647 1023 2718 parcendum
1052 2656 1235 2702 censet
1261 2648 1334 2701 illi
1360 2647 1448 2717 qui
1477 2660 1702 2700 uxorem
1730 2644 1893 2715 patris
1923 2645 2003 2699 sui
2032 2643 2131 2698 ba-

550 2740 693 2804 buit;
727 2755 880 2810 quem
913 2739 1153 2809 praecipit
1197 2747 1510 2808 congregata
1542 2729 1784 2792 Ecclesia
1816 2735 2132 2791 tradendum

551 2842 751 2888 satana:
800 2834 854 2887 in
887 2832 1157 2886 interitum
1194 2833 1391 2899 carnis,
1421 2841 1478 2886 ut
1524 2831 1742 2900 spiritus
1770 2830 1946 2886 salvus
1984 2831 2052 2884 sit
2080 2830 2133 2886 in

551 2926 637 2981 die
669 2925 877 2979 Domini
904 2924 1030 2980 Jesu
1059 2923 1102 2995 (1
1129 2923 1244 2979 Cor.
1279 2941 1331 2989 v,
1371 2922 1484 2996 1-5)
1519 2940 1532 2976 :
1565 2930 1656 2977 aut
1696 2922 1817 2978 ideo
1859 2922 1973 2991 ipse
2002 2921 2134 2976 alios

552 3033 658 3072 non
691 3017 905 3072 tradidit
934 3025 1164 3083 satanae,
1212 3025 1270 3071 ut
1305 3015 1574 3071 discerent
1627 3029 1734 3070 non
1759 3014 2135 3084 blaspliemarc

554 3109 595 3179 (I
625 3107 764 3163 Tim.
790 3125 826 3175 ι,
850 3108 945 3180 20)
980 3127 991 3162 :
1025 3117 1117 3163 aut
1156 3108 1348 3163 frustra
1379 3107 1526 3171 dicit,
1559 3107 1757 3178 Scripsi
1785 3107 1918 3161 vobis
1943 3107 1995 3160 in
2023 3107 2132 3177 epi-

552 3199 681 3254 stola
710 3216 810 3254 non
835 3200 1146 3260 commisceri
1174 3199 1480 3269 fornicariis,
1512 3215 1612 3252 non
1643 3199 1809 3268 utique
1845 3198 2136 3269 fornicariis

559 3290 711 3361 hujus
737 3291 930 3357 mundi,
963 3299 1050 3344 aut
1078 3291 1264 3357 avaris,
1293 3299 1379 3343 aut
1405 3289 1709 3361 raptoribus,
1733 3298 1820 3344 aut
1848 3290 2000 3344 idolis
2031 3306 2137 3344 ser-

505 3448 515 3459 .
553 3382 826 3448 vientibus;
881 3382 1107 3452 alioquin
1154 3382 1435 3436 debueratis
1468 3381 1530 3435 de
1578 3381 1671 3435 hoc
1724 3381 1913 3434 mundo
1954 3382 2090 3436 exire
2117 3397 2138 3435 :

556 3489 689 3527 nunc
715 3483 878 3527 autem
905 3473 1087 3543 scripsi
1114 3473 1250 3527 vobis
1281 3490 1381 3526 non
1409 3472 1738 3537 commisceri,
1777 3473 1822 3525 si
1847 3473 1959 3542 quis
1980 3475 2138 3544 frater

554 3565 841 3618 nominatur
865 3574 950 3618 aut
991 3564 1287 3634 fornicator,
1330 3573 1415 3616 aut
1445 3563 1597 3616 idolis
1627 3563 1864 3629 serviens,
1904 3571 1992 3616 aut
2014 3578 2137 3619 ava-

556 3672 664 3719 rus,
689 3665 782 3708 aut
805 3656 1107 3720 maledicus,
1149 3666 1238 3709 aut
1267 3656 1512 3720 ebriosus,
1541 3661 1628 3706 aut
1664 3670 1864 3724 rapax;
1895 3670 2010 3709 cum
2038 3656 2138 3709 Itu-

549 3745 775 3815 jusmodi
815 3761 903 3799 nec
936 3747 1100 3798 cibum
1128 3746 1325 3816 quidem
1354 3761 1566 3798 sumere.
1613 3745 1724 3810 Quo
1768 3746 1901 3800 enim
1929 3748 2052 3801 mihi
2077 3749 2140 3802 de

554 3835 620 3888 iis
647 3835 731 3906 qui
763 3835 888 3906 foris
913 3845 1030 3888 sunt
1059 3835 1335 3904 judicare?
1366 3833 1549 3888 Nonne
1579 3835 1640 3888 de
1663 3836 1726 3889 iis
1751 3837 1837 3905 qui
1861 3839 1997 3892 intus
2022 3847 2139 3893 sunt

555 3943 642 3981 vos
667 3925 952 3996 judicatis?
978 3923 1056 3978 De
1091 3925 1169 3978 his
1198 3933 1367 3978 autem
1394 3926 1478 3994 qui
1505 3926 1631 3996 foris
1669 3934 1786 3980 sunt
1813 3925 1950 3981 Deus
1989 3929 2137 3998 judi-

557 4019 706 4071 cabit.
739 4017 946 4086 Auferte
973 4016 1166 4070 malum
1195 4033 1258 4072 ea:
1304 4017 1440 4071 vobis
1489 4018 1612 4088 ipsis
1642 4018 1685 4090 (l
1727 4019 1845 4074 Cor.
1876 4038 1928 4088 v,
1969 4022 2136 4093 9-15).

558 4107 661 4163 Ubi
691 4107 904 4178 quidem
929 4107 1091 4178 aliqui
1113 4107 1164 4161 id
1195 4107 1336 4178 quod
1370 4108 1568 4163 dictum
1594 4116 1695 4175 est,
1737 4127 1799 4165 ex
1826 4111 1962 4166 vobis
1992 4113 2137 4183 ipsis,

558 4201 629 4255 ita
681 4200 1001 4271 intelligunt,
1033 4209 1091 4255 ut
1139 4216 1206 4256 ex
1253 4215 1313 4256 se
1360 4201 1476 4272 ipso
1531 4203 1893 4274 unusquisque
1936 4204 2142 4260 auferat

559 4291 778 4355 malum,
799 4291 900 4346 hoc
913 4300 1017 4359 est,
1041 4299 1100 4346 ut
1119 4292 1232 4362 ipse
1253 4292 1321 4347 sit
1344 4293 1534 4348 bonus.
1561 4279 1665 4350 Sed
1698 4295 1946 4352 utrolibet
1983 4297 2142 4353 modo

559 4384 900 4455 intelligatur,
918 4385 1029 4439 sive
1046 4395 1102 4439 ut
1117 4385 1398 4441 severitate
1415 4386 1670 4443 Ecclesiae
1687 4389 1809 4443 mali
1830 4404 2141 4446 excommu-

557 4477 907 4534 nicationibus
921 4477 1294 4549 corripiantur,
1314 4479 1426 4534 sive
1443 4486 1500 4533 ut
1521 4493 1580 4535 se
1604 4481 1828 4552 quisque
1847 4481 2142 4553 corripien-

558 4571 628 4625 do
645 4580 699 4626 et
722 4571 1038 4640 corrigendo
1062 4587 1090 4625 a
1112 4585 1170 4625 se
1191 4571 1306 4640 ipso
1322 4570 1526 4626 auferat
1552 4573 1747 4627 malum
1769 4590 1783 4638 ;
1809 4573 1937 4628 illud
1966 4583 2143 4630 tamen

558 4661 698 4729 quod
737 4676 896 4730 supra
920 4661 1118 4715 dictum
1149 4670 1251 4728 est,
1295 4678 1398 4716 non
1424 4663 1582 4718 habet
1602 4663 2020 4733 ambiguitatem,
2054 4665 2143 4721 ubi

558 4749 798 4820 praecipit
821 4765 925 4803 non
947 4751 1280 4804 commisceri
1298 4753 1376 4806 eis
1395 4751 1641 4807 fratribus
1657 4754 1747 4823 qui
1775 4755 1826 4808 in
1853 4755 2030 4825 aliquo
2055 4773 2143 4812 su-

560 4854 655 4912 pra
670 4842 810 4896 dicto
835 4841 960 4895 vitio
982 4842 1338 4909 nominantur,
1364 4844 1414 4897 id
1436 4851 1536 4911 est,
1553 4845 1663 4900 noti
1690 4844 1984 4918 famosique
1998 4859 2138 4904 sunt.

629 4930 854 4986 CAPUT
908 4931 994 4985 Ill.
1029 4961 1100 4971 —
1139 4931 1251 4998 Quo
1295 4934 1464 4986 animo
1505 4945 1765 5004 peccantes
1807 4939 2136 5009 corripiendi.

560 5025 768 5080 Domini
795 5032 1096 5095 prazceplum
1143 5027 1204 5078 de
1251 5027 1559 5097 corrigendis
1598 5029 1765 5084 malis.
1808 5029 1924 5098 Quo
1961 5041 2138 5089 autem

561 5119 739 5172 animo
778 5127 831 5173 et
873 5133 973 5188 qua
1004 5118 1264 5173 charitate
1293 5120 1597 5177 misericors
1632 5123 1729 5177 ista
1761 5126 2016 5181 severitas
2041 5128 2139 5182 ad-

561 5210 790 5266 hibenda
843 5211 930 5278 sit,
984 5227 1091 5266 non
1134 5211 1306 5266 solum
1337 5229 1402 5268 eo
1431 5213 1548 5268 loco
1583 5215 1671 5270 ubi
1715 5217 1808 5284 ait,
1853 5228 1905 5271 ut
1934 5221 2139 5290 spiritus

557 5305 727 5358 salvus
753 5303 815 5358 sit
842 5303 894 5356 in
926 5302 1006 5357 die
1052 5301 1262 5357 Domini
1294 5303 1450 5370 Jesu;
1488 5306 1581 5361 sed
1630 5307 1753 5363 alibi
1790 5325 2000 5380 quoque
2027 5313 2140 5367 evi-

558 5393 748 5448 denter
783 5393 1014 5448 ostendit
1045 5393 1250 5459 dicens,
1295 5394 1355 5450 Si
1379 5396 1489 5465 quis
1513 5413 1613 5452 non
1642 5400 1846 5454 obaudit
1875 5402 2019 5458 verbo
2044 5421 2140 5459 no-

557 5496 660 5542 stro
691 5504 780 5558 per
812 5487 1102 5557 epistolam,
1140 5488 1272 5542 hunc
1314 5497 1509 5557 notate,
1554 5501 1601 5546 et
1638 5494 1792 5548 nolite
1834 5499 2140 5554 commisceri

557 5599 673 5636 cum
696 5597 774 5650 eo,
815 5591 871 5635 ut
895 5581 1186 5648 erubescat;
1215 5589 1260 5636 et
1296 5600 1396 5637 non
1425 5593 1478 5637 ut
1519 5585 1777 5644 inimicum
1816 5606 1929 5644 cum
1967 5593 2141 5648 existi-

561 5675 724 5742 metis,
749 5675 838 5730 sed
867 5674 1102 5745 corripite
1135 5670 1189 5728 ut
1217 5677 1426 5746 fratrem
1455 5675 1523 5747 (ll
1557 5677 1730 5735 Thess.
1762 5698 1840 5750 ιιι,
1868 5684 1955 5750 14,
1985 5684 2099 5758 15).

629 5768 681 5822 4.
711 5767 778 5822 Εῑ
795 5768 909 5838 ipse
931 5769 1186 5825 Dominus
1207 5771 1507 5841 exemplum
1537 5773 1803 5844 singulare
1831 5780 2098 5848 patientiae
2119 5824 2136 5850 ,

557 5858 648 5929 qui
675 5859 832 5915 etiam
868 5861 924 5916 in
951 5861 1232 5919 duodecim
1259 5865 1525 5935 Apostolis
1550 5883 1716 5940 usque
1744 5871 1810 5926 ad
1836 5874 2138 5942 passionem

506 6009 509 6013 ,
555 5950 821 6011 diabolum
835 5956 1046 6032 pertulit
1059 5973 1074 6027 ;
1088 5967 1141 6015 et
1152 5959 1240 6032 qui
1252 5959 1516 6035 ait,Sinite
1531 5973 1738 6054 utraque
1748 5982 1966 6030 crescere
1977 5985 2133 6056 usque
2148 6043 2216 6055 -ν

1481 501 1574 560 DE
1609 499 1768 562 FIDE
1807 497 1898 557 ET
1935 491 2291 566 OPERIBUS,
2331 495 2389 554 S.
2429 493 2793 556 AUGUSTINI

3710 501 3837 562 200

2216 613 2285 667 ad
2313 629 2538 681 messem,
2563 631 2626 669 ne
2644 619 2775 687 forte
2801 613 2922 668 dum
2963 613 3112 670 vultis
3139 616 3375 688 colligere
3401 617 3615 684 zizania,
3653 621 3834 677 simul

2217 707 2478 762 eradicetis
2506 716 2551 761 et
2577 709 2797 762 triticum
2819 707 3028 780 (Matth.
3053 724 3163 776 xm,
3187 708 3277 775 29,
3301 710 3423 781 50);
3449 712 3704 783 retiaque
3729 715 3826 770 illa

2218 803 2272 857 in
2300 801 2641 858 similitudine
2669 802 2920 858 Ecclesia:
2948 818 3115 873 usque
3143 803 3207 858 ad
3225 804 3389 869 littus,
3409 804 3511 860 hoc
3538 819 3617 861 ρει
3639 823 3830 878 usque

2220 893 2286 948 ad
2307 894 2485 950 saeculi
2516 893 2695 959 linem,
2728 893 2898 949 bonos
2925 901 2980 949 et
3004 895 3172 949 malos
3201 895 3371 964 pisces
3397 894 3641 950 habitura
3675 914 3830 968 pra:-

2219 986 2379 1050 dixit;
2413 997 2465 1042 et
2489 995 2701 1055 cratera,
2735 987 2779 1040 si
2821 1001 2922 1058 qua
2961 986 3028 1042 de
3065 988 3416 1058 permixtione
3461 989 3740 1044 bonorum
3772 1003 3831 1048 et

2222 1079 2480 1134 malorum
2532 1079 2643 1132 sive
2689 1086 2872 1148 aperte
2897 1079 3010 1136 sive
3047 1095 3144 1149 per
3183 1071 3563 1136 similitudines
3592 1081 3827 1138 locutus

2223 1179 2305 1225 est
2333 1188 2344 1223 :
2376 1185 2481 1225 non
2519 1169 2639 1225 ideo
2687 1179 2862 1226 tamen
2907 1171 3254 1227 omittendam
3299 1175 3508 1229 censuit
3550 1174 3825 1230 Ecclesiae

2224 1262 2586 1333 disciplinam;
2610 1262 2720 1318 imo
2746 1278 2875 1319 vero
2901 1263 3176 1319 admonuit
3197 1265 3572 1332 adhibendam,
3594 1267 3827 1338 quando

2225 1357 2330 1411 ait:
2362 1356 2612 1412 Attendite
2631 1356 2800 1424 vobis;
2827 1358 2872 1412 si
2897 1362 3169 1430 peccaverit
3196 1359 3249 1414 in
3265 1369 3311 1415 te
3327 1363 3483 1431 frater
3499 1371 3635 1426 tuus,
3663 1364 3822 1428 vade,

2227 1458 2274 1504 et
2298 1450 2495 1520 corripe
2526 1466 2638 1504 eum
2664 1451 2791 1504 inter
2821 1459 2867 1504 te
2919 1461 2965 1505 et
2988 1451 3154 1521 ipsum
3180 1453 3362 1506 solum.
3396 1452 3458 1508 Si
3481 1454 3706 1507 audierit
3754 1463 3821 1520 te,

2229 1540 2452 1596 lucratus
2479 1542 2576 1596 eris
2605 1541 2812 1612 fratrem
2853 1550 3011 1596 tuum.
3041 1541 3103 1598 Si
3129 1552 3296 1597 autem
3329 1561 3428 1598 non
3474 1544 3698 1598 audierit
3752 1555 3820 1612 te,

2229 1649 2429 1687 assume
2451 1642 2610 1687 tecum
2639 1650 2796 1687 unum
2827 1633 2904 1687 vel
2929 1633 3075 1700 duos,
3099 1642 3155 1686 ut
3175 1635 3227 1688 in
3255 1651 3340 1688 ore
3367 1635 3563 1689 testium
3594 1635 3824 1689 duorum

2231 1724 2306 1778 vel
2334 1724 2487 1777 trium
2514 1734 2607 1778 stet
2646 1741 2792 1779 omne
2819 1725 3039 1780 verbum.
3075 1725 3224 1792 Quod
3252 1727 3296 1780 si
3322 1743 3420 1780 non
3447 1727 3662 1780 audierit
3712 1745 3820 1792 eos,

2232 1814 2314 1868 dic
2346 1814 2600 1871 Ecclesitc.
2625 1817 2685 1871 Si
2711 1825 2880 1872 autem
2905 1833 2994 1871 nec
3034 1817 3317 1872 Ecclesium
3359 1819 3600 1886 audierit,
3632 1821 3703 1874 sit
3735 1820 3824 1874 tibi

2234 1918 2472 1979 tanquam
2501 1910 2724 1964 ethnicus
2750 1919 2796 1964 et
2827 1911 3143 1981 publicanus.
3175 1912 3374 1968 Deinde
3403 1913 3568 1982 ipsius
3611 1915 3820 1968 severi-

2237 2001 2360 2056 tatis
2402 2012 2660 2057 terrorem
2699 2003 3071 2072 gravissimum
3125 2004 3318 2075 adjecit
3363 2007 3525 2060 etiam
3562 2020 3631 2061 eo
3678 2005 3818 2072 loco,

2234 2092 2415 2149 dicens
2445 2111 2456 2146 :
2494 2095 2619 2160 Qua:
2646 2095 2891 2148 solveritis
2917 2094 2969 2148 in
2993 2105 3144 2162 terra,
3167 2096 3331 2150 soluta
3353 2104 3500 2150 erunt
3517 2105 3563 2151 et
3587 2097 3643 2150 in
3663 2098 3816 2161 uelo,

2234 2193 2282 2239 et
2306 2201 2420 2256 qua:
2453 2186 2724 2256 ligaveritis
2753 2187 2806 2240 in
2833 2196 2988 2251 terra,
3012 2189 3168 2258 ligata
3193 2200 3336 2242 erunt
3363 2198 3410 2242 et
3452 2190 3504 2242 in
3550 2189 3678 2244 caelo
3710 2188 3818 2260 (Id.

2236 2292 2383 2343 xvm,
2418 2277 2629 2348 15-18).
2663 2277 2917 2332 Prohibet
2955 2278 3114 2333 etiam
3157 2288 3399 2334 sanctum
3441 2279 3556 2334 dari
3595 2280 3821 2335 canibus

2237 2367 2346 2438 (Id.
2377 2384 2471 2434 vn,
2522 2369 2601 2440 6).
2647 2369 2757 2426 Nec
2791 2371 3089 2426 contrarius
3116 2380 3197 2426 est
3234 2371 3521 2442 Apostolus
3569 2373 3819 2438 Domino,

2237 2459 2358 2529 quia
2398 2460 2544 2527 dicit,
2575 2461 2848 2517 Peccantes
2874 2480 3044 2517 coram
3086 2464 3313 2520 omnibus
3354 2481 3527 2538 argue,
3570 2477 3629 2519 ut
3657 2465 3824 2520 ceteri

2239 2553 2701 2607 timorenrhabeant
2725 2553 2768 2626 (Ι
2791 2553 2922 2608 Tim.
2945 2571 2996 2621 v,
3018 2555 3110 2628 ΞΟ)
3133 2573 3146 2623 ;
3173 2571 3294 2612 cum
3324 2558 3412 2613 ille
3434 2557 3596 2625 dicat,
3615 2557 3824 2626 Corripe

2238 2659 2351 2697 eum
2380 2645 2509 2698 inter
2530 2654 2576 2699 te
2606 2653 2650 2700 et
2677 2647 2862 2716 ipsum.
2900 2647 3193 2718 Utrumque
3214 2649 3358 2703 enim
3388 2649 3690 2704 faciendum
3721 2657 3820 2712 est,

2239 2735 2375 2789 sicut
2401 2736 2721 2792 infirmitatis
2746 2736 3023 2794 diversitas
3052 2739 3302 2794 admonet
3325 2755 3508 2796 eorum
3553 2756 3692 2811 quos
3721 2739 3821 2794 uti.

2239 2843 2342 2898 que
2371 2843 2475 2883 non
2511 2830 2840 2900 perdendos,
2908 2830 3001 2886 sed
3044 2832 3389 2903 corrigendos
3453 2832 3822 2904 curandosque

2240 2921 2606 2990 suscepimus;
2650 2929 2704 2977 et
2745 2921 2880 2977 alius
2909 2923 3005 2988 sic,
3053 2923 3188 2978 alius
3229 2933 3406 2980 autem
3437 2925 3514 2979 sic
3557 2924 3820 2981 sanandus

2241 3020 2341 3067 est.
2364 3012 2440 3066 Ita
2465 3013 2625 3067 etiam
2649 3021 2732 3069 est
2753 3015 2887 3069 ratio
2907 3013 3274 3071 dissimulandi
3300 3025 3354 3073 et
3376 3016 3637 3073 tolerandi
3661 3017 3823 3072 malos

2241 3105 2295 3159 in
2325 3104 2562 3160 Ecclesia
2595 3113 2690 3161 :et
2725 3114 2807 3162 est
2834 3122 3020 3163 rursus
3050 3109 3188 3163 ratio
3224 3108 3515 3180 castigandi
3564 3117 3619 3165 et
3657 3108 3820 3164 corri-

2240 3196 2435 3268 piendi,
2461 3213 2567 3253 non
2586 3197 2897 3254 admittendi
2926 3201 3063 3255 vela
3089 3201 3466 3257 communione
3493 3199 3820 3257 removendi.

2313 3288 2537 3346 CAPUT
2575 3289 2663 3345 IV.
2689 3320 2759 3330 —
2787 3291 2841 3346 5.
2868 3289 3082 3347 Errores
3128 3309 3230 3347 non
3283 3293 3589 3348 servantium
3623 3293 3822 3347 modum

2242 3380 2293 3434 in
2315 3381 2594 3451 Scripturis
2615 3381 2970 3452 intelligendis.
3002 3383 3381 3439 Donatistarum
3407 3385 3566 3440 errori
3593 3385 3732 3439 alius
3753 3400 3825 3439 eth

2241 3488 2328 3526 ror
2356 3473 2636 3528 contrarius
2665 3490 2726 3527 ea:
2752 3474 3031 3545 Scripturis
3062 3493 3324 3549 perperam
3356 3478 3592 3548 acceptis.
3637 3478 3825 3534 Errant

2243 3571 2416 3616 autem
2461 3563 2736 3631 homines,
2784 3580 2889 3620 non
2932 3577 3207 3624 servantes
3234 3568 3489 3635 modum;
3534 3578 3738 3624 etcum
3774 3568 3825 3622 in

2243 3666 2401 3708 unam
2429 3663 2632 3724 partem
2663 3656 2968 3726 procliviter
2993 3658 3071 3714 ire
3092 3659 3371 3729 coeperint,
3404 3673 3509 3714 non
3535 3659 3824 3730 respiciunt

2243 3744 2437 3799 divinae
2467 3747 2794 3802 auctoritatis
2819 3748 2921 3803 alia
2952 3750 3276 3819 testimonia,
3306 3751 3498 3822 quibus
3525 3751 3740 3822 possint
3766 3749 3824 3805 ab

2245 3841 2336 3896 illa
2366 3841 2657 3899 intentione
2707 3845 2968 3912 revocari,
3014 3853 3068 3900 et
3116 3846 3168 3900 in
3215 3861 3275 3901 ca
3317 3861 3436 3916 qua:
3471 3861 3539 3902 ex
3587 3846 3824 3916 utrisque

2246 3941 2534 4004 temperata
2562 3945 2646 3991 est
2695 3937 2918 3992 veritate
2963 3953 3025 3993 ac
3068 3937 3434 3995 moderatione
3485 3939 3824 3994 consistere:

2247 4042 2348 4082 nec
2368 4027 2421 4081 in
2453 4027 2554 4084 hac
2577 4044 2637 4084 re
2669 4037 2892 4099 tantum,
2937 4030 3005 4086 de
3035 4047 3137 4103 qua
3169 4047 3308 4087 nunc
3337 4034 3560 4104 quaestio
3601 4042 3707 4097 est,
3740 4029 3825 4088 sed

2246 4119 2403 4174 etiam
2428 4119 2478 4173 in
2506 4119 2622 4175 aliis
2648 4121 2844 4176 multis.
2868 4121 2997 4177 Nam
3013 4122 3224 4193 quidam
3241 4125 3504 4180 intuentes
3529 4123 3823 4181 divinarum

2248 4213 2548 4268 testimonia
2593 4214 2932 4284 Litterarum,
2963 4217 3154 4287 quibus
3207 4232 3346 4273 unus
3396 4216 3538 4274 Deus
3574 4217 3825 4274 colendus

2248 4305 2564 4374 insinuatur,
2583 4307 2827 4362 eumdem
2846 4308 3055 4364 Patrem
3075 4310 3162 4380 qui
3185 4317 3267 4364 est
3287 4309 3472 4376 Filius,
3488 4319 3824 4380 sanctumque

2249 4397 2502 4468 Spiritum
2535 4407 2882 4470 putaverunt;
2931 4401 3019 4456 alii
3063 4417 3246 4457 rursus
3281 4401 3442 4459 veluti
3478 4403 3668 4458 morbo
3709 4417 3824 4458 con-

2249 4493 2415 4547 trario
2443 4492 2764 4561 laborantes,
2791 4509 2913 4549 cum
2943 4494 3278 4551 attenderem
3297 4510 3357 4552 ea
3385 4497 3577 4566 quibus
3603 4494 3825 4551 Trinitas

2249 4584 2570 4654 declaratur,
2597 4603 2696 4643 nec
2722 4589 2962 4643 valerent
2987 4589 3281 4660 intelligere
3307 4594 3578 4662 quomodo
3605 4593 3675 4648 sit
3703 4603 3826 4646 unus

2248 4676 2407 4743 Deus,
2435 4693 2554 4733 cum
2579 4687 2634 4733 et
2657 4679 2814 4735 Pater
2840 4694 2944 4736 non
2972 4681 3041 4736 sit
3061 4681 3244 4749 Filius,
3263 4698 3364 4738 nec
3379 4683 3545 4740 Filius
3565 4684 3635 4739 sit
3657 4685 3821 4750 Pater,

2249 4782 2348 4823 nec
2375 4769 2600 4838 Spiritus
2625 4780 2841 4826 sanctus
2869 4780 2960 4828 aut
2983 4772 3150 4829 Filius
3178 4785 3268 4830 aut
3290 4775 3470 4843 Pater,
3499 4776 3826 4834 diversitates

2248 4861 2408 4916 etiam
2443 4863 2853 4920 substantiarum
2881 4867 3199 4924 asserendas
3231 4878 3569 4940 putaverunt.
3611 4871 3827 4938 Quidam

2251 4953 2518 5010 intuentes
2560 4957 2612 5011 in
2663 4955 2954 5028 Scripturis
3003 4970 3202 5016 sanctae
3243 4960 3562 5029 virginitatis
3600 4965 3824 5029 laudem,

2249 5048 2510 5103 connubia
2540 5050 2925 5108 damnaverunt
2952 5072 2966 5110 :
2995 5054 3207 5125 quidam
3235 5071 3421 5112 rursus
3448 5071 3510 5112 ea
3534 5058 3826 5114 testimonia

2249 5152 2618 5199 consectantes
2639 5146 2831 5215 quibus
2857 5155 3002 5202 casta
3033 5150 3275 5220 conjugia
3307 5151 3690 5220 praedicantur,
3731 5152 3826 5204 vir-

2249 5233 2521 5301 ginitatem
2567 5238 2764 5307 nuptiis
2789 5250 3151 5309 mquaverunt.
3175 5241 3400 5309 Quidam
3427 5259 3548 5298 cum
3578 5244 3824 5314 legerent,

2248 5322 2447 5380 Bonum
2465 5337 2556 5396 est,
2579 5333 2782 5400 fratres,
2801 5348 2902 5386 non
2927 5333 3234 5407 manducare
3254 5351 3475 5403 carnem,
3500 5353 3660 5407 neque
3681 5339 3824 5391 bibere

2249 5417 2418 5472 vinum
2441 5416 2614 5490 (Rom.
2642 5437 2752 5490 xxv,
2776 5421 2891 5495 21),
2930 5432 2986 5479 et
3008 5404 3263 5482 nonriulla
3283 5427 3508 5495 similia;
3537 5404 3824 5485 creaturam

2249 5507 2345 5564 Dei
2373 5518 2444 5576 et,
2471 5528 2602 5582 quas
2625 5513 2932 5583 voluerunt,
2971 5532 3122 5574 escas
3153 5520 3452 5577 immundas
3496 5537 3618 5579 esse
3647 5537 3824 5579 sense-

2249 5610 2372 5656 runt
2397 5620 2410 5656 :
2435 5604 2648 5674 quidam
2671 5621 2798 5661 vero
2828 5608 3084 5680 legentes,
3119 5612 3298 5668 Omnis
3323 5622 3553 5670 creatura
3581 5614 3684 5670 Dei
3709 5618 3826 5670 bona

2249 5702 2343 5762 est,
2375 5703 2419 5749 et
2468 5696 2598 5750 nihil
2629 5696 2966 5768 abjiciendum
3011 5704 3146 5773 quod
3192 5721 3303 5759 cum
3332 5708 3616 5778 gratiarum
3642 5709 3827 5763 actione

2249 5787 2525 5860 percipitur
2556 5789 2597 5861 (l
2621 5788 2756 5844 Tim.
2779 5808 2853 5862 IV,
2878 5793 2956 5866 4),
2986 5796 3039 5850 in
3077 5799 3420 5854 voracitatem
3456 5800 3825 5857 vinolentiam-

2250 5894 2354 5950 que
2377 5879 2598 5951 collapsi
2619 5891 2774 5952 sunt;
2808 5899 2912 5940 non
2934 5886 3034 5942 sibi
3060 5889 3296 5946 valentes
3319 5890 3534 5948 auferre
3558 5894 3706 5962 vitia,
3732 5890 3824 5956 nisi

2253 5972 2333 6044 eis
2362 5986 2393 6038 θ
2413 5973 2684 6041 contrario
2708 5977 2792 6044 vel
2817 5985 2962 6048 tanta
2991 5981 3080 6060 vel
3101 5981 3303 6066 majora
3323 5985 3695 6066 succederent,
