3960 6490
496 14 899 24 οῂτήφκτῄν-
964 20 1007 21 7

107 385 231 441 697

112 501 494 557 Hebraeorum
520 499 713 555 dicitur
737 498 845 553 Deo
868 539 883 567 ,
911 511 1067 567 quem
1109 497 1395 551 conﬁtente
1422 502 1569 548 tanto
1598 493 1720 563 phi-

117 592 401 663 1050pho,
457 591 617 646 etiam
650 590 764 660 ipsa
802 589 1019 643 numina
1066 587 1508 657 perhorrescunt,
1557 584 1726 653 Opera

117 700 384 737 manuum
429 692 630 735 tuarum
673 690 789 735 sunt
808 678 920 733 coeli
956 720 970 743 ,
1008 679 1107 749 ipsi
1135 678 1384 749 peribunt.
1437 672 1722 745 Numquid,

119 775 357 845 quando
399 774 521 830 (ιωιὶ
569 772 860 842 peribunt,
906 769 1136 826 mundus
1161 809 1176 833 ,
1219 769 1371 837 cujus
1403 767 1561 822 iidem
1604 765 1726 821 cmli

124 868 390 937 superior
419 880 542 935 pars
571 872 653 918 est
674 864 867 928 tutior,
891 877 997 917 non
1027 860 1263 931 peribit?
1289 859 1487 935 Sihaec
1512 865 1726 913 senten-

130 960 206 1013 tia
238 958 363 1013 «Ιογί
392 957 675 1025 displicet,
706 953 892 1023 cujus,
926 961 987 1007 ut
1012 952 1196 1007 scribit
1226 951 1327 1005 iste
1357 948 1723 1020 philosophus,

131 1050 290 1103 velut
317 1047 577 1117 gravioris
604 1044 934 1100 auctoritatis
965 1043 1181 1099 oraculo
1209 1043 1262 1096 in
1311 1040 1725 1096 christianorum

134 1141 464 1197 credulitate
490 1139 769 1207 culpatur;
802 1151 898 1191 cur
925 1150 1031 1189 non
1079 1134 1327 1188 similiter
1373 1130 1687 1200 sapientiam
1710 1170 1725 1197 ,

137 1242 401 1302 tanquam
430 1230 708 1285 stultitiam
733 1270 748 1295 ,
789 1227 970 1297 culpat
998 1225 1344 1282 Hebraeorum
1364 1266 1379 1289 ,
1421 1223 1473 1276 in
1503 1235 1731 1292 quorum

135 1325 295 1379 libris
327 1322 581 1393 piissimis
634 1320 942 1376 invenitur?
990 1319 1156 1373 Porro
1205 1317 1250 1370 si
1295 1316 1345 1369 in
1374 1315 1463 1368 illa
1514 1313 1729 1383 sapien-

141 1416 217 1469 tia
251 1417 291 1479 ι,
323 1430 443 1482 quae
472 1413 772 1484 Porphyrio
820 1419 927 1465 tam
974 1410 1200 1465 multum
1256 1408 1464 1478 placet,
1505 1415 1565 1460 ut
1612 1419 1732 1461 eam

139 1506 370 1560 deorum
414 1521 625 1576 quoque
670 1518 890 1559 suorum
915 1502 1136 1557 vocibus
1186 1500 1481 1571 praedicet,
1538 1498 1732 1568 legitur

141 1602 317 1655 oculos
341 1614 461 1655 esse
501 1600 802 1670 perituros;
836 1613 931 1653 cur
978 1611 1146 1666 usque
1171 1595 1307 1650 adeo
1325 1609 1460 1648 vana
1504 1601 1588 1648 est
1630 1590 1733 1645 ista

146 1694 377 1759 fallacia,
408 1702 467 1746 ut
494 1692 547 1746 in
593 1691 696 1745 ﬁde
721 1690 1144 1745 Christianorum
1167 1730 1182 1754 ,
1210 1688 1293 1742 vel
1339 1688 1478 1741 inter
1505 1691 1695 1739 caetera
1715 1723 1731 1749 ,

146 1785 233 1839 vel
258 1799 364 1853 prae
390 1783 600 1838 caeteris
625 1781 727 1836 hoc
755 1781 1106 1845 detestentur,
1126 1778 1266 1848 quod
1292 1778 1345 1832 in
1367 1792 1430 1833 ea
1465 1776 1734 1846 periturus

152 1875 390 1931 creditur
416 1873 645 1929 mundus
676 1914 692 1940 ,
719 1887 824 1943 quo
872 1873 1051 1941 utique
1081 1872 1179 1925 nisi
1230 1877 1455 1940 perunte
1480 1867 1599 1923 cmli
1629 1880 1735 1920 non

152 1976 377 2039 possunt
421 1966 635 2037 perire?
664 1965 731 2020 Et
777 1966 830 2020 in
858 1965 1074 2029 Litteris
1112 1963 1323 2033 quidem
1367 1960 1570 2025 sacris,
1617 1971 1737 2028 quae

152 2062 365 2131 proprie
390 2069 588 2114 nostra:
616 2066 759 2122 sunt,
792 2072 896 2112 non
927 2056 1165 2112 Hebraeis
1191 2054 1451 2124 nobisque
1495 2065 1738 2106 commu-

153 2169 251 2210 nes
268 2193 283 2217 ,
308 2152 362 2207 id
380 2161 487 2219 est,
517 2153 570 2206 in
596 2151 914 2221 evangelicis
933 2160 987 2205 et
1014 2148 1320 2219 apostolicis
1348 2145 1498 2201 libris
1523 2144 1735 2213 legitur,

156 2244 395 2299 Prteterit
423 2244 590 2314 ﬁgura
618 2243 772 2314 hujus
795 2240 972 2294 mundi
1017 2238 1063 2309 (ι
1090 2238 1208 2294 Cor.
1242 2253 1335 2303 vn,
1362 2237 1492 2306 51):
1526 2234 1736 2304 legitur,

158 2336 387 2393 Mundus
416 2337 595 2390 transit
645 2334 689 2405 (ι
708 2333 865 2389 Joan.
911 2349 986 2400 ιι,
1016 2332 1105 2403 17)
1142 2350 1155 2386 :
1187 2332 1377 2400 legitur
1406 2371 1421 2397 ,
1459 2326 1651 2382 Cretum
1693 2334 1741 2379 et

158 2439 291 2483 terra
320 2427 607 2482 transibunt
638 2466 653 2493 ,
706 2424 917 2497 (Matth.
946 2439 1053 2478 χχιι
1079 2463 1095 2489 ,
1136 2423 1251 2491 '55).
1284 2420 1390 2476 Sed
1434 2429 1558 2489 puto
1598 2416 1742 2489 quod

159 2522 400 2591 prseterit,
452 2519 652 2585 transit,
708 2517 1011 2582 transibunt,
1063 2512 1343 2583 aliquando
1381 2512 1561 2565 mitius
1601 2509 1741 2563 dicta

160 2623 325 2679 sunt,
368 2627 530 2682 quam
591 2610 838 2682 peribunt.
888 2608 945 2664 lu
1020 2605 1252 2677 Epistola
1311 2617 1524 2674 quoque
1599 2600 1743 2655 Petri

160 2706 412 2779 apostoli,
446 2704 536 2760 ubi
559 2719 697 2773 aqua
734 2701 1018 2757 inundatos
1044 2741 1060 2766 ,
1083 2698 1176 2769 qui
1199 2708 1324 2753 tunc
1346 2704 1460 2751 erat
1491 2736 1507 2762 ,
1538 2693 1744 2764 perisse

162 2800 336 2857 dictus
365 2806 451 2853 est
469 2796 698 2851 mundus
727 2794 798 2865 (ll
830 2792 973 2848 Petr.
1005 2808 1085 2857 ιιι,
1112 2790 1190 2859 6),
1219 2789 1347 2844 satis
1386 2786 1591 2842 clarum
1620 2792 1702 2839 est
1724 2823 1740 2849 ,

160 2906 212 2950 et
236 2908 362 2964 quae
386 2906 509 2961 pars
538 2889 720 2945 mundi
747 2905 777 2942 a
804 2896 914 2942 toto
941 2884 1255 2955 signiﬁcata,
1282 2890 1338 2936 et
1361 2888 1622 2951 quatenus
1648 2891 1743 2946 pe—

162 2987 299 3042 risse
328 2983 471 3039 dicta
499 2983 585 3047 sit,
631 2989 684 3036 et
709 2979 798 3050 qui
824 2978 946 3034 caeli
975 2975 1189 3046 repositi
1226 2973 1331 3041 igni
1360 2968 1666 3026 reservandi
1693 2968 1744 3022 in

164 3076 307 3132 diem
325 3073 510 3145 judicii
541 3082 594 3127 et
626 3069 937 3142 perditionis
960 3066 1233 3122 hominum
1266 3062 1568 3131 impiorum.
1603 3058 1667 3113 Et
1692 3058 1746 3111 in

164 3184 230 3225 eo
253 3166 400 3239 quod
424 3166 582 3236 paulo
611 3172 731 3234 post
756 3163 869 3229 ait,
906 3161 1080 3216 Veniet
1109 3158 1217 3212 dies
1250 3155 1454 3209 Domini
1480 3162 1535 3205 ut
1561 3156 1666 3223 fur,
1694 3151 1748 3204 in

165 3277 262 3333 quo
290 3257 403 3313 ια’λέ
432 3272 616 3328 inagno
651 3257 841 3325 impetu
866 3258 1241 3316 transcurrent,
1294 3247 1538 3301 elementa
1582 3251 1749 3296 autem

167 3351 403 3407 ardentia
428 3348 761 3414 r.solventur,
790 3354 836 3400 et
867 3354 1020 3410 terra,
1039 3350 1086 3396 et
1108 3356 1221 3412 qute
1246 3340 1299 3392 in
1312 3340 1424 3409 ipsa
1450 3344 1566 3389 sunt
1595 3348 1751 3403 apere

166 3451 476 3506 curentur;
501 3455 565 3495 ac
583 3439 776 3495 deinde
804 3436 1033 3506 subjecit
1060 3477 1074 3501 ,
1105 3432 1207 3488 Ilis
1257 3429 1486 3486 omnibus
1535 3442 1751 3499 pereun-

170 3536 301 3590 tibus
329 3533 503 3605 quales
528 3538 722 3602 Oportet
750 3546 836 3584 vos
874 3545 980 3583 esse
1018 3526 1180 3600 (Ibid.
1218 3524 1285 3579 lO
1315 3564 1331 3590 ,
1359 3520 1491 3593 ll)?
1532 3526 1754 3590 possunt

169 3629 246 3685 illi
293 3625 419 3683 caeli
464 3624 683 3695 intelligi
716 3621 935 3692 perituri
966 3662 981 3687 ,
1010 3632 1144 3689 quos
1174 3614 1307 3671 dixit
1343 3612 1604 3682 repositos
1646 3608 1752 3679 igni

170 3718 523 3778 reservandos
543 3736 557 3783 ;
578 3726 633 3773 et
652 3731 715 3772 ea
731 3716 994 3772 elementa
1019 3709 1185 3778 accipi
1214 3721 1419 3771 arsura,
1447 3719 1563 3774 quae
1580 3702 1631 3757 in
1655 3703 1754 3754 hac

171 3816 281 3871 ima
305 3812 488 3869 mundi
509 3819 659 3883 parte
678 3807 974 3863 subsistunt
1011 3801 1306 3874 procellosa
1333 3806 1390 3853 et
1415 3795 1714 3851 turbulenta
1733 3833 1747 3856 ,

172 3908 226 3963 in
255 3921 357 3977 qua
378 3903 595 3960 eosdem
624 3901 793 3957 coalos
813 3897 948 3953 dixit
976 3909 1095 3950 esse
1110 3891 1374 3962 repositos
1398 3929 1414 3956 ,
1454 3886 1616 3941 salvis
1651 3883 1757 3938 illis

172 3976 543 4070 superioribus
574 4036 590 4061 ,
618 4002 673 4049 et
718 3993 771 4047 in
798 4006 892 4045 sua
932 3989 1231 4059 integritate
1280 3978 1651 4042 manentibus,
1701 3976 1757 4029 in

174 4068 406 4161 quorum
436 4087 771 4142 ﬁrmamento
804 4089 931 4137 sunt
976 4078 1151 4134 sidera
1198 4072 1502 4152 constituta.
1534 4068 1668 4123 Nam
1704 4075 1759 4121 et

176 4180 306 4238 illud
330 4178 473 4250 quod
497 4178 750 4246 scriptum
772 4183 854 4229 est
875 4213 891 4239 ,
919 4170 1108 4227 stellas
1132 4167 1200 4222 de
1229 4165 1366 4220 caelo
1389 4176 1511 4218 esse
1538 4172 1759 4215 casuras

178 4271 394 4345 (Matth.
424 4284 549 4325 xxiv
573 4310 589 4335 ,
615 4265 709 4339 29)
734 4306 749 4331 ,
776 4273 974 4336 ιπίιξιθτ
997 4259 1137 4332 quod
1171 4264 1345 4327 potest
1371 4253 1539 4309 multo
1564 4251 1758 4322 proba-

180 4365 339 4420 bilius
368 4366 425 4418 et
449 4361 605 4415 aliter
622 4356 861 4425 intelligi,
886 4353 1056 4423 magis
1080 4347 1314 4405 ostendit
1339 4357 1620 4400 mansuros
1640 4355 1762 4396 esse

179 4459 303 4512 illos
322 4455 490 4511 eteius
518 4452 600 4507 :si
630 4460 811 4506 tamen
836 4446 1001 4502 stella:
1050 4442 1173 4499 inde
1201 4454 1405 4497 casurae
1440 4445 1594 4500 sunt;
1639 4447 1762 4488 cum

180 4548 262 4603 vel
287 4544 491 4615 tropica
517 4543 587 4598 sit
611 4541 809 4596 locutio
832 4579 849 4607 ,
880 4535 1023 4608 quod
1074 4541 1155 4589 est
1193 4528 1527 4591 credibilius,
1567 4524 1653 4579 vel
1708 4522 1764 4576 in

182 4640 286 4696 isto
314 4640 426 4693 imo
469 4634 609 4690 coelo
637 4631 869 4687 futurum
915 4628 1041 4693 sit”,
1071 4625 1250 4693 utique
1279 4617 1574 4675 mirabilius
1602 4626 1761 4685 quam

185 4746 327 4787 nunc
363 4729 446 4783 ﬁt.
478 4725 631 4783 Unde
657 4733 711 4779 et
736 4723 825 4778 illa
854 4720 1139 4790 Virgiliana

304 4841 454 4893 Stella
477 4839 634 4891 facem
654 4838 840 4888 ducens
860 4832 1010 4885 multa
1031 4845 1142 4883 cum
1164 4829 1277 4880 luce
1298 4827 1542 4885 cucurrit,

185 4941 237 4986 et
256 4931 392 4985 Idaea
421 4942 480 4982 se
509 4925 745 4981 condidit
766 4924 896 4977 silva
922 4919 1160 4988 (Aineid.
1184 4914 1274 4970 lib.
1296 4930 1330 4968 ιι
1352 4955 1367 4979 ,
1401 4930 1449 4967 υ.
1468 4910 1590 4973 694,
1614 4903 1763 4977 696.)

188 5023 298 5077 lloc
326 5028 505 5074 autem
548 5015 687 5087 quod
730 5014 798 5069 de
839 5012 1050 5068 Psalmo
1089 5003 1522 5066 commemoravi,
1567 4999 1771 5054 nullum

188 5108 700 5170 ctelorum'videtur
745 5104 1086 5173 relinquere,
1132 5096 1275 5168 quod
1312 5095 1603 5166 periturum
1649 5104 1771 5143 esse

189 5219 292 5259 non
322 5202 539 5258 dixerit.
571 5199 670 5255 Ubi
692 5197 836 5252 enim
860 5194 1074 5260 dicitur,
1108 5189 1277 5261 Opera
1296 5201 1536 5241 manuum
1573 5194 1774 5237 tuarum

190 5305 302 5351 sunt
331 5294 466 5359 coeli,
496 5292 594 5362 ipsi
615 5290 878 5361 peribunt;
904 5300 1063 5357 quam
1090 5282 1290 5339 nullum
1316 5294 1501 5335 eorum
1519 5277 1587 5332 ab
1610 5290 1774 5346 opere

193 5387 303 5452 Dei,
357 5395 464 5441 tam
492 5382 693 5438 nullum
728 5394 915 5435 eorum
936 5394 967 5433 a
993 5374 1289 5447 perditione
1312 5369 1627 5425 secernitur.
1659 5366 1776 5421 Non

194 5484 336 5536 enim
355 5478 715 5550 dignabuntur
741 5474 809 5529 de
834 5472 977 5528 Petri
1003 5468 1228 5541 apostoli
1261 5465 1547 5529 locutione,
1579 5476 1741 5530 quem
1757 5458 1778 5490 ⁸

199 5578 543 5632 vehementer
596 5570 852 5635 oderunt,
902 5565 1246 5621 Hebraeorum
1315 5553 1603 5613 defendere
1663 5552 1778 5623 pie-

262 5750 280 5784 ι
316 5748 455 5808 mliti,
482 5753 664 5811 sapient

260 5814 286 5847 ³
316 5812 422 5862 sola
442 5800 597 5862 editio
619 5817 748 5867 Lov.,
767 5808 983 5870 ﬁtturum
998 5802 1060 5854 sit
1081 5800 1286 5866 aliquid.

261 5873 290 5910 ⁸
316 5874 540 5936 Plerique
562 5879 689 5931 Mss,
711 5883 872 5929 quain.

666 5745 715 5795 ia
735 5734 1541 5808 Ιιιάωονιιηι..Α1›ςει,ο.ζιιάωοτιωιν
1565 5742 1594 5780 a
1610 5734 1721 5780 Mss.

1454 377 1651 434 LIBER
1689 373 2065 433 VlGESlMUS.

1831 500 2033 558 tatem,
2086 491 2310 547 deorum
2365 503 2580 546 suorum
2632 487 2862 545 oraculis
2919 488 3304 559 approbatum;
3350 498 3405 559 ut

1831 585 2018 639 saltem
2049 599 2117 639 ne
2144 592 2287 639 totus
2313 583 2542 638 mundus
2570 583 2836 652 periturus
3032 581 3297 647 credatur,
3334 556 3408 636 silc

1832 687 1995 733 atoto
2020 694 2142 749 pars
2170 679 2476 748 accipiatur,
2520 679 2572 733 in
2618 692 2684 733 eo
2730 677 2870 747 quod
2912 677 3109 732 dictum
3158 685 3258 741 est,
3300 677 3411 747 Ipsi

1833 772 2083 839 peribunt,
2115 785 2235 825 cum
2263 770 2361 824 soli
2382 769 2505 825 caeli
2545 769 2708 824 inﬁmi
2734 770 2839 824 sint
2867 769 3120 839 perituri;
3152 769 3409 839 quemad-

1832 861 2047 916 modum
2080 862 2132 915 in
2168 862 2455 931 apostolica
2487 862 2575 915 illa
2605 861 2841 930 Epistula
2867 877 2896 915 a
2923 870 3033 915 toto
3062 876 3185 931 pars
3214 862 3411 931 accipio

1834 963 1938 1020 tur,
1972 953 2111 1023 quod
2137 953 2336 1007 diluvio
2360 953 2563 1022 perisse
2586 951 2756 1007 dictus
2802 961 2883 1006 est
2929 952 3179 1017 mundus,
3222 966 3411 1020 quain-

1833 1044 1914 1098 vis
1955 1045 2066 1098 sola
2090 1043 2206 1113 ejus
2245 1058 2366 1098 cum
2394 1044 2505 1097 suis
2532 1044 2680 1097 caelis
2721 1058 2841 1111 pars
2880 1044 2983 1096 ima
3032 1042 3270 1112 perierit.
3301 1041 3406 1096 Sed

1835 1133 1956 1203 quia
2008 1132 2146 1200 hoc,
2193 1142 2250 1188 ut
2293 1133 2421 1198 dixi,
2469 1148 2572 1187 non
2623 1132 2996 1201 dignabuntur,
3043 1147 3110 1187 ne
3149 1132 3231 1187 vel
3278 1146 3410 1201 apo-

1836 1225 1956 1280 stoli
1996 1225 2135 1279 Petri
2177 1225 2706 1295 approbentsensum
2749 1224 2835 1278 vel
2876 1231 3077 1277 tantum
3120 1222 3413 1277 concedant

1834 1315 2234 1385 conﬂagrationi
2263 1316 2584 1383 novissimae,
2629 1324 2880 1385 quantum
2920 1314 3143 1368 dicimus
3183 1313 3412 1367 valuisse

1836 1408 2112 1474 diluvium,
2142 1407 2232 1478 qui
2258 1407 2414 1467 nullis
2439 1408 2608 1476 aquis,
2628 1407 2787 1460 nullis
2815 1406 3041 1459 ﬂammis
3064 1413 3227 1459 totum
3245 1418 3412 1474 genus

1838 1497 2123 1553 humanum
2164 1513 2320 1567 posse
2344 1498 2515 1566 perire
2543 1496 2869 1551 contendunt
2899 1515 2912 1550 :
2939 1502 3103 1550 restat
3130 1504 3187 1549 ut
3214 1494 3409 1558 dicant,

1837 1589 1975 1659 quod
2012 1599 2289 1659 propterea
2335 1588 2409 1642 dii
2443 1602 2627 1642 eorum
2661 1587 2935 1641 Hebrazam
2964 1586 3278 1656 sapientiam
3305 1585 3417 1637 lauo

1838 1680 2097 1735 daverunt
2124 1721 2138 1744 ,
2161 1681 2281 1749 quia
2312 1680 2472 1734 istum
2493 1679 2759 1734 Psalmum
2786 1692 2892 1731 non
2924 1677 3179 1747 legerant.

1909 1775 1966 1827 2.
1994 1773 2049 1827 ln
2080 1773 2291 1827 Psalmo
2320 1772 2478 1827 etiam
2518 1770 2921 1840 quadragesimo
2948 1784 3091 1823 nono
3110 1769 3177 1822 de
3215 1768 3416 1837 judicio

1843 1866 1937 1922 Dei
1976 1864 2265 1919 novissimo
2325 1863 2633 1932 intelligitur
2678 1860 2913 1925 dictum,
2952 1860 3090 1913 Deus
3126 1860 3418 1930 manifestus

1842 1959 2017 2022 ueniet,
2050 1956 2185 2011 Deus
2225 1967 2409 2019 noster,
2434 1964 2481 2008 et
2509 1970 2610 2009 non
2651 1954 2832 2008 silebit.
2879 1952 3021 2023 Ignis
3061 1953 3116 2005 in
3151 1961 3419 2020 conspectu

1842 2051 1951 2121 ejus
1997 2048 2224 2113 ardebit,
2262 2058 2310 2101 et
2350 2048 2403 2100 in
2437 2046 2700 2100 circumitu
2758 2047 2865 2115 ejus
2914 2054 3180 2114 tempestas
3227 2043 3417 2097 valida.

1842 2141 2114 2196 Advocobit
2140 2141 2317 2194 cretum
2343 2156 2559 2204 sursum,
2591 2148 2637 2192 et
2660 2148 2844 2192 terram
2866 2137 3144 2190 discernere
3180 2139 3422 2206 p0pnlunt

1843 2249 2011 2289 suum.
2043 2231 2350 2302 Congregate
2373 2232 2450 2285 illi
2468 2232 2637 2301 justos
2663 2232 2788 2299 ejus,
2829 2228 2914 2298 qui
2959 2227 3232 2295 disponunt
3271 2235 3422 2279 testa-

1843 2335 2066 2381 mentum
2086 2326 2194 2396 ejus
2216 2340 2368 2392 super
2390 2322 2640 2389 sacriﬁcia
2662 2319 2831 2391 (Psal.
2854 2335 3002 2385 xux,
3027 2318 3164 2387 5-5).
3188 2316 3299 2371 Hoc
3324 2330 3422 2370 nos

1843 2419 1911 2474 de
1941 2418 2163 2473 Domino
2202 2424 2385 2470 nostro
2429 2413 2554 2469 Jesu
2595 2413 2810 2469 Christo
2855 2411 3215 2480 intelligimus,
3265 2423 3423 2477 quem

1846 2510 1913 2566 de
1939 2510 2083 2585 coelo
2103 2520 2376 2577 speramus
2395 2520 2515 2561 esse
2541 2511 2819 2558 venturum
2846 2501 2911 2555 ad
2932 2502 3085 2555 vivos
3108 2508 3163 2554 et
3184 2506 3424 2553 mortuos

1844 2600 2176 2672 judicandos.
2222 2597 2526 2653 Manifestus
2571 2596 2713 2651 enim
2756 2593 2934 2649 veniet
2986 2593 3124 2646 inter
3164 2591 3335 2660 justos
3372 2599 3427 2645 et

1847 2698 2074 2769 injustas
2098 2696 2431 2766 judicaturus
2455 2694 2612 2764 iuste,
2648 2690 2736 2761 qui
2764 2690 2908 2759 prius
2928 2688 3075 2741 venit
3095 2686 3332 2740 occultu‘s
3361 2685 3427 2739 ab

1848 2792 2058 2863 injustis
2092 2787 2409 2858 judicandus
2452 2785 2665 2854 injuste.
2707 2782 2844 2852 Ipse,
2875 2781 3109 2849 inquam,
3137 2776 3429 2844 manifestus

1848 2883 2027 2947 veniet,
2056 2890 2224 2934 etnon
2257 2878 2439 2943 silebit,
2477 2875 2529 2929 id
2577 2882 2676 2937 est,
2720 2873 2773 2926 in
2814 2884 2945 2925 voce
2976 2867 3175 2947 judicis
3213 2864 3430 2921 evidens

1848 2941 2141 3043 apparebit,
2171 2970 2261 3040 qui
2291 2941 2433 3038 prius
2472 2982 2597 3021 cum
2639 2964 2873 3018 venisset
2906 2941 3316 3025 occultus,‘ante
3338 2956 3428 3026 ju-

1849 3064 2021 3120 diccm
2044 3062 2207 3125 siluit,
2223 3058 2434 3129 quando
2454 3057 2591 3113 sicut
2609 3056 2724 3111 ovis
2739 3054 2804 3108 ad
2841 3049 3221 3108 immolandum
3243 3048 3432 3102 ductus

1851 3167 1954 3227 est,
1985 3166 2041 3213 et
2082 3156 2219 3211 sicut
2265 3168 2432 3224 agnus
2469 3165 2648 3206 coram
2697 3147 2948 3204 tondente
2991 3143 3089 3199 fuit
3120 3142 3237 3198 sine
3280 3154 3428 3207 voce,

1852 3248 2297 3322 quemadmodum
2335 3246 2403 3300 de
2432 3245 2521 3299 illo
2551 3258 2645 3312 per
2671 3241 2859 3295 Isaiam
2898 3238 3121 3307 legimus
3149 3232 3433 3305 propheta-

1855 3340 2120 3411 tum(Isai.
2146 3355 2255 3404 un,
2287 3337 2364 3406 7),
2395 3344 2448 3390 et
2473 3336 2528 3390 in
2558 3331 2841 3401 Evangelio
2874 3329 3115 3384 videmus
3158 3325 3433 3395 impletum

1857 3434 2068 3507 (Matth.
2102 3448 2246 3497 xxvr,
2279 3429 2393 3501 63).
2422 3429 2498 3483 De
2516 3428 2636 3497 igne
2683 3438 2813 3479 vero
2840 3432 2894 3477 et
2921 3427 3266 3490 tempestate,
3312 3430 3435 3470 cum

1858 3504 1911 3586 in
1939 3526 2087 3581 Isaite
2112 3521 2387 3594 prophetia
2408 3519 2515 3574 tale
2543 3515 2741 3586 aliquid
2767 3522 3132 3573 tractaremus,
3171 3504 3438 3577 quomodo

1855 3625 2037 3676 essent
2060 3616 2175 3671 haec
2198 3610 2558 3683 intelligenda,
2575 3608 2684 3678 jam
2706 3606 2933 3659 diximus
2964 3602 3111 3672 (cap.
3137 3599 3252 3669 2|).
3283 3595 3437 3663 Quod

1857 3728 1986 3768 vero
2026 3710 2225 3765 dictum
2265 3716 2367 3770 est,
2407 3701 2679 3759 Advocobit
2704 3699 2880 3753 caelum
2905 3710 3103 3749 sursum
3135 3710 3154 3748 :
3184 3687 3434 3760 quoniam

1858 3804 2025 3859 sancti
2048 3812 2101 3857 et
2118 3801 2247 3871 justi
2272 3808 2419 3853 recte
2440 3797 2633 3851 cmlum
2664 3790 3029 3861 appellantur;
3063 3785 3307 3839 nimirum
3339 3786 3440 3835 hoc

1860 3906 1960 3962 est,
1985 3895 2123 3966 quod
2152 3893 2225 3947 ait
2268 3888 2570 3961 Apostolus,
2609 3882 2776 3939 Simul
2819 3897 2933 3934 cum
2955 3878 3056 3932 illis
3101 3874 3352 3945 rapientur
3390 3873 3445 3926 in

1863 3963 2077 4043 nubibus
2104 3986 2157 4038 in
2173 3984 2367 4039 obviam
2383 3980 2580 4035 Christo
2600 3978 2653 4030 in
2668 3990 2787 4030 aera
2812 3971 2864 4043 (ι
2886 3970 3059 4025 Thess.
3086 3984 3158 4033 ιν,
3176 3966 3243 4021 l6
3256 3967 3294 4036 ).
3312 3963 3446 4018 Nam

1864 4078 2154 4136 secundum
2187 4076 2377 4129 litterze
2400 4068 2757 4139 superﬁciem,
2796 4061 3061 4133 quomodo
3102 4073 3309 4114 sursum
3344 4054 3447 4109 ad-

1867 4180 2086 4226 vocatur
2122 4168 2336 4232 coelum,
2364 4162 2510 4234 quasi
2536 4160 2704 4230 possit
2747 4170 2865 4210 esse
2894 4153 2991 4208 nisi
3022 4149 3269 4205 sursum?
3294 4144 3447 4213 Quod

1868 4270 2043 4317 autem
2064 4258 2370 4328 adjunctum
2413 4260 2514 4316 est,
2556 4249 2623 4303 Et
2670 4257 2853 4300 terram
2887 4244 3164 4298 discernere
3203 4236 3445 4307 papulum

1869 4368 2039 4418 suum,
2071 4350 2117 4404 si
2148 4343 2517 4403 tantummodo
2544 4337 2891 4396 subaudiatur
2930 4331 3211 4396 advocabit,
3252 4328 3304 4383 id
3344 4336 3445 4392 est,

1868 4444 2147 4501 advocabit
2181 4450 2236 4498 et
2274 4451 2469 4496 terrain
2495 4478 2511 4504 ,
2555 4450 2655 4491 nec
2680 4430 3026 4488 subaudiatur
3062 4441 3282 4489 sursum,
3306 4422 3449 4477 hunc

1869 4538 2078 4593 videtur
2117 4536 2313 4589 habere
2349 4544 2565 4586 sensum
2606 4523 2896 4581 secundum
2935 4528 3133 4575 rectam
3181 4517 3359 4581 ﬁdem,
3395 4524 3454 4570 ut

1871 4631 2063 4687 coelum
2080 4627 2402 4696 intelligatur
2423 4622 2474 4675 in
2504 4620 2583 4674 eis
2607 4618 2695 4687 qui
2723 4629 2843 4669 cum
2884 4612 2974 4667 illo
2998 4618 3121 4665 sunt
3148 4605 3450 4678 iudicaturi,

1874 4731 1929 4778 et
1955 4729 2095 4775 terra
2125 4718 2177 4772 in
2200 4717 2278 4771 eis
2304 4713 2394 4784 qui
2406 4708 2677 4782 judicandi
2708 4713 2833 4760 sunt
2861 4722 2873 4757 :
2898 4712 2955 4757 ut
2980 4698 3251 4755 Advocabit
3277 4697 3454 4750 malunt

1874 4828 2092 4875 sursum,
2119 4824 2223 4863 non
2254 4807 2340 4861 hic
2367 4802 2742 4871 intelligamus,
2767 4796 2958 4865 Rapiet
2984 4793 3037 4846 in
3066 4805 3223 4854 aera;
3249 4788 3366 4852 sed,
3400 4786 3455 4840 ln

1872 4902 2177 4976 judiciarias
2213 4898 2369 4953 sedes
2389 4894 2578 4964 eriget.
2609 4891 2791 4945 Potest
2813 4895 2867 4942 et
2896 4883 3024 4940 illud
3052 4878 3273 4951 intelligi
3307 4895 3320 4931 :
3356 4877 3460 4932 Ad-

1877 4967 2069 5052 pocabit
2096 4992 2274 5046 calum
2299 5002 2521 5052 sursum,
2554 4979 2848 5039 Advocahit
2883 4976 3112 5046 Angelos
3139 4973 3191 5026 in
3214 4967 3459 5055 supernis

1876 5098 1931 5144 et
1958 5084 2182 5142 excelsis
2213 5081 2365 5146 locis,
2390 5092 2511 5133 cum
2537 5074 2728 5145 quibus
2752 5068 3041 5125 descendat
3074 5064 3140 5119 ad
3163 5060 3462 5117 faciendum

1877 5180 2133 5251 judicium
2163 5195 2176 5229 :
2210 5170 2502 5229 Advocabit
2547 5178 2593 5223 et
2639 5176 2863 5230 terram,
2910 5161 2961 5215 id
2983 5168 3096 5224 est,
3125 5155 3369 5210 homines
3409 5151 3462 5204 in

1883 5242 2023 5327 terra
2062 5267 2241 5337 utique
2263 5260 2599 5334 judicandos.
2638 5256 2696 5311 Si
2723 5262 2898 5308 autem
2944 5258 3227 5315 utrumque
3262 5242 3462 5297 subau-

1883 5363 2134 5421 diendum
2159 5335 2265 5423 est,
2290 5372 2410 5413 cum
2440 5353 2655 5417 dicitur,
2683 5356 2730 5402 et
2759 5358 2962 5406 terram,
2981 5339 3033 5394 id
3059 5346 3141 5392 est
3166 5344 3218 5391 et
3244 5335 3463 5423 advoca-

1888 5455 1977 5520 bit,
2009 5462 2063 5511 et
2092 5422 2322 5515 sursum;
2349 5456 2406 5501 ut
2448 5445 2547 5499 iste
2584 5441 2654 5494 sit
2694 5448 2903 5497 sensus,
2937 5426 3229 5484 Advocabit
3274 5422 3467 5479 malum

1888 5559 2121 5609 sursum,
2166 5550 2219 5598 et
2259 5512 2453 5593 terram
2497 5527 2779 5586 advocabit
2821 5537 3033 5577 sursum
3064 5538 3077 5574 :
3111 5516 3239 5571 nihil
3280 5512 3466 5568 melius

1890 5604 2118 5708 intelligi.
2152 5634 2416 5695 existimo,
2465 5639 2623 5697 quam
2668 5618 2944 5675 homines‘
2974 5615 3061 5685 qui
3111 5610 3379 5682 rapientur
3418 5604 3470 5659 in

1892 5704 2101 5790 obviam
2127 5726 2337 5784 Christo
2370 5723 2424 5776 in
2451 5733 2595 5781 aera,
2639 5714 2733 5770 sed
2774 5712 2966 5769 coelum
3009 5708 3208 5764 dictum
3256 5704 3475 5774 propter

1959 5849 1978 5881 ι
2010 5852 2063 5897 ιιι
2098 5841 2320 5896 omnibus
2338 5844 2468 5898 mss,
2490 5845 2635 5898 quam
2652 5843 2829 5883 armes.
