3960 6506
528 401 635 461 ’103

526 518 768 587 profecto
791 518 894 574 erit
915 517 1173 590 judicium
1194 518 1352 590 quale
1378 533 1650 588 nunquam
1683 517 1799 574 fuit.

524 610 748 666 CAPUT
777 610 1012 668 XXVIII.
1033 641 1098 651 —
1122 611 1199 665 De
1233 613 1341 683 lege
1366 610 1537 683 Moysi
1562 611 1896 682 spiritualiter
1922 611 2112 666 intelli-

597 704 791 775 genda,
839 720 901 757 ne
936 704 991 759 in
1030 702 1341 759 damnabilia
1380 720 1642 758 murmura
1679 706 1901 759 carnalis
1941 721 2114 759 sensus

600 797 845 849 incurrat.

597 887 747 955 Quod
794 902 922 943 vero
966 888 1237 959 subjungit
1276 888 1416 945 idem
1468 890 1766 960 propheta,
1816 889 2118 945 Mementote

528 980 650 1051 legis
678 979 848 1051 Moysi
890 984 1019 1035 servi
1055 968 1177 1045 mei,
1228 1000 1381 1053 quam
1436 984 1671 1037 mandavi
1725 984 1771 1039 ei
1814 985 1866 1037 in
1920 982 2112 1038 Choreb

527 1072 593 1123 ad
620 1088 817 1125 omnem
844 1071 1007 1127 Israel
1037 1072 1287 1147 (Malach.
1314 1090 1387 1142 ιν,
1419 1075 1506 1147 4);
1550 1085 1812 1145 praecepta
1846 1084 1897 1130 et
1919 1076 2115 1145 judicia

528 1175 824 1233 opportune
838 1175 1245 1232 commemorat,
1265 1176 1385 1237 post
1400 1168 1723 1223 declaratum
1742 1177 1847 1221 tam
1866 1183 2113 1236 magnum

531 1256 766 1310 futurum
819 1256 958 1312 inter
1009 1259 1378 1313 observatores
1434 1260 1563 1329 legis
1616 1269 2117 1329 contemptoresque

533 1347 850 1414 discrimen;
895 1350 1052 1405 simul
1080 1352 1239 1406 etiam
1264 1361 1320 1406 ut
1342 1352 1548 1407 discant
1570 1353 1741 1424 legem
1770 1354 2117 1423 spiritualiter

532 1438 828 1509 intelligere
854 1482 867 1504 ,
912 1451 965 1495 et
1011 1442 1286 1497 inveniant
1313 1443 1364 1497 in
1392 1458 1454 1498 ea
1480 1443 1749 1498 Christum
1771 1486 1785 1509 ,
1818 1460 1911 1515 per
1958 1459 2115 1515 quem

528 1528 757 1598 judicem
781 1529 1017 1586 facienda
1039 1541 1122 1587 est
1147 1533 1285 1588 inter
1308 1535 1478 1589 bonos
1502 1544 1556 1590 et
1584 1536 1753 1591 malos
1773 1536 1884 1607 ipsa
1911 1537 2119 1592 discre-

531 1621 623 1674 tio.
654 1622 766 1675 Non
812 1624 952 1677 enim
982 1623 1175 1680 frustra
1217 1626 1354 1681 idem
1396 1628 1652 1682 Dominus
1681 1630 1755 1683 ait
1791 1629 2023 1697 Judacis,
2057 1629 2117 1687 Si

530 1714 797 1768 crederetis
842 1715 1042 1786 Moysi,
1091 1718 1357 1773 crederetis
1392 1729 1436 1773 et
1480 1721 1640 1787 mihi;
1668 1722 1731 1775 de
1766 1739 1843 1776 me
1872 1725 2002 1794 enim
2033 1724 2119 1778 ille

530 1805 732 1875 scripsit
772 1804 952 1876 (Joan.
983 1824 1045 1874 ν,
1079 1808 1193 1879 46).
1244 1808 1541 1865 Carnaliter
1575 1813 1767 1883 quippe
1807 1814 2117 1885 accipiendo

537 1896 741 1965 legem,
790 1906 844 1954 et
886 1899 1000 1968 ejus
1041 1902 1300 1971 promissa
1344 1911 1555 1957 terrena
1597 1920 1774 1959 rerum
1818 1906 2116 1962 caelestium

535 1988 730 2058 ﬁguras
756 2005 874 2045 esse
896 1992 1213 2057 nescientes,
1258 1994 1308 2047 in
1351 1994 1435 2048 illa
1468 2011 1737 2050 murmura
1768 2011 2114 2064 corruerunt,

530 2089 589 2136 ut
618 2082 795 2139 dicere
829 2085 1113 2152 auderent,
1162 2086 1331 2141 Vanus
1359 2096 1429 2142 est
1455 2090 1540 2159 qui
1577 2091 1727 2143 servit
1752 2089 1862 2144 Deo
1884 2107 1903 2147 .°
1925 2102 1970 2145 et
1996 2093 2118 2163 quid

532 2173 783 2242 amplius,
811 2176 929 2245 quia
965 2177 1321 2232 custodivimus
1355 2180 1595 2233 mandata
1624 2182 1732 2251 ejus
1750 2224 1765 2249 ,
1794 2192 1839 2236 et
1868 2184 1986 2252 quia
2012 2201 2119 2237 am-

529 2260 810 2317 bulavimus
832 2268 1112 2336 supplices‘
1139 2280 1255 2323 ante
1288 2271 1470 2340 facient
1493 2270 1700 2326 Domini
1727 2276 2121 2342 omnipotentis?

528 2349 599 2404 Et
645 2370 777 2407 nunc
819 2372 909 2409 nos
953 2355 1122 2412 beatos
1162 2360 1375 2415 dicimus
1429 2363 1655 2428 alienos,
1703 2374 1750 2418 et
1802 2366 2121 2433 (adiﬁcantur

529 2458 701 2497 omnes
738 2447 823 2515 qui
863 2449 1055 2517 faciunt
1093 2451 1407 2521 iniquitatem
1429 2453 1680 2523 (.llalaclt.
1715 2471 1801 2523 ut,
1833 2458 1899 2511 14
1927 2466 1972 2511 et
1998 2457 2112 2531 15).

529 2535 733 2601 Quibus
780 2552 967 2592 eorum
1010 2542 1189 2596 verbis
1231 2544 1625 2613 quodammodo
1666 2548 1923 2617 propheta
1972 2564 2120 2603 com-

531 2626 715 2695 pulsus
754 2637 834 2682 est
875 2631 1221 2687 novissimum
1271 2636 1665 2703 praenuntiare’|
1702 2638 1993 2707 judicium,
2030 2641 2117 2696 ubi

531 2717 657 2770 mali
688 2734 788 2772 nec
825 2720 1012 2776 saltem
1055 2723 1190 2777 falso
1213 2724 1320 2777 sint
1345 2725 1504 2791 beati,
1538 2727 1632 2782 sed
1658 2730 1992 2798 apertissime
2020 2748 2117 2803 ap-

527 2821 750 2882 pareant
787 2815 1100 2883 miserrimi;
1148 2827 1202 2873 et
1240 2818 1365 2873 boni
1413 2820 1556 2876 nulla
1595 2825 1879 2892 temporali
1927 2826 2117 2882 saltem

528 2906 742 2961 miseria
770 2906 1033 2974 laborent,
1069 2910 1160 2965 sed
1182 2911 1325 2966 clara
1352 2927 1415 2967 ac
1437 2914 1759 2985 sempiterna
1790 2917 2116 2975 beatitudine

530 3000 889 3071 perfruantur.
940 3002 1153 3059 Dixerat
1198 3007 1394 3076 quippe
1436 3008 1657 3063 istorum
1708 3009 1832 3064 talia
1871 3010 2116 3081 quaedam

531 3094 695 3149 verba
747 3095 908 3150 etiam
952 3096 1199 3165 superius
1253 3098 1584 3167 dicentium,
1634 3100 1812 3156 Omnis
1856 3104 1941 3174 qui
1994 3105 2118 3173 facit

530 3186 739 3248 malum.
769 3187 927 3241 bonus
948 3199 1019 3241 est
1041 3189 1092 3242 in
1122 3200 1387 3260 conspectu
1416 3191 1659 3259 Domini,
1700 3203 1745 3249 et
1785 3197 1906 3250 tales
1935 3198 1981 3252 ei
2006 3200 2118 3268 pla-

526 3287 637 3330 cent
660 3276 767 3346 (Id.
799 3294 854 3344 ιι,
884 3280 993 3348 l7).
1022 3281 1101 3335 Ad
1132 3281 1263 3346 hinc.
1295 3283 1531 3353 inquam,
1556 3294 1737 3340 contra
1770 3287 1933 3343 Deum
1965 3306 2115 3344 mur-

528 3383 678 3422 mura
702 3380 1080 3438 pervenerunt,
1100 3372 1267 3442 legem
1286 3374 1451 3446 Moysi
1473 3377 1786 3447 accipiendo
1807 3382 2111 3437 carnaliter.

530 3458 681 3514 Unde
708 3470 762 3516 et
796 3461 884 3515 ille
915 3462 968 3515 in
1011 3462 1221 3518 Psalmo
1250 3468 1642 3537 septuagesimo
1680 3471 1946 3538 secundo,
1980 3487 2117 3542 pene

526 3562 823 3607 commotos
852 3552 980 3609 dicit
1014 3554 1175 3610 fuisse
1202 3556 1366 3625 pedes
1392 3574 1549 3624 suos,
1585 3568 1638 3615 et
1679 3562 1877 3618 etl‘usos
1901 3580 2116 3634 gressus

525 3657 674 3709 suos,
704 3644 887 3714 utique
919 3645 969 3698 in
996 3646 1201 3717 lapsum
1224 3688 1237 3710 ,
1268 3651 1389 3717 quia
1416 3651 1606 3705 zelavit
1632 3652 1683 3707 in
1714 3656 2110 3724 peccatoribus,

527 3751 711 3807 pacem
744 3749 1080 3808 peccatorum
1129 3741 1370 3807 intuens;
1401 3743 1470 3796 ita
1500 3744 1557 3797 u‘t
1587 3746 1724 3800 inter
1744 3758 1938 3803 caetera
1964 3749 2113 3805 dice-

526 3838 629 3895 ret,
663 3829 926 3895 Quomodo
942 3832 1082 3885 scivit
1104 3831 1260 3898 Deus,
1284 3843 1332 3888 et
1356 3836 1399 3889 si
1421 3846 1491 3889 est
1516 3838 1724 3891 scientia
1751 3840 1803 3893 in
1824 3841 2115 3899 Altissimo?

526 3920 730 3976 diceret
770 3922 929 3976 etiam
948 3964 964 3988 ,
999 3922 1264 3994 Numquid
1288 3941 1413 3980 vane
1430 3929 1709 3998 justiﬁcavi
1738 3949 1823 3985 cor
1849 3951 2034 4002 meum,
2068 3947 2113 3992 et

525 4011 627 4065 lavi
655 4013 707 4066 in
735 4012 1079 4070 innocentibus
1099 4014 1119 4046 ³
1159 4034 1340 4071 manus
1368 4020 1546 4075 meas?
1574 4021 1646 4078 Ut
1673 4032 1849 4079 autem
1878 4028 2114 4084 solveret

527 4102 665 4159 hanc
693 4103 1059 4161 difﬁcillimam
1081 4110 1452 4178 quazstionem,
1480 4128 1598 4183 quae
1622 4113 1697 4179 ﬁt,
1721 4130 1839 4170 cum
1866 4117 2114 4174 videntur

527 4195 647 4254 boni
675 4211 794 4253 esse
820 4197 1020 4264 miseri,
1052 4208 1106 4254 et
1144 4199 1329 4258 felices
1365 4204 1526 4259 mali:
1554 4203 1686 4272 Hoc,
1723 4206 1928 4277 inquit,
1970 4210 2113 4265 labor

538 4297 599 4351 est
626 4298 743 4344 ante
770 4306 877 4355 me,
908 4292 1065 4346 donec
1089 4293 1334 4350 introeam
1366 4298 1418 4351 in
1445 4300 1787 4354 sanctuarium
1812 4300 1929 4366 Dei,
1957 4312 2003 4357 et
2033 4304 2112 4357 in-

536 4382 748 4456 l’lligam
795 4383 849 4438 in
889 4385 1159 4440 novissima
1201 4386 1373 4460 (Psal.
1404 4405 1566 4455 Lxxn,
1612 4392 1700 4459 ll,
1743 4393 1831 4459 15,
1874 4394 1961 4459 16,
1993 4394 2105 4467 I7).

537 4470 732 4533 Iudicio
753 4477 948 4548 quippe
979 4479 1269 4537 noviSsmio
1300 4497 1407 4538 non
1436 4484 1514 4540 sic
1534 4484 1634 4538 erit
1660 4502 1672 4538 :
1702 4485 1797 4541 sed
1840 4488 1892 4541 in
1920 4498 2105 4558 aperta

535 4563 824 4637 iniquorum
873 4570 1120 4638 miseria,
1172 4581 1226 4628 et
1265 4584 1447 4645 aperta
1501 4575 1755 4635 felicitate
1804 4579 2105 4650 justorum,

534 4658 681 4733 longe
702 4678 859 4732 quam
889 4680 1030 4721 nunc
1057 4674 1140 4723 est
1158 4667 1303 4722 aliud
1328 4670 1624 4740 apparebit.

531 4772 750 4832 CAPUT
795 4775 1180 4835 XXIX.~De
1220 4782 1435 4838 adventu
1476 4783 1611 4839 Elite
1655 4795 1772 4839 ante
1816 4786 2105 4856 judicium,

591 4868 737 4937 cujus
777 4869 1133 4938 prtzdicatione
1171 4874 1553 4945 Scripturarum
1592 4886 1781 4935 secreta
1822 4890 2103 4950 reseruate,

588 4956 763 5012 ,Ιαάωὶ
787 4972 1136 5017 convertentur
1163 4964 1232 5017 ad
1261 4964 1536 5022 Christum.

589 5070 720 5125 Cum
771 5081 947 5127 autem
1001 5074 1408 5148 admonuisset,
1454 5088 1515 5136 ut
1553 5082 1921 5138 meminissent
1972 5084 2106 5154 legis

518 5162 681 5234 Moysi
709 5181 721 5217 :
745 5165 997 5236 quoniam
1019 5168 1343 5237 praevidebat
1363 5186 1457 5227 eos
1477 5172 1644 5227 multo
1663 5174 1838 5229 adhuc
1864 5183 2104 5244 tempore

489 5334 493 5339 .
520 5273 625 5310 non
661 5272 777 5313 eam
808 5258 1186 5328 spiritualiter,
1216 5263 1354 5318 sicut
1378 5274 1719 5336 oportuerat,
1751 5275 2099 5336 accepturos,

518 5348 775 5407 continuo
822 5350 1084 5424 subjecit:
1111 5351 1176 5407 Et
1217 5368 1329 5410 ecce
1380 5372 1471 5428 ego
1513 5356 1706 5410 mittam
1747 5356 1884 5413 vobis
1933 5357 2103 5413 Etiam

578 5506 765 5584 ﬁgor...
788 5506 1240 5584 sintgliqes.”6§eterl
1263 5512 1376 5567 libri
1397 5513 1515 5568 editi
1547 5521 1600 5566 et
1619 5516 1949 5580 manuscripti,
1986 5532 2103 5583 sup.

516 5566 663 5630 plices
693 5582 710 5620 :
729 5571 865 5631 juxta
881 5566 1014 5631 'Lxx,
1033 5571 1195 5625 ikétai.

516 5631 708 5740 ηας-ἐξα
731 5641 829 5681 Am.
871 5639 942 5682 Er.
971 5644 1022 5685 et
1060 5636 1225 5698 plures
1263 5646 1369 5689 Mss.
1404 5646 1459 5690 At
1480 5641 1612 5692 Vind.
1642 5648 1694 5693 et
1716 5648 1846 5704 ων.,
1889 5654 2100 5706 Pronum

582 5752 767 5830 ibes},
808 5755 931 5830 inter
951 5745 1232 5830 innocentes
1314 5772 1364 5814 et
1406 5765 1549 5830 paulo
1588 5774 1713 5830 post,
1752 5764 2013 5830 intelligam
2052 5767 2103 5818 in

939 5824 1227 5893 Augustinus
1250 5818 1424 5893 legere
1448 5818 1601 5893 solet;
1633 5828 1684 5881 in
1702 5818 1957 5881 novissima
1972 5842 1992 5892 ,'
2030 5839 2099 5893 et,

515 5883 569 5927 tl
586 5881 909 5933 WW6
935 5892 954 5930 .'
977 5881 1257 5947 habentque
1279 5881 1343 5936 ita
1366 5895 1472 5936 Mss.

1590 403 1678 460 DE
1715 403 2035 462 CIVITATE
2070 403 2202 472 DEI,
2243 402 2302 460 S.
2344 396 2706 458 AUGUSTINI
3696 396 3782 452 τω

2220 517 2488 573 Thesbiten
2512 558 2527 584 ,
2574 524 2840 585 antequam
2888 514 3049 567 veniat
3097 513 3207 565 dies
3252 508 3467 564 Domini
3514 525 3711 580 magnus
3747 522 3784 565 et

2220 613 2431 667 illustris
2452 654 2467 675 ,
2497 611 2582 682 qui
2610 616 2855 663 convertet
2881 624 2968 661 cor
3007 607 3166 678 patris
3196 606 3266 658 ad
3293 606 3465 674 filium
3488 647 3504 670 ,
3545 614 3591 657 et
3622 606 3787 659 carbo-

2221 704 2370 758 rm'nis
2399 704 2467 756 ad
2502 703 2787 773 proximum
2814 717 2989 764 suum,
3034 715 3096 753 ne
3139 702 3269 771 forte
3311 697 3521 750 veniens
3551 700 3789 766 percutiam

2223 805 2407 851 terram
2435 794 2633 865 penitus
2665 792 2913 867 (Malaclt.
2938 806 3015 857 Iv,
3045 790 3101 855 5,
3132 790 3186 853 6,
3209 806 3311 844 sec.
3337 788 3534 859 LXX).
3558 788 3655 842 Per
3672 790 3786 845 hunc

2224 886 2394 942 Eliam
2448 900 2699 956 magnum
2748 883 3151 952 mirabilemque
3205 880 3530 951 prephetam
3586 882 3793 948 exposita

2224 980 2323 1034 sibi
2353 980 2467 1048 lege
2489 1021 2504 1046 ,
2552 978 2738 1037 ultimo
2771 985 3007 1045 tempore
3036 983 3160 1029 ante
3195 972 3461 1043 judicium
3482 1014 3497 1038 ,
3530 970 3729 1025 Judaaos
3753 974 3793 1027 in

2221 1072 2491 1127 Christum
2518 1087 2734 1137 verum,
2772 1069 2822 1123 id
2853 1078 2968 1134 est,
3012 1069 3064 1122 in
3102 1067 3377 1123 Christum
3419 1075 3662 1119 nostrum
3699 1082 3797 1122 esse

2221 1163 2518 1219 credituros
2542 1204 2556 1226 ,
2599 1161 3006 1217 celeberrimum
3044 1168 3127 1214 est
3168 1159 3224 1212 in
3266 1157 3620 1212 sermonibus
3647 1159 3795 1211 cordi.

2221 1255 2425 1326 busque
2456 1254 2708 1310 ﬁdelium.
2745 1254 2861 1323 Ipse
2899 1253 3093 1322 quippe
3130 1260 3256 1305 ante
3301 1250 3599 1303 adventum
3634 1249 3799 1316 iudicis

2222 1346 2513 1401 Salvatoris
2536 1360 2640 1400 non
2664 1344 2931 1399 immerito
2953 1352 3201 1413 speratur
3221 1357 3346 1397 esse
3368 1348 3634 1395 venturus
3652 1360 3664 1393 :
3679 1342 3798 1409 quial

2222 1436 2382 1492 etiam
2429 1451 2570 1491 nunc
2616 1436 2797 1491 vivere
2847 1450 2953 1490 non
3009 1434 3277 1489 immerito
3335 1432 3601 1489 creditur.
3656 1432 3801 1485 Curru

2226 1543 2455 1598 namque
2494 1529 2647 1598 igneo
2686 1537 2867 1598 raptus
2915 1534 3000 1582 est
3042 1527 3109 1582 de
3154 1526 3319 1581 rebus
3358 1525 3648 1587 humanis,
3684 1525 3804 1594 quod

2227 1621 2628 1675 evidentissime
2675 1629 2859 1675 sancta
2904 1618 3178 1688 Scriptura
3214 1627 3453 1673 testatur
3490 1617 3580 1687 (ιν
3613 1618 3729 1687 Reg.
3756 1634 3804 1679 u,

2224 1710 2479 1777 ll).Cum
2509 1713 2715 1767 venerit
2738 1710 3219 1781 ergo,exponendo
3243 1710 3424 1780 legem
3450 1710 3803 1777 spiritualiter,

2223 1819 2381 1874 quam
2427 1820 2567 1858 nunc
2602 1804 2771 1858 .Iudtei
2810 1803 3095 1857 carnaliter
3138 1803 3389 1871 sapiunt,
3444 1812 3696 1854 convertet
3736 1819 3807 1853 cor

2223 1897 2382 1967 patris
2407 1896 2474 1949 ad
2499 1897 2681 1964 ﬁlium,
2710 1895 2764 1950 id
2793 1903 2893 1961 est,
2927 1911 3020 1949 cor
3048 1903 3259 1965 patrum
3282 1893 3354 1948 ad
3390 1894 3539 1947 ﬁlios
3562 1911 3579 1947 :
3601 1894 3812 1964 singula-

2224 2004 2336 2046 rem
2364 1991 2559 2061 quippe
2597 2006 2696 2061 pro
2740 2006 2964 2045 numero
2992 1990 3181 2060 plurali
3229 1990 3567 2059 interpretes
3608 1987 3811 2057 Septua-

2222 2083 2366 2152 ginta
2403 2091 2712 2151 posuerunt.
2758 2083 2826 2137 Et
2852 2091 2933 2137 est
2961 2098 3148 2137 sensus
3172 2123 3188 2147 ,
3222 2089 3279 2135 ut
3306 2081 3479 2135 etiam
3510 2080 3606 2134 ﬁlii
3640 2082 3711 2134 sic
3737 2082 3808 2133 in-

2227 2174 2464 2244 telligant
2500 2174 2669 2242 legem
2694 2216 2707 2237 ,
2738 2174 2791 2229 id
2822 2184 2903 2229 est
2931 2174 3124 2239 Judmi,
3153 2174 3620 2244 quemadmodum
3652 2183 3809 2242 patres

2224 2279 2340 2320 eam
2386 2266 2797 2333 intellexerunt,
2852 2266 2903 2321 id
2934 2276 3013 2320 est
3040 2265 3326 2336 Prophetas
3346 2306 3362 2332 ,
3409 2267 3465 2319 in
3495 2266 3690 2336 quibus
3713 2274 3810 2320 erat

2224 2366 2279 2413 et
2305 2358 2419 2427 ipse
2448 2358 2680 2429 Moyses.
2713 2359 2800 2413 Sic
2830 2360 2972 2414 enim
3010 2373 3104 2413 cor
3130 2367 3343 2428 patrum
3384 2367 3733 2413 convertetur
3756 2358 3809 2411 ad

2224 2448 2384 2511 ﬁlios,
2412 2464 2533 2503 cum
2561 2449 2905 2519 intelligentia
2937 2456 3145 2518 patrum
3175 2448 3519 2519 perducetur
3544 2449 3612 2501 ad
3644 2450 3811 2503 intelii-

2224 2542 2454 2611 gentiam
2484 2541 2744 2605 ﬁliorum;
2773 2552 2819 2596 et
2853 2559 2939 2597 cor
2967 2543 3191 2611 ﬁliorum
3224 2541 3294 2594 ad
3321 2552 3502 2613 patres
3528 2559 3699 2596 eorum
3727 2542 3808 2613 (α),

2223 2632 2350 2687 dum
2373 2634 2424 2686 in
2451 2633 2501 2686 id
2523 2634 2663 2703 quod
2688 2643 2975 2688 senserunt
3000 2634 3099 2700 illi,
3127 2634 3481 2688 consentient
3510 2644 3565 2688 et
3594 2635 3677 2687 isti
3700 2653 3713 2687 :
3735 2634 3809 2687 ubi

2223 2723 2570 2795 Septuaginta
2621 2726 2890 2791 dixerunt,
2939 2734 2987 2780 et
3029 2741 3117 2779 cor
3161 2725 3387 2779 hominis
3431 2726 3505 2778 ad
3548 2726 3810 2795 proximum

2221 2834 2392 2874 suum.
2417 2817 2553 2873 Sunt
2580 2819 2721 2874 enim
2746 2820 2886 2874 inter
2909 2833 2969 2874 se
2990 2818 3146 2873 valde
3169 2819 3405 2888 proximi
3429 2829 3615 2889 patres
3634 2829 3684 2874 et
3708 2818 3808 2871 ﬁlii.

2222 2913 2535 2982 Quanquam
2580 2912 2633 2967 in
2670 2912 2848 2967 verbis
2890 2911 3235 2982 Septuaginta
3283 2912 3687 2981 interpretum,
3731 2911 3808 2981 qui

2223 3004 2533 3074 prephetice
2557 3006 2891 3076 interpretati
2914 3016 3057 3073 sunt,
3084 3015 3258 3075 potest
3278 3020 3480 3061 sensus
3502 3006 3641 3060 alius
3662 3005 3807 3060 idem.

2212 3114 2325 3167 Aque
2355 3100 2578 3153 electior
2619 3099 2885 3163 inveniri;
2927 3109 2984 3155 ut
3024 3100 3359 3169 intelligatur
3406 3101 3556 3155 Elias
3602 3115 3691 3155 cor
3724 3100 3803 3153 Dei

2222 3189 2395 3245 Patris
2422 3208 2784 3247 conversurus
2810 3194 2877 3247 ad
2913 3193 3105 3248 Filium
3130 3211 3144 3246 :
3169 3209 3276 3247 non
3306 3194 3504 3264 utique
3532 3192 3731 3264 agendo
3754 3202 3803 3247 ut

2220 3280 2379 3337 Pater
2404 3283 2591 3354 diligat
2620 3284 2813 3339 Filium
2839 3327 2854 3353 ,
2885 3284 2978 3340 sed
3008 3284 3251 3339 docendo
3278 3285 3423 3355 quod
3453 3286 3617 3340 Pater
3642 3285 3804 3355 diligat

2220 3372 2446 3440 Filium;
2495 3385 2552 3430 ut
2593 3385 2646 3431 et
2670 3375 2880 3443 Judrei,
2923 3392 3080 3447 quem
3124 3378 3273 3447 prius
3303 3378 3560 3441 oderant,
3594 3379 3798 3449 diligant

2220 3465 2489 3530 eumdem,
2506 3467 2595 3537 qui
2619 3476 2804 3522 noster
2823 3476 2923 3527 est,
2945 3468 3214 3523 Christum
3233 3471 3276 3524 ⁸.
3295 3468 3505 3525 Judmis
3525 3472 3664 3525 enim
3680 3485 3803 3525 nunc

2219 3571 2466 3611 aversum
2494 3572 2588 3613 cor
2613 3557 2775 3614 habet
2815 3559 2961 3614 Dens
2989 3575 3019 3613 a
3060 3560 3275 3615 Christo
3312 3571 3526 3628 nostro,
3568 3564 3685 3632 quia
3713 3562 3801 3615 hoc

2218 3658 2427 3720 putant.
2455 3649 2548 3703 Eis
2573 3666 2701 3721 ergo
2723 3661 2849 3705 tunc
2875 3667 2969 3705 cor
2990 3653 3108 3721 ejus
3133 3661 3486 3707 convertetur
3510 3653 3582 3706 ad
3607 3652 3798 3716 Filium.

2218 3755 2337 3794 cum
2368 3728 2468 3808 ipsi
2498 3757 2759 3798 converso
2784 3743 2948 3798 corde
2970 3743 3255 3798 didicerint
3277 3744 3627 3799 dilectionem
3649 3745 3799 3799 Patris

2219 3831 2269 3885 in
2315 3830 2530 3887 Filium.
2575 3833 2729 3901 Quod
2774 3850 2903 3889 vero
2950 3837 3217 3905 sequitur,
3265 3846 3311 3889 et
3356 3854 3447 3890 ror
3500 3838 3711 3890 hominis
3743 3838 3801 3890 ad

2217 3926 2503 3995 proximum
2529 3944 2694 3992 suum,
2732 3928 2785 3982 id
2816 3936 2917 3994 est,
2949 3938 3225 3984 convertet
3255 3929 3406 3983 Elias
3435 3939 3491 3983 et
3522 3946 3618 3985 cor
3643 3931 3793 3985 homi-

2218 4018 2299 4073 nis
2337 4017 2403 4072 ad
2452 4020 2753 4087 proximum
2804 4035 2990 4087 suum;
3043 4019 3168 4091 quid
3221 4021 3414 4075 melius
3467 4021 3793 4092 intelligitur,

2214 4125 2372 4180 quam
2402 4125 2497 4165 cor
2526 4110 2758 4166 hominis
2779 4111 2843 4165 ad
2872 4112 3141 4167 hominem
3165 4112 3481 4167 Christum?
3506 4114 3639 4167 Cum
3662 4115 3784 4168 enim

2214 4206 2286 4256 sit
2308 4203 2359 4256 in
2393 4202 2563 4257 forma
2590 4203 2684 4258 Dei
2713 4204 2855 4259 Deus
2882 4215 3086 4271 noster,
3117 4204 3344 4258 formam
3370 4206 3514 4258 servi
3543 4206 3789 4276 accipiens

2216 4307 2337 4346 esse
2376 4293 2625 4360 dignatus
2665 4302 2749 4349 est
2788 4294 2946 4349 etiam
2985 4295 3258 4363 proximus
3306 4303 3514 4348 noster.
3549 4294 3657 4349 Hoc
3681 4308 3789 4363 ergo

2214 4384 2376 4441 faciet
2407 4388 2571 4441 Elias.
2605 4386 2692 4440 Ne
2718 4392 2879 4457 forte,
2931 4387 3142 4458 inquit,
3192 4387 3410 4453 veniam,
3452 4398 3500 4442 et
3540 4388 3786 4456 percutiatur

2213 4487 2399 4532 terram
2425 4481 2642 4550 penitus.
2672 4480 2840 4534 Terra
2862 4489 2985 4534 sunt
3004 4480 3167 4544 enim,
3201 4479 3291 4549 qui
3316 4488 3535 4534 terrena
3561 4480 3780 4549 sapiunt;

2212 4571 2351 4626 sicut
2379 4570 2549 4626 Judaei
2576 4573 2817 4627 carnales
2848 4587 3014 4642 usque
3041 4587 3184 4627 nunc
3204 4590 3216 4624 :
3236 4587 3300 4626 ex
3333 4587 3441 4642 quo
3470 4573 3598 4626 vitio
3620 4580 3778 4625 contra

2213 4660 2381 4717 Deum
2413 4677 2686 4717 murmura
2727 4664 2815 4718 illa
2845 4674 3142 4727 venerunt,
3182 4664 3317 4729 Quia
3348 4664 3474 4717 mali
3499 4665 3544 4717 ei
3573 4665 3776 4731 placent;

2210 4763 2284 4821 et,
2326 4752 2496 4810 Vanus
2523 4764 2596 4810 est
2620 4758 2705 4828 qui
2730 4758 2878 4811 servit
2906 4757 3012 4810 Deo
3045 4755 3301 4827 (Malach.
3340 4772 3399 4823 ιι,
3431 4758 3533 4822 l7;
3574 4773 3652 4821 ιιι,
3684 4757 3770 4822 Η).

2212 4864 2437 4923 CAPUT
2462 4867 2707 4923 XXX.—
2733 4868 2883 4933 Quod
2901 4869 2952 4923 in
2980 4868 3120 4923 libris
3146 4867 3336 4923 Veteris
3361 4869 3657 4923 Testamenti
3680 4885 3772 4921 cum

2284 4957 2420 5012 Deus
2443 4959 2625 5030 legitur
2640 4958 3000 5030 judicaturus,
3041 4976 3141 5013 non
3184 4961 3439 5013 euidenter
3479 4960 3655 5015 Christi
3681 4976 3772 5027 pcr-

2281 5067 2408 5105 soua
2446 5053 2893 5106 monstretur:sed
2925 5069 2987 5107 ea:
3011 5052 3311 5123 quibusdam
3356 5056 3671 5121 testimoniis,
3705 5053 3771 5104 ubi

2282 5142 2531 5198 Dominus
2570 5141 2709 5198 Deus
2756 5144 3009 5216 loquitur,
3060 5156 3309 5217 appareat
3343 5165 3445 5201 non
3485 5146 3627 5200 dubie
3659 5145 3769 5215 quod

2281 5234 2391 5303 ipse
2417 5235 2481 5288 sit
2508 5231 2760 5290 Christus.

2282 5347 2335 5401 1.
2360 5346 2522 5402 Multa
2548 5348 2651 5402 alia
2682 5358 2809 5404 sunt
2832 5349 3230 5420 Scripturarum
3264 5352 3564 5405 testimonia
3593 5350 3761 5405 divinae

2210 5454 2327 5495 rum
2354 5439 2420 5494 de
2442 5440 2731 5495 novissimo
2748 5441 2950 5511 judicio
2976 5443 3096 5508 Dei;
3120 5459 3239 5513 qua:
3266 5443 3311 5497 si
3333 5444 3510 5498 omnia
3529 5443 3756 5511 colligam,

2210 5531 2369 5587 nimis
2412 5532 2627 5602 longum
2664 5533 2785 5587 erit.
2839 5532 2982 5590 Satis
3012 5550 3139 5605 ergo
3168 5535 3273 5599 sit,
3305 5535 3444 5605 quod
3473 5543 3524 5589 et
3555 5533 3690 5589 novis
3712 5538 3753 5583 et

2273 5646 2290 5710 ἓ
2325 5644 2458 5710 utili.
2488 5643 2587 5710 qui-
2614 5643 2779 5710 Plutes
2815 5652 2943 5707 Mss.
2968 5646 3098 5710 quia.

2272 5709 2292 5738 ⁸
2326 5701 2462 5763 aditi,
2486 5701 2677 5768 scriptis
2696 5701 3063 5767 dissentientes,
3088 5711 3286 5765 habent,
3311 5709 3519 5759 Christus
3544 5721 3562 5756 .·
3584 5714 3631 5756 et
3650 5701 3746 5753 infra

2208 5776 2335 5833 post,
2359 5767 2545 5817 Christo
2564 5767 2740 5828 nostro,
2755 5772 2825 5834 sic
2846 5779 3221 5834 prosequuntur,
3246 5770 3358 5834 quia
3379 5784 3468 5820 non
3489 5773 3641 5834 putant
3656 5775 3745 5817 cum

2210 5829 2364 5899 beam
2380 5843 2503 5899 esse,
2522 5843 2672 5899 neque
2701 5829 2789 5880 Dei
2810 5829 3108 5886 Filium.'£is
3129 5829 3268 5899 ergo;
3288 5841 3382 5884 etc.

2272 5890 2346 5955 (α)
2378 5898 2520 5943 Juxta
2546 5890 2809 5955 vulgatam.
2842 5942 2854 5950 ,
