3960 6490
137 360 250 416 705

134 474 417 529 veteribus
446 473 658 527 Litteris
682 471 848 525 sacris
877 469 978 524 hoc
1005 468 1411 540 przcnuntiatum
1442 483 1559 524 esse
1601 484 1721 539 pro-

134 566 410 622 bavimus.
455 562 561 620 Sed
598 564 863 619 veteribus
908 577 1003 632 per
1028 561 1300 616 Christum
1343 560 1569 615 futurum
1615 575 1732 615 esse

128 658 425 729 judicium,
456 658 507 712 id
538 671 638 723 est,
657 657 891 726 judicem
917 655 1185 710 Christum
1208 654 1275 709 de
1296 654 1435 710 coelo
1460 669 1578 708 esse
1604 670 1733 708 ven-

134 760 347 816 turum,
402 765 510 805 non
541 759 669 815 tam,
700 763 857 818 quam
903 746 1073 811 novis,
1122 745 1397 800 evidenter
1421 760 1730 815 expressum

134 855 223 899 est
250 862 263 897 :
291 853 579 913 propterea
616 842 735 909 quia
784 856 905 895 cum
942 840 1013 894 ibi
1050 838 1181 893 dicit
1222 838 1478 893 Dominus
1511 838 1647 892 Deus
1674 852 1733 892 se

135 951 263 988 esse
288 944 596 996 venturum,
621 933 705 987 vel
735 932 1013 985 Dominum
1044 931 1209 985 Deum
1238 930 1432 984 dicitur
1461 945 1580 984 esse
1604 945 1733 984 ven-

138 1038 321 1080 turum
350 1067 365 1092 ,
414 1041 520 1078 non
557 1032 949 1092 consequenter
992 1022 1303 1090 intelligitur
1331 1019 1595 1075 Christus.
1627 1020 1732 1074 Do-

138 1116 328 1169 minus
360 1114 501 1168 enim
535 1114 673 1166 Deus
712 1122 765 1165 et
797 1112 952 1166 Pater
975 1121 1089 1175 est,
1122 1120 1173 1165 et
1199 1109 1380 1174 Filius,
1416 1120 1470 1163 et
1505 1109 1733 1178 Spiritus

135 1217 365 1262 Sanctus
387 1224 398 1259 :
421 1220 592 1275 neque
636 1205 737 1258 hoc
766 1213 940 1257 tamen
974 1202 1280 1257 intestatum
1308 1202 1606 1271 relinquere
1634 1214 1733 1255 nos

136 1308 380 1368 oportet.
413 1298 592 1351 Primo
621 1298 798 1365 itaque
829 1294 1300 1350 demonstrandum
1326 1302 1441 1359 est,
1472 1291 1731 1363 quemad-

134 1390 363 1443 modum
404 1388 558 1443 Jesus
597 1386 841 1441 Christus
880 1396 1126 1454 tanquam
1179 1384 1433 1438 Dominus
1480 1383 1621 1436 Deus
1650 1382 1729 1435 lo-

135 1491 339 1551 quatur
367 1480 418 1533 in
450 1478 773 1549 propheticis
801 1477 967 1541 libris,
998 1486 1049 1530 et
1079 1483 1254 1528 tamen
1286 1474 1443 1528 Jesus
1482 1472 1729 1527 Christus

138 1572 433 1627 evidenter
471 1578 758 1639 appareat:
786 1577 841 1621 ut
883 1576 936 1621 et
977 1565 1189 1636 quando
1222 1564 1301 1619 sic
1330 1579 1432 1618 non
1472 1571 1727 1632 apparet,

139 1673 195 1718 et
225 1673 408 1717 tamen
441 1662 507 1715 ad
537 1661 664 1715 illud
708 1660 951 1713 ultimum
989 1656 1244 1725 judicium
1292 1656 1548 1708 Dominus
1592 1653 1731 1707 Deus

139 1758 344 1813 dicitur
373 1772 495 1812 esse
528 1765 781 1810 venturus
802 1794 816 1815 ,
846 1752 1013 1821 possit
1036 1751 1192 1804 Jesus
1218 1748 1462 1803 Christus
1486 1747 1727 1817 intelligi.

141 1851 242 1905 Est
269 1851 424 1904 locus
451 1847 589 1917 apud
618 1845 806 1900 Isaiam
834 1845 1166 1913 prophetam,
1195 1840 1286 1910 qui
1318 1840 1418 1893 hoc
1448 1838 1585 1907 quod
1612 1837 1731 1891 dico

138 1940 427 1995 evidenter
456 1936 707 1991 ostendit.
750 1936 884 1989 Deus
914 1934 1056 1987 enim
1098 1947 1191 2001 per
1215 1929 1562 1999 prophetam,
1599 1927 1732 1980 Audi

138 2050 244 2097 me,
278 2032 471 2100 inquit,
513 2029 671 2082 Jacob
706 2037 751 2081 et
796 2025 963 2079 Israel
1004 2041 1150 2091 quem
1193 2039 1282 2092 ego
1310 2037 1449 2073 voco.
1483 2018 1594 2089 Ego
1619 2035 1730 2072 sum

141 2124 365 2194 primus,
398 2130 446 2175 et
476 2137 563 2192 ego
589 2121 640 2172 in
668 2118 1027 2187 sempiternam
1054 2124 1135 2168 :et
1158 2130 1334 2166 manus
1364 2129 1471 2164 mea
1498 2110 1730 2179 fundavit

137 2226 367 2281 terram,
398 2225 445 2268 et
475 2216 679 2268 dextera
708 2228 815 2265 mea
843 2209 1058 2278 ﬁrmavit
1086 2208 1282 2261 cmlam.
1322 2203 1519 2257 Vocabo
1550 2220 1650 2269 eos,
1683 2210 1731 2255 et

137 2310 349 2363 stabunt
386 2307 573 2371 simul,
615 2314 659 2358 et
697 2301 1133 2373 congregabantur
1171 2313 1373 2362 omnes,
1414 2306 1460 2349 et
1504 2295 1726 2348 audient.

142 2400 275 2466 Quis
303 2401 374 2453 eis
409 2398 654 2451 nuntiavit
700 2393 883 2448 haec“?
914 2391 1141 2461 Diligens
1187 2399 1250 2453 te,
1302 2388 1395 2459 feci
1433 2386 1731 2440 voluntatem

140 2503 286 2545 tuam
308 2506 462 2559 super
482 2486 812 2557 Babylonem,
836 2493 889 2537 ut
912 2483 1167 2551 auferrem
1193 2496 1359 2534 semen
1380 2476 1734 2533 Chaldworum

141 2584 217 2639 Et
240 2586 439 2639 locutus
466 2598 599 2647 sum,
636 2588 680 2633 et
722 2594 811 2648 ego
840 2576 1009 2630 vocavi
1032 2591 1051 2627 :
1073 2572 1265 2625 adduxi
1289 2588 1424 2634 eum,
1453 2580 1498 2623 et
1527 2583 1732 2639 prospe-

139 2693 256 2730 rum
280 2675 375 2746 feci
403 2675 534 2726 viam
559 2673 687 2742 ejus.
713 2668 943 2722 Accedite
962 2664 1029 2718 ad
1058 2681 1153 2728 me,
1183 2673 1229 2716 et
1255 2661 1425 2714 audite
1446 2660 1573 2713 hate.
1609 2658 1732 2713 Non

142 2787 175 2821 α
216 2767 470 2839 principio
497 2766 549 2818 in
576 2762 863 2817 abscondito
902 2758 1095 2813 locutus
1122 2773 1231 2811 sum
1253 2770 1270 2809 :
1291 2757 1490 2823 quando
1516 2752 1728 2821 ﬁebant,

141 2862 213 2915 ibi
242 2875 405 2913 erant.
440 2855 508 2910 Et
538 2871 669 2908 nunc
717 2853 959 2906 Dominus
986 2848 1123 2902 Deus
1150 2846 1281 2900 misit
1312 2861 1406 2908 me,
1437 2854 1483 2897 et
1510 2843 1731 2910 Spiritus

142 2954 257 3023 ejus
284 2950 439 3019 (Isai.
470 2963 648 3011 xcvm,
680 2942 892 3015 12-16).
937 2942 1138 3010 Nempe
1164 2940 1275 3009 ipse
1301 2946 1401 3002 est,
1433 2937 1519 3006 qui
1550 2937 1734 3005 loque-

142 3046 308 3101 batur
335 3046 478 3098 sicut
520 3040 770 3095 Dominus
798 3037 975 3091 Deus:
1000 3049 1097 3088 nec
1137 3042 1311 3086 tamen
1353 3029 1733 3097 intelligeretur

145 3138 306 3191 Jcsus
327 3134 594 3196 Christus,
624 3130 725 3185 nisi
745 3127 1056 3192 addidisset,
1080 3123 1149 3177 Et
1172 3140 1301 3176 nunc
1325 3121 1576 3176 Dominus-
1593 3118 1731 3172 Deus

146 3228 285 3281 misit
314 3242 415 3289 me,
448 3234 495 3279 et
529 3222 753 3292 Spiritus
782 3221 910 3290 ejus.
955 3218 1066 3271 Hoc
1105 3216 1245 3270 enim
1278 3214 1409 3267 dixit
1442 3211 1732 3267 secundum

146 3323 378 3375 formam
409 3319 548 3373 servi
572 3360 586 3385 ,
615 3317 681 3372 de
720 3331 780 3370 re
807 3314 977 3368 futura
1006 3321 1163 3371 utens
1188 3310 1439 3379 praeteriti
1481 3308 1734 3376 temporis

146 3412 365 3467 verbo:
398 3406 843 3479 quemadmodum
907 3403 1045 3473 apud
1119 3401 1363 3456 eumdem
1424 3398 1735 3469 prophetam

150 3505 371 3573 legitur,
404 3502 547 3554 Sicut
573 3500 677 3553 ovis
699 3498 765 3550 ad
791 3493 1158 3549 immolandum
1184 3492 1361 3545 ductus
1382 3499 1451 3544 est
1479 3488 1587 3561 (Id.
1617 3504 1731 3555 LIII,

150 3598 212 3660 7,
262 3610 371 3649 sec.
412 3591 599 3660 LXX).
639 3590 752 3644 Non
796 3588 937 3643 enim
969 3587 1077 3651 ait,
1116 3581 1487 3638 Duceturzsed
1532 3595 1629 3651 pro
1672 3594 1738 3635 eo

151 3687 296 3758 quod
316 3686 559 3740 futurum
580 3690 713 3744 erat,
741 3679 993 3750 prtetcriti
1020 3676 1276 3746 temporis
1298 3674 1517 3730 verbum
1541 3672 1736 3743 posuit.

155 3781 221 3837 Et
240 3778 464 3835 assidue
491 3774 798 3846 pr0phetia'
824 3773 901 3827 sic
926 3771 1177 3840 loquitur.

220 3872 279 3926 2.
310 3872 409 3925 Est
456 3878 509 3923 et
557 3867 692 3921 alius
743 3865 891 3919 locus
929 3862 1066 3932 apud
1113 3859 1466 3924 Zachariam,
1508 3857 1593 3927 qui
1640 3855 1743 3911 hoc

155 3962 437 4022 evidenter
490 3957 764 4019 ostendit,
817 3954 959 4025 quod
996 3953 1417 4021 omnipotentem
1444 3949 1589 4002 misit
1623 3963 1741 4001 om-

153 4056 411 4125 nipotens
455 4068 468 4103 :
513 4051 633 4119 quis
696 4062 897 4117 quem,
982 4044 1084 4098 nisi
1158 4044 1297 4096 Deus
1366 4041 1523 4094 Pater
1576 4040 1741 4092 Deum

159 4142 399 4201 Filium?
442 4142 572 4197 Nam
619 4140 689 4195 ita
733 4138 986 4206 scriptum
1028 4144 1145 4189 est:
1176 4132 1298 4186 Hcec
1341 4131 1459 4184 dicit
1501 4128 1745 4182 Dominus

159 4239 501 4305 omnipotens,
540 4233 663 4286 Post
701 4229 916 4301 gloriam
954 4227 1087 4280 misit
1133 4242 1209 4278 me
1233 4240 1385 4293 super
1420 4232 1608 4293 gentes,
1638 4236 1748 4290 qua:

160 4332 505 4403 spoliaverunt
527 4342 611 4380 vos
632 4342 650 4389 ;
673 4324 792 4394 quia
817 4321 902 4392 qui
933 4319 1146 4391 tetigerit
1173 4334 1278 4383 vos,
1309 4316 1449 4386 quasi
1476 4315 1562 4383 qui
1591 4314 1748 4383 tangit

164 4423 421 4495 pupillam
467 4416 599 4473 oculi
643 4419 769 4486 ejus.
809 4412 939 4466 Ecce
970 4428 1059 4483 ego
1092 4410 1306 4479 inferam
1348 4423 1549 4496 manum
1589 4421 1750 4457 meam

162 4532 319 4587 super
348 4529 461 4577 eos,
500 4520 545 4563 et
575 4517 715 4563 erant
745 4506 907 4575 spolia
935 4505 1011 4558 his
1041 4502 1126 4571 qui
1159 4502 1425 4555 servierant
1456 4499 1555 4561 eis;
1597 4507 1641 4551 et
1667 4514 1752 4551 co-

164 4605 420 4678 gnoscetis
457 4602 574 4671 quia
600 4599 847 4652 Dominus
883 4596 1195 4663 omnipotens
1221 4592 1353 4644 misit
1376 4607 1453 4643 nte
1479 4588 1659 4660 (Zach.
1692 4603 1749 4654 ll,

167 4700 203 4754 8
229 4710 275 4753 et
304 4697 392 4768 9).
446 4695 583 4749 Ecce
623 4692 750 4746 dicit
790 4689 1046 4743 Dominus
1070 4686 1423 4754 omnipotens,
1456 4698 1485 4736 a
1532 4683 1754 4735 Domino

168 4791 543 4858 omnipotente
570 4800 627 4839 se
657 4783 899 4837 missum.
937 4780 1067 4847 Quis
1106 4778 1193 4831 hic
1223 4776 1410 4830 audeat
1456 4774 1754 4842 intelligere

173 4883 275 4938 nisi
305 4880 575 4936 Christum
603 4878 907 4945 loquentem
932 4913 947 4938 ,
996 4871 1200 4926 scilicet
1229 4869 1416 4921 ovibus
1435 4882 1552 4936 qua:
1579 4866 1753 4935 perie-

172 4982 295 5028 rant
326 4971 518 5025 domus
549 4966 751 5022 Israel?
794 4965 883 5018 Ait
912 4978 1139 5031 namque
1177 4960 1227 5012 in
1266 4957 1588 5027 Evangelio,
1636 4955 1756 5008 Non

172 5083 287 5121 sum
323 5064 539 5128 missus,
584 5059 681 5113 nisi
710 5057 777 5110 ad
814 5073 925 5110 oves
962 5068 1073 5124 qua:
1098 5053 1349 5124 perierunt
1377 5050 1555 5103 domus
1598 5046 1758 5101 Israel

181 5155 395 5230 (Matth.
436 5170 539 5218 xv,
580 5150 675 5220 2i.)
700 5167 713 5201 :
741 5164 870 5218 quas
898 5146 986 5200 hic
1026 5144 1351 5212 comparavit
1376 5138 1589 5209 pupillae
1620 5139 1759 5193 oculi

178 5251 297 5314 μοι,
342 5256 560 5317 propter
595 5237 1101 5298 excellentissimum
1147 5233 1445 5289 dilectionis
1480 5230 1756 5295 all'ectum;

179 5358 247 5398 ex
271 5356 376 5412 quo
401 5352 598 5411 genere
622 5336 798 5390 ovium
822 5333 980 5387 etiam
1010 5329 1110 5400 ipsi
1134 5326 1375 5397 Apostoli
1403 5324 1635 5379 fuerunt.
1654 5322 1761 5377 Sed

182 5441 306 5504 post
331 5432 554 5503 gloriam
572 5423 978 5483 resurrectionis
998 5422 1181 5491 utique
1196 5433 1327 5484 sum,
1346 5431 1463 5486 qua:
1478 5422 1760 5484 antequam

249 5588 265 5619 ⁸
299 5586 374 5635 sic
396 5581 528 5633 Vind.
558 5587 657 5627 Am.
697 5584 769 5625 Er.
790 5576 927 5637 juxta
950 5586 1161 5637 graecum
1195 5570 1520 5637 septuaginta.
1547 5573 1596 5615 Al
1632 5571 1760 5637 Lo_v.,

182 5629 734 5712 omsmmiintiavit'hwc
753 5651 770 5700 ;
790 5629 984 5697 omisso,
1008 5636 1076 5686 eis
1104 5629 1281 5695 :eujus
1318 5629 1422 5680 loco
1459 5629 1763 5689 manuscripti

183 5706 353 5774 plures
373 5706 558 5755 habent
577 5706 640 5753 ei.
1291 5760 1296 5765 .
1660 5752 1669 5761 .
1731 5752 1740 5761 .

187 5772 621 5883 "$1,140?"
653 5760 899 5827 propheta.
926 5759 1041 5809 Editi
1082 5770 1199 5809 vero
1240 5756 1318 5805 alii
1342 5761 1393 5803 et
1436 5758 1762 5812 manuscripti,

187 5838 455 5900 pronum

1424 352 1627 411 LIBER
1664 350 2043 410 VlGESIMUS.

3317 354 3420 419 iis

1842 468 2026 534 ﬁeret,
2058 467 2131 523 ait
2158 468 2499 538 evangelista,
2528 466 2677 524 Jcsas
2706 471 2928 524 nondum
2951 480 3059 526 erat
3085 473 3419 542 glariﬁcatus'

1839 560 2019 633 (Joan.
2052 576 2155 625 vn,
2200 561 2325 632 59);
2377 563 2535 617 etiam
2580 578 2741 632 super
2781 572 2965 633 gentes
3010 566 3203 622 missus
3247 577 3329 622 est
3364 568 3418 624 in

1838 653 2107 723 Apostolis
2133 653 2245 708 suis
2272 671 2285 706 :
2314 668 2378 709 ac
2416 655 2492 709 sic
2536 655 2811 724 impletum
2841 668 2922 710 est
2946 656 3087 725 quod
3127 657 3178 711 in
3210 656 3420 715 Psalmo

1838 745 2052 817 legitur,
2086 745 2250 801 Erues
2270 763 2348 801 me
2366 749 2429 801 de
2444 748 2917 803 contradictionibus
2934 749 3129 821 populi,
3154 752 3421 807 constitues

1837 854 1916 891 me
1941 839 1995 891 in
2022 848 2177 906 caput
2204 840 2427 909 gentium
2454 838 2621 908 (Psal.
2645 856 2771 903 xvu,
2800 838 2891 910 ts)
2917 858 2931 894 :
2955 851 3013 894 ut
3039 841 3127 910 qui
3154 842 3420 911 spoliave-

1838 938 1959 982 rant
1978 918 2265 993 lsraelitas,
2285 931 2584 1000 quibusque
2606 930 2855 985 Israelita:
2876 932 3187 997 servierant,
3207 932 3421 1003 quando

1838 1030 1961 1075 sunt
1983 1022 2229 1091 gentibus
2256 1022 2471 1088 subditi,
2502 1038 2607 1077 non
2636 1024 2871 1078 vicissim
2896 1025 3085 1079 eodem
3112 1025 3272 1079 modo
3293 1041 3417 1095 spoo

1837 1111 2130 1179 liarentur,
2181 1114 2275 1169 sed
2316 1114 2415 1183 ipsi
2462 1116 2627 1184 spolia
2669 1115 2857 1170 ﬁerent
2897 1114 3272 1171 lsraelitarum.
3304 1116 3417 1172 Hoc

1836 1202 1979 1257 enim
2003 1205 2271 1273 Apostolis
2304 1207 2636 1274 promiserat,
2671 1206 2876 1271 dicens,
2906 1207 3117 1260 Faciam
3133 1224 3217 1261 vos
3245 1208 3411 1276 pisca-

1838 1303 1968 1348 tores
2007 1295 2265 1349 hominum
2292 1294 2502 1367 (Matth.
2530 1312 2601 1363 tv,
2634 1296 2744 1367 l9).
2774 1298 2840 1353 Et
2862 1300 2949 1351 uni
2975 1314 3180 1363 eorum,
3214 1299 3296 1353 Ex
3325 1301 3418 1353 hoc

1824 1388 1962 1457 jam,
1994 1389 2193 1458 inquit,
2226 1390 2451 1444 homines
2481 1392 2578 1444 eris
2604 1392 2807 1461 capiens
2838 1390 2987 1463 (Lac.
3010 1408 3063 1457 v,
3092 1393 3205 1461 10).
3233 1393 3413 1461 Spolia

1836 1493 1962 1548 ergo
1988 1479 2212 1535 tierent’
2237 1481 2331 1534 sed
2361 1480 2413 1533 in
2444 1480 2668 1547 bonum,
2703 1490 2951 1551 tanquam
2981 1492 3165 1550 erepta
3189 1498 3313 1537 vasa
3343 1482 3419 1536 illi

1835 1571 1977 1636 forti,
2007 1573 2098 1627 sed
2130 1572 2312 1627 fortius
2333 1574 2545 1643 alligato
2574 1573 2785 1643 (Matth.
2818 1590 2910 1637 xu,
2941 1574 3059 1643 29).

1905 1665 1958 1719 5.
1990 1664 2119 1718 ltem
2164 1680 2256 1733 per
2279 1664 2521 1718 eumdem
2550 1665 2862 1733 prophetam
2890 1664 3145 1718 Dominus
3171 1664 3414 1734 loquens,

1833 1752 1904 1808 Et
1927 1760 2037 1819 erit,
2061 1756 2250 1825 inquit,
2280 1757 2332 1809 in
2357 1756 2437 1808 die
2463 1756 2572 1821 illa,
2605 1771 2830 1824 quaeram
2855 1756 3059 1825 auferre
3089 1771 3260 1809 omnes
3295 1772 3419 1824 gen-

1835 1858 1905 1902 tes
1930 1865 2042 1916 qua:
2081 1850 2282 1901 veniunt
2316 1858 2493 1902 contra
2528 1846 2834 1914 Jerusalem,
2876 1857 2922 1899 et
2962 1846 3224 1914 effundam
3265 1862 3419 1916 super

1835 1942 2040 1994 domum
2065 1940 2253 2008 David,
2282 1952 2330 1996 et
2356 1957 2506 2010 super
2528 1941 2831 1994 habitatores
2854 1939 3144 1993 Jerusalem
3168 1938 3419 2008 Spiritum

1834 2036 2011 2105 gratia
2039 2044 2084 2088 et
2112 2034 2498 2097 misericorditc;
2528 2043 2575 2086 et
2600 2034 2841 2104 aspicient
2862 2033 2929 2087 ad
2950 2048 3045 2097 me,
3080 2047 3173 2101 pro
3203 2046 3263 2085 eo
3282 2032 3417 2101 quod

1833 2126 2233 2191 insaltaverunt;
2284 2136 2330 2180 et
2362 2128 2598 2196 plangent
2636 2143 2785 2195 super
2819 2143 2934 2180 eum
2980 2126 3239 2195 planctum
3272 2124 3417 2195 quasi

1833 2234 1984 2287 super
2010 2219 2381 2284 charissimam,
2412 2226 2457 2270 et
2483 2217 2719 2270 dolebant
2747 2216 2920 2270 dolore
2956 2216 3099 2285 quasi
3130 2231 3279 2284 super
3305 2214 3419 2268 uni-

1833 2312 2056 2382 genitum
2096 2310 2279 2382 (Zach.
2312 2327 2402 2374 xu,
2435 2310 2487 2374 9,
2525 2310 2635 2379 l0).
2668 2308 2931 2377 Numquid
2957 2308 3060 2363 uisi
3089 2306 3184 2362 Dei
3209 2315 3291 2362 est
3314 2319 3414 2360 au-

1834 2401 1977 2456 ferre
2018 2418 2203 2457 omnes
2228 2412 2414 2471 gentes
2443 2400 2684 2455 inimicas
2714 2409 2908 2454 sanctae
2944 2398 3177 2454 civitatis
3200 2398 3417 2454 Jerusa-

1834 2494 1961 2560 lem,
1991 2510 2107 2563 quae
2150 2494 2351 2548 veniunt
2379 2502 2554 2546 contra
2584 2507 2724 2555 eam,
2765 2490 2817 2545 id
2842 2498 2945 2555 est,
2981 2489 3263 2547 contrarias
3291 2496 3417 2544 sunt

1834 2585 1905 2649 ei,
1931 2586 2037 2650 vel,
2059 2585 2195 2639 sicut
2217 2584 2306 2638 alii
2345 2593 2469 2637 sunt
2497 2581 2849 2651 interpretati,
2880 2580 3080 2634 veniunt
3105 2595 3255 2649 super
3276 2594 3414 2644 eam,

1834 2678 1889 2732 id
1917 2687 2018 2743 est,
2044 2688 2104 2732 ut
2126 2693 2243 2732 eam
2271 2677 2370 2731 sibi
2398 2677 2680 2746 subjiciant
2716 2694 2729 2728 :
2759 2683 2851 2729 aut
2879 2690 3039 2743 super
3067 2673 3281 2728 domum
3314 2673 3417 2727 Da-

1834 2768 1921 2822 vid
1949 2768 2240 2831 ell‘undere,
2269 2778 2322 2822 et
2352 2782 2509 2836 super
2540 2766 2870 2821 habitatores
2907 2764 3147 2833 ejusdem
3194 2763 3421 2819 civitatis

1836 2858 2089 2927 Spiritum
2116 2859 2297 2927 gratim
2327 2867 2380 2912 et
2401 2855 2819 2911 misericordize?
2849 2854 2961 2909 Hoc
2988 2854 3169 2923 utique
3198 2853 3291 2907 Dei
3314 2860 3415 2917 est,

1836 2958 1891 3006 et
1915 2965 1979 3004 ex
2008 2964 2233 3019 persona
2267 2949 2355 3002 Dei
2398 2948 2593 3001 dicitur
2636 2962 2732 3015 per
2758 2943 3075 3013 Pr0phetam
3110 2961 3123 2996 :
3160 2950 3215 2997 et
3243 2952 3420 2996 tamen

1835 3041 1975 3096 hunc
2002 3042 2166 3095 Deum
2195 3040 2308 3094 hinc
2338 3049 2441 3092 tam
2484 3052 2670 3106 magna
2702 3046 2756 3091 et
2782 3045 2887 3088 tam
2915 3034 3089 3087 divina
3136 3032 3419 3086 iacientem

1836 3146 1957 3187 sese
1985 3131 2229 3185 Christus
2258 3129 2507 3190 ostendit,
2538 3124 2874 3195 adjungendo
2893 3134 3051 3193 atque
3080 3120 3324 3189 dicendo,
3352 3120 3421 3174 Et

1830 3206 2077 3292 aspicient
2102 3221 2169 3274 ad
2199 3238 2295 3285 me,
2326 3237 2415 3290 pro
2432 3236 2489 3272 eo
2510 3218 2643 3288 quod
2673 3217 3074 3279 insaltaverunt;
3104 3222 3149 3267 et
3179 3214 3418 3283 plangent

1835 3332 1984 3383 super
2004 3332 2114 3367 eum
2141 3313 2396 3383 planctum
2412 3312 2555 3381 quasi
2579 3327 2731 3379 super
2748 3309 3097 3362 charissimam
3116 3306 3272 3378 (sive,
3290 3306 3420 3361 dile-

1836 3405 2079 3471 ctum),et
2101 3406 2336 3458 dolebant
2359 3402 2532 3456 dolore
2558 3402 2864 3470 quasisaper
2884 3400 3211 3469 unigenitum.
3241 3398 3421 3452 Parui-

1840 3499 1965 3553 tebit
1985 3499 2177 3568 quippe
2204 3497 2255 3551 in
2277 3496 2364 3551 die
2386 3496 2477 3549 illa
2499 3494 2730 3559 Judacos,
2752 3495 2911 3548 etiam
2934 3508 3026 3548 eos
3050 3493 3140 3561 qui
3155 3493 3422 3559 accepturi

1841 3601 1960 3645 sunt
1974 3592 2230 3660 Spiritum
2249 3590 2429 3659 gratia:
2447 3596 2500 3641 et
2516 3586 2913 3651 misericordiae,
2934 3584 3074 3655 quod
3093 3586 3143 3638 in
3167 3584 3281 3653 ejus
3299 3597 3421 3651 pas-

1842 3682 1991 3737 sione
2017 3681 2385 3735 insultaveriut
2407 3678 2638 3742 Christo,
2661 3693 2781 3731 cum
2808 3678 2876 3730 ad
2914 3692 3034 3730 eum
3076 3674 3419 3743 adspexerint

1844 3773 1897 3827 in
1919 3789 2013 3828 sua
2038 3773 2317 3842 majestate
2338 3772 2659 3834 venientem,
2686 3783 2913 3837 cumque
2929 3782 3045 3822 esse
3061 3765 3424 3835 cognoverint,

1845 3858 2001 3934 quem
2048 3864 2195 3933 prius
2237 3862 2488 3916 humilem
2534 3852 2743 3914 iuﬁuis
2769 3858 3075 3928 parentibus
3103 3858 3425 3911 illuserunt:
3484 3896 3489 3899 -

1847 3958 2090 4026 quamvis
2118 3965 2173 4011 et
2214 3957 2310 4023 ipsi
2344 3965 2591 4023 parentes
2617 3968 2798 4007 eorum
2830 3960 2987 4006 tantzc
3020 3950 3158 4003 illius
3188 3948 3431 4017 impieta-

1850 4049 1915 4102 tis
1938 4059 2181 4101 auctores
2221 4057 2558 4115 resurgentes
2585 4044 2837 4098 videbunt
2867 4060 3009 4107 eum,
3049 4042 3141 4097 sed
3174 4040 3431 4109 puniendi

1845 4139 1974 4209 jam,
2004 4154 2108 4192 non
2137 4138 2309 4191 adhuc
2332 4135 2648 4203 corrigendi.
2687 4134 2801 4187 Non
2847 4134 3025 4200 itaque
3055 4131 3153 4183 hoc
3182 4131 3300 4183 loco
3330 4128 3431 4197 ipsi

1852 4227 2175 4297 intelligendi
2219 4236 2361 4291 sunt,
2394 4225 2481 4279 ubi
2510 4224 2707 4277 dictum
2748 4231 2851 4287 est,
2894 4220 2960 4273 Et
2991 4219 3247 4285 effundam
3287 4232 3436 4285 super

1853 4322 2055 4374 domum
2081 4317 2246 4370 David
2272 4327 2317 4369 et
2356 4333 2509 4385 super
2548 4315 2849 4367 habitatores
2874 4312 3157 4364 Jerusalem
3187 4311 3437 4380 Spiritum

1853 4413 2027 4483 gratiae
2049 4420 2093 4464 et
2116 4408 2471 4463 misericordia:
2488 4420 2507 4471 ;
2528 4417 2575 4459 et
2603 4405 2847 4474 aspicient
2877 4404 2943 4456 ad
2968 4420 3065 4469 me,
3095 4419 3185 4471 pro
3214 4418 3272 4454 eo
3301 4399 3437 4469 quod

1855 4506 2220 4558 insaltaverunt
2251 4519 2269 4555 :
2312 4500 2405 4555 sed
2450 4510 2623 4553 tamen
2653 4498 2719 4551 de
2750 4497 2959 4551 illorum
3004 4496 3169 4563 stirpe
3213 4495 3437 4548 venien-

1858 4607 1941 4652 tes
1966 4597 2008 4662 ³,
2038 4596 2125 4666 qui
2174 4610 2267 4664 per
2294 4593 2460 4647 Eliam
2492 4592 2581 4645 illo
2612 4598 2848 4657 tempore
2873 4596 2997 4641 sunt
3029 4585 3300 4640 credituri.
3330 4583 3439 4639 Sed

1859 4689 1995 4744 sicut
2019 4687 2243 4741 dicimus
2272 4683 2489 4748 Judzeis,
2520 4681 2629 4735 Vos
2650 4679 2920 4735 occidistis
2946 4676 3236 4742 Christum,
3254 4691 3442 4744 quain-

1859 4780 1938 4832 vis
1968 4777 2068 4831 hoc
2095 4786 2339 4844 parentes
2368 4788 2552 4828 eorum
2580 4770 2803 4824 iecerint
2833 4786 2846 4821 :
2880 4768 2957 4821 sic
3002 4776 3055 4821 et
3082 4766 3167 4819 isti
3196 4780 3257 4819 se
3296 4764 3445 4818 dole-

1862 4873 1995 4926 buut
2021 4870 2209 4924 fecisse
2230 4864 2641 4938 quodammodo,
2673 4862 2813 4932 quod
2842 4860 3082 4915 fecerunt
3108 4857 3206 4923 illi,
3230 4872 3294 4912 ex
3316 4872 3448 4925 quo-

1861 4978 1979 5018 rum
2002 4961 2166 5029 stirpe
2190 4957 2538 5014 descendunt.
2568 4955 2821 5023 Quamvis
2846 4967 2974 5022 ergo
3003 4959 3224 5019 accepto
3246 4949 3447 5018 Spiritu

1862 5054 2047 5125 gratiae
2093 5062 2147 5106 et
2171 5047 2548 5105 misericordiae
2574 5046 2682 5116 jam
2711 5044 2895 5099 ﬁdeles
2926 5058 3031 5097 non
3062 5040 3451 5097 damnabantur

1864 5163 1984 5204 cum
2014 5144 2187 5217 impiis
2214 5140 2522 5214 parentibus
2546 5139 2691 5203 suis;
2714 5137 2973 5191 dolebunt
3006 5143 3183 5189 tamen
3200 5141 3449 5198 tanquam

1866 5242 1965 5311 ipsi
1995 5238 2236 5303 fecerint,
2260 5234 2401 5304 quod
2433 5233 2503 5288 ab
2535 5230 2640 5286 illis
2668 5230 2865 5285 factum
2896 5236 2998 5283 est.
3030 5226 3144 5280 Non
3176 5224 3331 5291 igitur
3356 5221 3451 5274 do-

1867 5333 2049 5388 lebunt
2076 5340 2224 5387 reatu
2264 5326 2523 5392 criminis,
2561 5322 2655 5381 sed
2698 5322 2910 5393 pietatis
2939 5317 3152 5372 aﬂ'ectu.
3194 5314 3333 5369 Sane
3364 5311 3453 5367 ubi

1867 5427 2116 5482 dixerunt
2140 5421 2482 5494 Septuaginta
2504 5418 2847 5486 interpretes,
2892 5411 2957 5464 Et
2981 5408 3227 5477 aspicient
3248 5406 3315 5459 ad
3350 5422 3448 5471 me,

1933 5624 1952 5655 ¹
1987 5629 2053 5671 tta
2078 5628 2182 5669 Mss.
2208 5618 2327 5667 Editi
2362 5626 2497 5671 vero,
2535 5610 2602 5660 ait
2638 5617 2795 5668 Evang

1869 5691 1974 5755 ετιξι
2210 5661 2382 5755 ῖίξίιὲἓέ
2398 5661 2510 5755 ie»
2530 5661 3118 5755 {:“‘:_“°§f’£‘"'.f”lf.§lf°

1934 5725 2422 5793 ῗξῶἳῖἧᾶῘὸῖδὶέδῖ
2443 5742 2498 5783 At
2522 5744 2617 5780 Am.
2645 5738 2718 5780 Er.
2748 5736 2800 5779 et
2819 5734 2951 5787 Lov.,
2979 5725 3104 5774 fient.

1940 5809 1963 5841 ³
1984 5806 2090 5857 Sola
2112 5804 2259 5855 editio
2282 5808 2413 5862 um,
2447 5794 2645 5848 minent.

2766 5602 2932 5668 gelista
2962 5608 3167 5651 Joannes
3231 5597 3451 5649 Nondum

2766 5667 2899 5715 idum
2916 5669 3018 5727 erat
3040 5634 3351 5727 glorificatus.
