3960 6496
574 366 672 428 7H

574 499 677 554 que
710 484 727 515 ί
754 492 927 539 morte
959 481 1313 538 communiter
1363 480 1415 537 id
1467 479 1713 548 habetur,
1771 488 1828 534 ut
1866 478 2009 551 quod
2037 491 2145 532 non

573 576 683 629 vult
707 576 902 642 anima,
928 575 994 631 de
1022 589 1119 630 suo
1149 587 1374 644 corpore
1403 576 1649 645 patiatur.

640 666 696 720 2.
719 666 1015 721 Attendunt
1041 676 1217 722 autem
1247 667 1333 721 isti
1356 667 1772 722 contradictores
1797 665 1995 721 nullam
2022 677 2145 721 esse

571 772 713 813 nunc
740 772 975 825 carnem,
1006 773 1124 827 qua:
1150 757 1393 813 dolorem
1432 759 1540 827 pati
1588 758 1785 828 possit,
1809 766 2142 827 mortemque

571 863 676 901 non
701 848 908 917 possit;
938 858 992 902 et
1018 863 1125 903 non
1147 849 1431 904 attendunt
1451 863 1572 904 esse
1600 858 1777 904 tamen
1805 848 2005 919 aliquid
2035 848 2141 902 tale

566 940 706 1009 quod
750 955 975 1010 corpore
1001 941 1171 1011 majus
1204 941 1292 996 sit.
1341 941 1460 1011 Ipse
1490 941 1684 1012 quippe
1710 942 1921 996 animus
1948 981 1963 1006 ,
1990 939 2141 1009 cujus

567 1032 852 1099 praesentia
895 1046 1086 1100 corpus
1123 1032 1254 1086 vivit
1299 1040 1355 1087 et
1389 1033 1610 1103 regitur,
1638 1041 1693 1088 et
1740 1032 1980 1087 dolorem
2030 1030 2140 1101 pati

566 1130 758 1190 potest,
799 1130 854 1178 et
896 1124 1033 1178 mori
1084 1140 1190 1181 non
1222 1134 1415 1195 potest.
1449 1125 1588 1181 Ecce
1625 1127 1837 1181 inventa
1881 1140 1968 1182 res
2009 1134 2134 1191 est,

564 1227 681 1280 quae
706 1228 828 1268 cum
851 1228 1067 1269 sensum
1094 1215 1294 1271 doloris
1315 1217 1526 1283 habeat,
1551 1216 1865 1271 immortalis
1890 1227 1992 1272 est.
2025 1217 2137 1272 Hoc

562 1302 721 1372 igitur
766 1308 869 1360 erit
905 1317 1028 1362 tunc
1079 1309 1239 1363 etiam
1282 1310 1335 1365 in
1380 1311 1691 1379 corporibus
1726 1310 2132 1379 damnatorum,

566 1396 708 1463 quod
736 1413 879 1452 nunc
906 1414 1023 1454 esse
1044 1401 1242 1455 scimus
1270 1400 1325 1455 in
1353 1402 1547 1456 animis
1572 1388 1832 1457 omnium.
1873 1401 1930 1458 Si
1957 1413 2133 1457 autem

560 1487 961 1545 consideremus
986 1490 1310 1563 diligentius,
1332 1492 1487 1548 dolor
1523 1495 1612 1563 qui
1634 1494 1831 1550 dicitur
1850 1496 2089 1565 corporis
2114 1536 2131 1563 ,

557 1580 725 1650 magis
754 1581 821 1635 ad
845 1584 1075 1637 animam
1117 1584 1368 1653 pertinet.
1399 1587 1605 1641 Anima:
1644 1589 1787 1642 enim
1808 1598 1890 1642 est
1914 1589 2127 1657 dolere,

556 1684 662 1724 non
682 1676 945 1742 corporis,
979 1676 1139 1729 etiam
1168 1676 1381 1746 quando
1403 1677 1452 1732 ei
1475 1678 1687 1734 dolendi
1712 1695 1873 1735 causa
1901 1682 2078 1736 existit
2099 1696 2132 1737 a

554 1774 803 1832 corpore,
834 1781 955 1820 cum
988 1768 1039 1822 in
1071 1782 1138 1823 eo
1167 1768 1284 1823 loco
1310 1769 1473 1836 dolet,
1512 1772 1598 1827 ubi
1650 1772 1860 1827 lmditur
1908 1788 2125 1843 corpus.

551 1853 700 1910 Sicut
754 1873 880 1928 ergo
921 1859 1150 1915 dicimus
1193 1876 1418 1931 corpora
1469 1863 1776 1932 sentientia,
1823 1874 1877 1920 et
1904 1879 2128 1936 corpora

550 1940 779 2004 viventia
800 1992 816 2017 ,
846 1964 968 2007 cum
1013 1953 1080 2008 ab
1118 1955 1294 2009 anima
1320 1956 1390 2010 sit
1414 1957 1624 2026 corpori
1648 1958 1670 1989 ¹
1701 1972 1891 2013 sensus
1911 1968 1965 2014 et
1981 1960 2085 2014 vita
2108 1975 2124 2026 ;

548 2039 624 2093 ita
651 2049 705 2096 et
749 2057 973 2112 corpora
1019 2045 1247 2101 dicimus
1273 2047 1505 2103 dolentia
1530 2089 1547 2116 ,
1578 2065 1697 2104 cum
1737 2050 1889 2107 dolor
1914 2052 2126 2120 corpori

545 2131 649 2186 nisi
677 2133 744 2188 ab
770 2133 945 2189 anima
973 2149 1092 2191 esse
1138 2153 1245 2192 non
1302 2139 1490 2208 possit.
1538 2139 1693 2196 Dolet
1742 2142 1921 2213 itaque
1947 2143 2126 2199 anima

544 2235 667 2276 cum
694 2238 922 2293 corpore
943 2226 995 2280 in
1019 2241 1083 2282 eo
1109 2227 1227 2283 loco
1252 2228 1390 2300 ejus,
1418 2229 1511 2284 ubi
1541 2231 1745 2302 aliquid
1770 2234 2027 2305 contingit
2066 2244 2125 2291 ut

543 2310 743 2367 doleat.
779 2314 931 2369 Dolet
946 2323 1009 2394 et
1051 2318 1196 2385 sola,
1239 2321 1483 2390 quamvis
1508 2321 1580 2377 sit
1600 2322 1654 2377 in
1684 2340 1909 2395 corpore
1934 2368 1948 2390 ,
1997 2340 2121 2382 cum

542 2401 720 2471 aliqua
749 2419 909 2461 causa
938 2408 1099 2463 etiam
1145 2411 1398 2468 invisibili
1433 2416 1604 2472 tristis
1630 2426 1713 2472 est
1740 2419 1850 2488 ipsa
1893 2435 2119 2490 corpore

538 2492 976 2554 incolumi.Dolet
994 2501 1155 2555 etiam
1186 2520 1290 2559 non
1308 2505 1360 2559 in
1388 2523 1615 2577 corpore
1637 2513 1922 2565 constituta
1952 2530 1964 2565 :
1993 2528 2117 2567 nam

536 2584 719 2655 utique
744 2587 959 2645 dolebat
975 2591 1125 2647 dives
1142 2594 1231 2649 ille
1256 2596 1395 2665 apud
1415 2598 1633 2665 inferos,
1653 2602 1865 2670 quando
1880 2602 2113 2673 dicebat,

535 2673 743 2731 Crucior
758 2680 811 2732 in
826 2680 921 2733 hac
934 2683 1144 2750 ﬂamma
1159 2684 1311 2754 (Luc.
1333 2704 1442 2755 xu,
1459 2688 1575 2761 24).
1593 2692 1801 2761 Corpus
1820 2702 1997 2750 autem
2016 2710 2115 2751 nec

533 2768 777 2824 exanime
792 2771 955 2837 dolet,
978 2789 1077 2830 nec
1091 2777 1381 2835 animatum
1398 2781 1513 2839 sine
1538 2785 1713 2839 anima
1739 2787 1969 2843 dolet.Si
1986 2803 2115 2860 ergo

529 2873 562 2913 a
589 2859 775 2917 dolore
799 2877 1168 2933 argumentum
1191 2880 1336 2927 recte
1360 2885 1663 2930 sumeretur
1679 2878 1747 2932 ad
1769 2890 1991 2935 mortem
2012 2921 2028 2947 ,
2052 2859 2112 2937 ut

529 2947 651 3005 ideo
678 2967 823 3007 mors
853 2956 1020 3024 possit
1043 2959 1307 3029 accidere,
1333 2963 1452 3032 quia
1478 2967 1648 3033 potuit
1667 2966 1911 3025 accidere
1934 2978 1991 3026 et
2013 2970 2115 3026 do-

527 3043 630 3111 lor,
663 3049 830 3118 magis
854 3049 920 3105 ad
946 3053 1179 3109 animam
1205 3057 1495 3124 pertineret
1532 3060 1687 3127 mori,
1710 3063 1777 3116 ad
1806 3078 1963 3132 quam
1994 3079 2107 3118 ma-

526 3137 605 3227 gis
633 3143 862 3208 pertinet
899 3153 953 3199 et
993 3146 1194 3204 dolere.
1224 3151 1357 3205 Cum
1388 3168 1521 3207 vero
1558 3154 1646 3208 illa
1674 3171 1792 3226 qua:
1817 3158 1985 3227 magis
2011 3158 2107 3213 do-

524 3226 635 3284 lere
657 3242 850 3301 potest,
884 3252 988 3293 non
1018 3241 1184 3307 possit
1213 3244 1370 3308 mori,
1394 3246 1521 3315 quid
1550 3250 1805 3303 momenti
1827 3226 1980 3305 aﬂ‘ert
2009 3267 2106 3306 cur

524 3319 616 3407 illa
651 3339 898 3394 corpora,
942 3334 1194 3399 quoniam
1221 3334 1397 3389 futura
1429 3348 1553 3393 sunt
1582 3339 1632 3393 in
1660 3341 1953 3409 doloribus,
1978 3343 2101 3399 ideo

519 3402 681 3468 etiam
725 3419 981 3475 moritura
1028 3437 1147 3478 esse
1189 3426 1512 3483 credamus?
1537 3430 1797 3488 Dixerunt
1837 3433 2049 3504 quidem
2076 3432 2101 3468 ⁸

518 3502 818 3573 Platonici,
888 3526 954 3566 ex
1001 3516 1229 3571 terrenis
1284 3521 1602 3590 corporibus
1658 3502 2097 3594 moribundisque

516 3590 771 3647 membris
794 3608 914 3649 esse
940 3598 1130 3653 animae
1157 3608 1209 3654 et
1233 3612 1494 3672 metuere,
1525 3616 1581 3661 et
1608 3621 1822 3677 cupere,
1851 3619 1905 3665 et
1943 3590 2096 3668 dole-

514 3690 593 3773 re,
622 3688 781 3750 atque
800 3686 1031 3754 gaudere
1057 3686 1152 3761 (a).
1190 3691 1341 3749 Unde
1379 3695 1651 3765 Virgilius,
1691 3698 1845 3766 Hinc,
1902 3702 2090 3773 inquit,

512 3766 590 3838 (id
630 3780 753 3839 est,
792 3790 860 3829 ex
889 3779 1220 3835 moribundis
1265 3787 1460 3851 terreni
1510 3790 1749 3857 corporis
1793 3766 2091 3866 membris)

512 3871 738 3917 metuunt
764 3870 1092 3941 cupiuntque,
1121 3872 1292 3929 dolent
1319 3878 1635 3951 gaudentque
1659 3881 1894 3952 (ﬁneid.
1914 3887 2002 3942 lib.
2022 3889 2086 3956 6,

512 3969 643 4055 pars.
678 3957 824 4030 755).
852 3961 957 4018 Sed
979 3966 1309 4025 convicimus
1352 3985 1448 4026 eos
1470 3972 1521 4027 in
1554 3988 1745 4045 quarto
1774 3978 1982 4035 decimo
2010 3980 2086 4055 (ὁ)

510 4044 668 4143 hujus
689 4052 864 4143 operis
891 4054 1048 4122 libro,
1076 4057 1273 4116 habere
1298 4063 1502 4120 animas
1530 4044 1819 4133 secundum
1846 4072 1991 4143 ipsos

513 4136 659 4192 Omni
684 4141 846 4196 etiam
884 4147 1127 4216 corporis
1153 4149 1271 4206 labe
1306 4165 1576 4225 purgatas,
1608 4159 1778 4215 diram
1821 4136 2083 4233 cupidita-

508 4232 636 4294 tem,
678 4245 779 4299 qua
829 4249 1017 4290 rursus
1047 4240 1309 4310 incipiunt
1335 4245 1390 4299 in
1440 4262 1666 4318 corpora
1714 4252 1849 4309 velle
1888 4232 2080 4313 reverti

504 4316 669 4420 (μία.
722 4337 851 4378 vers.
881 4326 1005 4392 720,
1039 4329 1186 4401 721).
1221 4331 1320 4388 Ubi
1358 4316 1551 4399 autem
1571 4350 1747 4411 potest
1774 4360 1895 4401 esse
1937 4350 2084 4420 cupi-

509 4407 668 4477 ditas,
711 4414 951 4483 profecto
970 4418 1129 4474 etiam
1169 4422 1323 4478 dolor
1358 4437 1551 4495 potest.
1572 4407 1856 4490 'Frustrata
1887 4407 2081 4509 quippe

503 4503 765 4571 cupiditas
816 4506 929 4563 sive
976 4526 1082 4566 non
1115 4519 1473 4583 perveniendo
1510 4509 1615 4592 quo
1646 4503 1933 4596 tendebat,
1967 4503 2079 4587 sive

501 4595 795 4652 amittendo
822 4615 928 4668 quo
955 4618 1295 4677 pervenerat,
1327 4613 1552 4670 vertitur
1575 4615 1628 4672 in
1652 4617 1910 4676 dolorem.
1936 4622 2077 4691 Qua-

499 4694 719 4755 propter
745 4689 789 4743 si
817 4694 1017 4761 anima,
1050 4712 1168 4766 qua:
1195 4701 1279 4755 vel
1327 4704 1439 4759 sola
1480 4708 1565 4762 vel
1611 4712 1842 4767 maxime
1889 4689 2070 4783 dolet,

495 4774 656 4834 habet
692 4788 870 4839 tamen
924 4789 1207 4856 quamdam
1239 4809 1334 4863 pro
1377 4812 1474 4855 suo
1516 4800 1677 4857 modo
1707 4774 2073 4861 immortalita;

556 4981 680 5059 iliis
692 4983 816 5059 apud
833 4990 951 5059 per.
966 4986 1240 5059 addendum
1264 5005 1356 5059 est,
1375 5002 1549 5049 tamen.

543 5041 581 5107 f
611 5043 684 5092 Sic
706 5041 811 5091 Mss.
835 5046 957 5117 aditi
978 5060 1141 5101 autem
1164 5041 1256 5105 53c
1268 5041 1579 5122 'éi’ﬁFaiiiiio
1593 5061 1720 5129 loco,
1745 5083 1832 5133 pro
1854 5078 2063 5137 corpora,

547 5104 678 5137 .‘Pnt-
698 5111 915 5137 rnrnm-n

1625 364 1715 421 DE
1749 359 2069 421 CIVITATE
2105 357 2237 429 DEI,
2276 360 2336 421 S.
2374 362 2738 425 AUGUSTINI

3721 379 3814 438 τις

2261 485 2368 533 tem
2396 494 2545 538 suam
2567 484 2662 556 (a),
2688 499 2792 540 non
2820 486 2940 543 ideo
2968 489 3103 545 mori
3150 500 3409 561 poterunt
3452 492 3538 548 illa
3569 509 3775 564 eoi-pora
3798 541 3813 563 ,

2254 573 2377 642 quia
2408 574 2685 633 dolebunt.
2730 579 3006 638 Postremo
3047 584 3092 638 si
3118 598 3347 657 corpora
3373 587 3579 643 faciunt
3602 628 3615 652 ,
3645 592 3815 644 utani-

2251 678 2353 719 ma:
2378 664 2615 737 doleant,
2651 686 2747 728 cur
2770 673 2847 729 eis
2866 674 3107 731 dolorem
3144 688 3394 747 possunt,
3434 690 3669 737 mortem
3708 698 3817 739 vero

2249 752 2448 813 inferre
2468 776 2575 815 non
2605 773 2864 831 possunt,
2893 766 2994 821 nisi
3044 770 3168 836 quia
3193 784 3548 841 consequens
3578 789 3680 828 non
3715 783 3812 842 est,

2250 854 2310 900 ut
2348 860 2570 906 mortem
2592 851 2780 921 faciat,
2824 857 2964 926 quod
2985 857 3227 915 dolorem
3255 861 3421 918 facit?
3449 863 3566 919 Cur
3592 880 3714 935 ergo
3746 866 3815 921 in-

2249 938 2507 996 credibile
2556 953 2659 1011 est,
2715 948 2781 999 ita
2837 949 2986 1017 ignes
3064 951 3168 1006 illis
3224 956 3561 1024 corporibus
3597 957 3813 1013 dolorem

2248 1042 2410 1098 posse
2442 1031 2661 1101 inferre,
2693 1052 2798 1093 non
2822 1049 3070 1109 mortem,
3094 1042 3234 1098 sicut
3258 1045 3379 1114 ipsa
3404 1060 3637 1116 corpora
3656 1048 3816 1105 dolere

2245 1122 2450 1178 animas
2472 1124 2693 1193 faciunt,
2734 1144 2867 1199 quas
2899 1140 3078 1188 tamen
3130 1150 3237 1190 non
3273 1136 3405 1191 ideo
3436 1138 3581 1192 mori
3608 1142 3817 1210 cogunt?

2244 1209 2360 1269 Non
2396 1223 2479 1270 est
2526 1232 2654 1288 ergo
2696 1225 3062 1280 necessarium
3096 1225 3291 1283 futurae
3324 1232 3530 1284 mortis
3553 1209 3816 1301 argumeno

2242 1310 2353 1358 tum
2379 1305 2551 1362 dolor.

2240 1412 2469 1473 CAPUT
2509 1418 2597 1475 IV.
2635 1449 2709 1463 -—
2743 1421 2824 1477 De
2893 1429 3209 1486 naturalibus
3262 1433 3544 1504 exemplis,
3624 1454 3816 1505 quorum

2309 1509 2642 1567 consideratio
2670 1514 2847 1570 doceat
2873 1534 3019 1588 posse
3046 1519 3173 1576 inter
3202 1524 3472 1579 cruciatus
3497 1527 3814 1582 viantium-

2309 1616 2439 1668 pora
2463 1618 2775 1670 permanere.

2308 1715 2360 1769 1.
2401 1717 2735 1790 Quapropter
2758 1722 2824 1787 si,
2851 1724 2944 1779 ut‘
2965 1726 3297 1797 scripserunt
3324 1731 3421 1800 qui
3454 1742 3673 1790 naturas
3708 1738 3811 1791 ani-

2236 1813 2451 1869 malium
2491 1817 2754 1875 curiosius
2806 1821 3153 1895 indagamnt,
3205 1828 3556 1884 salamandra
3600 1830 3651 1884 in
3690 1832 3812 1901 igni-

2231 1906 2330 1963 bus
2353 1909 2594 1976 vivit;et
2644 1914 2855 1983 quidam
2904 1919 3167 1974 notissimi
3205 1920 3406 1977 Siciliae
3442 1933 3689 1989 montes,
3731 1923 3809 1992 qui

2233 2006 2378 2055 tanta
2421 1999 2767 2060 diuturnitate
2831 2012 3084 2079 temporis
3132 2021 3291 2082 atque
3343 2023 3619 2069 vetustate
3660 2030 3809 2084 usque

2232 2107 2374 2148 nunc
2435 2109 2498 2149 ac
2550 2096 2799 2168 deinceps
2840 2099 3068 2158 ﬂammis
3114 2112 3365 2171 aestuant,
3420 2116 3590 2176 atque
3636 2106 3807 2175 integri

2230 2197 2600 2255 perseverant,
2654 2192 2784 2246 satis
2853 2193 3031 2250 idonei
3080 2204 3243 2252 testes
3294 2208 3457 2264 sunt,
3510 2215 3620 2253 non
3664 2214 3807 2253 omne

2225 2278 2369 2347 quod
2413 2278 2566 2334 ardet
2606 2281 2848 2348 absumi;
2889 2293 2944 2340 et
2992 2285 3163 2340 anima
3211 2288 3447 2353 indicat,
3507 2305 3616 2344 non
3663 2304 3804 2344 omne

2225 2371 2367 2441 quod
2423 2372 2603 2429 dolere
2649 2384 2855 2445 potest,
2898 2394 3055 2447 posse
3104 2379 3263 2435 etiam
3303 2382 3445 2436 mori
3483 2400 3500 2437 :
3548 2382 3674 2453 quid
3720 2384 3802 2437 ad-

2223 2461 2327 2516 huc
2370 2478 2401 2517 a
2428 2466 2581 2521 nobis
2629 2482 2806 2522 rerum
2853 2480 3143 2541 poscuntur
3170 2474 3412 2543 exempla
3434 2516 3452 2539 ,
3505 2475 3802 2555 quibusde-

2221 2567 2469 2620 ceamus,
2496 2571 2602 2611 non
2651 2574 2770 2615 esse
2819 2560 3149 2630 incredibile,
3178 2572 3235 2619 ut
3286 2564 3571 2620 hominum
3593 2582 3798 2636 corpora

2219 2645 2548 2713 sempiterno
2574 2649 2832 2718 supplicio
2860 2652 3195 2721 punitorum,
3228 2655 3357 2710 etin
3412 2659 3540 2727 igne
3582 2659 3796 2713 animam

2217 2751 2324 2791 non
2355 2739 2660 2807 amittant,
2689 2751 2743 2798 et
2787 2744 2903 2800 sine
2941 2744 3260 2803 detrimento
3298 2749 3564 2816 ardeant,
3593 2761 3651 2807 et
3693 2752 3796 2807 sine

2216 2829 2431 2886 interitu
2477 2833 2730 2890 doleant?
2779 2837 3004 2895 Habebit
3044 2842 3187 2897 enim
3232 2851 3362 2899 tunc
3404 2845 3602 2900 istam'
3632 2849 3795 2902 carnis

2212 2922 2505 2979 substantia
2534 2928 2841 2997 qualitatem
2868 2932 2936 2986 ab
2960 2933 3049 2989 illo
3078 2935 3298 2991 inditam
3319 2978 3335 3004 ,
3363 2938 3455 3005 qui
3502 2949 3612 2995 tam
3643 2942 3793 2996 miras

2212 3023 2267 3069 et
2297 3016 2467 3071 varias
2497 3026 2575 3073 tot
2606 3020 2764 3076 rebus
2818 3023 3041 3093 indidit,
3070 3042 3200 3096 quas
3252 3028 3502 3085 videmus
3522 3072 3536 3094 ,
3569 3043 3627 3085 ut
3676 3048 3788 3099 eas,

2210 3104 2335 3175 quia
2363 3107 2544 3163 multae
2571 3120 2730 3176 sunt,
2761 3128 2863 3168 non
2888 3114 3165 3170 miremur.
3198 3116 3329 3184 Quis
3350 3120 3498 3173 enim
3532 3122 3633 3176 nisi
3661 3122 3787 3177 Deus

2207 3206 2419 3253 creator
2444 3201 2678 3256 omnium
2702 3202 2847 3258 dedit
2895 3207 3042 3261 carni
3065 3209 3286 3278 pavonis
3306 3212 3504 3265 mortui
3534 3228 3601 3265 ne
3622 3222 3783 3282 putre~

2207 3290 2420 3346 sceret?
2440 3292 2593 3360 Quod
2622 3310 2741 3349 cum
2763 3297 2995 3353 auditum
3017 3299 3325 3356 incredibile
3346 3303 3642 3368 videretur,
3670 3320 3783 3360 eve-

2202 3381 2279 3437 nit
2306 3390 2364 3437 ut
2386 3384 2526 3453 apud
2546 3385 2917 3457 Carthaginem
2938 3391 3090 3445 nobis
3112 3402 3262 3446 cocta
3283 3406 3651 3463 apponeretur
3678 3395 3779 3451 haec

2199 3471 2343 3528 avis:
2371 3473 2438 3529 de
2461 3474 2611 3544 cujus
2637 3485 2850 3545 pectore
2873 3479 3175 3550 pulparum,
3196 3495 3455 3553 quantum
3483 3486 3655 3541 visum
3682 3496 3778 3552 est,

2198 3563 2505 3636 decerptum
2532 3571 2730 3625 servari
2755 3570 3045 3639 jussimus:
3077 3574 3215 3644 quod
3238 3585 3365 3646 post
3410 3578 3621 3633 dierum
3662 3589 3776 3634 tan-

2198 3664 2309 3713 tum
2338 3660 2598 3729 spatium,
2626 3672 2824 3732 quanto
2847 3664 2950 3718 alia
2975 3680 3103 3720 caro
3131 3681 3483 3738 quaecumque
3506 3683 3655 3725 cocta
3684 3686 3773 3741 pu-

2196 3754 2483 3817 tresceret,
2533 3752 2795 3821 prolatum
2830 3763 2988 3825 atque
3032 3756 3297 3826 oblatum,
3344 3759 3480 3815 nihil
3545 3773 3768 3821 nostrum

2192 3840 2417 3898 offendit
2439 3842 2713 3900 olfactum.
2734 3846 2970 3918 Itemque
2986 3850 3275 3920 repositum
3290 3863 3411 3923 post
3422 3854 3541 3911 dies
3555 3857 3768 3927 amplius

2191 3950 2348 4006 quam
2368 3936 2582 4007 triginta
2601 3977 2616 4003 ,
2641 3938 2778 3994 idem
2803 3940 2942 4010 quod
2963 3950 3079 3997 erat
3097 3942 3367 4000 inventum
3398 3956 3513 4003 est:
3534 3948 3767 4020 idemque

2190 4035 2310 4097 post
2340 4043 2535 4084 annum
2556 4071 2573 4098 ,
2602 4030 2701 4086 nisi
2749 4032 2887 4102 quod
2913 4034 3239 4105 aliquantum
3280 4040 3632 4109 corpulentia!
3670 4044 3764 4098 sic-

2186 4119 2347 4175 cioris
2370 4131 2425 4177 et
2452 4125 2825 4181 contractioris
2854 4125 2973 4182 fuit.
3002 4128 3131 4195 Quis
3158 4131 3325 4201 palea
3353 4133 3506 4193 dedit
3533 4137 3617 4192 vel
3664 4146 3759 4191 tam

2184 4211 2427 4284 frigidam
2454 4216 2560 4271 vim
2577 4258 2591 4282 ,
2617 4227 2676 4273 ut
2699 4219 2917 4276 obrutas
2948 4223 3095 4276 nives
3118 4233 3329 4291 servet;
3358 4226 3445 4282 vel
3500 4236 3606 4283 tam
3661 4228 3759 4284 fer-

2182 4305 2358 4361 vidam
2381 4348 2396 4374 ,
2427 4318 2483 4363 ut
2502 4325 2658 4379 poma
2684 4311 2963 4367 immatura
2990 4316 3253 4370 maturet?

2251 4395 2309 4449 2.
2350 4398 2425 4452 De
2454 4400 2571 4468 ipso
2598 4402 2719 4472 igne
2743 4406 2876 4458 mira
2901 4405 3019 4474 quis
3073 4407 3337 4475 explicet,
3385 4425 3493 4480 quo
3542 4428 3750 4485 quaeque

2180 4488 2367 4545 adusta
2399 4494 2724 4563 nigrescunt,
2738 4512 2858 4553 cum
2884 4500 2995 4569 ipse
3011 4504 3081 4555 sit
3103 4502 3331 4571 lucidus;
3348 4514 3404 4561 et
3424 4523 3562 4577 pene
3585 4508 3747 4564 omnia

2178 4594 2300 4651 qua:
2324 4583 2490 4638 ambit
2514 4594 2568 4640 et
2583 4586 2785 4655 lambit,
2817 4591 2997 4647 colore
3025 4594 3438 4662 pulcherrimus’
3467 4599 3742 4665 decolorat,

2176 4678 2337 4741 atque
2363 4688 2431 4727 ex
2457 4690 2622 4744 pruna
2649 4677 2843 4749 fulgida
2871 4684 3157 4740 carbonem
3185 4688 3524 4745 teterrimum
3547 4692 3743 4747 reddit?

2174 4760 2360 4833 Neque
2385 4764 2436 4819 id
2459 4769 2606 4836 quasi
2628 4771 2945 4840 regulariter
2968 4775 3244 4833 definitum
3276 4789 3394 4835 est:
3428 4798 3550 4838 nam
3576 4800 3606 4839 e
3628 4801 3742 4839 con-

2173 4859 2339 4913 trario
2362 4858 2569 4929 lapides
2604 4862 2725 4932 igne
2774 4865 3033 4923 candente
3068 4872 3336 4941 percocti,
3383 4885 3439 4929 et
3488 4877 3587 4946 ipsi
3623 4878 3741 4931 ﬁunt

2170 4950 2414 5019 candidi,
2442 4963 2496 5009 et
2520 4956 2760 5025 quamvis
2790 4958 2875 5013 ille
2899 4962 3067 5031 magis
3112 4964 3337 5032 rubeat,
3369 4967 3447 5023 illi
3476 4970 3735 5035 albicent‘,

2169 5046 2415 5114 congruit
2437 5057 2612 5105 tamen
2641 5049 2750 5105 luci
2793 5053 2931 5121 quod
2978 5054 3154 5111 album
3191 5068 3305 5126 est,
3358 5062 3504 5118 sicut
3544 5066 3734 5134 nigrum

2168 5135 2425 5193 tenebris.
2453 5137 2586 5195 Cum
2614 5140 2792 5215 itaque
2816 5143 2954 5215 ignis
2976 5146 3029 5203 in
3057 5147 3214 5219 lignis
3260 5152 3484 5223 ardeat,
3510 5164 3567 5211 ut
3615 5154 3733 5224 lapi-

2230 5333 2250 5399 ξ
2284 5333 2421 5399 Vind.
2446 5342 2544 5385 Am.
2569 5344 2643 5386 Er.
2670 5346 2726 5389 et
2748 5347 2873 5399 Mss,
2898 5340 3036 5393 sicut.

2229 5396 2250 5461 ξ
2282 5398 2369 5461 Sic.
2398 5403 2505 5461 Mss.
2532 5400 2649 5449 Editi
2672 5414 2806 5461 vero,
2832 5396 2939 5454 iatn.

2227 5456 2250 5525 ξ
2279 5456 2382 5507 Sola
2408 5459 2553 5509 editio
2574 5468 2700 5520 Lov.,
2727 5456 3063 5525 pulcherrimo.

2224 5520 2247 5595 ξ
2280 5527 2477 5595 lta_Mss.
2500 5530 2555 5594 at
2578 5524 2712 5595 editi,
2727 5520 2810 5575 ’ξιιε
2848 5527 3011 5595 albida
3033 5530 3187 5581 colore
3208 5534 3455 5595 nitesamt,

2225 5581 2297 5645 (a)
2330 5590 2429 5632 Non
2451 5586 2585 5651 enim
2601 5587 2663 5635 ita
2683 5581 2960 5651 imn‘iortalis
2986 5599 3077 5651 est,
3099 5600 3153 5642 ut
3171 5581 3566 5650 mternumuantea
3593 5604 3712 5649 vixe-

2160 5646 2359 5719 rit._nec
2383 5653 2439 5697 ut
2463 5648 2705 5710 exstingui
2729 5650 2859 5719 {uilla
2884 5653 2939 5719 vi
2947 5646 3100 5719 queat
3124 5668 3137 5702 :
3163 5656 3251 5719 sed
3291 5662 3417 5719 quod
3438 5646 3711 5713 adiicias;

2160 5708 2258 5781 mel
2282 5722 2308 5780 τι
2328 5719 2422 5757 nco
2470 5708 2711 5771 nunquam
2734 5712 2799 5760 ita
2836 5708 3035 5775 peribit,
3079 5723 3133 5766 ut
3164 5717 3214 5765 in
3245 5708 3619 5781 nihilumabea't;
3644 5708 3705 5772 ta-

2158 5774 2297 5841 incisi
2326 5783 2527 5825 mortem
2553 5774 2841 5849 patipossit,
2866 5774 3301 5848 quamrsecuudatu
3321 5788 3516 5836 dicimus
3545 5774 3705 5849 ςυίιρ¹ί⁹

2158 5844 2219 5878 ett
2243 5846 2290 5879 ιιι
2313 5846 2604 5894 perpetuum
2627 5843 2859 5896 duraturi.
2883 5843 2995 5897 tuo.
3021 5858 3174 5900 \‘n'ss.

3647 5999 3651 6001 .
3696 5957 3739 6001 Δ
