3960 6496
989 36 1334 44 ...—.——.-..--——.—~

121 403 238 459 7l5

119 517 228 572 des
259 525 474 587 coquat,
512 517 807 572 contrarios
835 515 996 572 habet
1019 532 1122 570 non
1149 517 1198 571 in
1227 519 1511 572 contrariis
1555 520 1712 575 rebus

37 651 39 653 .
118 608 379 663 effectus.
407 607 518 661 Etsi
543 608 684 662 enim
713 607 914 676 lapides
941 619 995 662 et
1025 608 1159 677 ligna
1179 607 1383 663 diversa
1411 619 1535 662 sunt
1554 627 1568 676 ;
1589 626 1716 665 con-

10 725 36 744 ιι
121 701 299 754 traria
335 710 510 754 tamen
544 714 649 754 non
679 709 835 764 sunt,
865 699 1002 754 sicut
1025 700 1200 754 album
1229 709 1283 756 et
1311 701 1516 770 nigrmn
1539 743 1554 769 ,
1586 717 1719 772 quo-

31 817 36 824 -
120 807 254 844 rum
286 791 340 844 in
371 791 631 859 lapidibus
652 806 814 844 unum
845 790 996 857 facit,
1017 790 1238 845 alterum
1266 792 1318 845 in
1339 792 1521 862 lignis,
1544 791 1719 846 clarus

121 883 260 937 illos
289 882 624 948 eiarificans,
660 881 775 936 haec
795 881 1111 949 obfuseans;
1149 898 1266 937 cum
1295 883 1345 936 in
1374 885 1477 938 illis
1521 884 1717 939 delice-

127 983 219 1030 rct
242 1014 260 1039 ,
294 975 398 1029 nisi
426 975 478 1028 in
502 974 618 1029 istis
644 974 865 1027 viveret.
897 974 1034 1041 Quid
1079 975 1130 1028 iu
1155 973 1473 1029 carbonibus
1495 1017 1508 1039 ,
1540 991 1718 1030 nonne

125 1066 382 1120 miranda
433 1074 516 1120 est
541 1065 560 1096 ί
590 1073 645 1119 et
687 1073 830 1118 tanta
856 1063 1168 1130 infirmitas,
1217 1075 1274 1119 ut
1317 1065 1718 1120 ietulevissimo

128 1156 475 1227 frangantur,
505 1170 690 1225 pressu
743 1154 996 1210 facillimo
1049 1165 1424 1219 conterantur;
1472 1164 1522 1211 et
1575 1165 1718 1212 tanta

126 1247 396 1314 ﬁrmitas,
424 1255 481 1302 ut
511 1248 655 1302 nullo
686 1247 909 1301 humore
938 1256 1361 1316 corrumpantur,
1394 1247 1534 1301 nulla
1566 1257 1720 1304 actate

128 1338 448 1403 vincantur,
479 1352 650 1407 usque
673 1337 807 1390 adeo
831 1345 991 1390 uteos
1011 1337 1346 1391 substernere
1370 1337 1600 1404 soleant,
1630 1340 1719 1408 qui

10 1477 36 1508 τ,
129 1430 342 1484 limites
366 1429 562 1499 ﬁgunt,
594 1429 659 1482 ad
685 1427 1106 1482 convincendum
1135 1428 1720 1500 litigatorem,quisquis

45 1581 47 1584 η
127 1530 258 1590 post
285 1521 616 1590 quantalibet
635 1529 872 1588 tempora
896 1519 1181 1583 exstiterit,
1202 1517 1467 1588 fixumque
1491 1519 1717 1590 lapidem

11 1591 36 1603 ﬂ
130 1611 366 1666 limitem
415 1626 521 1666 non
567 1625 686 1664 esse
732 1608 1116 1664 contenderit?
1163 1607 1294 1676 Quis
1335 1625 1429 1664 eos
1473 1610 1527 1664 in
1579 1620 1719 1667 terra

134 1701 360 1756 humida
389 1701 617 1756 infossus
641 1743 654 1764 ,
687 1702 772 1756 ubi
801 1701 935 1770 ligna
959 1709 1357 1770 putrescerent,
1385 1710 1491 1756 tam
1515 1703 1603 1757 ditt
1625 1703 1721 1757 du-

132 1806 261 1847 rare
287 1792 758 1861 incorruptibiliter
780 1805 935 1862 posse
954 1833 969 1859 ,
999 1792 1098 1845 nisi
1127 1806 1305 1847 rerum
1331 1792 1419 1847 ille
1439 1803 1720 1865 corruptor

41 1885 47 1892 '
134 1881 276 1951 ignis
299 1882 479 1937 effecit
512 1881 632 1952 (a)?

205 1976 262 2028 5.
309 1973 622 2028 lntucamnr
641 1972 799 2028 etiam
827 1974 1132 2028 miraculum
1161 1974 1323 2030 calcis
1341 2017 1356 2040 ,
1388 1984 1611 2046 excepto
1631 1991 1716 2045 eo,

134 2065 202 2120 de
231 2081 346 2136 quo
361 2065 473 2135 jam
511 2064 642 2120 satis
665 2063 914 2132 diximus,
945 2064 1086 2134 quod
1129 2065 1248 2135 igne
1290 2064 1590 2134 eandieat’,
1615 2081 1720 2136 quo

10 2187 42 2198 ιι
133 2158 238 2211 alia
296 2166 434 2212 tetra
482 2155 794 2224 redduntur,
847 2157 1007 2212 etiam
1059 2157 1418 2213 occultissime
1481 2159 1548 2213 ab
1601 2159 1720 2229 igne

133 2250 324 2319 ignem
347 2249 614 2318 concipit,
640 2263 868 2318 eumque
891 2249 1000 2318 jam
1040 2248 1194 2318 gleba
1243 2248 1576 2319 tangentibus
1623 2249 1718 2304 fri-

136 2341 259 2411 gida
295 2348 402 2393 tam
423 2339 652 2393 latenter
673 2349 880 2406 servat,
910 2349 964 2394 ut
991 2339 1124 2395 nulli
1150 2349 1333 2395 nostro
1359 2339 1538 2396 sensui
1567 2353 1714 2411 pror-

135 2445 228 2488 sus
255 2439 537 2502 appareat,
568 2428 662 2485 sed
687 2440 989 2501 compertus
1011 2433 1392 2500 experimento,
1413 2433 1569 2485 etiam
1593 2432 1718 2486 dum

137 2537 245 2577 non
275 2530 535 2592 apparet,
583 2522 779 2574 sciatur
824 2521 997 2576 inesse
1046 2521 1268 2592 sopitus.
1316 2521 1539 2591 PrOpter
1581 2523 1719 2592 quod

43 2633 48 2638 ·
139 2629 258 2670 eam
293 2615 469 2667 vivam
499 2612 696 2667 calcem
719 2612 1004 2683 loquimur,
1034 2613 1179 2667 velut
1219 2614 1333 2683 ipse
1375 2612 1511 2682 ignis
1555 2613 1722 2668 latens

137 2708 321 2761 anima
343 2706 410 2760 sit
431 2704 710 2759 invisibilis
731 2705 953 2759 visibilis
969 2706 1228 2775 corporis.
1254 2705 1368 2760 Jam
1392 2721 1518 2759 vero
1564 2720 1719 2775 quam

143 2798 342 2852 mirum
385 2807 464 2852 est
490 2796 629 2866 quod
660 2811 778 2850 cum
815 2795 1180 2866 exstinguitur,
1213 2804 1336 2850 tunc
1375 2780 1722 2850 accenditur?

142 2888 212 2944 Ut
237 2889 389 2943 enim
420 2887 628 2942 occulto
650 2888 768 2965 igne
792 2896 1000 2953 careat,
1024 2887 1182 2956 aqua"
1212 2887 1521 2952 infunditur,
1551 2902 1722 2956 aqua-

142 2996 207 3037 ve
227 2979 604 3052 perfunditur;
631 2989 687 3035 et
711 2995 828 3034 cum
857 2989 978 3034 ante
1005 2981 1072 3033 sit
1131 2979 1313 3048 frigida
1335 3022 1349 3045 ,
1375 2979 1496 3034 inde
1549 2978 1723 3032 ferve-

141 3073 277 3137 scit,
306 3071 448 3127 unde
478 3070 733 3127 ferventia
785 3081 972 3124 cuncta
1018 3071 1318 3140 frigescunt.
1352 3069 1503 3123 Velut
1549 3070 1723 3139 exspi-

145 3173 302 3219 rante
345 3179 474 3234 ergo
522 3163 606 3216 illa
635 3162 783 3232 gleba
830 3161 1108 3217 discedens
1157 3162 1310 3231 ignis,
1353 3162 1440 3231 qui
1495 3163 1719 3228 latebat,

143 3265 401 3326 apparet,
457 3270 520 3310 ac
543 3254 736 3309 deinde
772 3263 1019 3323 tanquam
1045 3263 1214 3307 morte
1234 3251 1256 3284 ⁸
1281 3253 1358 3307 sic
1397 3253 1578 3322 frigida
1607 3263 1686 3306 est
1706 3295 1719 3319 ,

145 3357 201 3401 ut
227 3346 438 3416 adjecta
467 3345 602 3401 unda
633 3359 738 3399 non
765 3345 836 3398 sit
859 3359 1040 3398 arsura
1061 3386 1074 3409 ,
1102 3353 1156 3399 et
1184 3358 1340 3414 quam
1387 3344 1584 3398 calcem
1633 3359 1722 3397 vn-

144 3439 402 3492 cabamus
435 3438 606 3491 vivam
627 3477 641 3500 ,
673 3451 920 3490 vocemus
950 3437 1286 3490 exstinctam.
1317 3435 1454 3501 Quid
1479 3445 1559 3489 est
1585 3436 1722 3503 quod

149 3529 269 3583 huic
294 3527 555 3582 miraculo
579 3527 698 3581 addi
725 3542 880 3596 posse
902 3527 1176 3581 videatur?
1197 3536 1250 3580 et
1284 3536 1458 3580 tamen
1493 3525 1720 3580 additur.

149 3619 277 3674 Nam
305 3620 352 3675 si
381 3634 488 3672 non
511 3618 764 3673 adhibeas
785 3633 974 3688 aquam
994 3658 1008 3684 ,
1035 3617 1125 3672 sed
1153 3618 1324 3672 oleant
1342 3659 1354 3683 ,
1381 3617 1518 3688 quod
1557 3617 1722 3685 magis

149 3712 320 3765 fomes
341 3719 427 3764 est
449 3710 616 3778 ignis,
641 3710 783 3764 nulla
839 3709 953 3778 ejus
981 3707 1279 3778 pet-fusione
1325 3709 1406 3762 vel
1465 3708 1725 3761 inlusione

152 3801 402 3856 fervescit
421 3800 516 3871 (ιι).
534 3799 644 3855 Hoc
672 3800 978 3854 miraculum
1008 3801 1052 3853 si
1075 3799 1140 3853 de
1166 3799 1534 3868 aliquolndieo
1555 3798 1726 3868 lapide

155 3894 469 3964 legeremus,
490 3894 602 3948 sive
628 3892 951 3955 audiremus,
971 3901 1024 3946 et
1041 3891 1090 3944 in
1119 3899 1356 3945 nostrum
1385 3892 1721 3959 experimen-

154 3994 260 4040 tum
309 3986 493 4040 venire
549 3999 653 4038 non
709 3992 916 4053 posset,
974 3981 1212 4050 profecto
1256 3990 1346 4034 aut
1388 3981 1723 4034 mendacium

155 4088 463 4148 putaremus
482 4116 499 4143 ,
531 4085 622 4130 aut
649 4084 794 4130 certe
840 4073 1110 4143 granditer
1138 4073 1470 4127 miraremur.
1493 4072 1724 4138 Quarum

155 4186 279 4226 vero
303 4185 484 4224 rerum
501 4178 623 4224 ante
643 4168 827 4222 oculos
845 4175 1052 4222 nostros
1069 4165 1367 4236 quotidiana
1409 4166 1725 4220 documenta

154 4270 455 4326 versantur,
486 4275 591 4313 non
616 4273 812 4329 genere
833 4259 1009 4319 minus
1033 4257 1291 4322 mirabili,
1320 4257 1411 4311 sed
1443 4257 1552 4326 ipsa
1595 4258 1727 4311 assi-

155 4353 357 4407 duitate
378 4352 678 4414 vilescunt,
705 4350 775 4404 ita
812 4359 868 4404 ut
907 4365 970 4404 ex
999 4349 1110 4418 ipsa
1149 4347 1328 4412 India,
1359 4363 1477 4417 qua:
1522 4357 1724 4402 remota

156 4451 237 4496 est
266 4457 390 4512 pars
415 4441 602 4496 orbisa
633 4440 784 4494 nobis
808 4481 822 4506 ,
847 4439 1159 4494 desierimus
1204 4438 1454 4492 nonnulla
1511 4438 1687 4492 tnirari
1707 4477 1724 4505 ,

157 4550 272 4603 qua:
287 4532 357 4588 ad
379 4547 477 4586 nos
507 4541 790 4601 potuerunt
811 4530 1044 4585 miranda
1072 4531 1306 4600 perduci.

224 4625 281 4679 4.
322 4623 672 4678 Adamantem
714 4621 942 4690 lapidem
984 4622 1134 4676 multi
1177 4621 1314 4689 apud
1360 4636 1458 4676 nos
1503 4622 1724 4686 habent,

158 4725 211 4769 ct
237 4716 470 4770 maxime
497 4713 740 4768 aurifices
765 4714 1203 4783 insignitoresque
1228 4729 1550 4782 gemmarum
1573 4756 1586 4780 ,
1639 4717 1726 4783 qui

162 4807 293 4874 lapis
333 4821 433 4861 nec
469 4807 646 4871 ferro,
682 4819 781 4860 nec
815 4805 922 4875 igni
967 4804 1059 4876 (c),
1090 4821 1186 4859 nec
1215 4805 1315 4859 alia
1361 4807 1408 4857 vi
1436 4805 1537 4858 ulla
1560 4844 1575 4868 ,
1608 4820 1728 4873 per-

161 4898 374 4954 hibetur
402 4906 594 4968 prretcr
623 4898 642 4928 ⁵
670 4897 877 4952 hircino
906 4897 1163 4966 sanguine
1191 4896 1323 4950 vinci
1358 4896 1455 4966 (ά).
1490 4896 1593 4952 Sed
1637 4898 1726 4966 qui

221 5074 247 5146 ι.
275 5072 414 5144 miti,
460 5083 612 5122 nonne
649 5067 873 5120 miranda
921 5082 996 5119 res
1033 5073 1120 5118 est.
1170 5068 1328 5126 Abest,
1377 5078 1470 5127 res,
1512 5080 1537 5114 a
1561 5079 1725 5116 mauu-

160 5142 362 5196 scriptis.

220 5200 240 5227 ³
275 5199 346 5244 sic
366 5203 472 5244 mss.
499 5202 554 5243 Αι
569 5194 704 5252 mni,
725 5190 997 5242 candescat.

222 5257 243 5318 ἓ
276 5258 408 5318 Apud
423 5265 552 5316 πλον..
571 5267 725 5318 aqua}.

221 5317 242 5348 ι
276 5317 347 5364 Er.
375 5318 521 5380 Lugd.
549 5317 759 5380 etiVen.,
796 5320 1018 5377 tanquam
1041 5318 1239 5362 mortua.
1338 5318 1388 5358 at.

222 5380 244 5410 ⁵
277 5381 350 5427 sic
373 5379 477 5428 Mss.
503 5379 620 5427 Editi
643 5390 778 5436 vero,
803 5383 1140 5439 praeterquam.

225 5459 297 5522 (ιι)
331 5462 533 5520 Samius,
553 5460 708 5523 Βιιωρὶ
730 5456 872 5523 filius,
897 5459 1079 5523 primus
1113 5452 1600 5523 consuluitcarboncs
1622 5451 1730 5499 fun-

165 5514 401 5571 damentis
426 5514 590 5584 templi
618 5519 834 5584 Ephesiae
863 5514 1036 5566 'tiiante
1079 5515 1264 5577 subjici.
1312 5514 1423 5562 \ide
1467 5516 1731 5574 Diogenem

167 5585 422 5642 Laertium,
445 5580 541 5631 lib:
558 5582 604 5641 Ξ,
628 5580 780 5642 l{103.
800 5585 1033 5642 Laneus.

251 5643 298 5706 b)
331 5639 798 5706 communiendi).
821 5640 900 5697 55,
922 5639 1122 5706 03P-
1217 5697 1243 5706 __
1382 5704 1388 5706 λ
1540 5697 1549 5706 .

251 5645 298 5706 b)
331 5645 460 5692 conf.
481 5645 697 5699 l‘linitzm,
715 5645 798 5688 lih.
821 5645 900 5697 35,
922 5653 1024 5700 cap.
1044 5645 1122 5688 50.
1467 5698 1474 5705 _
1540 5697 1549 5706 .

228 5645 300 5767 ξε)
339 5705 532 5753 adamas
554 5704 736 5767 positus
757 5701 807 5748 iu
830 5702 1018 5748 vasculo
1042 5697 1274 5762 liquandis
1296 5696 1503 5747 metallis
1539 5695 1726 5755 tdonco,

169 5765 216 5812 ln
235 5765 417 5813 fumum
437 5766 693 5814 evanescit.
721 5770 950 5809 laneum.

233 5826 312 5890 (d)
344 5826 475 5875 Oonf.
501 5825 638 5884 Plin.,
676 5824 758 5872 lib.
782 5824 861 5879 57,
880 5835 984 5882 cap.
1011 5822 1082 5870 l5.

372 5909 593 5968 SANCT.
633 5914 909 5967 Aunusr.
947 5904 1080 5963 VII.

1255 396 1452 451 LIBER
1496 399 1850 459 VlGESIMUS
1886 407 2151 468 PRIMUS.

3297 434 3394 490 7H

1825 541 1944 582 eum
1967 527 2161 584 habent
2180 542 2334 602 atque
2363 547 2636 603 noverunt,
2657 542 2907 610 numquid
2937 544 3003 596 ita
3034 546 3312 611 mirantur,
3335 562 3393 604 ut

1824 617 1877 670 hi
1896 618 2084 687 quibus
2103 622 2324 690 primum
2353 627 2580 693 potentia
2598 628 2710 697 ejus
2731 633 3058 688 ostenditur?
3075 636 3278 704 Quibus
3294 655 3390 693 au-

1825 717 1930 762 tem
1962 726 2065 765 non
2087 713 2397 781 ostenditur,
2426 715 2646 774 fortasse
2671 735 2767 774 nec
2794 723 3050 790 credunt;
3079 736 3169 781 aut
3195 729 3238 782 si
3266 745 3386 786 cre-

1823 799 1985 866 dunt,
2016 802 2283 870 inexperta
2305 805 2592 871 mirantur;
2621 817 2675 864 et
2722 811 2768 864 si
2798 815 3076 884 contigerit
3117 819 3346 888 experiri
3370 861 3385 884 ,

1823 891 1994 946 adhuc
2017 893 2227 962 quidem
2252 896 2506 952 mirantur
2533 899 2743 954 insolita
2765 943 2778 966 ,
2804 903 2893 958 sed
2917 906 3194 962 assiduitas
3223 926 3385 980 expc-

1823 982 1993 1037 riendi
2016 985 2263 1051 paulatim
2285 987 2548 1042 subtrahit
2568 990 2931 1048 admirationis
2961 997 3379 1057 incitamentum.

1822 1073 2114 1143 Magnetem
2145 1077 2370 1146 lapidem
2409 1083 2650 1136 novimus
2681 1087 2972 1141 mirabilem
3007 1089 3129 1145 ferri
3161 1107 3277 1148 esse
3304 1109 3379 1148 rae

1823 1173 2026 1233 ptorcm
2049 1169 2215 1237 :quod
2241 1174 2590 1241 comprimunt
2617 1175 2746 1241 vidi,
2768 1180 3108 1237 vehementer
3129 1185 3381 1241 inhorrui.

1821 1257 2025 1328 Quippe
2049 1261 2329 1316 cernebam
2356 1279 2384 1316 a
2407 1263 2582 1334 lapide
2609 1267 2834 1323 ferreum
2893 1273 3138 1326 annulum
3182 1287 3380 1344 raptum

1821 1359 1978 1420 atque
2006 1366 2318 1423 suspensum
2344 1371 2357 1418 ;
2387 1355 2576 1410 deinde
2599 1366 2842 1429 tanquam
2872 1360 3010 1415 ferro
3039 1364 3178 1434 quod
3203 1382 3380 1436 rapue-

1822 1450 1936 1508 rat,
1995 1444 2099 1497 vim
2154 1444 2388 1500 dedisset
2435 1463 2621 1513 suatn,
2655 1465 3096 1524 communemque
3139 1455 3385 1524 fecisset,

1822 1533 1961 1587 idetn
1989 1535 2212 1589 annulus
2232 1535 2478 1592 admotus
2505 1549 2585 1592 est
2609 1541 2796 1607 alteri,
2827 1558 3053 1614 cumque
3080 1547 3346 1615 suspendit
3371 1589 3388 1612 ,

1821 1643 1982 1704 atque
2035 1646 2090 1691 ut
2140 1637 2232 1693 ille
2280 1640 2424 1708 prior
2450 1640 2630 1710 lapidi,
2660 1645 2738 1698 sic
2772 1645 2905 1700 alter
2954 1649 3185 1704 annulus
3227 1651 3389 1720 priori

1775 1776 1784 1784 .
1822 1725 2018 1782 annulo
2065 1728 2409 1786 coluercbat:
2459 1735 2685 1789 accessit
2726 1735 2914 1791 eodem
2963 1739 3120 1794 modo
3173 1743 3386 1809 tertius,

1821 1817 2043 1873 accessit
2067 1828 2118 1874 ct
2143 1831 2394 1889 quartus,
2417 1822 2632 1893 jamque
2680 1826 2778 1880 sibi
2810 1843 2905 1896 per
2949 1839 3125 1885 mutua
3178 1833 3389 1888 circulis

1821 1908 1973 1961 nexis
1992 1949 2006 1974 ,
2037 1923 2140 1962 non
2165 1909 2552 1979 implicatorum
2583 1915 2918 1983 intrinsecus,
2947 1919 3038 1974 sed
3061 1923 3388 1979 extrinsecus

1821 1996 2200 2053 adltmrentium
2226 2041 2242 2068 ,
2273 2003 2422 2070 quasi
2449 2013 2635 2057 catena
2687 2007 3013 2075 pependerat
3048 2012 3386 2067 annulnrum.

1821 2086 1948 2154 Quis
1976 2087 2128 2142 istam
2157 2090 2259 2143 vim
2290 2089 2476 2160 lapidis
2501 2108 2602 2148 non
2625 2104 2894 2164 stuperet,
2926 2114 3041 2167 qua:
3064 2101 3135 2154 illi
3164 2118 3265 2156 non
3296 2118 3388 2158 so-

1823 2177 1929 2232 lum
1960 2179 2160 2243 inerat.
2192 2197 2373 2236 verum
2398 2185 2556 2237 etiam
2585 2201 2679 2254 per
2706 2197 2782 2241 tot
2815 2203 3068 2258 suspensa
3100 2195 3385 2266 transibat,

1821 2279 1872 2324 et
1901 2270 2245 2328 invisibilibus
2271 2289 2332 2327 ea
2360 2275 2581 2330 vinculis
2608 2278 2939 2351 subligabat?
2966 2283 3068 2340 Sed
3097 2288 3264 2343 tnnlto
3305 2300 3391 2345 est

1821 2361 2141 2429 mirabilius.
2171 2365 2308 2435 quod
2339 2381 2366 2419 a
2394 2366 2556 2422 fratre
2582 2379 2635 2423 et
2689 2374 3004 2444 coepisc0po
3026 2392 3143 2430 meo
3187 2378 3388 2435 Severo

1823 2454 2127 2511 Milevitana
2153 2457 2220 2512 de
2251 2457 2353 2512 isto
2385 2459 2558 2528 lapide
2584 2464 2840 2530 comperi.
2868 2464 2936 2519 Se
2959 2465 3127 2535 ipsum
3159 2485 3386 2540 namque

1825 2546 2023 2600 vidisse
2053 2549 2315 2613 narravit,
2355 2552 2797 2618 quemadmodum
2821 2555 3168 2613 Bathanarius
3219 2575 3390 2629 quon-

1825 2635 1942 2692 dam
1991 2637 2184 2693 Comes
2235 2638 2458 2706 Africrc,
2514 2643 2796 2714 cutnapttd
2851 2661 2971 2700 cum
3021 2649 3392 2706 eonvivaretur

1825 2727 2150 2797 Episc0pus,
2185 2728 2430 2784 eumdem
2464 2732 2740 2800 protulerit
2769 2735 2994 2804 lapidem
3017 2780 3030 2803 ,
3078 2747 3132 2792 et
3161 2742 3395 2796 tenuerit

1826 2817 1924 2871 sub
1948 2828 2207 2889 argento,
2252 2819 2558 2892 ferrumque
2605 2840 2764 2894 super
2804 2839 3079 2896 argentum
3126 2835 3388 2900 posuerit;

1825 2908 2016 2965 deinde
2066 2912 2201 2966 sicut
2229 2913 2415 2968 subter
2463 2917 2706 2970 movebat
2735 2933 2979 2984 manum,
3032 2937 3133 2990 qua
3165 2923 3392 2992 lapidem

1828 3005 2057 3066 tenebat,
2083 3003 2147 3057 ita
2177 3003 2374 3059 ferrum
2399 3005 2626 3075 desuper
2651 3010 2978 3073 movebatur,
3002 3023 3157 3082 atque
3176 3026 3394 3084 argento

1826 3093 2000 3148 medio
2038 3093 2273 3164 nihilque
2323 3097 2588 3165 patiente,
2637 3099 3056 3155 concitatissimo
3107 3119 3262 3158 cursu
3331 3121 3394 3161 ac

1829 3199 2042 3239 recursu
2071 3184 2202 3238 infra
2229 3186 2362 3254 lapis
2387 3187 2452 3240 ab
2480 3187 2692 3244 homine
2712 3231 2724 3252 ,
2760 3205 2914 3259 supra
2939 3191 3134 3245 ferrum
3155 3194 3394 3264 rapieba-

1829 3283 1911 3327 tur
1938 3289 1968 3328 a
1994 3274 2186 3344 lapide.
2217 3276 2327 3329 Dixi
2354 3277 2494 3346 quod
2525 3278 2638 3347 ipse
2681 3282 2930 3348 conspexi
2958 3323 2970 3344 ,
2999 3282 3104 3338 dixi
3153 3285 3290 3353 qUod
3327 3286 3395 3340 ab

1829 3364 1917 3418 illo
1937 3364 2254 3431 audivi,cui
2288 3375 2535 3436 tanquam
2571 3369 2683 3438 ipse
2730 3371 2949 3425 viderim
2994 3374 3213 3428 credidi.
3259 3375 3395 3444 Quid

1827 3456 1984 3510 ctiam
2012 3456 2078 3511 de
2104 3458 2203 3510 isto
2234 3469 2476 3528 magucte
2502 3459 2719 3530 legerint
2775 3461 2966 3515 dicam.
3000 3464 3221 3529 Quando
3247 3467 3394 3534 juxta

1827 3562 1946 3600 eum
2000 3549 2209 3616 ponitur
2257 3549 2492 3616 adamas,
2522 3567 2625 3604 non
2655 3553 2790 3621 rapit
2827 3551 3063 3618 ferrum;
3095 3564 3147 3609 ct
3190 3556 3235 3609 si
3288 3557 3393 3624 jam

1831 3651 2106 3708 rapuerat,
2139 3643 2266 3695 utei
2311 3645 2806 3713 appropinquaverit
2833 3687 2846 3711 ,
2897 3661 3017 3700 mox
3071 3647 3285 3701 remittit
3319 3648 3392 3720 (α)

1831 3733 1971 3786 ludia
1997 3735 2154 3787 mittit
2179 3734 2274 3788 hos
2300 3735 2528 3804 laptiles:
2557 3737 2647 3790 sed
2678 3737 2718 3789 si
2749 3752 2842 3792 eos
2875 3753 2970 3790 nos
3010 3738 3250 3808 cegttilos
3285 3739 3395 3810 jatn

1829 3825 2133 3881 desistimus
2158 3828 2411 3882 admirari
2442 3871 2453 3893 ,
2479 3841 2676 3899 quanto
2706 3832 2872 3900 magis
2901 3833 2974 3886 illi
3003 3848 3029 3885 a
3079 3833 3268 3902 quibus
3303 3850 3392 3886 vc-

1831 3919 2012 3980 niunt,
2043 3920 2084 3971 si
2111 3935 2204 3972 eos
2233 3920 2509 3975 facillimos
2560 3923 2788 3987 habent,
2820 3925 2895 3977 sic
2943 3925 3159 3978 forsitan
3202 3925 3400 3979 habent

1832 4019 1884 4061 ttt
1917 4026 2012 4063 ne.c
2031 4010 2230 4063 ealccm
2253 4051 2267 4076 ,
2297 4026 2452 4079 quam
2486 4013 2620 4066 miro
2647 4014 2804 4068 modo
2830 4031 2963 4085 aqua
2990 4017 3396 4081 ferveseentcm,

1831 4115 1930 4169 qua
1958 4099 2093 4154 Solet
2125 4101 2258 4169 ignis
2287 4103 2568 4171 exstingui,
2596 4113 2649 4157 et
2678 4105 2796 4158 oleo
2839 4122 2941 4158 non
2995 4107 3396 4174 fervescentctn,

1831 4207 1932 4257 quo
1957 4191 2091 4243 solet
2122 4191 2255 4259 ignis
2286 4193 2500 4246 accendi
2529 4233 2542 4257 ,
2572 4193 2690 4262 quia
2725 4194 2774 4247 in
2808 4206 3050 4263 promptu
3096 4196 3246 4251 nobis
3273 4209 3356 4252 cst
3381 4239 3396 4263 ,

1833 4295 1934 4331 non
1967 4280 2255 4333 miramur?

1832 4367 2052 4422 CAPUT
2085 4370 2145 4422 V.
2177 4399 2212 4409 -ι
2233 4397 2248 4408 ο
2273 4371 2470 4435 Quanta
2495 4373 2591 4424 sint
2621 4390 2829 4442 quorum
2854 4378 2978 4428 ratio
3010 4387 3214 4444 nequeat
3243 4395 3401 4449 agno-

1901 4461 1971 4514 sci
2003 4462 2037 4524 ¹,
2069 4471 2115 4514 el
2142 4471 2303 4514 tamen
2334 4465 2504 4515 cadent
2527 4481 2640 4517 vera
2671 4481 2773 4518 csse
2797 4483 2894 4519 non
2925 4467 2988 4519 sit
3019 4467 3324 4537 ambiguum.

1903 4554 1952 4605 l.
1974 4551 2344 4606 Verumtamen
2371 4552 2611 4608 homines
2635 4554 2890 4621 infideles,
2919 4557 3004 4624 qui
3037 4558 3056 4586 ²
3081 4572 3197 4609 cum
3223 4557 3397 4612 divina

1833 4643 1914 4697 vel
1957 4644 2218 4713 prteterita
2259 4643 2341 4697 vel
2377 4641 2547 4696 futura
2589 4644 2838 4697 miracula
2872 4645 3250 4714 pra-dicamus,
3283 4663 3400 4717 qua:

1834 4735 1936 4788 illis
1968 4735 2284 4804 experienda
2327 4750 2431 4787 non
2466 4735 2699 4788 valemus
2733 4735 3010 4789 ostendere
3041 4777 3053 4796 ,
3084 4736 3340 4791 rationem
3371 4753 3400 4791 a

1833 4827 1982 4882 nobis
2009 4842 2189 4881 earum
2218 4825 2454 4896 flagitant
2482 4841 2678 4890 rerum;
2699 4841 2853 4896 quam
2873 4827 3118 4896 quoniam
3147 4843 3249 4880 non
3277 4843 3402 4898 pos-

1834 4932 2014 4972 sumus
2037 4915 2258 4970 reddere
2280 4915 2564 4988 (cxccdunt
2582 4917 2720 4969 enim
2743 4917 2878 4970 vires
2901 4919 3090 4970 mentis
3111 4915 3400 4989 humanm),

1833 5008 2129 5062 existimant
2164 5005 2292 5060 falsa
2317 5020 2436 5061 esse
2457 5021 2574 5075 quae
2595 5005 2852 5070 dicimus;
2876 5006 2971 5075 ipsi
2998 5005 3065 5060 de
3093 5015 3168 5060 tot
3189 5007 3406 5062 mirabi-

1836 5099 1971 5154 libus
1999 5098 2176 5162 rebus,
2201 5113 2332 5167 quas
2357 5099 2440 5152 vel
2465 5098 2643 5152 videre
2671 5113 2952 5168 possumus
2972 5140 2985 5162 ,
3011 5099 3092 5152 vel
3122 5099 3363 5154 videmus
3386 5141 3402 5166 ,

1835 5191 2029 5246 debent
2075 5189 2296 5246 reddere
2338 5190 2616 5245 rationem.
2647 5190 2798 5258 Quod
2845 5191 2888 5245 si
2938 5191 3048 5245 fieri
3094 5191 3162 5244 ab
3190 5189 3404 5246 homine

1837 5300 1940 5338 non
1985 5299 2139 5354 posse
2179 5282 2527 5352 perviderint,
2567 5282 2833 5338 fatendutn
2873 5292 2953 5336 est
2987 5282 3064 5336 eis
3088 5322 3104 5346 ,
3137 5296 3241 5334 non
3286 5281 3402 5334 ideo

1835 5374 2028 5444 aliquid
2057 5389 2158 5428 non
2187 5372 2346 5427 fuisse
2373 5416 2386 5438 ,
2413 5373 2496 5428 vel
2520 5372 2754 5426 futurum
2783 5388 2887 5424 non
2929 5385 3047 5423 esse
3067 5411 3080 5433 ,
3105 5371 3226 5438 quia
3256 5372 3394 5424 ratio

1901 5574 1917 5603 ι
1951 5571 2133 5634 Titulus
2149 5573 2315 5631 capitis
2330 5572 2480 5632 quinti
2499 5570 2691 5617 vitiatus
2711 5583 2757 5615 tu
2779 5575 2891 5615 ante
2911 5566 3054 5634 editis
3086 5569 3162 5634 sic
3178 5566 3386 5614 habebat

1837 5639 2017 5692 Quanta
2038 5632 2130 5682 sint
2167 5630 2273 5691 qua:
2294 5630 2386 5682 non
2419 5638 2546 5680 recte
2586 5636 2758 5691 queant
2794 5630 3000 5690 agnosci.
3045 5630 3305 5688 Castigalut‘
3345 5640 3404 5676 et

1837 5695 2185 5754 manuscriptis.

1901 5759 1922 5786 ι
1955 5761 2020 5802 tta
2043 5751 2147 5802 Mss.
2176 5761 2232 5814 At
2252 5754 2396 5809 editi,
2421 5751 2603 5814 quibus.

1905 5816 1976 5884 (ᾳ)
2010 5815 2200 5870 Plinius,
2225 5813 2306 5864 lib.
2331 5816 2408 5871 37,
2429 5813 2532 5875 Cap.
2558 5813 2627 5862 15.

2651 5895 3138 5978 (l’ingt—trois.)
