3960 6500
606 385 708 440 715

608 497 727 549 inde
769 510 874 548 non
923 498 1095 563 potest
1137 480 1756 554 tcddi;qitandoqtiidem
1798 483 1921 533 sunt
1965 478 2064 532 ista
2105 476 2170 531 de

605 586 795 656 quibus
815 580 1058 636 similiter
1083 592 1185 632 non
1217 583 1407 646 potest.
1433 572 1545 627 Non
1567 573 1738 641 itaque
1764 583 1924 640 pergo
1946 582 2039 637 per
2059 565 2171 634 plu-

606 677 738 730 rima
763 688 880 745 quae
909 670 1150 726 mandata
1171 675 1294 723 sunt
1308 664 1515 727 litteris,
1540 679 1643 717 non
1663 671 1807 730 gesta
1828 668 1985 729 atque
2002 666 2146 711 trans
2160 689 2173 698 -

605 778 720 823 acta
744 807 757 828 ,
784 754 877 820 sed
908 764 959 816 in
989 761 1119 817 locis
1146 760 1438 829 quibusque
1467 753 1768 817 manentia;
1797 767 1901 820 quo
1944 751 1985 802 si
2023 747 2170 817 quis-

606 872 761 928 quam
786 856 863 910 ire
882 852 1107 908 voluerit
1125 861 1176 904 et
1202 848 1465 919 potuerit,
1494 855 1667 899 utrum
1694 857 1818 896 vera
1844 842 1969 905 sint,
1994 839 2174 907 explo-

608 950 744 1004 rabit
770 989 785 1015 ,
817 946 911 1002 sed
952 958 1115 1015 pauca
1144 952 1524 997 conunemoro.
1555 934 1952 1005 Agrigentinum
1982 930 2174 985 Sicilia:

606 1042 774 1097 salem
803 1037 1084 1110 perhibent
1115 1053 1127 1088 :
1155 1048 1275 1088 cum
1308 1032 1464 1087 fuerit
1494 1029 1737 1083 admotus
1764 1026 1905 1094 igni,
1939 1023 2081 1078 velut
2121 1021 2173 1075 in

607 1148 742 1203 aqua
789 1131 1074 1189 ﬂuescerc;
1100 1140 1217 1180 cum
1264 1138 1390 1179 vero
1442 1120 1540 1189 ipsi
1579 1134 1727 1188 aqum
1752 1157 1767 1182 ,
1798 1116 1941 1170 velut
1975 1114 2025 1168 in
2055 1112 2175 1182 igue

607 1224 867 1291 crepitare
888 1219 982 1291 (α).
1003 1215 1154 1287 Apud
1174 1214 1520 1271 Garamantas
1542 1208 1825 1280 quemdam
1853 1207 2047 1259 fontem
2071 1213 2174 1257 tam

610 1312 856 1383 frigidum
884 1308 1089 1372 diebus,
1121 1314 1178 1359 ut
1198 1320 1301 1358 non
1330 1302 1558 1364 bibatur;
1590 1311 1693 1353 tam
1725 1295 1982 1352 fervidum
2011 1292 2177 1348 nocti-

611 1406 750 1458 tilius
775 1442 791 1468 ,
819 1409 879 1456 ut
905 1416 1007 1454 non
1037 1407 1280 1467 tangatur
1305 1392 1396 1465 (ὁ).
1427 1393 1480 1445 1η
1508 1391 1668 1458 Epiro
1689 1389 1849 1441 alium
1876 1386 2094 1449 fontem,
2124 1384 2177 1438 in

611 1509 717 1562 quo
742 1491 902 1555 faces,
923 1497 977 1541 ut
1003 1488 1055 1540 in
1081 1484 1307 1547 eceteris,
1327 1482 1729 1549 exstinguuntur
1752 1490 1990 1532 accensm
2014 1493 2028 1541 ;
2061 1474 2175 1536 sed,

614 1598 716 1636 non
739 1582 862 1635 utin
884 1578 1111 1641 exteris,
1127 1573 1485 1629 accenduntur
1505 1569 1775 1625 exstinctre
1798 1565 1891 1639 (c).
1919 1566 2189 1620 Asbeston‘

612 1670 851 1726 Arcadia:
874 1667 1101 1737 lapidem
1130 1673 1409 1734 propterea
1436 1660 1511 1714 sic
1540 1658 1739 1722 vocari,
1761 1655 1899 1726 quod
1926 1668 2181 1708 accensus

612 1763 776 1818 semel
800 1761 908 1829 jam
940 1775 1043 1812 non
1074 1757 1235 1829 possit
1258 1753 1515 1824 exstingui
1543 1753 1641 1822 (ά).
1662 1751 1884 1819 Lignum
1910 1748 2179 1817 cujusdam

615 1854 744 1906 ﬁcus
768 1850 1050 1922 Egyptian,
1081 1862 1184 1902 non
1216 1855 1270 1899 ut
1311 1845 1447 1914 ligna
1478 1852 1667 1897 cartera
1704 1846 1753 1895 in
1788 1840 1937 1908 aquis
1964 1849 2142 1892 natare
2167 1878 2180 1902 ,

612 1945 705 1999 sed
768 1942 970 2012 mergi;
1015 1948 1068 1993 et
1113 1938 1251 2009 quod
1299 1945 1379 1989 est
1422 1933 1750 1997 mirabilius,
1792 1947 1910 1985 eum
1972 1931 2023 1984 in
2079 1930 2185 1983 imo

613 2036 913 2108 aliquandiu
959 2033 1117 2088 fuerit
1140 2074 1152 2097 ,
1180 2030 1301 2085 inde
1339 2030 1404 2084 ad
1451 2042 1599 2096 aquae
1629 2024 1957 2094 superﬁciem
2004 2038 2185 2077 rursus

613 2141 885 2197 emergere
907 2167 923 2192 ,
955 2123 1163 2192 quando
1190 2118 1537 2175 madefactum
1566 2115 1747 2170 debuit
1788 2115 2023 2169 humoris
2054 2129 2186 2183 pon-

613 2222 742 2275 dere
768 2216 1081 2288 prmgravari
1119 2213 1206 2285 (ε).
1240 2213 1399 2266 Poma
1428 2211 1478 2263 in
1511 2218 1647 2263 terra
1675 2208 2023 2263 Sodomorum
2046 2206 2185 2276 gigni

613 2311 846 2382 quidem,
866 2320 918 2365 et
943 2308 1007 2362 ad
1032 2305 1347 2361 maturitatis
1376 2303 1558 2357 faciem
1584 2301 1877 2370 pervenire;
1894 2298 1986 2353 sed
2010 2314 2187 2352 morsu

615 2416 867 2473 prcssuve
909 2407 1143 2463 tentata,
1176 2398 1228 2450 in
1278 2395 1477 2449 fumum
1514 2409 1577 2447 ac
1614 2391 1841 2446 favillam
1887 2392 2032 2445 corio
2071 2390 2188 2444 fati-

614 2501 795 2548 scente
813 2505 1094 2546 vanescere
1113 2486 1199 2560 (ι’).
1214 2488 1446 2559 Pyritem
1469 2483 1697 2553 lapidem
1716 2483 1978 2536 Persicum
2004 2493 2189 2535 tenen-

617 2587 682 2638 tis
708 2598 918 2638 manum
947 2622 960 2645 ,
989 2581 1031 2634 si
1058 2578 1423 2633 vehementius
1452 2585 1753 2646 prematur,
1784 2573 2035 2638 adurere,
2066 2587 2189 2642 pro-

616 2687 733 2747 pter
760 2675 899 2746 quod
930 2674 995 2727 ab
1034 2673 1153 2742 igne
1180 2685 1374 2725 nomen
1406 2667 1608 2736 accepit
1639 2664 1735 2738 (g).
1769 2666 1823 2718 ln
1852 2665 2035 2719 eadem
2066 2664 2193 2719 Per~

616 2771 728 2824 side
753 2769 894 2840 gigni
924 2769 1083 2823 etiam
1115 2765 1340 2835 lapidem
1371 2764 1681 2829 Selenitem,
1710 2762 1859 2831 cujus
1885 2759 2190 2814 interiorem

616 2860 903 2917 candorem
944 2874 1063 2913 cum
1103 2858 1225 2912 luna
1268 2871 1508 2912 crescere
1545 2864 1703 2923 atque
1742 2853 1970 2908 deﬁcere
2004 2850 2104 2919 (Ii).
2138 2849 2192 2905 ιιι

617 2949 947 3021 Cappadocia
973 2948 1130 3002 etiam
1164 2955 1320 3001 vento
1341 2961 1503 3015 equas
1532 2944 1812 3013 concipere
1832 2985 1845 3007 ,
1868 2942 2195 3010 eosdemque

618 3044 755 3096 l'etus
799 3055 903 3094 non
948 3038 1174 3108 amplius
1211 3036 1441 3092 triennio
1470 3036 1648 3089 vivere
1674 3034 1754 3107 (ἱ).
1790 3033 1955 3104 Tylon
1988 3034 2003 3063 ί
2036 3030 2194 3085 ιιιᾱίω

623 3132 849 3186 insulam
877 3145 942 3186 eo
969 3130 1201 3200 praeferri
1229 3128 1435 3183 exteris
1458 3126 1646 3192 terris,
1677 3123 1819 3196 quod
1844 3124 2016 3177 omnis
2039 3122 2196 3177 arbor

617 3239 735 3295 qua:
764 3224 815 3278 in
846 3237 913 3295 ea
936 3223 1197 3293 gignitur,
1231 3234 1495 3291 nunquam
1534 3217 1760 3273 nudatur
1782 3214 2009 3285 tegmine
2046 3213 2195 3267 folio-

619 3290 733 3373 .5..."
756 3316 855 3387 (k).
896 3290 915 3310 ⁹

688 3409 746 3466 2.
787 3409 861 3463 De
890 3408 972 3461 his
1003 3414 1161 3475 atque
1189 3403 1308 3457 aliis
1328 3399 1799 3456 innumerabilibus
1828 3396 2153 3452 mirabilibus
2176 3438 2191 3462 ,

618 3517 736 3570 qua}
763 3500 981 3554 historia
1009 3512 1113 3552 non
1140 3494 1395 3550 factorum
1428 3501 1484 3547 et
1512 3501 1893 3546 transactorum
1918 3529 1933 3555 ,
1956 3488 2049 3544 sed
2079 3503 2193 3541 ma-
2227 3504 2230 3507 ·

620 3590 855 3645 nentium
894 3589 1131 3644 locorum
1165 3595 1348 3651 tenet,
1376 3584 1503 3638 mihi
1544 3590 1719 3636 autem
1757 3579 1898 3634 aliud
1929 3580 2102 3649 agenti
2132 3593 2193 3633 ea

622 3679 866 3750 persequi
893 3680 1049 3733 nimis
1076 3678 1287 3747 longum
1318 3685 1419 3740 est,
1448 3673 1671 3729 reddant
1691 3672 1972 3737 rationem,
2001 3670 2047 3724 si
2076 3683 2196 3739 pos-

620 3782 763 3837 sunt,
785 3770 1023 3826 inﬁdeles
1049 3769 1156 3834 isti,
1181 3769 1268 3837 qui
1295 3767 1480 3819 nolunt
1504 3763 1695 3818 divinis
1720 3761 1932 3816 Litteris
1955 3760 2192 3824 credere;

621 3864 746 3934 quid
766 3864 907 3917 aliud
926 3877 1081 3931 quam
1101 3875 1203 3913 non
1220 3867 1466 3929 putantes
1486 3870 1575 3909 cas
1595 3869 1714 3909 esse
1729 3854 1952 3918 divinas,
1974 3867 2039 3907 eo
2055 3851 2194 3921 quod

620 3968 705 4008 res
744 3951 974 4007 habeant
1019 3948 1388 4011 incredibiles,
1432 3945 1585 4000 sicuti
1617 3945 1718 3998 hoc
1758 3951 1840 3998 est
1882 3942 2020 3997 unde
2057 3956 2199 3995 nunc

540 4086 541 4089 η
624 4042 851 4113 agimus.
882 4039 995 4094 Non
1035 4038 1174 4093 enim
1204 4037 1468 4103 admittit,
1492 4034 1765 4104 inquiunt,
1790 4032 1896 4086 ulla
1936 4032 2071 4086 ratio
2094 4072 2108 4097 ,
2141 4040 2197 4085 ut

620 4148 743 4187 caro
770 4130 968 4196 ardeat,
996 4145 1095 4185 nec
1120 4129 1445 4191 absumatur;
1474 4126 1669 4187 doleat,
1701 4139 1873 4194 neque
1900 4122 2191 4177 moriatur:

620 4223 1024 4279 ratiocinatores
1047 4220 1291 4274 videlicet
1321 4217 1530 4287 magni,
1559 4217 1646 4285 qui
1674 4214 1739 4269 de
1768 4214 2015 4268 omnibus
2040 4213 2195 4268 rebus

619 4329 750 4383 quas
767 4327 885 4368 esse
910 4311 1175 4366 mirabiles
1191 4317 1419 4373 constat,
1448 4306 1649 4376 possint
1667 4304 1890 4359 reddere
1912 4305 2191 4358 rationem.

619 4402 860 4458 Reddant
887 4416 1013 4471 ergo
1042 4400 1110 4455 de
1142 4400 1225 4454 his
1265 4398 1328 4471 (Ι)
1353 4440 1366 4462 ,
1390 4413 1507 4467 quae
1547 4410 1707 4466 pauca
1748 4394 2048 4464 posuimus,
2079 4408 2193 4463 qua:

618 4495 801 4565 procul
828 4494 988 4549 dubio
1015 4493 1059 4546 si
1090 4507 1208 4547 esse
1234 4490 1502 4545 nescirent
1522 4530 1537 4555 ,
1569 4498 1622 4541 et
1653 4503 1712 4541 ea
1753 4486 1924 4540 futura
1954 4501 2075 4540 esse
2111 4485 2191 4539 di-

619 4574 882 4652 ciercmus,
901 4585 1066 4640 multo
1097 4585 1269 4638 minus
1290 4580 1586 4644 crederent,
1612 4594 1766 4648 quam
1794 4576 1932 4647 quod
1960 4590 2099 4631 nunc
2117 4575 2197 4629 di-

620 4679 858 4733 centibus
871 4678 1022 4732 nobis
1039 4677 1220 4731 nolunt
1234 4673 1449 4729 credere
1465 4669 1746 4742 aliquando
1764 4666 2196 4735 venturum.Quis

620 4773 761 4827 enim
783 4786 963 4825 eorum
990 4769 1143 4824 nobis
1172 4767 1414 4823 crederet
1437 4806 1450 4828 ,
1476 4765 1553 4832 si,
1577 4759 2019 4832 quemadmodum
2058 4758 2192 4813 dici-

623 4880 737 4919 mus
765 4862 937 4917 futura
962 4862 1231 4915 hominum
1258 4860 1374 4912 viva
1397 4869 1642 4925 corpora,
1670 4868 1786 4923 qua:
1809 4865 2019 4920 semper
2040 4865 2193 4904 arsu-

684 5019 699 5087 ξ
736 5016 986 5087 inaliquot
1004 5022 1143 5087 “lassi
1155 5012 1360 5087 .Thylmt;

702 5078 753 5136 α)
787 5074 975 5136 Plinius,
1004 5074 1086 5123 lib.
1116 5077 1195 5132 δι,
1215 5074 1379 5136 cum.

704 5135 754 5198 ll)
788 5137 851 5186 ld.
888 5136 971 5198 lib.
993 5135 1042 5198 ὅ,
1066 5148 1171 5198 cap.

705 5190 751 5257 ci
783 5199 849 5247 td.
886 5197 970 5246 lib.
996 5190 1167 5257 2,0313.
1193 5192 1294 5257 {03,
1321 5208 1383 5243 ex
1410 5195 1662 5253 Pomponio
1680 5193 1815 5251 Mela,
1837 5194 1921 5245 lib.
1945 5193 1993 5254 ‘2,
2017 5203 2120 5252 cap.
2140 5190 2186 5238 5.

745 5262 764 5326 )
800 5258 973 5326 Ιᾴ.]ᾣ.
1001 5259 1085 5326 ej,
1107 5256 1211 5319 cap.
1223 5256 1315 5326 _to.

707 5319 755 5380 εδ
790 5323 857 5371 id.
884 5320 966 5369 lib.
997 5320 1069 5377 l5,
1094 5332 1197 5380 cap.
1223 5319 1273 5380 7A.

708 5323 753 5372 ε’
790 5323 857 5371 id.
884 5323 966 5369 lib.
997 5323 1069 5377 15,
1094 5332 1197 5380 cap.
1223 5323 1273 5366 7.

708 5323 754 5447 fi
778 5383 1032 5447 Josephus,
1057 5381 1137 5447 lib.
1163 5379 1208 5447 tl,
1230 5378 1293 5428 de
1320 5376 1450 5447 Bello
1491 5375 1617 5436 Jud.,
1641 5390 1745 5440 cap.
1770 5376 1834 5439 8;
1856 5375 2058 5437 Solinus,
2084 5387 2186 5436 cap.

626 5441 714 5509 5‘5;
736 5441 941 5509 il‘acitu's,
966 5441 1050 5509 lib.
1067 5442 1266 5509 5_ljist.,
1285 5454 1388 5509 cap.
1414 5442 1461 5489 7.
1486 5499 1514 5509 υ

687 5481 714 5565 ('
743 5481 1266 5575 immeritae;
1286 5481 1401 5560 ."i'a',
1423 5481 1472 5550 'ci
1486 5499 1571 5547 lib.
1587 5501 1667 5561 57,
1692 5512 1797 5563 cap.
1825 5501 1900 5549 ll.

684 5519 758 5624 (ἵ)
783 5567 845 5614 Id.
871 5566 952 5615 nn.
976 5566 1052 5621 57,
1080 5578 1183 5624 cap.
1210 5516 1284 5614 ιᾶἶ
1586 5623 1592 5624 ί
1801 5622 1814 5624 _

721 5581 758 5621 ι)
784 5581 845 5614 ια.
871 5581 952 5615 Ill).
977 5581 1052 5621 Ol,
1080 5581 1183 5621 cap.
1210 5581 1284 5614 'IU.

710 5567 758 5686 ili)
772 5567 1358 5687 έὲἱιὲδὲ,5ἕέρίῖ³ῖέ.¹ῗῖῑιιθ
1383 5623 1767 5687 οιιαπιίριίηίυιη,
1801 5622 1885 5671 lib.
1910 5621 1958 5679 8,
1979 5634 2082 5683 cap.
2110 5620 2185 5668 42.

699 5686 762 5757 ξΙί)
797 5686 987 5746 Plinius,
1013 5686 1095 5735 lib.
1128 5686 1199 5745 l2,
1233 5701 1337 5750 cap.
1374 5689 1447 5735 ll.
1472 5686 1610 5751 Tylos
1632 5686 1784 5736 insula
1812 5692 1886 5734 est
1909 5687 2042 5734 sinus
2076 5689 2189 5730 Per-

636 5759 728 5795 t'CI.

686 5812 697 5856 ί
707 5807 742 5867 ι)
774 5809 991 5869 Subaudi,
1015 5808 1257 5857 rationem.

1650 360 1732 416 DE
1774 354 2084 433 (JVITATE
2128 352 2258 418 DEI,
2300 354 2355 419 3,
2398 353 2755 411 AUGUSTINI

3746 366 3845 420 716

2284 490 2343 530 ra
2371 483 2526 545 atque
2552 475 2799 543 dolitura,
2823 490 2919 531 nec
2940 485 3113 532 tamen
3133 474 3424 547 aliquando
3449 476 3705 531 moritura
3726 477 3847 541 sint,

2277 567 2345 619 ita
2376 566 2673 621 diceremus
2698 566 2751 620 in
2777 564 2953 621 futuro
2978 569 3173 621 saeculo
3202 567 3439 621 futurum
3464 567 3633 621 salem
3652 608 3667 629 ,
3695 582 3846 634 quem

2276 654 2473 710 faceret
2496 656 2629 726 ignis
2657 656 2801 711 velut
2826 657 2878 710 iu
2907 670 3042 725 aqua
3068 655 3326 711 ﬂuescere
3347 698 3363 722 ,
3392 656 3751 725 eumdemque
3776 656 3848 708 [a-

2275 756 2418 799 ceret
2460 760 2592 815 aqua
2647 746 2793 818 velut
2844 746 2897 800 in
2944 747 3066 816 igne
3102 747 3396 815 crepitare;
3454 758 3555 800 aut
3624 745 3849 800 futurum

2278 836 2494 903 fontem,
2525 835 2677 905 cujus
2714 851 2845 906 aqua
2890 837 2943 890 in
2994 834 3269 905 refrigerio
3311 836 3489 890 noctis
3521 837 3605 891 sic
3651 837 3849 901 ardeat,

2279 936 2334 982 ut
2359 943 2462 982 non
2495 928 2660 997 possit
2698 929 2869 998 tangi;
2898 929 2952 982 in
2978 929 3195 983 aestibus
3219 942 3349 983 vero
3377 927 3487 983 diei
3526 928 3609 982 sic
3651 930 3816 997 algeat
3836 970 3850 991 ,

2280 1028 2335 1072 ut
2362 1017 2467 1073 bibi
2496 1033 2600 1072 non
2622 1019 2820 1088 possit;
2848 1027 2939 1073 aut
2963 1018 3195 1073 futurum
3223 1018 3483 1089 lapidem,
3515 1020 3598 1073 vel
3624 1035 3745 1073 eum
3768 1021 3853 1089 qui

2278 1123 2376 1164 suo
2403 1109 2580 1164 calore
2609 1124 2820 1163 manum
2859 1111 3275 1181 constringeutis
3303 1110 3563 1165 adureret
3580 1151 3598 1174 ,
3631 1110 3712 1165 rei
3738 1126 3853 1164 eum

2278 1202 2368 1271 qui
2400 1201 2763 1271 undecumque
2789 1218 3044 1258 accensus
3063 1204 3325 1272 exstingui
3348 1204 3575 1257 omnino
3605 1219 3709 1257 non
3740 1220 3857 1272 pos~

2280 1302 2378 1355 set,
2409 1302 2461 1346 et
2485 1300 2675 1347 extera
2702 1309 2821 1362 qua:
2846 1295 3215 1362 praetermissis
3243 1295 3367 1349 aliis
3392 1295 3694 1349 innumeris
3715 1309 3857 1348 eom-

2284 1384 2623 1436 memoranda
2670 1383 2877 1438 inte'im
2917 1383 3220 1438 duxiillzec
3260 1400 3390 1454 ergo
3418 1386 3475 1438 in
3514 1386 3607 1439 illo
3630 1385 3856 1447 smculo,

2282 1474 2422 1544 quod
2450 1474 2679 1529 futurum
2705 1482 2807 1540 est,
2838 1475 2884 1529 si
2912 1475 3210 1530 diceremus
3236 1476 3410 1530 futura
3436 1518 3454 1542 ,
3489 1478 3754 1546 nobisque
3782 1478 3857 1529 in-

2283 1563 2483 1617 creduli
2528 1563 2942 1632 responderent,
2973 1564 3029 1619 Si
3059 1565 3219 1619 vultis
3261 1575 3317 1619 ut
3357 1580 3419 1620 ea
3446 1564 3735 1621 credamus
3757 1608 3770 1627 ,
3800 1566 3860 1620 de

2284 1654 2503 1723 singulis
2542 1654 2745 1708 reddite
2784 1654 3041 1708 rationem
3078 1673 3090 1708 :
3122 1669 3218 1708 nos
3248 1671 3354 1709 non
3381 1670 3546 1726 posse
3583 1657 3859 1709 conﬁtere-

2287 1759 2424 1807 mur,
2453 1758 2517 1798 eo
2541 1743 2678 1813 quod
2711 1744 2825 1798 istis
2852 1753 2907 1799 et
2930 1744 3190 1798 similibus
3212 1744 3306 1798 Dei
3333 1746 3486 1798 miris
3505 1745 3762 1814 cperihus
3787 1746 3858 1797 iu-

2290 1836 2435 1889 ﬁrma
2465 1837 2763 1890 mortalium
2788 1836 3118 1890 ratiocinatio
3140 1837 3478 1901 vinceretur;
3508 1836 3670 1890 ﬁxam
3696 1847 3861 1891 tamen

2288 1926 2427 1994 apud
2458 1940 2554 1981 nos
2597 1941 2715 1981 esse
2758 1928 3049 1992 rationem,
3080 1942 3183 1981 non
3220 1928 3339 1982 sine
3377 1928 3589 1981 ratione
3614 1926 3861 1996 Omnipo-

2291 2024 2487 2070 tentem
2515 2016 2715 2083 facere,
2740 2018 2882 2072 unde
2905 2019 3110 2072 animus
3137 2017 3404 2072 humanus
3431 2018 3685 2072 inﬁrmus
3711 2021 3859 2073 ratio

2292 2123 2411 2161 nem
2454 2123 2561 2162 non
2593 2118 2765 2179 potest
2807 2110 3066 2165 reddere:
3092 2119 3147 2164 et
3180 2111 3235 2164 in
3258 2111 3443 2164 multis
3468 2111 3689 2181 quidem
3716 2113 3863 2167 rebus

2293 2198 2550 2254 incertum
2577 2201 2730 2254 nobis
2754 2216 2873 2256 esse
2896 2201 3021 2272 quid
3050 2202 3202 2267 velit;
3234 2202 3365 2256 illud
3388 2212 3564 2257 tamen
3596 2218 3722 2257 esse
3758 2219 3860 2258 cer-

2295 2290 2576 2355 tissimum,
2603 2292 2732 2346 nihil
2758 2307 2942 2347 eorum
2969 2293 3044 2346 illi
3070 2308 3190 2347 esse
3215 2293 3545 2362 impossibile
3565 2336 3581 2359 ,
3606 2310 3860 2363 quaecum-

2294 2397 2395 2452 que
2441 2383 2707 2439 voluerit:
2736 2383 2891 2454 eique
2932 2400 3029 2439 nos
3071 2384 3291 2440 credere
3332 2386 3647 2454 praedicenti
3672 2428 3690 2453 ,
3720 2402 3863 2456 quem

2295 2488 2467 2543 neque
2526 2475 2901 2545 impotentem,
2954 2490 3124 2546 neque
3180 2476 3529 2531 mentientem
3592 2492 3863 2547 possumus

2294 2564 2534 2620 credere.
2574 2565 2637 2619 lli
2680 2574 2855 2621 tamen
2901 2566 3019 2620 ﬁdei
3063 2565 3515 2635 reprehensores,
3568 2580 3863 2621 exactores-

2295 2672 2399 2728 que
2447 2657 2699 2723 rationis,
2730 2658 2853 2727 quid
2904 2658 2970 2711 ab
3020 2658 3117 2711 ista
3153 2652 3524 2726 respondent,
3576 2657 3651 2711 de
3687 2659 3865 2726 quibus

2296 2749 2431 2802 ratio
2472 2748 2621 2803 reddi
2660 2749 2727 2803 ab
2765 2748 2980 2803 homine
3015 2764 3121 2802 non
3158 2757 3444 2818 potest,o:
3498 2759 3676 2804 tamen
3716 2758 3863 2813 sunt,

2296 2846 2349 2891 et
2391 2838 2489 2906 ipsi
2536 2839 2726 2892 rationi
2758 2848 2958 2893 natura:
2986 2838 3228 2893 videntur
3258 2854 3380 2894 esse
3410 2840 3724 2894 contraria?
3749 2842 3866 2907 Qua:

2296 2930 2341 2984 si
2370 2929 2540 2983 futura
2565 2944 2682 2984 esse
2709 2929 3005 2984 diceremus
3029 2971 3043 2994 ,
3071 2931 3315 2985 similiter
3338 2946 3370 2984 a
3409 2931 3599 2998 nobis,
3624 2932 3759 2986 sicut
3794 2948 3866 2987 eo

2296 3034 2413 3073 rum
2458 3034 2576 3089 qua:
2622 3018 2794 3074 futura
2835 3034 2957 3075 esse
2994 3020 3253 3087 dicimus,
3285 3020 3355 3075 ab
3393 3020 3702 3076 inﬁdelibus
3742 3024 3865 3075 ratio

2298 3123 2623 3182 posceretur.
2656 3114 2733 3168 Ac
2763 3128 2859 3183 per
2883 3114 2984 3169 hoc
3005 3155 3021 3181 ,
3049 3129 3169 3168 cum
3204 3114 3258 3168 in
3290 3114 3485 3168 talibus
3512 3116 3758 3185 operibus
3783 3116 3862 3170 Dei

2297 3204 2508 3259 deﬁciat
2546 3206 2681 3259 ratio
2707 3205 2884 3260 cordis
2923 3215 2978 3261 et
3015 3207 3278 3260 sermonis
3314 3206 3579 3273 humani,
3602 3209 3737 3263 sicut
3777 3209 3861 3261 ista

2301 3312 2403 3351 non
2427 3297 2548 3352 ideo
2573 3313 2677 3352 non
2705 3306 2865 3365 sunt,
2887 3298 2965 3353 sic
2988 3312 3093 3355 non
3120 3298 3238 3354 ideo
3258 3300 3422 3353 etiam
3444 3300 3535 3354 illa
3557 3317 3667 3354 non
3690 3310 3860 3364 erunt,

2298 3389 2546 3458 quoniam
2588 3390 2723 3444 ratio
2763 3388 2831 3444 de
2883 3389 3119 3460 utrisque
3161 3389 3232 3445 ab
3277 3390 3500 3447 homine
3556 3408 3665 3446 non
3709 3400 3861 3462 potest

2300 3471 2471 3526 reddi.

2299 3581 2522 3637 CAPUT
2544 3581 2628 3635 Vl.
2651 3611 2723 3622 —
2744 3582 2891 3650 Quod
2914 3597 3013 3635 non
3030 3583 3199 3635 omnia
3214 3582 3463 3637 miracula
3483 3584 3738 3637 naturalia
3754 3584 3859 3643 sint,

2370 3674 2456 3729 sed
2479 3676 2714 3746 pleraque
2739 3674 2961 3727 Ιιιιηιαηο
2988 3673 3189 3744 ingenio
3208 3673 3527 3742 modiﬁcata,
3550 3676 3859 3745 pleraquea-

2372 3774 2468 3818 tem
2496 3764 2781 3817 daemonum
2807 3772 2914 3817 arte
2939 3765 3237 3833 composita.

2373 3880 2423 3932 l.
2463 3878 2561 3932 Hic
2605 3879 2737 3933 forte
2770 3877 3131 3959 .reSpondeant
3152 3921 3165 3943 ,
3191 3878 3424 3933 Prorsus
3449 3894 3556 3935 nec
3587 3881 3688 3935 ista
3724 3890 3855 3941 sunt,

2300 3986 2398 4026 nec
2424 3971 2521 4026 ista
2548 3970 2834 4035 credimus,
2870 3969 2997 4025 falsa
3018 3970 3087 4025 de
3114 3970 3197 4025 his
3224 3970 3387 4033 dicta,
3423 3972 3558 4026 falsa
3591 3974 3854 4040 conscripta

2299 4071 2455 4128 sunt;
2478 4070 2531 4116 et
2567 4061 2816 4132 adjiciant
2856 4062 3267 4127 ratiocinantes,
3300 4071 3468 4132 atque
3515 4065 3785 4128 dicentes,
3812 4065 3853 4116 Si

2300 4154 2419 4208 talia
2448 4153 2708 4209 credenda
2740 4164 2897 4220 sunt,
2938 4152 3140 4209 credite
3178 4163 3233 4209 et
3258 4168 3357 4208 vos
3386 4154 3533 4224 quod
3580 4156 3632 4209 in
3671 4157 3854 4211 easdem

2299 4244 2499 4299 litteras
2526 4254 2602 4299 est
2630 4245 2851 4299 relatum
2873 4287 2887 4311 ,
2916 4243 3077 4299 fuisse
3100 4245 3182 4298 vel
3212 4259 3333 4299 esse
3358 4246 3633 4314 quoddam
3665 4247 3854 4300 Veneris

2298 4336 2494 4402 fanum,
2523 4345 2678 4404 atque
2706 4335 2777 4391 ibi
2805 4336 3203 4401 candelabrum,
3228 4344 3281 4389 et
3304 4336 3355 4388 in
3387 4350 3457 4389 eo
3484 4336 3751 4391 lucernam
3773 4336 3854 4389 sub

2297 4426 2419 4481 divo
2441 4427 2517 4480 sic
2536 4426 2831 4493 ardentem,
2860 4434 2917 4479 ut
2934 4440 3050 4480 eam
3080 4425 3226 4478 nulla
3252 4433 3566 4494 tempestas,
3584 4426 3750 4479 nullus
3773 4426 3852 4476 im-

2299 4518 2393 4571 ber
2420 4517 2798 4586 exstingueret,
2830 4515 2971 4569 unde
2999 4515 3139 4569 sicut
3163 4515 3251 4571 ille
3278 4515 3414 4583 lapis
3440 4558 3456 4581 ,
3490 4517 3563 4569 ita
3592 4516 3689 4569 ista
3714 4522 3848 4582 iere;

2296 4612 2531 4673 ἄσϐεστος,
2551 4606 2604 4660 id
2624 4615 2725 4672 est,
2750 4589 2966 4659 lucerna
2989 4605 3458 4673 inexstinguibilis,
3482 4606 3746 4659 nominata
3762 4614 3843 4659 est.

2295 4697 2444 4764 Quod
2475 4708 2753 4766 propterea
2782 4704 3028 4765 poterunt
3062 4694 3241 4750 dicere
3268 4734 3283 4759 ,
3312 4704 3372 4749 ut
3397 4695 3747 4765 respondendi
3766 4708 3843 4748 no-

2296 4790 2378 4846 bis
2417 4790 2685 4859 augustias
2729 4790 2971 4860 ingerant
3002 4806 3015 4842 :
3044 4789 3165 4857 quia
3195 4788 3240 4841 si
3281 4788 3581 4843 dixerimus
3618 4804 3718 4843 non
3747 4798 3844 4841 esse

2297 4880 2617 4936 credendum
2644 4922 2657 4945 ,
2690 4881 2886 4951 scripta
2913 4881 2999 4935 illa
3028 4881 3405 4933 miraculorum
3448 4880 3840 4938 inﬁrmabimus;

2296 4973 2341 5027 si
2370 4981 2545 5026 autem
2578 4972 2899 5026 credendum
2925 4986 3044 5025 esse
3071 4971 3520 5036 concesserimus,
3550 4967 3842 5026 conﬁrmabr

2296 5078 2414 5119 mus
2439 5064 2650 5117 numina
2679 5078 3018 5133 paganorum.
3042 5062 3146 5117 Sed
3168 5077 3267 5116 nos
3290 5104 3304 5123 ,
3336 5064 3476 5117 sicut
3498 5064 3606 5134 jam
3640 5066 3691 5117 in
3729 5062 3840 5115 libro

2294 5156 2722 5227 duodevigesimo
2738 5155 2890 5224 hujus
2907 5153 3196 5224 operisdixi
3218 5155 3478 5226 (cathl),
3498 5170 3604 5209 non
3622 5153 3838 5207 habemus

2295 5264 2515 5305 necesse
2538 5249 2715 5303 omnia
2730 5247 2947 5301 credere
2969 5261 3086 5316 qua:
3107 5247 3349 5300 continet
3374 5245 3595 5301 historia
3614 5244 3832 5315 gentium,

2294 5355 2412 5394 cum
2451 5348 2504 5393 et
2538 5338 2635 5408 ipsi
2674 5337 2811 5391 inter
2850 5352 2909 5392 se
2942 5335 3217 5400 historici,
3242 5336 3381 5389 sicut
3399 5337 3476 5389 ait
3500 5334 3690 5397 Varro,
3711 5330 3832 5402 quasi

2294 5431 2411 5488 data
2472 5443 2631 5498 opera
2676 5436 2730 5482 et
2770 5427 2919 5496 quasi
2972 5442 3037 5481 ex
3104 5425 3362 5481 industria
3410 5442 3508 5495 per
3560 5426 3715 5480 multa
3746 5422 3831 5475 disc

2295 5520 2560 5583 sentiant;
2590 5518 2680 5571 sed
2708 5532 2766 5570 ea
2787 5558 2800 5581 ,
2834 5517 2876 5569 si
2908 5516 3149 5570 volumus
3167 5558 3183 5583 ,
3209 5517 3476 5573 credimus
3501 5534 3614 5587 qua:
3639 5530 3730 5569 non
3753 5512 3829 5565 ad-

2295 5620 2569 5665 versantur
2604 5608 2749 5661 libris
2775 5648 2788 5671 ,
2813 5606 3003 5675 quibus
3033 5622 3137 5660 non
3165 5607 3470 5661 dubitamus
3498 5615 3729 5674 oportere
3748 5616 3828 5655 nos

2295 5699 2528 5757 credere.
2565 5699 2635 5752 De
2677 5696 2758 5749 bis
2796 5706 2970 5750 autem
3010 5697 3384 5751 miraculorum
3428 5696 3589 5759 locis,
3619 5694 3751 5747 nobis
3775 5690 3826 5743 ad

2301 5809 2361 5847 ea
2398 5807 2513 5861 qua:
2560 5790 2730 5843 futura
2763 5789 3078 5858 persuadere
3108 5788 3393 5844 incredulis
3433 5788 3695 5849 volumus,
3721 5782 3823 5836 satis
