3940 6498
191 361 282 418 an
1180 408 1209 421 -
1381 364 1385 369 τ
1739 362 1942 421 mean
1979 364 2176 428 unus.

272 480 323 536 6.
339 480 429 537 Sic
446 481 613 537 etiam
640 482 711 537 in
749 482 894 540 hac
915 496 1152 551 causa,
1184 496 1292 555 quae
1314 481 1525 539 habetur
1550 481 1603 538 in
1624 482 1891 553 manibus,

220 573 415 645 quidam
437 572 737 629 intuentes
769 585 1128 647 praecepta
1167 575 1464 642 severitatis,
1495 574 1688 645 quibus
1707 576 1895 632 admo-

228 679 389 719 nemur
410 665 700 734 corripere
738 664 1115 737 inquietos,
1142 681 1250 722 non
1264 665 1381 722 dare
1402 674 1641 721 sanctum
1654 667 1891 737 canibus,

232 765 281 808 ut
299 755 557 809 ctbnicum
585 753 839 811 habere
906 757 1212 815 Ecclesize
1237 766 1663 829 contemptorem,
1691 774 1719 813 a
1745 775 1894 816 com-

238 860 345 917 page
382 847 634 917 corporis
664 849 1049 905 membrum
1106 849 1249 921 quod
1275 848 1588 906 scandalizat
1621 851 1889 920 avellere;

245 938 301 995 ita
323 942 627 1012 perturbant
653 941 974 998 Ecclesiae
999 958 1224 1013 pacem,
1253 953 1307 998 ut
1326 952 1582 999 conentur
1606 952 1730 1001 ante
1751 953 1890 1000 tem-

255 1040 340 1097 pus
354 1047 585 1103 separare
609 1033 885 1102 zizania,
925 1044 1111 1104 atque
1140 1035 1243 1091 hoc
1262 1049 1439 1091 errore
1456 1037 1641 1091 caecati
1669 1036 1767 1107 ipsi
1790 1052 1888 1106 po-

264 1127 357 1181 lius
379 1143 405 1180 a
427 1126 619 1181 Christi
646 1127 895 1182 unitate
931 1136 1286 1197 separentur.
1332 1126 1512 1194 Qualis
1543 1128 1696 1185 nobis
1729 1143 1889 1185 causa

262 1228 334 1271 est
350 1217 586 1272 adversus
611 1216 882 1272 schisma
916 1218 1149 1274 Donati.
1178 1218 1246 1273 Et
1264 1218 1364 1274 hoc
1390 1234 1495 1274 non
1518 1232 1637 1274 cum
1666 1220 1770 1275 illis
1796 1221 1886 1291 qui

261 1319 502 1365 noverunt
523 1310 933 1377 Caecilianum,
967 1325 1086 1365 non
1107 1311 1273 1376 veris,
1303 1310 1396 1365 sed
1418 1311 1764 1367 calumniosis
1785 1313 1887 1367 cri-

259 1401 478 1456 minibus
508 1402 847 1472 appetitum,
880 1410 942 1456 et
968 1401 1336 1472 perniciosam
1377 1402 1697 1457 sententiam
1732 1416 1883 1457 suam

266 1492 522 1548 mortifero
539 1492 758 1564 pudore
790 1506 915 1547 non
941 1491 1239 1557 deserunt;
1271 1491 1365 1548 sed
1405 1506 1529 1547 cum
1556 1492 1661 1547 illis
1690 1493 1883 1563 quibus

2007 496 2122 545 tore
2150 488 2441 589 dirigentes
2463 498 2504 566 ί,
2531 514 2631 557 nec
2655 506 2922 575 patientiae
2951 511 3165 570 nomine
3188 520 3586 589 torpescamus,

2004 595 2103 637 nec
2124 583 2346 641 obtentu
2366 588 2650 659 diligentiae
2674 599 2974 657 saeviamus.

2071 673 2295 732 CAPUT
2315 677 2399 734 Vl.
2420 682 2554 737 —8.
2572 684 2649 739 Ad
2663 685 2975 758 Baptismum
2990 710 3057 748 an
3072 696 3408 753 admittendus
3427 698 3584 755 adul-

2001 772 2076 818 ter
2096 775 2141 819 et
2162 779 2393 837 peccator
2423 789 2521 828 non
2543 787 2812 835 correctus.
2845 783 2922 837 An
2948 796 3197 856 praecepta
3222 788 3343 843 bene
3382 788 3582 846 uiuendi

1998 872 2099 951 non
2122 858 2263 929 prius
2293 864 2539 918 tradenda
2562 869 2713 935 qudm
2737 869 3050 943 Baptismus.
3084 876 3191 932 Hac
3220 894 3349 951 ergo
3382 895 3579 937 secun-

1997 950 2121 1006 dum
2147 968 2329 1010 sanam
2350 956 2645 1015 doctrinam
2668 964 3031 1023 moderatione
3052 979 3281 1035 servata,
3296 950 3581 1030 videamus

1995 1045 2134 1102 unde
2158 1048 2350 1118 agitur,
2381 1049 2432 1105 id
2452 1060 2554 1120 est,
2571 1062 2745 1110 utrum
2763 1056 2829 1111 ad
2846 1060 3240 1129 percipiendum
3252 1063 3580 1134 Baptismum

1993 1137 2072 1193 sic
2091 1139 2405 1196 admittendi
2444 1154 2568 1199 sunt
2593 1145 2861 1217 homines,
2890 1159 2948 1204 ut
2975 1150 3120 1206 nulla
3150 1151 3222 1207 ibi
3248 1153 3430 1224 vigilet
3457 1154 3580 1211 dili-

1992 1230 2190 1298 gentia,
2222 1248 2289 1287 ne
2309 1244 2551 1291 sanctum
2573 1238 2794 1294 canibus
2821 1240 3013 1309 detur;
3036 1257 3206 1314 usque
3233 1244 3368 1299 adeo
3396 1254 3453 1300 ut
3478 1261 3577 1303 nec

1990 1323 2311 1391 apertissimi
2340 1325 2587 1384 adulterii
2626 1340 3024 1401 perpetratores
3055 1343 3109 1390 et
3150 1336 3267 1407 ejus
3316 1352 3576 1408 perseve-

1989 1414 2176 1468 rantiae
2224 1417 2559 1485 professores
2595 1435 2625 1475 a
2674 1420 3023 1481 Sacramento
3078 1433 3240 1483 tanta
3277 1429 3575 1486 sanctitatis

1990 1506 2269 1565 videantur
2292 1511 2505 1567 arcendi
2532 1532 2546 1568 :
2565 1529 2670 1585 quo
2689 1516 2806 1571 sine
2820 1516 2983 1574 dubio
3012 1534 3120 1575 non
3143 1519 3569 1590 admitterentur,
3644 1517 3649 1523 ’

20 5552 99 5635 Vri

84 5644 107 5677 ‘1

271 1582 480 1639 dicimus
507 1600 523 1636 :
553 1582 790 1637 Etiamsi
830 1582 972 1637 mali
1003 1581 1240 1638 fuissent
1278 1590 1501 1652 propter
1522 1596 1656 1653 quos
1698 1583 1750 1637 in
1777 1584 1881 1639 Ec-

274 1675 421 1732 clesia
443 1691 553 1731 non
575 1677 731 1743 estis,
745 1690 850 1731 vos
876 1684 1068 1731 tamen
1086 1690 1186 1731 eos
1204 1674 1425 1732 ferendo
1448 1690 1581 1747 quos
1595 1677 1882 1734 emendare

276 1780 365 1825 aut
396 1785 672 1842 segregare
702 1770 936 1826 minime
968 1768 1255 1840 poteratis,
1288 1769 1342 1823 in
1392 1768 1631 1826 Ecclesia
1669 1785 1881 1841 perma-

283 1880 408 1919 nere
427 1863 709 1921 debuistis.
740 1862 975 1932 Quidam
993 1876 1128 1917 vero
1144 1877 1175 1917 e
1199 1862 1469 1917 contrario
1494 1862 1877 1932 periclitantes,

290 1972 411 2012 mm
456 1956 723 2012 bonorum
760 1956 1142 2025 malorumque
1196 1954 1629 2010 commixtionem
1674 1954 1729 2009 in
1778 1954 1878 2009 Ec-

302 2046 465 2102 clesia
489 2047 985 2102 demoustratamvel
1006 2045 1323 2117 praedictam
1339 2061 1460 2102 esse
1484 2046 1872 2117 perspexerint,

314 2148 373 2194 et
389 2138 653 2207 patientia:
670 2148 927 2209 praecepta
945 2138 1229 2195 didicerint
1263 2137 1403 2209 (quae
1422 2139 1495 2193 ita
1518 2153 1615 2194 nos
1636 2138 1876 2194 ﬁrmissi-

316 2244 433 2283 mos
473 2228 691 2285 reddunt
714 2271 729 2295 ,
760 2230 980 2284 utetiam
1007 2230 1053 2284 si
1108 2228 1365 2284 videntur
1396 2228 1451 2284 in
1489 2229 1728 2285 Ecclesia
1756 2243 1876 2285 esse

306 2320 520 2384 xizania,
546 2335 652 2374 non
681 2328 847 2374 tamen
875 2319 1198 2389 impediatur
1222 2328 1313 2373 aut
1335 2319 1489 2386 ﬁdes,
1522 2326 1613 2373 aut
1645 2318 1876 2375 charitas

302 2420 497 2475 nostra,
528 2418 583 2463 ut
602 2411 846 2479 quoniam
873 2411 1077 2466 zizauia
1108 2425 1231 2468 esse
1259 2411 1313 2465 in
1330 2410 1567 2465 Ecclesia
1582 2410 1870 2479 cernimus,

301 2501 395 2572 ipsi
410 2500 472 2557 de
495 2501 727 2557 Ecclesia
756 2502 1115 2573 recedamus),
1146 2501 1539 2557 destituendam
1564 2508 1754 2572 putant
1771 2501 1875 2556 Ec-

300 2593 463 2647 clesia:
481 2591 807 2662 disciplinam
832 2596 874 2658 ί,
912 2593 1203 2663 quamdam
1229 2590 1685 2661 perversissimam
1714 2606 1873 2648 secu-

304 2685 494 2739 ritatem
518 2688 809 2756 praepositis
831 2687 1156 2751 tribuentes,
1195 2695 1253 2740 ut
1278 2686 1343 2740 ad
1370 2700 1462 2741 eos
1485 2701 1593 2741 non
1615 2687 1875 2756 pertineat

300 2777 395 2829 nisi
416 2778 581 2832 dicere
602 2778 727 2848 quid
739 2778 1049 2834 cavendum
1066 2777 1259 2847 quidve
1274 2776 1571 2832 faciendum
1586 2777 1676 2844 sit,
1698 2777 1873 2848 quod-

303 2864 417 2921 libet
435 2878 598 2923 autem
632 2868 857 2939 quisque
886 2868 1051 2923 faciat
1074 2882 1183 2922 non
1203 2882 1409 2923 curare.

371 2958 567 3014 CAPUT
585 2960 779 3015 V.-—-7.
800 2942 954 3016 Sana
974 2959 1204 3014 doctrina
1227 2967 1299 3013 est
1315 2968 1472 3013 utnec
1492 2968 1697 3030 prapter
1710 2961 1873 3016 malos

312 3052 547 3104 ret-edatur
594 3054 649 3106 ab
690 3053 955 3119 Ecclesia,
996 3070 1087 3107 nec
1128 3053 1183 3105 in
1220 3051 1379 3107 malos
1420 3053 1556 3123 ipsos
1591 3053 1872 3123 negligatur

596 3144 696 3200 Nos
726 3160 862 3201 vero
909 3144 981 3198 ad
1033 3158 1218 3199 sanam
1260 3143 1553 3199 doctrinam
1600 3144 1871 3214 pertinere

308 3233 598 3289 arbitramur
622 3252 687 3290 ex
713 3237 966 3306 utrisque
990 3235 1309 3290 testimoniis
1332 3236 1495 3289 vitam
1520 3236 1869 3290 sententiam-

299 3338 396 3393 que
416 3327 657 3382 moderari
686 3330 731 3393 ’,
765 3337 826 3382 ut
850 3335 909 3382 et
932 3340 1098 3382 canes
1112 3326 1167 3381 in
1190 3325 1431 3381 Ecclesia
1450 3334 1670 3397 propter
1683 3342 1869 3397 pacem

296 3415 531 3473 Ecclesiae
568 3420 884 3488 toleremus,
917 3429 975 3475 et
1021 3419 1245 3475 canibus
1289 3428 1536 3475 sanctum
1561 3461 1576 3487 ,
1633 3420 1721 3475 ubi
1767 3436 1870 3491 pax

297 3507 530 3565 Ecclesiae
575 3521 683 3566 tuta
709 3523 816 3582 est,
874 3527 988 3567 non
1039 3511 1248 3566 demus.
1292 3510 1423 3565 Cum
1470 3526 1599 3582 ergo
1626 3513 1739 3567 sive
1771 3528 1869 3581 per

295 3602 637 3672 negligentiam
661 3605 1104 3676 praepositorum,
1133 3604 1249 3659 sive
1273 3618 1370 3673 per
1393 3604 1623 3674 aliquam
1648 3618 1869 3659 excusa-

300 3693 448 3749 bilem
471 3702 870 3767 necessitatem,
890 3699 1007 3753 sive
1026 3713 1124 3768 per
1150 3697 1383 3773 occultas
1408 3697 1751 3767 obreptiones
1780 3700 1865 3752 in-

310 3788 535 3844 venimus
558 3791 606 3845 in
630 3792 881 3848 Ecclesia
921 3791 1114 3856 malos,
1146 3804 1279 3859 quos
1305 3789 1661 3844 ecclesiastica
1702 3790 1868 3847 disci-

292 3881 431 3950 plina
450 3885 706 3955 corrigere
737 3895 832 3939 aut
854 3875 1121 3939 coercere
1145 3897 1253 3938 non
1277 3896 1595 3952 possumus;
1622 3890 1751 3937 tunc
1774 3882 1867 3954 (ne

290 3975 523 4029 ascendat
560 3977 612 4031 in
641 3990 743 4032 cor
775 3984 1023 4030 nostrum
1072 3973 1235 4043 impia
1283 3980 1336 4028 et
1374 3973 1674 4043 perniciosa
1726 3986 1865 4043 prae-

291 4069 521 4138 sumptio,
545 4084 648 4140 qua
676 4068 1054 4124 existimemus
1074 4080 1173 4121 nos
1192 4065 1259 4119 ab
1276 4065 1358 4120 his
1384 4080 1502 4121 esse
1517 4064 1860 4135 separandos,

294 4164 347 4208 ιι
368 4160 579 4225 peccatis
611 4174 806 4214 eorum
857 4172 968 4211 non
1018 4157 1376 4227 inquinemur,
1430 4164 1589 4225 atque
1635 4156 1707 4209 ita
1744 4165 1866 4226 post

296 4259 381 4299 nos
404 4248 602 4305 trahere
621 4264 890 4305 conemur
910 4248 1079 4303 veluti
1100 4247 1328 4303 mundos
1352 4256 1668 4318 sanctosque
1705 4247 1863 4303 disci-

292 4339 448 4406 μύας,
471 4342 533 4396 ab
553 4342 781 4397 unitatis
800 4356 1064 4411 compage
1085 4341 1235 4410 quasi
1260 4355 1290 4393 a
1306 4340 1569 4395 malorum
1592 4340 1862 4395 consortio

290 4435 593 4506 segregatos)
622 4434 851 4489 veniant
877 4434 934 4488 in
969 4440 1204 4487 mentem
1234 4431 1341 4486 illae
1365 4430 1434 4487 de
1473 4430 1761 4501 Scripturis
1785 4432 1861 4487 si-

292 4521 591 4580 militudines
612 4534 669 4581 et
702 4523 889 4578 divina
915 4522 1135 4577 oracula
1164 4521 1249 4576 vel
1272 4522 1570 4576 certissima
1594 4522 1859 4593 exempla,

289 4616 466 4683 quibus
490 4619 921 4674 demonstratum
952 4624 1007 4671 et
1033 4615 1447 4686 praenuntiatum
1474 4622 1578 4681 est,
1608 4615 1778 4669 malos
1807 4615 1861 4670 in

291 4706 515 4765 Ecclesia
538 4712 843 4783 permixtos
866 4709 1024 4764 bouis
1050 4722 1218 4777 usque
1245 4707 1297 4761 in
1323 4707 1483 4762 ﬁnem
1513 4706 1695 4761 saeculi
1723 4715 1859 4761 tem~

288 4814 475 4872 Itaque
508 4804 693 4873 iudicii
745 4802 977 4866 futuros,
1019 4808 1075 4855 et
1102 4798 1236 4854 nihil
1279 4798 1433 4853 bonis
1488 4797 1769 4852 inunitate
1796 4812 1860 4854 ac

290 4894 671 4963 participatione
693 4894 1171 4949 Sacramentorum
1192 4890 1283 4960 qui
1324 4904 1509 4945 eorum
1549 4888 1702 4945 factis
1748 4904 1859 4946 non

286 4988 636 5043 consenserint
672 4987 979 5043 obiuturos.
1028 4983 1161 5039 Cum
1193 4998 1323 5038 vero
1351 4983 1430 5039 eis
1474 4998 1569 5054 per
1593 4997 1725 5053 quos
1753 4983 1859 5039 Ec-

287 5075 435 5131 cluia
459 5081 677 5151 regitur,
701 5080 855 5134 adest
884 5078 1031 5133 salva
1055 5091 1188 5148 pace
1227 5074 1483 5131 Ecclesiae
1510 5084 1749 5146 potestas
1776 5076 1858 5132 di-

289 5168 507 5237 sciplinae
532 5172 796 5226 adversus
831 5169 1108 5240 improbos
1146 5174 1238 5221 aut
1264 5166 1500 5221 nefarios
1524 5166 1856 5235 exercendae,

293 5264 403 5313 tunc
422 5276 621 5324 rursus,
651 5275 722 5315 ne
746 5258 988 5315 socordia
1017 5257 1348 5327 segnitiaque
1367 5255 1714 5321 dormiamus,
1741 5256 1860 5312 aliis

286 5350 473 5405 aculeis
484 5360 894 5421 praeceptorum,
915 5363 1036 5420 quae
1055 5347 1124 5403 ad
1152 5347 1489 5403 severitatem
1524 5347 1859 5403 coercitionis

284 5441 555 5508 Detineat,
576 5442 843 5499 excitandi
872 5455 1078 5508 sumus,
1112 5451 1171 5494 ut
1194 5453 1413 5510 gressus
1441 5447 1654 5494 nostros
1681 5439 1733 5493 in
1774 5440 1857 5494 via

278 5528 483 5587 Domini
510 5549 576 5589 ex
603 5534 846 5602 utrisque
869 5531 1192 5587 testimoniis
1214 5530 1308 5585 illo
1334 5529 1469 5585 duce
1508 5536 1667 5599 atque
1709 5528 1858 5600 adju-

334 5692 352 5722 ι
392 5696 458 5764 la
622 5692 743 5764 editi
762 5699 942 5751 autem,
962 5689 1309 5741 tristituendam
1328 5692 1498 5752 putant
1519 5699 1621 5741 esse
1635 5694 1683 5739 et
1704 5687 1861 5740 Eccle-

905 5812 1194 5866 senteutiam
1212 5810 1476 5863 moderari.

550 5896 777 5960 Sacr.
808 5898 1091 5962 Auensr.
1119 5895 1234 5959 VI.

1986 1600 2033 1654 si
2060 1615 2154 1671 per
2179 1601 2324 1672 ipsos
2352 1603 2468 1660 dies
2492 1607 2682 1678 quibus
2712 1610 2957 1666 eamdem
2982 1613 3209 1683 gratiam
3239 1615 3566 1686 percepturi,

1986 1691 2097 1746 suis
2121 1694 2421 1751 nominibus
2477 1696 2635 1766 datis,
2680 1700 3023 1770 abstinentia,
3071 1704 3311 1774 jejuniis,
3358 1707 3571 1762 exorci-

1985 1782 2216 1852 smisque
2240 1795 2548 1856 purgantur,
2567 1802 2688 1843 cum
2707 1790 3081 1863 suislegitimis
3092 1794 3295 1851 etveris
3314 1796 3570 1853 uxoribus

1984 1887 2042 1929 se
2058 1875 2434 1934 concubituros
2456 1880 2849 1949 proﬁterentur,
2868 1892 3027 1954 atque
3041 1883 3200 1953 hujus
3210 1886 3310 1951 rei,
3326 1887 3572 1955 quamvis

1982 1967 2086 2022 alio
2103 1975 2339 2040 tempore
2356 1971 2531 2039 licitae,
2547 1975 2728 2043 paucis
2745 1976 2873 2046 ipsis
2900 1978 3227 2034 solemnibus
3241 1978 3432 2035 diebus
3445 1980 3567 2035 nul-

1982 2055 2087 2111 lam
2117 2061 2500 2117 continentiam
2530 2074 2855 2122 servaturos.
2886 2067 3002 2135 Quo
3027 2068 3186 2125 modo
3202 2069 3361 2140 igitur
3389 2070 3455 2126 ad
3476 2070 3567 2127 illa

1982 2158 2164 2203 sancta
2192 2166 2448 2207 recusans
2472 2156 2856 2212 correctionem
2890 2158 3096 2214 adulter
3112 2159 3429 2228 admittitur,
3460 2176 3568 2232 quo

1979 2254 2234 2295 recusans
2253 2242 2679 2300 observationem
2710 2262 2814 2301 non
2833 2248 3128 2304 admittitur
3148 2250 3505 2321 coniugatus?

2051 2331 2104 2387 9.
2143 2331 2251 2388 Sed
2277 2334 2443 2403 prius,
2491 2335 2756 2405 inquiunt,
2792 2336 3120 2406 baptizetur;
3153 2339 3348 2396 deinde
3373 2341 3566 2397 docea-

1982 2431 2066 2478 tur
2094 2425 2221 2495 quid
2241 2426 2308 2479 ad
2333 2426 2527 2481 bonam
2556 2428 2716 2482 vitam
2746 2444 3030 2500 moresque
3050 2432 3333 2501 pertineat.
3357 2433 3442 2489 Fit
3463 2434 3566 2492 hoc

1979 2516 2069 2571 ubi
2095 2532 2414 2588 quemquam
2440 2518 2575 2575 forte
2594 2518 2708 2574 dies
2733 2527 2889 2591 urget
2916 2528 3211 2589 extremus,
3238 2532 3298 2577 nt
3317 2524 3384 2579 ad
3402 2526 3566 2580 verba

1979 2607 2320 2677 paucissima,
2346 2610 2536 2679 quibus
2558 2618 2737 2666 tamen
2764 2613 2945 2667 omnia
2971 2614 3333 2684 continentur,
3358 2615 3563 2685 credat,

1979 2698 2486 2771 Sacramentumque
2511 2702 2793 2773 percipiat;
2842 2710 2901 2757 ut
2926 2705 2971 2758 si
3010 2719 3075 2758 cx
3105 2705 3206 2760 hac
3228 2706 3335 2762 vita
3361 2708 3563 2779 migra-

1980 2793 2137 2860 verit,
2178 2793 2430 2848 liberatus
2458 2804 2614 2849 exeat
2649 2809 2679 2849 a
2717 2804 2867 2851 reatu
2895 2798 3293 2866 prteteritorum
3319 2800 3561 2856 omnium

1978 2894 2337 2955 peccatorum.
2382 2887 2436 2941 Si
2480 2896 2657 2943 autem
2703 2904 2866 2944 sanus
2895 2890 3060 2960 petit,
3106 2894 3441 2965 spatiumque
3484 2894 3560 2949 di-

1977 2975 2159 3031 scendi
2208 2985 2309 3043 est,
2348 2977 2490 3047 quod
2528 2978 2668 3033 aliud
2707 2980 3057 3049 opportunius
3094 2990 3304 3053 tempus
3328 2983 3559 3054 reperiri

1976 3075 2189 3137 potest,
2215 3082 2320 3137 quo
2342 3068 2522 3123 audiat
2548 3070 2996 3139 quemadmodum
3023 3071 3195 3128 ﬁdelis
3230 3075 3345 3130 ﬁeri
3372 3088 3436 3130 ac
3473 3076 3562 3131 vi-

1976 3171 2104 3211 vere
2133 3156 2346 3225 debeat,
2377 3173 2536 3228 quam
2557 3160 2688 3214 illud
2716 3176 2838 3216 cum
2866 3163 3154 3219 attentiore
3181 3165 3362 3222 animo
3394 3176 3561 3238 atque

1976 3248 2092 3318 ipsa
2117 3247 2374 3317 religione
2395 3262 2658 3318 suspenso
2686 3251 3053 3308 saluberrimae
3084 3254 3207 3309 ﬁdei
3241 3254 3561 3313 Sacramen-

1976 3348 2086 3396 tum
2118 3340 2288 3411 petit?
2328 3341 2413 3396 An
2457 3355 2625 3411 usque
2650 3342 2785 3397 adeo
2827 3343 3226 3402 dissimulamus
3251 3362 3283 3401 a
3310 3349 3560 3406 sensibus

1974 3431 2193 3498 nostris,
2225 3438 2283 3484 ut
2305 3430 2390 3485 vel
2413 3445 2511 3486 nos
2542 3431 2687 3502 ipsos
2706 3446 2816 3486 non
2831 3433 3178 3489 recordemur
3197 3451 3358 3505 quam
3386 3436 3559 3493 fueri-

1973 3538 2094 3578 mus
2135 3522 2323 3576 attenti
2364 3529 2525 3592 atque
2561 3522 2772 3577 solliciti
2801 3523 2927 3593 quid
2956 3524 3109 3580 nobis
3139 3527 3491 3598 praeciperent
3520 3546 3555 3586 a

1972 3613 2167 3685 quibus
2181 3612 2662 3678 catecbizabamur,
2695 3628 2813 3667 cum
2840 3612 3001 3668 fontis
3026 3614 3166 3671 illius
3209 3614 3558 3675 Sacramenta

1972 3709 2455 3773 peteremus,atque
2466 3700 2535 3756 ob
2552 3701 2653 3757 hoc
2661 3701 2788 3757 Com
2794 3711 3030 3773 petentes
3045 3705 3203 3760 etiam
3220 3721 3555 3777 vocaremur;

1970 3798 2055 3852 vel
2070 3812 2174 3851 non
2192 3797 2489 3852 intueamur
2504 3796 2655 3862 alios,
2672 3796 2761 3865 qui
2781 3812 2878 3867 per
2892 3812 3062 3853 annos
3076 3798 3310 3869 singulos
3324 3800 3392 3854 ad
3409 3801 3556 3857 lava-

1970 3902 2121 3943 crum
2137 3888 2554 3958 regenerationis
2570 3898 2879 3957 accurrunt,
2898 3888 3082 3958 quales
3102 3890 3207 3945 sint
3225 3889 3355 3960 ipsis
3368 3890 3559 3948 diebus

1968 3979 2160 4049 quibus
2171 3972 2586 4045 catechizantur,
2604 3981 2993 4047 exorcizantur,
3017 3990 3341 4050 scrutantur,
3358 3995 3556 4055 quanta

1968 4071 2236 4142 vigilantia
2279 4072 2616 4138 conveniant,
2646 4087 2753 4141 quo
2794 4072 2970 4127 studio
2993 4073 3258 4143 ferveant,
3297 4082 3399 4147 qua
3426 4092 3556 4134 cura

1968 4164 2266 4235 pendeant?
2291 4164 2346 4219 Si
2374 4175 2499 4219 tunc
2521 4173 2727 4234 tempus
2748 4180 2853 4219 non
2874 4175 2956 4221 est
2975 4166 3212 4222 discendi
3241 4170 3285 4236 ³,
3308 4183 3426 4238 quae
3447 4169 3555 4225 vita

1968 4265 2225 4327 congruat
2239 4264 2405 4323 tanto,
2418 4256 2559 4326 quod
2574 4256 2815 4325 accipere
2827 4255 3152 4327 desiderant,
3169 4259 3516 4317 Sacramento
3532 4278 3548 4327 ;

1969 4347 2182 4418 quando
2230 4347 2387 4402 erit?
2440 4348 2524 4401 An
2570 4362 2698 4403 vero
2736 4362 2857 4403 cum
2892 4350 3234 4418 acceperint,
3293 4351 3348 4404 in
3389 4352 3553 4405 tantis

1968 4436 2280 4493 criminibus
2306 4446 2675 4506 permanentes
2697 4437 2858 4491 etiam
2887 4447 3004 4507 post
3048 4438 3399 4506 Baptismum,
3438 4455 3548 4494 non

1969 4528 2094 4584 novi
2118 4527 2383 4594 homines,
2406 4526 2502 4582 sed
2531 4524 2885 4582 rei‘veteres?
2915 4536 2973 4580 ut
2999 4526 3245 4581 videlicet
3278 4529 3551 4598 perversi-

1969 4627 2077 4674 tate
2102 4618 2331 4673 mirabili
2361 4618 2507 4687 prius
2532 4618 2610 4672 eis
2630 4616 2857 4683 dicatur,
2888 4616 3091 4671 lnduitc
3135 4617 3406 4674 hominem
3450 4634 3551 4674 no-

1965 4725 2125 4776 vum;
2174 4717 2229 4766 et
2260 4724 2381 4764 cum
2426 4707 2594 4762 induti
2635 4706 2853 4774 fuerint,
2891 4716 3074 4778 postea
3097 4708 3324 4774 dicatur,
3363 4709 3553 4773 Exuite

1965 4811 2201 4858 veterem
2233 4818 2246 4854 :
2280 4815 2400 4855 cum
2429 4799 2716 4870 Apostolus
2744 4812 2932 4854 sanum
2967 4799 3211 4857 ordinem
3243 4808 3430 4856 tenens
3461 4800 3549 4857 di-

1965 4903 2071 4962 cat,
2105 4892 2293 4947 Exuite
2317 4900 2545 4958 veterem,
2577 4899 2621 4945 et
2649 4890 2841 4944 induite
2876 4906 3061 4945 novum
3107 4890 3330 4961 (Colore.
3361 4908 3458 4959 ιιι,
3485 4891 3542 4957 9,

1968 4986 2089 5057 10);
2136 4993 2192 5040 et
2234 4985 2349 5055 ipse
2389 4983 2647 5038 Dominus
2676 4982 2889 5049 clamet,
2923 4981 3088 5036 Nemo
3129 4984 3289 5037 asauit
3318 4998 3546 5053 pannum

1966 5095 2147 5135 novum
2182 5079 2469 5133 vestimento
2505 5077 2675 5145 veteri,
2714 5085 2762 5131 et
2799 5092 2945 5131 nemo
2971 5077 3121 5131 mittit
3156 5076 3327 5130 uinum
3363 5090 3549 5130 novum

1963 5173 2018 5227 in
2046 5179 2178 5226 utres
2203 5180 2405 5225 veteres.
2437 5168 2649 5240 (Matth.
2678 5157 2866 5238 1i,16,
2899 5166 3010 5241 17).
3039 5167 3177 5236 Quid
3203 5177 3379 5223 autem
3404 5166 3548 5221 aliud

1964 5265 2071 5335 agit
2094 5272 2262 5319 totum
2308 5271 2535 5331 tempus,
2586 5275 2693 5331 quo
2727 5261 3230 5316 catechumenorum
3274 5260 3448 5315 locum
3492 5266 3550 5314 et

1964 5369 2161 5410 nomen
2189 5360 2393 5419 tenent,
2421 5352 2524 5406 nisi
2554 5360 2613 5405 ιιι
2638 5352 2853 5406 audiant
2879 5365 2996 5421 quae
3022 5349 3155 5405 ﬁdes
3183 5356 3239 5404 et
3264 5349 3437 5419 qualis
3467 5348 3548 5403 vi-

1965 5454 2019 5502 ta
2056 5446 2247 5502 debeat
2280 5460 2398 5500 esse
2437 5444 2739 5511 christiani;
2770 5452 2827 5498 ut
2854 5458 2974 5498 cum
3004 5442 3064 5499 se
3100 5444 3246 5514 ipsos
3275 5442 3544 5514 probave-

1962 5541 2088 5607 rint,
2135 5549 2261 5593 tunc
2284 5538 2351 5592 de
2380 5552 2559 5591 mensa
2602 5537 2808 5591 Domini
2838 5535 3177 5602 manducent,
3209 5543 3264 5589 et
3287 5533 3354 5587 de
3379 5532 3547 5587 calice

1962 5631 2180 5688 bibant?
2222 5629 2479 5698 Quoniam
2516 5629 2601 5700 qui
2628 5629 2899 5685 mandarat
2925 5636 2972 5681 et
2998 5626 3119 5680 bibit
3152 5624 3380 5693 indigne,
3402 5622 3543 5691 judi-

2030 5749 2049 5781 ¹
2081 5755 2208 5805 Mss,
2231 5750 2371 5807 atque
2400 5748 2551 5807 utare.

2034 5813 2057 5845 ³
2085 5819 2211 5871 Mss,
2238 5805 2449 5857 dicendi.
3088 5880 3099 5892 Ι
3112 5882 3148 5892 Δ.
3284 5880 3301 5892 ⁸
3538 5858 3549 5892 ί

3064 5880 3301 5971 (δεμ.)
