3926 6386
75 357 166 414 ’117

77 470 150 524 illa
182 462 442 520 sufflclunt
463 501 480 527 ,
506 474 626 530 quae
653 472 750 514 nos
783 470 1020 528 quosque
1050 470 1331 528 possumus
1355 455 1625 527 experiri,

77 569 123 614 ct
145 571 318 613 eorum
344 561 508 608 testes
537 551 756 605 idoneos
783 565 885 604 non
911 549 1128 603 difficile
1152 557 1236 603 est
1264 548 1527 603 invenire.
1555 549 1630 602 De

78 651 167 705 isto
205 655 375 701 autem
419 642 546 697 fano
569 642 790 696 Veneris
822 650 876 697 et
911 642 1126 696 lucerna
1167 641 1580 712 inexstinguibili
1612 682 1627 707 ,

78 755 169 795 non
206 739 370 792 solum
420 736 472 788 in
523 735 696 789 nullas
735 742 1068 788 coarctamur
1111 735 1380 803 angustias
1405 774 1419 797 ,
1446 747 1629 786 verum

77 834 218 887 etiam
265 827 554 882 latitudinis
601 825 756 880 nobis
807 839 1026 893 campus
1064 826 1318 894 aperitur.
1373 823 1632 878 Addimus

78 925 200 978 enim
221 920 283 974 ad
311 920 462 972 istam
484 919 753 972 lucernam
776 916 1278 986 inexstinguibilem,
1307 924 1360 970 et
1380 914 1634 969 humana-

79 1030 178 1066 rum
207 1021 258 1065 et
296 1008 616 1078 magicarum
639 1050 654 1074 ,
689 1008 738 1060 id
782 1015 864 1062 est
905 1022 997 1076 per
1037 1007 1279 1062 homines
1320 1006 1636 1061 daemonica-

78 1120 179 1159 rum
221 1104 236 1134 ⁸
275 1103 502 1164 artium,
531 1109 585 1154 et
621 1100 856 1170 ipsorum
901 1114 996 1168 per
1043 1115 1101 1153 se
1146 1100 1290 1167 ipsos
1333 1099 1634 1153 daemonum

79 1197 224 1250 multa
270 1193 519 1247 miracula
556 1211 568 1244 :
598 1208 715 1261 qme
754 1191 797 1244 si
837 1206 1032 1261 negare
1064 1191 1392 1245 voluerimus
1421 1234 1435 1256 ,
1464 1191 1636 1245 eidem

81 1290 166 1357 ipsi
192 1287 269 1345 cui
296 1285 564 1340 credimus
588 1299 860 1339 sacrarum
890 1284 1210 1338 Litterarum
1240 1283 1639 1338 adversabimur

80 1381 286 1436 veritati.
319 1380 421 1433 Aut
449 1394 578 1449 ergo
609 1379 658 1431 in
690 1379 904 1432 lucerna
937 1378 1021 1432 illa
1052 1377 1415 1434 mechanicum
1443 1379 1638 1448 aliquid

81 1477 138 1530 de
173 1474 336 1544 lapide
373 1473 587 1528 asbesto
625 1488 713 1526 ars
761 1472 987 1526 humana
1029 1473 1210 1526 molita
1252 1481 1374 1540 est,
1399 1482 1490 1526 aut
1527 1482 1642 1527 arte

84 1568 263 1636 magica
290 1564 485 1619 factum
515 1572 599 1618 est
620 1607 634 1628 ,
667 1563 807 1633 quod
839 1563 1083 1617 homines
1112 1563 1204 1616 illo
1230 1564 1550 1617 mirarentur
1589 1563 1641 1617 in

84 1657 412 1727 templo,aut
457 1655 667 1710 (ιπηιοη
714 1654 972 1724 quispiam
1019 1653 1118 1708 sub
1163 1653 1376 1708 nomine
1422 1652 1643 1708 Veneris

85 1759 210 1804 tanta
233 1764 290 1803 se
309 1748 546 1803 efficacia
574 1747 932 1817 prtesentavit,
963 1755 1019 1800 ut
1046 1745 1147 1802 hoc
1173 1747 1240 1801 ibi
1269 1746 1563 1816 prodigium
1591 1755 1645 1802 et

84 1849 344 1910 appareret
373 1838 698 1901 hominibus,
730 1846 783 1892 et
809 1837 1006 1891 diutius
1033 1849 1370 1906 permaneret
1401 1837 1498 1906 (a).
1531 1838 1644 1892 llli-

85 1933 276 1987 ciuntur
308 1939 485 1985 autem
533 1929 804 1984 daamones
840 1928 904 1982 ad
936 1928 1334 1983 inhabitandam
1379 1945 1475 1999 per
1507 1945 1650 1983 crea.

85 2035 213 2078 turas
239 2066 253 2090 ,
279 2038 410 2093 quas
437 2038 544 2076 non
575 2021 675 2090 ipsi
703 2065 713 2085 ,
739 2020 832 2075 sed
864 2022 1002 2075 Dens
1036 2020 1308 2088 condidit,
1331 2021 1650 2076 delectabili-

85 2116 173 2170 bus
194 2131 282 2185 pro
303 2132 395 2171 sua
417 2116 728 2172 diversitate
749 2115 995 2179 diversis,
1019 2127 1124 2168 non
1146 2124 1201 2168 ut
1223 2115 1470 2169 animalia
1492 2117 1644 2181 cibis,

84 2209 165 2265 sed
187 2218 240 2262 ut
259 2208 477 2278 spiritus
500 2207 663 2278 signis
687 2249 700 2270 ,
733 2223 852 2277 qua:
879 2207 1132 2276 cujusque
1165 2206 1502 2262 delectationi
1530 2222 1649 2261 con-

83 2310 259 2369 gruunt
278 2339 294 2365 ,
319 2314 416 2369 per
449 2300 596 2353 varia
627 2314 823 2370 genera
858 2297 1090 2366 lapidum
1117 2339 1130 2361 ,
1155 2297 1466 2364 herbarum,
1493 2298 1652 2368 ligno-

87 2407 191 2446 rum
217 2432 232 2456 ,
260 2391 570 2446 animalium
599 2433 614 2456 ,
639 2390 934 2444 carminum
958 2426 975 2455 v,
1017 2390 1214 2444 rituum
1240 2389 1336 2458 (ὁ).
1365 2387 1432 2445 Ut
1475 2398 1648 2444 autem

87 2483 349 2537 illicimitur
389 2482 458 2536 ab
512 2482 810 2536 hominibus
835 2523 849 2544 ,
875 2481 1019 2550 prius
1066 2496 1159 2536 eos
1200 2480 1298 2549 ipsi
1328 2481 1648 2536 astutissima

86 2573 355 2628 calliditate
387 2573 684 2639 seducunt,
706 2572 790 2627 vel
836 2572 1145 2641 inspirando
1181 2587 1365 2626 eorum
1400 2571 1652 2629 cordibus

87 2667 214 2722 virus
249 2668 516 2724 occultum
540 2707 556 2733 ,
585 2667 668 2722 vel
714 2667 872 2721 etiam
914 2665 1187 2720 fallacibus
1225 2665 1473 2720 amicitiis
1499 2681 1654 2736 appa.

86 2759 238 2812 rendo
260 2801 274 2826 ,
301 2773 598 2828 eorumque
627 2773 821 2827 paucos
842 2756 1131 2825 discipulos
1154 2771 1281 2811 suos
1303 2755 1522 2820 faciunt,
1547 2759 1656 2826 plu-

86 2849 430 2920 rimorumque
450 2850 714 2904 doctores.
735 2847 913 2917 Neque
933 2849 1074 2901 enim
1096 2849 1282 2916 potuit,
1305 2848 1405 2902 nisi
1431 2849 1652 2916 primum

88 2939 204 3007 ipsis
220 2940 537 2995 docentibus
554 2980 570 3005 ,
597 2939 727 2993 disci
753 2939 878 3007 quid
904 2937 1128 3007 quisque
1159 2936 1368 2992 illorum
1401 2947 1651 3007 appetat,

86 3029 198 3098 quid
221 3030 506 3086 exliorreat
530 3069 546 3089 .
571 3045 676 3099 quo
704 3028 956 3082 invitetur
983 3027 1197 3080 nomine
1220 3066 1236 3091 ,
1262 3040 1368 3096 quo
1387 3038 1604 3096 cogatur
1637 3046 1651 3081 :

86 3120 214 3176 unde
240 3122 456 3192 magica:
476 3132 618 3176 artes
633 3135 920 3189 earumque
938 3118 1170 3172 artifices
1193 3119 1526 3172 exstiterunt.
1548 3119 1656 3174 Ma-

89 3209 218 3266 xime
231 3221 404 3268 autem
417 3211 691 3282 possident
703 3210 862 3265 corda
881 3209 1306 3276 mortalium,qua
1322 3208 1652 3276 potissimum

89 3303 410 3369 possessione
424 3303 736 3372 gloriantur,
751 3316 870 3356 cum
894 3315 950 3355 se
965 3299 1401 3369 transfigurantin
1424 3299 1655 3370 Angelos

89 3392 208 3448 lucis
229 3393 294 3466 (ll
309 3394 427 3450 Cor.
444 3394 780 3465 xu,ll).Sunt
796 3406 924 3461 ergo
940 3391 1072 3446 facta
1091 3405 1272 3445 eorum
1291 3391 1657 3459 plurimaque:

88 3496 274 3552 quanto
321 3487 488 3555 magis
545 3484 805 3538 mirabilia
849 3481 1206 3545 confitemur,
1261 3489 1406 3534 tanto
1452 3482 1658 3535 cautius

89 3578 244 3633 vitare
264 3579 540 3634 debemus.
569 3579 673 3634 Sed
696 3577 760 3632 ad
789 3576 891 3630 hoc
915 3575 1052 3629 unde
1081 3588 1219 3628 nunc
1245 3574 1482 3642 agimus,
1506 3572 1658 3626 nobis

86 3671 236 3724 etiam
268 3671 378 3740 ipsa
410 3670 708 3740 proficiunt.
739 3669 791 3723 Si
813 3668 953 3722 enim
975 3664 1361 3720 lmeiuunundi
1387 3663 1660 3718 daemones

89 3771 346 3827 possunt,
401 3771 599 3830 quanto
651 3760 980 3830 potentiores
1032 3767 1156 3810 sunt
1203 3755 1370 3810 sancti
1422 3754 1656 3824 Angeli,

89 3861 276 3918 quanto
305 3853 572 3919 potentior
600 3858 684 3904 est
709 3850 790 3902 bis
814 3849 1060 3904 omnibus
1092 3848 1248 3913 Deus,
1282 3847 1367 3916 qui
1395 3856 1658 3900 tantorum

89 3942 464 3994 miraculorum
517 3940 794 3995 eﬂ'ectores
843 3939 1006 3992 etiam
1048 3939 1191 4007 ipsos
1230 3937 1462 4005 Angelos
1503 3936 1661 3991 fecit?

152 4034 207 4085 2.
235 4033 594 4100 Quamobrem
618 4031 663 4084 si
695 4039 770 4082 tot
793 4039 846 4083 et
873 4037 1014 4082 tanta
1041 4029 1258 4080 mirifica
1279 4029 1322 4092 ‘,
1354 4042 1471 4095 qua:
1497 4050 1658 4094 μηχα-

93 4137 273 4189 νήματα
294 4123 582 4191 appellant,
613 4121 700 4175 Dei
729 4127 972 4174 creatura
999 4116 1269 4172 utentibus
1298 4117 1542 4171 Immanis
1570 4133 1658 4172 ara

97 4216 224 4267 tibus
249 4217 402 4280 fiunt,
436 4225 492 4267 ut
529 4230 589 4268 ea
626 4213 712 4281 qui
745 4212 988 4267 nesciunt
1014 4210 1294 4279 Opinentur
1313 4225 1432 4264 esse
1452 4209 1657 4276 divina;

97 4305 226 4358 unde
255 4308 448 4358 factum
478 4313 580 4368 est,
610 4314 664 4357 ut
691 4303 742 4356 in
772 4301 1000 4372 quodam
1035 4301 1230 4368 templo
1255 4299 1516 4369 lapidibus
1545 4317 1659 4353 ma-

99 4398 332 4463 gnetibus
357 4397 409 4451 in
439 4397 553 4450 solo
591 4380 645 4450 et
677 4409 884 4448 camera
923 4393 1261 4461 proportione
1289 4391 1664 4460 magnitudinis

103 4489 294 4554 positis,
327 4488 665 4543 simulacrum
695 4486 922 4540 ferreum
952 4485 1093 4539 aeris
1133 4483 1273 4537 illius
1313 4483 1490 4537 medio
1528 4483 1666 4537 inter

105 4589 374 4650 utrumque
401 4579 652 4650 lapidem,
683 4575 1042 4648 ignorantibus
1061 4574 1184 4644 quid
1206 4589 1413 4628 sursum
1444 4585 1583 4629 esset
1604 4590 1666 4628 ac

101 4672 361 4740 deorsum,
383 4674 534 4745 quasi
558 4673 787 4728 numinis
811 4681 1071 4741 potestate
1100 4669 1352 4739 penderet
1383 4667 1484 4741 (c);
1512 4668 1666 4738 quale

162 4814 178 4845 ³
210 4815 278 4863 sic
301 4815 432 4863 Vind.
461 4823 556 4861 Αιιι.
582 4819 633 4861 et
652 4820 756 4860 MSS.
783 4817 835 4858 Αι
867 4815 940 4859 Er.
983 4815 1034 4858 et
1066 4815 1176 4857 Lov.
1214 4803 1633 4856 dmuoniacarum.

160 4876 184 4944 '.
217 4876 327 4944 aditi
353 4911 367 4935 ,
410 4883 599 4938 unaque
634 4869 857 4935 miriﬁca.
921 4872 1096 4931 Abest,
1153 4875 1344 4930 tamque
1362 4903 1378 4928 ,
1424 4881 1453 4916 a
1497 4880 1666 4916 manu-

104 4939 296 4997 scriptis.

163 4990 230 5058 (al
254 5005 444 5047 Erutum
469 5002 545 5046 est
579 4993 856 5058 sepulcrum
892 4993 1122 5058 memoria
1152 4999 1358 5058 patrum,
1397 4990 1446 5038 in
1469 5003 1568 5058 quo
1592 5001 1667 5038 ar-

106 5053 240 5108 debat
277 5059 476 5108 lucerna
493 5093 507 5116 ,
544 5053 733 5107 condita
757 5056 839 5107 ibi.
867 5063 921 5104 ιιι
944 5069 1008 5104 ex
1029 5054 1345 5114 inscriptione
1359 5053 1626 5113 apparebat
1651 5086 1666 5108 ,

109 5132 238 5179 supra
257 5121 562 5170 millesimum
587 5126 638 5168 et
658 5117 1347 5180 quingentesimum_annum;
1374 5125 1530 5176 eaque
1570 5119 1668 5160 tota

111 5174 364 5244 extemplo,
404 5190 458 5229 ut
495 5174 802 5244 contrectari'
817 5185 973 5244 coepta
996 5183 1090 5234 εει,
1115 5176 1242 5224 inter
1256 5174 1471 5244 admotas
1500 5185 1670 5221 manus

110 5239 232 5289 friata
255 5238 302 5291 in
327 5238 663 5292 tenuisimum
683 5242 800 5288 abiit
822 5238 1091 5300 pulverem.
1117 5243 1410 5300 l_.un._\ivss.

169 5304 234 5364 (ὸ)
258 5304 467 5358 Psellus,
509 5304 572 5352 de
596 5295 914 5364 Daeinonilius,
939 5313 1041 5364 cap.
1088 5297 1200 5364 ult.,
1346 5297 1504 5364 ipsum
1525 5295 1592 5343 ait
1611 5307 1669 5343 se

112 5358 316 5426 didicisse
334 5382 360 5413 a
385 5364 590 5426 quodam
614 5363 812 5425 Ephesio
829 5364 910 5424 qui
933 5358 1229 5409 daimonibus
1249 5358 1672 5426 tamiliariterlitc:

114 5422 255 5487 batur,
283 5415 465 5475 nullum
489 5415 667 5487 nempe
691 5437 802 5471 esse
841 5415 999 5483 genus
1035 5434 1215 5478 rerum,
1239 5430 1337 5481 quo
1369 5419 1491 5466 certi
1523 5415 1670 5478 aliqui

116 5484 348 5536 dtemones
378 5487 502 5535 allici
527 5484 620 5534 non
643 5487 840 5546 possint.
859 5492 1106 5546 coeamus.

172 5547 236 5609 (ε)
272 5551 316 5598 Id
341 5549 496 5598 refert
534 5537 757 5604 Bullinus,
781 5544 866 5592 lib.
892 5537 1054 5609 2_tlist.
1075 5540 1275 5609 eecies.,
1309 5537 1517 5609 cap._‘::’..‘3,
1543 5537 1669 5609 inter:

115 5597 315 5673 fraudes?
343 5597 454 5673 quae
495 5615 708 5670 repertae
737 5597 875 5673 ξδιιιιι
924 5607 973 5652 in
1011 5605 1208 5673 templo
1248 5597 1517 5673 _serapidis'
1545 5597 1669 5671 apud

118 5621 297 5659 irauues
343 5624 454 5673 quae
495 5621 708 5670 repeer
761 5621 875 5654 sunt.
924 5621 973 5652 ιιι
1027 5621 1126 5654 lein
1149 5621 1208 5651 JIO
1265 5621 1502 5662 berutnurs
1545 5621 1669 5660 apuu

118 5666 466 5720 Alexandriam:
498 5676 660 5722 «Erat,
682 5685 706 5711 ι
737 5669 906 5728 inquit,
937 5687 958 5710 ι
982 5665 1108 5714 aliud
1130 5621 1486 5725 iraudisgeuus
1507 5661 1671 5728 hujus-

127 5744 146 5791 ξι
167 5732 284 5780 modi
309 5747 320 5781 :
349 5741 517 5780 natura
539 5731 707 5791 lapidis
740 5723 981 5790 magne-tis
1000 5728 1138 5789 liuius
1162 5723 1350 5774 virtutis
1373 5736 1487 5769 esse
1513 5723 1671 5791 periri:

121 5785 270 5855 betur,
294 5802 347 5844 ut
370 5793 428 5843 ad
459 5806 513 5840 se
538 5784 689 5852 rapiat
713 5798 763 5838 et
795 5784 999 5839 aIU'aliat
1017 5784 1196 5836 te'rrmn
1225 5803 1236 5835 :
1264 5799 1453 5848 signum
1476 5784 1590 5830 solis
1609 5786 1665 5830 ad

1220 337 1420 394 LIB-ER
1461 335 1823 394 VlGESlMUS
1862 339 2128 397 PRIMUS.

3197 334 3304 398 7‘8

1735 457 1932 528 aliquid
1962 461 2120 514 etiam
2148 460 2199 514 in
2227 461 2314 513 illa
2341 461 2554 514 lucerna
2589 460 2804 515 Veneris
2841 460 2909 515 de
2945 460 3118 530 lapide
3146 461 3305 515 as-be-

1733 560 1817 605 sto
1845 551 1912 606 ab
1937 552 2138 607 artifice
2167 553 2277 606 fieri
2319 554 2553 622 potuisse
2583 553 2692 623 jam
2730 553 2961 608 diximus
2991 572 3006 608 :
3033 554 3076 608 si
3121 569 3304 622 mago-

1735 657 1852 696 rum
1879 658 2060 712 opera,
2089 658 2223 713 quos
2248 654 2424 700 nostra
2449 643 2723 715 Scriptura
2750 649 3016 701 veneficos
3040 656 3093 701 et
3119 648 3304 702 incan-

1740 745 1936 789 latores
1950 745 2123 802 vocat,
2144 737 2192 789 in
2220 746 2417 790 tantum
2439 737 2708 792 daemones
2727 739 2978 793 extollere
3000 749 3304 809 potuerunt,

1736 837 1793 880 ut
1833 841 2126 897 congruere
2174 827 2444 882 hominum
2488 829 2730 884 sensibus
2775 825 2872 884 sibi
2919 829 3109 884 nobilis
3156 839 3308 898 poeta

1739 917 2027 984 videretur,
2058 918 2125 973 de
2158 920 2381 989 quadam
2422 921 2634 986 femina,
2668 938 2784 990 qua:
2811 921 2896 974 tali
2923 929 3036 975 arte
3067 921 3308 990 polleret,

1733 1009 1919 1065 dicens
1947 1029 1960 1064 :

1803 1137 1911 1178 Haec
1933 1141 1988 1177 se
2011 1128 2300 1178 carminibus
2323 1129 2550 1189 promittit
2575 1128 2768 1177 solvere
2793 1137 3005 1189 mentes,

1802 1199 1925 1248 Quas
1948 1190 2083 1247 velit,
2111 1197 2184 1239 ast
2216 1191 2322 1239 aliis
2342 1190 2486 1239 duras
2509 1191 2770 1239 immittere
2785 1203 2951 1247 curas;

1801 1256 1982 1303 Sistere
2005 1264 2175 1314 aquam
2199 1254 2375 1309 fluviis,
2402 1260 2452 1301 et
2476 1260 2674 1300 vertere
2697 1252 2857 1300 sidera
2881 1261 3043 1313 retro;

1802 1322 2155 1375 Nocturnosque
2177 1315 2275 1364 ciet
2290 1327 2481 1362 manes:
2505 1314 2691 1363 murire
2716 1314 2917 1362 videbis.

1801 1377 1894 1424 Sub
1915 1377 2128 1439 pedibus
2145 1382 2340 1439 terram,
2355 1383 2405 1439 et
2427 1375 2728 1439 descendere
2755 1377 2994 1439 montibus
3011 1386 3186 1439 ornos:

2036 1435 2241 1499 (Virgil.
2267 1436 2450 1488 Aineid.
2478 1437 2559 1486 lib.
2585 1437 2632 1496 4,
2659 1450 2779 1486 vers.
2799 1437 3026 1486 487-491.
3049 1437 3071 1499 )

1743 1550 1941 1612 quanto
1984 1558 2018 1595 η
2042 1542 2150 1611 agis
2192 1542 2328 1596 Deus
2369 1551 2553 1609 potens
2578 1551 2657 1595 est
2687 1541 2856 1594 facere
2876 1556 2994 1609 qme
3022 1538 3317 1593 infidelibus

1747 1644 1869 1688 sunt
1894 1633 2220 1689 incredibilia
2243 1675 2256 1700 ,
2285 1634 2377 1688 sed
2405 1634 2546 1687 illius
2569 1633 2739 1686 facilia
2773 1633 3050 1701 potestati;
3077 1631 3320 1700 quamle-

1747 1725 1958 1795 quidem
1983 1727 2094 1795 ipse
2119 1724 2349 1794 lapidum
2381 1725 2709 1793 aliarumque
2737 1725 2839 1777 vim
2873 1739 3048 1778 rerum
3071 1733 3122 1776 et
3143 1722 3318 1775 lmini-

1747 1833 1873 1872 num
1902 1817 2106 1887 ingenia
2129 1859 2142 1882 ,
2170 1816 2256 1887 qui
2288 1831 2349 1871 ea
2376 1815 2522 1870 miris
2549 1823 2768 1868 utuntur
2794 1814 2964 1868 modis
2984 1855 2998 1879 ,
3031 1813 3320 1883 angelicas-

1749 1927 1854 1982 que
1883 1920 2096 1965 naturas
2117 1910 2359 1964 omnibus
2378 1909 2600 1963 terrenis
2623 1908 2945 1977 potentiores
2968 1905 3323 1959 animantibus

1751 2004 2003 2066 condidit.
2033 2003 2279 2060 universa
2308 2003 2564 2057 mirabilia
2592 2002 2817 2056 mirabili
2841 2003 3082 2055 vincente
3107 2001 3318 2063 virtute,

1752 2108 1805 2152 ct
1854 2097 2128 2166 Operandi,
2175 2096 2413 2165 jubendi,
2466 2096 2777 2165 sinendique
2827 2093 3123 2162 sapientia,
3170 2100 3326 2146 utens

1753 2189 1999 2243 omnibus
2030 2197 2134 2242 tam
2164 2186 2492 2250 mirabiliter,
2525 2202 2682 2256 quam
2713 2185 2951 2239 creavit?

1751 2297 1977 2356 CAPUT
2015 2299 2126 2354 γη.
2156 2331 2218 2341 -—
2241 2299 2390 2366 Quod
2424 2299 2474 2352 in
2509 2299 2650 2351 rebus
2684 2298 2823 2350 miris
2861 2311 3057 2350 summa
3095 2292 3326 2349 credendi

2089 2391 2217 2444 ratio
2238 2391 2299 2444 sit
2325 2390 2679 2460 omnipotciitia
2705 2387 2972 2444 Creatoris.
3193 2378 3196 2382 ’

1827 2507 1877 2559 1.
1907 2505 2014 2560 Cur
2044 2505 2216 2575 itaque
2244 2504 2417 2558 facere
2444 2520 2545 2557 non
2575 2503 2739 2572 possit
2766 2501 2924 2566 Deus,
2954 2509 3011 2553 ut
3053 2509 3106 2553 et
3142 2513 3326 2552 resur-

1758 2606 1885 2668 gant
1925 2612 2146 2665 corpora
2186 2605 2539 2657 mortuorum,
2571 2602 2624 2648 et
2653 2593 2768 2662 igne
2797 2601 2996 2645 aeterno
3024 2589 3329 2644 crucientur

1757 2704 1979 2758 eoi-pora
2016 2687 2404 2750 damnatorum,
2440 2685 2529 2755 qui
2559 2684 2680 2737 fecit
2707 2681 2958 2736 mundum
2999 2681 3049 2733 in
3093 2679 3248 2744 caelo,
3279 2678 3330 2731 in

1759 2792 1922 2845 terra,
1955 2782 2006 2836 in
2052 2795 2194 2846 acre,
2244 2780 2295 2832 in
2343 2780 2512 2846 aquis,
2561 2763 3030 2830 innmncrabilibus
3069 2770 3333 2826 miraculis

1759 2873 2008 2941 plenum;
2052 2887 2169 2925 cum
2202 2870 2271 2924 sit
2299 2869 2544 2922 omnibus
2573 2866 2763 2936 quibus
2798 2864 2983 2933 plenus
3021 2871 3104 2916 est
3148 2860 3329 2930 procul

1758 2965 1917 3019 dubio
1944 2965 2112 3032 majus
2140 2971 2195 3016 et
2215 2960 2561 3015 excellentius
2587 2957 2744 3012 etiam
2773 2956 2884 3024 ipse
2913 2952 3138 3006 mundus
3165 2952 3327 3006 mira-

1758 3054 1970 3110 culum?
2013 3053 2116 3113 Scd
2145 3053 2230 3107 isti
2256 3065 2376 3106 cum
2403 3049 2593 3120 quibus
2622 3048 2702 3101 vel
2727 3054 2908 3100 contra
2940 3060 3073 3113 quos
3106 3043 3331 3112 agimus,

1758 3149 1846 3220 qui
1871 3157 1924 3202 et
1954 3148 2116 3201 Deum
2137 3159 2257 3199 csse
2277 3142 2499 3198 credunt
2523 3156 2550 3193 a
2581 3154 2685 3210 quo
2706 3137 2874 3191 factus
2900 3145 2980 3190 est
3009 3133 3252 3193 mundus.
3279 3143 3333 3186 et

1759 3239 1887 3294 deos
1927 3237 1996 3291 ab
2038 3235 2128 3290 illo
2171 3233 2338 3288 factos
2383 3247 2478 3302 per
2521 3246 2656 3300 quos
2699 3229 2766 3286 ab
2810 3228 2900 3281 illo
2938 3225 3334 3280 administratur

1762 3331 1990 3387 mundus
2009 3372 2024 3396 ,
2055 3337 2110 3383 et
2136 3325 2505 3380 miraculorum
2537 3321 2850 3381 effectrices,
2876 3319 2986 3372 sive
3013 3325 3333 3385 spontaneo-

1762 3440 1908 3488 rum,
1949 3423 2061 3477 sive
2099 3419 2244 3474 cultu
2274 3426 2328 3471 et
2355 3416 2457 3470 ritu
2489 3415 2725 3485 quolibet
2755 3405 3193 3480 imperatorum‘,
3225 3405 3335 3459 sivo

1763 3516 1921 3569 etiam
1963 3513 2286 3581 magicorum
2320 3507 2611 3561 mundanas
2638 3504 2718 3557 vel
2761 3518 2866 3556 non
2911 3508 3120 3569 negant,
3147 3497 3230 3551 vel
3259 3497 3338 3548 in-

1764 3620 1922 3675 super
1948 3613 2002 3658 et
2028 3602 2314 3673 praedicant
2343 3607 2656 3669 potestates.
2687 3593 2894 3664 quando
2922 3592 3000 3646 eis
3026 3605 3202 3644 rerum
3229 3588 3333 3641 vim

1767 3696 2058 3751 mirabilem
2107 3692 2451 3763 proponimus
2495 3687 2738 3750 aliarum,
2786 3701 2904 3754 quae
2947 3697 3045 3736 nec
3087 3679 3334 3734 animalia

1765 3798 1887 3844 sunt
1913 3786 2208 3848 rationalia,
2232 3798 2330 3838 nec
2352 3780 2455 3835 ulla
2483 3779 2686 3833 ratione
2715 3775 2920 3845 praediti
2945 3773 3182 3843 spiritus,
3201 3770 3337 3824 sicut

1765 3890 1885 3937 sunt
1923 3895 2006 3945 ea,
2051 3893 2273 3948 quorum
2314 3888 2477 3945 pauca
2519 3867 3071 3928 commemoravimus,
3112 3877 3337 3932 respon-

1765 3975 1894 4028 dere
1927 3972 2162 4026 assolent
2190 3987 2203 4022 :
2233 3969 2325 4022 Vis
2349 3975 2431 4021 est
2460 3965 2558 4019 ista
2593 3972 2815 4025 naturre,
2839 3969 3023 4012 natura
3051 3972 3232 4011 eorum
3260 3953 3338 4009 sic

1765 4079 1825 4119 se
1849 4061 2028 4126 liabet,
2058 4059 2386 4130 propriarum
2425 4057 2540 4108 istm
2577 4061 2700 4107 sunt
2733 4050 2982 4104 ellicacim
3009 4057 3333 4100 naturarum.

1766 4154 1898 4208 Tota
1928 4152 2103 4222 itaque
2133 4150 2267 4204 ratio
2287 4156 2387 4211 est,
2410 4161 2504 4200 cur
2525 4141 2917 4213 Agrigentinum
2939 4138 3102 4192 salem
3126 4136 3333 4189 flamma

1767 4245 1931 4298 fluere
1983 4242 2158 4306 faciat,
2208 4253 2341 4307 aqua
2385 4236 2662 4304 crepitare,
2703 4233 2826 4302 quia
2874 4229 2985 4283 hate
3030 4239 3111 4281 est
3152 4237 3338 4280 natura

1767 4334 1902 4403 ejus.
1935 4335 2003 4386 At
2031 4332 2128 4384 hoc
2154 4345 2271 4383 esse
2302 4328 2470 4397 potius
2495 4333 2679 4378 contra
2706 4335 2944 4376 naturam
2968 4318 3194 4382 videtur,
3219 4332 3336 4386 quae

1769 4439 1873 4478 non
1904 4421 2031 4492 igni,
2061 4419 2151 4474 sed
2182 4434 2330 4487 aqua:
2359 4415 2503 4470 dedit
2540 4414 2705 4467 salem
2743 4410 2977 4469 solvere;
3008 4418 3211 4461 torrere
3238 4421 3337 4457 au-

1769 4523 1876 4568 tem
1920 4511 2046 4580 igni,
2076 4525 2181 4563 non
2221 4523 2390 4577 aqum.
2432 4503 2537 4558 Sed
2579 4502 2699 4564 ista,
2729 4499 2990 4567 inquiunt,
3023 4497 3147 4550 salis
3183 4493 3340 4562 hujus

1772 4604 2021 4659 naturalis
2048 4610 2131 4656 est
2151 4600 2249 4663 vis,
2275 4607 2329 4651 ut
2350 4597 2431 4650 liis
2458 4593 2722 4648 contraria
2753 4590 2999 4659 patiatur.
3029 4587 3150 4639 llmc
3182 4586 3340 4654 igitur

1770 4698 1902 4751 ratio
1934 4694 2167 4749 redditur
2193 4699 2245 4744 et
2283 4688 2348 4742 de
2391 4687 2478 4740 illo
2520 4684 2664 4738 fonte
2701 4677 3090 4740 Garamantico,
3123 4675 3209 4729 ubi
3238 4689 3339 4727 una

1771 4803 1900 4844 vena
1931 4783 2304 4856 frigetdiebus,
2337 4777 2578 4832 noctibus
2610 4772 2769 4827 fervet
2797 4813 2811 4836 ,
2843 4770 2892 4821 vi
2924 4779 3144 4836 utraque
3171 4765 3340 4819 mole-

1771 4891 1850 4934 sta
1875 4875 2226 4945 tangentibus.
2259 4871 2381 4924 Haec
2404 4876 2457 4922 et
2483 4866 2549 4920 de
2575 4866 2662 4918 illo
2687 4863 2808 4922 alio,
2837 4859 2924 4929 qui
2960 4874 3079 4912 cum
3119 4857 3188 4908 sit
3213 4869 3343 4909 con-

1762 4965 2118 5026 .trectantibus
2161 4959 2379 5030 frigidus
2403 4998 2418 5020 ,
2463 4966 2517 5010 et
2559 4955 2723 5006 facem
2762 4951 2899 5005 sicut
2931 4947 3017 5001 alii
3048 4946 3219 4999 fontes
3245 4959 3342 4998 ex-

1773 5061 2003 5129 stinguat
2041 5067 2337 5114 accensam,
2367 5044 2690 5102 dissimiliter
2727 5052 2901 5095 tamen
2938 5047 3094 5106 atque
3125 5033 3343 5089 mirabi—

1775 5125 1902 5204 liter
1920 5147 2057 5201 idem
2085 5146 2198 5214 ipse
2225 5139 2467 5196 accendit
2488 5136 2824 5190 CXslinclatn.
2854 5130 2977 5183 llaec
3001 5136 3055 5182 et
3081 5127 3147 5180 de
3171 5125 3343 5193 lapide

1837 5307 1853 5336 ι
1888 5304 1958 5352 Sic
1982 5308 2053 5349 Er.
2080 5303 2131 5348 et
2158 5304 2260 5346 Mss.
2282 5301 2335 5344 At
2356 5291 2490 5342 Vind.
2517 5299 2615 5338 Am.
2644 5295 2694 5338 et
2716 5294 2844 5343 Lov.,
2870 5283 3248 5346 impetratorum.

1781 5427 1802 5453 ι
1825 5407 1915 5455 boc
1937 5407 2090 5466 ipsum
2115 5413 2190 5466 ex_
2219 5397 2347 5466 ferro
2378 5392 2685 5466 subtilissima
2720 5383 3084 5466 manu-artiﬁcis

1783 5443 2488 5521 ἓἱξίίῇιὶὶἰῖἰὶἰζύἵιιῖιῖίέ,’ευδμε
2525 5448 2944 5521 naturam-ferrum
2966 5449 3025 5492 ad
3064 5460 3121 5521 se
3147 5443 3344 5521 trahere

1783 5509 1804 5576 ξ
1827 5509 2078 5581 iiii-Elis]
2097 5509 2316 5582 desuper,
2333 5520 2384 5582 in
2409 5509 2732 5582 'laquearibus
2753 5509 2896 5582 ﬁxus.
2922 5521 3031 5576 cum
3070 5513 3344 5582 temperate

1783 5566 1805 5637 ξ
2077 5566 2304 5631 radio'ad
2343 5566 2514 5649 librati}
2543 5573 2718 5621 fuisset
2740 5571 2944 5649 positum
2959 5566 3270 5649 simulacrum
3295 5572 3347 5649 et

1785 5625 1806 5698 ξ
1827 5625 2272 5700 ’δέ
2281 5645 2476 5700 raperet
2493 5634 2692 5683 ferrum.
2717 5625 3054 5700 adsurrexisse
3065 5625 3344 5700 ¹ιιυιιιιιονδιτ

2207 5688 2257 5750 in
2283 5688 2400 5748 aere
2441 5702 2656 5760 pendere
2685 5695 2957 5760 ⁸γἰιρνιιιιιΐ.
2980 5689 3161 5760 ν-ιᾲιειιι
3194 5688 3348 5732 refert

2095 5752 2234 5829 parte
2266 5764 2298 5811 3
2319 5762 2382 5808 de
2407 5752 2790 5807 Prfedtctienibus
2808 5788 2822 5813 ,
2858 5768 2964 5815 cap.
3005 5752 3083 5799 '58.
3101 5758 3347 5804 coeamus.
