3960 6484
619 343 722 399 ’119

619 456 852 518 asbesto,
883 455 973 523 qui
994 465 1112 506 eum
1140 455 1314 519 ignem
1347 447 1548 502 nullum
1578 445 1768 500 habeat
1794 444 2083 515 proprium,
2103 455 2188 496 ac-

623 553 778 614 cepto
809 552 983 598 tamen
1013 541 1088 595 sic
1117 540 1267 594 ardet
1289 539 1480 603 alieno,
1513 546 1568 591 ut
1594 551 1698 590 non
1725 535 1888 604 possit
1907 532 2189 601 exstingui.

622 637 748 690 Ilaec
781 634 849 691 de
885 633 1091 688 caeteris
1121 646 1238 702 qua:
1265 631 1405 700 piget
1429 639 1672 683 retexere
1693 668 1707 690 ,
1745 625 1934 694 quibus
1962 624 2085 678 licet
2113 622 2194 676 vis

625 725 840 792 insolita
865 733 1046 780 contra
1073 732 1312 776 naturam
1336 723 1508 776 inesse
1536 719 1792 780 videatur,
1814 716 1912 770 alia
1939 725 2110 768 tamen
2128 713 2194 768 de

621 816 728 872 illis
752 829 857 870 non
889 813 1124 869 redditur
1153 812 1306 876 ratio,
1341 811 1438 865 nisi
1483 820 1539 864 ut
1580 809 1813 872 dicatur,
1846 807 1980 858 hanc
2009 816 2192 857 eorum

621 921 740 972 esse
761 913 1022 960 naturam.
1049 903 1231 958 Brevis
1260 918 1387 956 sane
1418 901 1512 954 ista
1539 909 1618 953 est
1645 899 1800 963 ratio,
1831 895 2017 954 fateor,
2048 891 2195 947 suffi-
2249 965 2254 972 Ι

618 969 877 1066 ciensque
905 995 1202 1064 reSponsio.
1231 992 1334 1048 Sed
1357 1007 1476 1046 eum
1509 991 1646 1044 Deus
1675 997 1858 1042 auctor
1883 988 1951 1039 sit
1975 993 2191 1038 natura-

622 1104 741 1143 rum
771 1087 1028 1150 omnium,
1059 1101 1155 1141 cur
1181 1085 1365 1138 nolunt
1387 1085 1401 1114 ⁸
1433 1082 1704 1136 fortiorem
1733 1093 1828 1131 nos
1858 1075 2079 1130 reddere
2104 1089 2190 1127 ra-

622 1180 845 1246 tionem,
869 1176 1080 1248 quando
1109 1175 1307 1244 aliquid
1334 1173 1475 1227 velut
1503 1169 1827 1240 impossibile
1858 1166 2045 1219 nolunt
2072 1179 2192 1217 cre-

620 1269 782 1335 dere,
822 1268 1004 1338 eisque
1046 1265 1396 1322 redditionem
1440 1261 1664 1316 rationis
1714 1257 2050 1327 poscentibus
2102 1269 2218 1308 re-_

621 1359 960 1429 Spondemus,
995 1357 1130 1411 hanc
1156 1371 1274 1410 esse
1299 1354 1622 1409 voluntatem
1649 1347 2027 1417 omnipotentis
2055 1345 2144 1400 Dei
2171 1360 2186 1409 ;

621 1452 710 1520 qui
736 1460 880 1505 certe
909 1465 1012 1503 non
1039 1448 1109 1502 ob
1135 1447 1276 1502 aliud
1301 1455 1518 1500 vocatur
1541 1442 1896 1510 omnipotens,
1927 1436 2027 1491 nisi
2056 1450 2188 1506 quo—

621 1543 762 1596 niam
798 1541 1051 1611 qnidquid
1099 1541 1209 1593 vult
1261 1546 1461 1607 potest;
1518 1535 1606 1604 qui
1651 1532 1820 1603 potuit
1856 1543 2039 1585 creare
2083 1537 2187 1582 tam

623 1631 784 1684 multa
805 1671 821 1695 ,
852 1646 970 1699 qua:
1005 1628 1106 1683 nisi
1143 1627 1587 1690 ostenderentur,
1618 1631 1708 1675 aut
1733 1637 1763 1676 a
1789 1617 2068 1675 credendis
2093 1616 2191 1670 ho-

607 1722 812 1793 dieque
843 1721 1062 1775 testibus
1089 1719 1424 1781 dicerentur,
1457 1715 1691 1786 profecto
1719 1710 2059 1782 impossibilia
2090 1723 2188 1778 pu-

620 1819 878 1876 tarentur,
902 1825 1004 1864 non
1027 1809 1196 1864 solum
1218 1823 1336 1878 qum
1360 1805 1682 1876 ignotissima
1707 1802 1843 1872 apud
1872 1815 1986 1863 nos,
2007 1813 2187 1854 verum

605 1902 779 1957 etiam
804 1917 921 1972 qua:
949 1901 1218 1956 notissima
1254 1901 1422 1969 posui.
1467 1897 1551 1952 Illa
1590 1897 1730 1951 enim
1767 1912 1883 1966 qua:
1919 1892 2057 1963 apud
2093 1907 2189 1946 nos

612 2005 813 2065 printer
837 2009 950 2060 eos,
976 2009 1198 2064 quorum
1225 1994 1293 2048 de
1319 1993 1400 2047 his
1422 1992 1584 2054 libros
1605 1989 1848 2060 legimus,
1869 2003 1971 2041 non
1995 1985 2190 2040 habent

615 2097 832 2152 testem,
863 2097 916 2142 et
939 2088 1005 2142 ab
1033 2087 1110 2142 eis
1137 2086 1431 2154 conscripta
1458 2093 1580 2137 sunt
1606 2083 1691 2152 qui
1724 2098 1824 2135 non
1853 2087 1976 2134 sunt
2001 2076 2188 2131 divini.

622 2189 706 2232 tus
743 2177 880 2232 docti
906 2187 1059 2246 atque
1088 2177 1390 2230 humanitus
1421 2173 1525 2227 falli
1553 2171 1687 2226 forte
1719 2179 2029 2240 potuerunt,
2068 2167 2189 2221 licet

619 2269 811 2338 cuique
836 2267 953 2323 sine
981 2277 1122 2323 recta
1155 2266 1567 2336 reprehensione
1593 2279 1697 2317 non
1719 2263 1955 2318 credere.

690 2361 744 2414 9.2.
783 2361 910 2414 Nam
934 2376 1030 2415 nec
1055 2375 1154 2430 ego
1179 2359 1299 2414 volo
1326 2368 1524 2412 temere
1559 2356 1702 2412 credi
1727 2364 1913 2408 cuncta
1948 2369 2063 2423 quze
2092 2368 2188 2422 pu-

619 2450 724 2518 sui,
757 2451 876 2520 quia
911 2465 1007 2504 nec
1035 2465 1063 2503 a
1093 2464 1178 2504 me
1205 2451 1318 2518 ipso
1343 2449 1410 2501 ita
1444 2447 1732 2501 creduntur
1774 2455 2016 2514 tanquam
2047 2443 2188 2496 nulla

619 2541 685 2596 de
713 2542 816 2595 illis
849 2543 917 2596 sit
954 2541 1003 2595 in
1042 2555 1157 2596 mea
1198 2540 1515 2609 cogitatione
1539 2538 1814 2598 dubitatio.
1847 2537 2080 2605 exceptis
2107 2535 2189 2590 his

617 2651 733 2703 qua:
762 2634 844 2687 vel
881 2635 991 2702 ipse
1017 2648 1131 2686 sum
1159 2641 1405 2701 expertus
1425 2675 1437 2696 ,
1467 2640 1520 2686 et
1551 2631 1716 2685 cuivis
1742 2631 1889 2684 facile
1917 2638 1998 2684 est
2024 2643 2182 2696 expe-

615 2726 742 2791 riri;
772 2725 906 2779 sicut
926 2725 991 2780 de
1011 2725 1174 2785 calce.
1195 2724 1331 2794 quod
1357 2723 1525 2778 fervet
1546 2724 1596 2777 in
1619 2738 1770 2792 aqua,
1789 2723 1839 2776 in
1862 2722 1978 2777 oleo
2000 2721 2185 2790 frigida

615 2827 726 2881 est;
759 2816 824 2870 de
849 2826 1088 2885 magnete
1119 2816 1310 2885 lapide,
1350 2814 1490 2884 quod
1534 2815 1713 2868 nescio
1753 2827 1853 2882 qua
1899 2812 2188 2867 sorbitione

614 2908 903 2962 insensibili
935 2908 1181 2976 stipulam
1232 2923 1336 2961 non
1379 2914 1607 2970 moveat,
1641 2913 1695 2960 et
1736 2904 1932 2960 ferrum
1978 2904 2182 2973 rapiat;

616 2997 684 3051 de
722 3011 881 3052 carne
921 3013 1026 3055 non
1057 3007 1390 3067 putrescente
1421 2997 1660 3065 pavonis,
1683 3009 1802 3049 cum
1851 2993 2104 3063 putruerit
2133 3001 2186 3047 et

616 3084 880 3154 Platonis;
927 3088 993 3143 de
1033 3089 1179 3158 palea
1228 3089 1304 3141 sic
1349 3086 1573 3157 frigente
1617 3095 1673 3139 ut
1714 3085 1968 3139 ﬂuescere
2011 3084 2181 3136 nivem

615 3195 718 3232 non
745 3181 898 3244 sinat,
923 3181 997 3234 sic
1013 3181 1214 3236 calente
1238 3188 1294 3234 ut
1315 3188 1668 3234 maturescere
1690 3193 1840 3249 poma
1863 3179 2144 3246 compellat
2167 3195 2182 3242 ;

615 3270 680 3323 de
710 3271 828 3338 igne
856 3269 1072 3340 fulgido,
1105 3270 1244 3340 quod
1270 3257 1558 3325 secundum
1588 3284 1738 3323 suum
1767 3268 2020 3337 fulgorem
2049 3268 2183 3336 lapi-

614 3360 707 3413 des
729 3360 1002 3429 coquendo
1027 3362 1325 3428 caudilicet,
1353 3369 1408 3416 et
1431 3369 1612 3416 contra
1636 3359 1881 3415 eumdem
1912 3374 2062 3413 suum
2087 3357 2182 3411 ful-

613 3466 792 3519 gorem
820 3452 1024 3506 urendo
1053 3452 1274 3521 plurima
1301 3451 1558 3507 obfuscel.
1591 3451 1717 3505 Tale
1743 3459 1824 3504 est
1849 3450 1988 3520 quod
2018 3458 2067 3501 et
2098 3448 2180 3501 ni-

613 3560 720 3615 gra:
749 3545 969 3600 macula:
999 3546 1340 3601 offunduntur
1377 3562 1438 3600 ex
1470 3546 1588 3601 oleo
1618 3545 1912 3615 splendido,
1943 3544 2182 3598 similiter

613 3639 776 3710 nigrae
799 3640 947 3693 linea:
973 3638 1038 3694 de
1062 3639 1285 3694 candido
1313 3639 1683 3707 imprimuntur
1702 3646 1940 3706 argento.
1972 3637 2045 3691 De
2065 3651 2181 3689 car-

611 3730 837 3785 bonibus
867 3730 1023 3783 etiam
1051 3771 1064 3796 ,
1097 3730 1234 3799 quod
1267 3729 1589 3784 accendente
1610 3730 1630 3760 ³
1661 3729 1778 3797 igne
1802 3727 1878 3779 sic
1906 3734 2179 3780 vertantur

614 3823 665 3874 in
693 3821 1036 3884 contrarium,
1069 3831 1122 3872 ut
1153 3819 1219 3873 de
1247 3819 1402 3888 lignis
1429 3816 1796 3887 pulcherrimis
1830 3817 1987 3881 tetri,
2018 3815 2175 3885 fragi-

611 3911 691 3965 les
731 3910 798 3964 de
843 3909 1008 3975 duris,
1043 3910 1390 3978 imputribiles
1415 3909 1481 3963 de
1511 3908 1841 3977 putribilibus
1869 3907 2012 3960 ﬁant.
2055 3907 2179 3962 Haec

609 4003 722 4071 ipse
743 4000 981 4071 quaedam
1009 4017 1126 4056 cum
1147 4001 1342 4066 multis,
1365 3999 1606 4070 quaedam
1627 4015 1744 4054 cum
1768 3999 2012 4054 omnibus
2035 4001 2174 4064 novi,

610 4102 663 4146 et
689 4093 791 4146 alia
823 4091 1066 4162 plurima,
1101 4107 1216 4160 qua:
1249 4092 1368 4144 huic
1394 4090 1529 4146 libro
1559 4092 1791 4145 inserere
1818 4091 2028 4160 longum
2061 4091 2174 4144 fuit.

609 4183 687 4238 De
723 4183 806 4238 his
830 4193 1002 4238 autem
1035 4199 1150 4253 quae
1175 4185 1324 4254 posui
1360 4200 1463 4238 non
1489 4193 1724 4254 experta,
1754 4184 1846 4240 sed
1877 4185 2010 4239 lecta
2038 4200 2176 4254 prie-

611 4285 686 4330 ter
714 4276 780 4331 dc
814 4274 960 4331 fonte
991 4277 1110 4342 illo,
1145 4275 1232 4331 ubi
1266 4276 1409 4332 faces
1433 4277 1833 4346 exstinguuntur
1856 4276 2100 4332 ardentes
2125 4287 2179 4333 et

608 4367 966 4423 accenduntur
987 4369 1280 4431 exstinctm,
1300 4377 1353 4422 ct
1373 4368 1438 4423 de
1460 4369 1630 4438 pontis
1653 4377 1806 4423 terra:
1826 4369 2174 4425 Sodomorum

609 4457 906 4514 forinsecus
929 4459 1076 4528 quasi
1112 4460 1352 4524 maturis,
1387 4459 1705 4513 intrinsecus
1730 4459 1937 4525 fumeis,
1971 4474 2067 4515 nec
2093 4468 2174 4515 te-

609 4555 718 4602 stes
745 4547 947 4617 aliquos
969 4547 1188 4617 idoneos
1215 4563 1244 4601 a
1270 4548 1460 4617 quibus
1481 4557 1652 4602 utrum
1671 4564 1795 4603 vera
1823 4559 2001 4604 essent
2027 4550 2172 4604 audi-

607 4653 743 4704 rem,
774 4639 920 4708 potui
947 4640 1197 4707 reperire.
1230 4640 1290 4693 Et
1322 4639 1467 4692 illum
1494 4639 1704 4709 quidem
1731 4639 1930 4694 fontem
1959 4655 2062 4694 non
2090 4641 2174 4695 in-

607 4728 748 4792 veni,
777 4729 865 4797 qui
896 4728 945 4781 in
974 4728 1136 4798 Epiro
1156 4730 1349 4783 vidisse
1379 4745 1437 4784 se
1462 4729 1714 4795 dicerent,
1738 4729 1830 4785 sed
1854 4731 1942 4800 qui
1973 4731 2024 4785 in
2055 4730 2174 4786 Gal-

608 4817 676 4872 lia
705 4817 930 4872 similem
971 4829 1187 4874 nossent
1229 4836 1332 4874 non
1375 4821 1533 4890 longe
1572 4836 1604 4875 a
1647 4820 2005 4891 Gratianopoli
2045 4822 2173 4877 civi-

607 4916 714 4960 tate
746 4907 838 4979 (a).
871 4909 945 4963 De
973 4907 1229 4965 fructibus
1267 4920 1443 4965 autem
1486 4911 1874 4966 Sodomitarum
1903 4914 2170 4978 arborum,

607 5013 711 5051 non
735 5005 936 5052 tantum
968 5000 1153 5055 littera!
1183 5001 1283 5055 fide
1310 5001 1481 5070 dignae
1507 5004 1737 5058 indicant
1756 5047 1769 5068 ,
1797 5021 1975 5059 verum
2016 5005 2170 5059 etiam

608 5097 714 5142 tam
759 5088 910 5142 multi
951 5104 1008 5143 se
1054 5089 1337 5159 loquuntur
1371 5101 1638 5161 expertos,
1673 5104 1728 5148 ut
1771 5094 1894 5149 hinc
1932 5095 2173 5150 dubitare

608 5194 714 5234 non
743 5178 958 5249 possim.
991 5176 1194 5234 Caetera
1221 5195 1345 5235 vero
1373 5183 1448 5236 sic
1483 5182 1671 5246 habeo,
1713 5192 1769 5238 ut
1813 5199 1980 5253 neque
2021 5183 2169 5238 affir-

609 5270 796 5327 manda
823 5313 836 5335 ,
877 5285 1047 5341 neque
1077 5271 1313 5342 neganda
1343 5271 1665 5327 decreverim
1698 5291 1710 5327 :
1740 5273 1832 5328 sed
1867 5273 1983 5327 ideo
2011 5275 2170 5328 etiam

670 5449 682 5476 ¹
720 5446 855 5507 Fditi,
880 5447 1051 5511 volunt.
1080 5446 1244 5511 Plures
1276 5461 1391 5498 vero
1413 5453 1711 5511 manuscripti
1729 5485 1743 5507 ,
1770 5449 1930 5502 nolunt
1957 5465 1974 5501 :
2000 5453 2172 5503 melius

604 5519 755 5566 sane;
783 5520 908 5576 _nam
947 5509 1010 5558 de
1035 5509 1292 5576 incredulis
1325 5512 1541 5576 queritur
1565 5509 1864 5576 augustioris,
1893 5514 2016 5576 quod
2044 5529 2168 5571 eam.

605 5581 747 5637 quam
781 5568 1024 5618 fortiorem
1047 5570 1270 5637 appellat,
1300 5568 1450 5622 nolint
1472 5575 1560 5622 srbi
1597 5568 1729 5622 rEddi
1775 5568 2024 5636 ratioxiem,
2051 5568 2171 5626 hanc

608 5629 832 5696 videlicet
855 5643 966 5680 esse
991 5629 1283 5696 voluntatem
1308 5637 1644 5696 omnipotentis
1667 5637 1767 5687 Dei.

670 5690 690 5751 ξ
722 5691 793 5751 sic
812 5697 916 5740 Mss.
943 5700 995 5741 At
1018 5693 1152 5751 (diu,
1175 5690 1442 5747 accedente;

667 5749 739 5808 (a)
760 5758 936 5812 Nempe
968 5749 1209 5804 Grcnoble.

1653 333 1737 386 DE
1777 328 2090 385 CIVITATE
2131 327 2260 387 DEI.
2289 327 2344 384 S.
2387 328 2747 386 AUGL‘STINI
3759 338 3852 394 Ἰν

2302 441 2410 510 ipsa
2436 443 2605 512 posui,
2628 446 2872 515 quoniatn
2893 446 3032 516 apud
3052 462 3264 517 eorum,
3288 457 3484 504 contra
3504 464 3634 518 quos
3651 451 3852 521 agimus,

2300 533 2579 589 historicos
2609 537 2707 606 legi
2733 554 2746 590 :
2767 547 2825 591 ut
2846 539 3181 594 ostenderem
3204 539 3389 609 qualia
3413 541 3604 604 multa,
3626 543 3854 612 multique

2300 625 2528 692 illorum,
2557 629 2698 682 nulla
2725 629 2923 682 reddita
2950 631 3176 695 ratione,
3200 631 3253 684 in
3278 646 3509 686 suorum
3531 632 3853 688 litteratorum

2298 718 2494 786 scripta
2523 718 2712 773 litteris
2742 721 2978 784 credant,
3009 722 3097 791 qui
3124 722 3278 777 nobis
3305 723 3558 787 credere,
3590 725 3788 793 quando
3811 727 3853 779 id

2297 809 2436 878 quod
2475 825 2659 864 eorum
2695 811 3070 881 experientiam
3105 829 3439 884 sensumque
3477 818 3852 884 transgreditur.

2297 901 2712 969 omnipotentem
2738 903 2902 958 Deum
2931 904 3154 958 dicimus
3176 920 3298 960 esse
3321 903 3468 960 factu
3479 922 3621 971 rum,
3640 923 3732 961 nec
3755 912 3857 962 red-

2297 992 2405 1046 dita
2444 988 2646 1049 ratione
2681 995 2981 1064 dignantur.
3027 997 3156 1051 Nam
3199 1013 3324 1066 qua:
3363 999 3563 1052 melior
3588 1006 3646 1052 et
3669 1002 3858 1054 validior

2298 1084 2433 1137 ratio
2461 1084 2527 1138 de
2559 1085 2719 1140 rebus
2748 1087 2939 1142 talibus
2963 1088 3233 1153 redditur,
3266 1104 3430 1159 quam
3474 1104 3604 1143 cum
3633 1091 3861 1160 Omnipo-

2298 1180 2418 1226 tens
2443 1189 2503 1226 ea
2536 1189 2690 1242 posse
2717 1177 2888 1230 facere
2925 1177 3254 1245 perhibetur,
3281 1187 3340 1233 et
3378 1177 3629 1234 facturus
3665 1180 3859 1244 dicitur,

2297 1278 2414 1330 qua:
2439 1265 2818 1331 przenuntiasse
2843 1266 2912 1319 ibi
2941 1267 3147 1336 legitur,
3172 1267 3261 1321 ubi
3291 1268 3398 1321 alia
3434 1269 3608 1322 multa
3640 1285 3860 1338 pmori.

2298 1355 2465 1420 tiavit,
2499 1371 2616 1426 quae
2656 1355 2847 1412 fecisse
2887 1361 3249 1413 monstratur?
3293 1359 3416 1430 ipse
3460 1362 3664 1430 quippe
3709 1361 3861 1427 faciet,

2295 1447 2416 1516 quia
2442 1463 2500 1503 se
2529 1448 2787 1504 facturum
2817 1465 2936 1505 esse
2963 1452 3233 1520 pra-dixit,
3256 1469 3380 1522 quze
3409 1453 3757 1522 impossibilia
3785 1473 3862 1524 pu-

2298 1549 2502 1605 tantur,
2525 1540 2612 1608 qui
2642 1541 2882 1610 promisit
2907 1550 2960 1595 et
2988 1541 3113 1596 fecit
3139 1553 3196 1597 ut
3223 1543 3292 1598 ab
3319 1544 3622 1600 incredulis
3645 1546 3862 1616 gentibus

2297 1630 2621 1686 incredibilia
2643 1631 3002 1687 crederentur.

2293 1785 2520 1842 CSPUT
2559 1787 2691 1842 Vill.
2731 1818 2800 1828 —
2839 1787 2964 1842 Non
3006 1806 3109 1843 esse
3150 1800 3329 1844 contra
3366 1800 3648 1856 naturam,
3691 1798 3861 1850 cumis

2365 1878 2532 1947 aliqua
2557 1894 2610 1931 re
2629 1921 2641 1943 ,
2674 1881 2815 1949 cujus
2842 1890 3018 1932 natura
3048 1882 3294 1946 inualuit,
3341 1884 3548 1954 aliquid
3573 1885 3637 1938 ab
3663 1904 3718 1940 eo
3747 1891 3863 1954 quod

2365 1980 2471 2023 erat
2497 1981 2665 2024 notum
2683 2013 2697 2035 ,
2726 1972 2896 2042 incipit
2924 1989 3027 2026 esse
3057 1975 3325 2027 diversum.
3385 2030 3400 2046 ,

2366 2125 2417 2178 1.
2459 2123 2514 2178 Si
2536 2133 2710 2178 autem
2740 2133 3015 2193 propterea
3045 2125 3413 2195 respondent,
3443 2143 3508 2181 se
3537 2143 3641 2182 non
3665 2130 3863 2185 credere

2294 2230 2409 2284 qum
2429 2215 2495 2270 de
2519 2215 2764 2269 humanis
2788 2231 2998 2285 semper
3012 2216 3211 2270 arsuris
3234 2232 3338 2271 nec
3355 2233 3595 2288 unquam
3620 2222 3860 2276 maritmis

2294 2309 2604 2377 corporibus
2633 2308 2857 2361 dicimus
2877 2349 2890 2372 ,
2921 2309 3042 2376 quia
3073 2308 3430 2362 humanorum
3471 2325 3750 2379 corporum
3777 2329 3856 2366 na-

2296 2409 2464 2454 turam
2495 2400 2736 2453 novimus
2760 2400 2914 2470 longe
2953 2401 3108 2454 aliter
3133 2400 3436 2454 institutam
3462 2419 3478 2466 ;
3510 2406 3652 2456 unde
3677 2418 3763 2457 nec
3783 2405 3853 2457 illa

2294 2494 2428 2546 ratio
2455 2491 2577 2545 hinc
2618 2491 2762 2546 reddi
2802 2501 3005 2562 potest,
3039 2507 3157 2560 qua:
3184 2491 3252 2546 de
3283 2493 3394 2546 illis
3424 2495 3638 2548 naturis
3667 2495 3852 2548 mirabi-

2294 2584 2427 2638 libus
2470 2583 2812 2650 reddebatur,
2862 2590 2921 2637 ut
2956 2584 3057 2637 dici
3101 2585 3303 2652 possit,
3354 2585 3446 2639 Vis
3491 2586 3594 2640 ista
3633 2588 3854 2640 naturalis

2293 2685 2402 2739 est,
2453 2677 2527 2730 rei
2555 2676 2713 2744 hujus
2757 2676 2852 2729 ista
2889 2686 3074 2730 natura
3114 2686 3224 2741 est;
3259 2679 3526 2746 quoniam
3557 2680 3750 2734 scimus
3773 2681 3852 2733 lm-

2294 2782 2461 2820 manze
2482 2767 2654 2820 carnis
2669 2768 2819 2820 istam
2843 2783 2944 2821 non
2963 2781 3081 2821 esse
3098 2775 3363 2820 naturam:
3382 2767 3653 2824 habemus
3671 2772 3852 2840 quidem

2291 2856 2431 2927 quod
2460 2857 2877 2926 respondeamus
2902 2856 2970 2912 de
3013 2857 3227 2912 Litteris
3276 2860 3491 2923 sacris,
3538 2862 3676 2916 hanc
3715 2865 3853 2930 ipsam

2291 2949 2494 3003 scilicet
2544 2948 2826 3002 lmmanam
2877 2963 3090 3004 carnem
3155 2950 3312 3004 aliter
3364 2951 3670 3006 institutam
3721 2953 3854 3007 fuisse

2290 3051 2413 3094 ante
2453 3051 2725 3110 peccatum
2752 3081 2766 3105 ,
2810 3040 2860 3093 id
2891 3052 3010 3105 est,
3058 3050 3115 3094 ut
3141 3050 3322 3111 posset
3368 3057 3651 3113 nunquam
3681 3047 3850 3114 perpeti

2291 3144 2537 3198 mortem;
2565 3133 2722 3186 aliter
2742 3142 2915 3186 autem
2938 3142 3053 3201 post
3076 3124 3380 3200 peCcatnm,
3411 3136 3596 3202 qualis
3621 3137 3672 3190 in
3693 3153 3849 3190 acrum-

2290 3241 2354 3278 na
2389 3226 2544 3294 hujus
2574 3224 2909 3280 mortalitatis
2931 3224 3176 3287 innotuit,
3212 3232 3270 3278 ut
3300 3235 3588 3295 perpetem
3618 3229 3767 3281 vitam
3791 3237 3848 3280 te

2288 3331 2416 3371 nere
2445 3332 2550 3370 non
2575 3317 2764 3385 possit.
2793 3316 2879 3370 Sic
2906 3330 3032 3385 ergo
3059 3316 3217 3370 aliter
3242 3332 3407 3385 quam
3438 3319 3602 3372 nobis
3629 3329 3746 3373 nota
3768 3330 3847 3380 est,

2289 3408 2593 3462 inslituctur
2621 3407 2671 3460 in
2695 3408 3084 3461 resurrectione
3104 3416 3465 3462 mortuorum.
3497 3409 3606 3464 Sed
3631 3412 3847 3480 quoniam

2288 3501 2402 3554 istis
2441 3515 2545 3554 non
2575 3501 2800 3554 credunt
2838 3499 3046 3563 litteris,
3078 3501 3166 3554 ubi
3189 3500 3389 3569 legitur
3425 3504 3608 3572 qualis
3646 3505 3696 3557 in
3724 3519 3848 3573 pan-

2286 3593 2403 3647 diso
2429 3591 2620 3646 vixerit
2659 3592 2854 3657 homo,
2883 3602 3242 3662 quantumque
3281 3593 3445 3647 fuerit
3484 3611 3515 3646 a
3561 3598 3847 3651 necessitate

2287 3687 2472 3741 mortis
2499 3686 2702 3741 alienus
2721 3728 2734 3752 ,
2760 3685 2949 3756 quibus
2979 3687 3159 3755 utique
3183 3687 3227 3740 si
3271 3685 3594 3756 crederent,
3621 3705 3724 3743 non
3745 3703 3843 3742 cum

2285 3779 2388 3832 illis
2419 3793 2570 3848 pmna
2613 3778 3020 3844 damnatorum,
3061 3793 3179 3846 qua:
3227 3777 3404 3832 futura
3433 3789 3556 3844 est,
3597 3781 3843 3850 operosius

2285 3885 2563 3939 ageremus
2586 3887 2600 3934 ;
2630 3870 2694 3923 de
2717 3869 2906 3923 litteris
2925 3883 3130 3926 eorum.
3156 3870 3241 3937 qui
3266 3869 3568 3925 doctissimi
3589 3872 3723 3941 apud
3745 3872 3840 3924 illos

2287 3967 2513 4028 fuerunt,
2545 3962 2742 4032 aliquid
2769 3961 3141 4032 proferendum
3164 3971 3267 4027 est,
3295 3977 3404 4031 quo
3429 3975 3688 4032 appareat
3710 3977 3838 4032 posse

2284 4055 2395 4108 ﬁeri
2415 4095 2428 4119 ,
2465 4063 2520 4107 ut
2549 4055 2705 4107 aliter
2729 4068 2787 4107 se
2812 4052 3003 4107 habeat
3031 4067 3251 4122 qumque
3281 4069 3367 4107 res
3389 4095 3404 4119 ,
3449 4070 3612 4124 quam
3634 4057 3768 4125 prius
3787 4056 3835 4107 in

2284 4147 2440 4201 rebus
2467 4147 2765 4200 innotuerat
2793 4161 2904 4198 sum
2931 4144 3374 4199 determinatioae
3399 4156 3627 4200 naturae.

2352 4237 2405 4290 2.
2449 4237 2542 4291 Est
2573 4235 2622 4290 in
2656 4237 2816 4290 Marci
2847 4236 3100 4290 Varronis
3123 4235 3308 4299 libris,
3335 4251 3567 4305 quorum
3585 4237 3831 4303 inscriptio

2282 4337 2386 4390 est,
2437 4327 2512 4380 De
2545 4336 2701 4396 gente
2733 4327 2906 4396 pepuli
2946 4325 3196 4388 Romani,
3225 4327 3365 4395 quod
3397 4327 3600 4381 eisdem
3643 4326 3828 4387 verbis,

2281 4419 2469 4488 quibus
2498 4418 2566 4471 ibi
2607 4418 2812 4486 legitur,
2845 4427 2898 4471 et
2922 4416 3008 4470 hic
3037 4430 3226 4485 ponam
3257 4434 3269 4469 :
3315 4434 3334 4467 ε
3371 4416 3427 4469 In
3451 4417 3617 4481 ccelo,
3650 4417 3826 4483 inquit.

2281 4509 2518 4566 mirabile
2559 4509 2765 4563 exstitit
2807 4516 3107 4576 portentum
3145 4525 3158 4558 :
3207 4522 3330 4560 nam
3371 4507 3425 4560 in
3452 4509 3602 4562 stella
3631 4506 3828 4560 Veneris

2280 4601 2625 4667 nobilissima,
2648 4614 2805 4669 quam
2851 4599 3064 4652 Plautus
3112 4597 3524 4667 Vcsperuginem
3576 4597 3822 4666 (Amphitr.

2279 4703 2394 4747 actu
2444 4693 2510 4758 1,
2553 4707 2701 4746 scena
2756 4691 2822 4756 Ι,
2874 4705 3003 4744 vers.
3062 4688 3215 4758 H9),
3270 4688 3537 4742 Homerus
3579 4688 3818 4755 Hesperon

2279 4785 2531 4856 appellat,
2562 4781 2965 4854 pulcherrimam
2992 4780 3174 4835 dicens
3220 4778 3429 4851 (Iliadis
3460 4795 3516 4845 ι,
3547 4795 3668 4832 uera.
3695 4776 3819 4841 5l8).

2280 4879 2466 4933 Castor
2489 4875 2673 4931 scribit
2696 4882 2896 4929 tantum
2926 4881 3226 4942 portentum
3257 4873 3527 4925 exstitisse
3546 4913 3559 4934 ,
3597 4879 3651 4924 ut
3674 4877 3821 4920 muta-

2280 4980 2362 5028 ret
2382 4971 2612 5026 colorem
2633 5010 2648 5034 ,
2692 4965 3104 5037 magnitudinem
3125 5005 3140 5031 ,
3158 4965 3406 5036 ﬁguram,
3434 4979 3641 5018 cursum
3666 4982 3676 5014 :
3700 4956 3817 5028 quod

2279 5063 2472 5117 factum
2515 5061 2585 5114 ita
2628 5073 2799 5127 neque
2835 5066 3023 5121 antea,
3055 5070 3154 5109 nec
3181 5065 3363 5124 postea
3390 5055 3478 5107 sit.
3508 5053 3615 5106 Hoc
3649 5051 3814 5103 factum

2277 5153 2456 5223 Ogyge
2477 5152 2492 5182 ¹
2536 5165 2660 5220 rege
2703 5147 2949 5203 dicebant
2980 5145 3237 5200 Adrastus
3266 5142 3560 5214 Cyzicenus
3580 5145 3599 5174 ¹
3625 5152 3674 5196 et
3705 5139 3812 5191 Dion

2279 5243 2613 5312 Neapolites,
2666 5236 3021 5294 mathematici
3074 5235 3280 5290 nobiles
3313 5253 3332 5284 ι
3369 5234 3465 5306 (τι).
3555 5233 3658 5288 [loc
3694 5238 3810 5284 certe

2338 5423 2354 5453 ⁸
2390 5428 2520 5477 διες..
2541 5429 2717 5485 Ogyge.
2737 5417 2870 5485 Vind.
2898 5426 2993 5465 Am.
3022 5424 3073 5466 et
3093 5422 3189 5475 Er.,
3213 5412 3410 5480 Ogygio.
3437 5413 3551 5463 vide
3571 5422 3718 5473 supra,
3739 5406 3806 5456 lib.

2276 5485 2352 5541 l8,
2374 5485 2549 5547 cap.»8,
2578 5482 2627 5532 ct
2646 5484 2707 5531 ibi
2730 5482 2967 5547 adnotata.
3227 5536 3237 5547 _
3477 5537 3492 5547 .
3547 5542 3570 5547 Δ
3636 5532 3646 5542 '

2338 5529 2444 5594 ίῖῖἶ
2457 5529 2703 5607 plerisque
2725 5529 2850 5601 Mss,
2876 5542 3100 5590 Adrastos
3123 5536 3393 5603 cyzicenos,
3413 5537 3513 5595 vel,
3536 5529 3804 5595 Cyzirheaos.

2337 5632 2409 5694 (a)
2437 5628 2607 5678 Confer
2622 5640 2738 5694 qum
2768 5624 2959 5694 de_ho_e
2995 5623 3448 5694 portento.sajipsit
3493 5614 3807 5694 eruditissimus:

2275 5681 2459 5750 Freret,
2483 5695 2531 5740 in
2559 5681 2803 5740 Meriioircs
2821 5687 2883 5750 de
2907 5681 3191 5735 ercudémie
3213 5683 3296 5735 des
3323 5681 3673 5735 Helles-Limes,
3696 5682 3806 5720 tonio

2278 5757 2480 5818 pecimo,
2498 5767 2606 5816 pag.
2632 5749 2851 5802 557-376.
2878 5755 3110 5796 Lana-asa.
