3926 6386
71 379 134 435 κε,
1200 373 1398 428 Lmen
1446 372 1796 432 vicesnlus
1831 377 2097 435 rantes.

71 494 206 546 iarro
235 498 408 545 tantus
434 499 616 544 auctor
657 496 956 560 portentum
999 505 1100 542 non
1143 488 1466 558 appellaret,
1500 487 1596 541 nisi

72 597 156 636 sse
199 591 381 636 contra
424 589 663 634 naturam
705 581 990 636 videretur.
1035 580 1222 636 Omnia
1252 580 1444 650 quippe
1475 595 1598 648 por-

71 685 176 731 enta
198 680 375 728 contra
400 682 637 728 naturam
655 673 1022 728 dicimusesse:
1041 673 1133 728 sed
1164 689 1266 726 non
1297 681 1436 726 sunt.
1461 671 1600 738 Quo-

71 765 191 819 nodo
220 772 297 819 est
323 763 464 818 enim
501 772 682 818 contra
713 773 950 818 naturam
982 804 997 830 ,
1041 763 1179 834 quod
1207 764 1298 818 Dei
1329 763 1388 817 ﬁt
1411 763 1598 815 volun-

71 865 162 920 ate,
190 869 306 910 cum
334 855 576 909 voluntas
597 854 726 910 tanti
752 856 930 926 utique
951 855 1249 911 Conditoris
1274 853 1500 909 condite
1523 851 1597 908 rei

72 947 283 1015 ujusque
306 953 492 1000 natura
519 945 624 1001 sit?
650 945 956 1002 Portentum
983 961 1110 1016 ergo
1135 945 1224 1014 ﬁt,
1265 961 1370 1000 non
1414 954 1597 999 contra

71 1047 271 1092 laturam
292 1077 309 1106 ,
340 1037 434 1094 sed
464 1048 647 1093 contra
673 1053 828 1109 quam
858 1047 939 1094 est
963 1047 1086 1093 nota
1115 1046 1319 1093 natura.
1350 1037 1477 1104 Quis
1505 1051 1598 1089 au-

71 1145 138 1184 em
163 1137 524 1198 portentorum
547 1139 788 1186 numerat
809 1131 1214 1198 multitudinem,
1238 1146 1355 1201 quae
1377 1130 1594 1184 historia

75 1223 260 1277 entium
300 1222 638 1278 continetur?
674 1222 778 1278 Sed
822 1239 963 1279 nunc
997 1225 1046 1277 in
1078 1223 1179 1278 hoc
1206 1239 1311 1278 uno
1352 1222 1594 1279 attenda-

72 1329 148 1367 ins
167 1355 181 1380 ,
209 1312 350 1383 quod
377 1313 443 1367 ad
473 1329 587 1369 rem
618 1313 683 1368 de
712 1329 813 1384 qua
855 1315 1056 1384 agimus
1086 1315 1329 1383 pertinet.
1362 1311 1496 1380 Quid
1525 1312 1592 1366 ita

76 1403 334 1471 iSpositum
386 1410 467 1457 est
516 1403 583 1458 ab
631 1414 843 1458 auctore
888 1412 1086 1457 natura:
1133 1403 1252 1457 coeli
1302 1410 1355 1458 et
1403 1412 1591 1470 terrae,

77 1492 468 1548 uemadmodum
500 1509 686 1549 cursus
715 1493 1141 1548 ordinatissimus
1161 1492 1438 1547 siderum?
1468 1492 1594 1561 quid

71 1600 136 1638 :nn
163 1584 286 1638 ralis
307 1583 510 1654 legibus
533 1584 754 1654 ﬁxisque
782 1585 1082 1638 ﬁrmatum?
1104 1584 1167 1636 Et
1189 1592 1360 1636 tamen
1383 1581 1594 1652 quando

71 1677 122 1730 ile
142 1674 319 1740 voluit,
343 1675 431 1744 qui
459 1689 666 1728 summo
693 1673 825 1745 regit
847 1673 1068 1743 imperio
1089 1689 1149 1727 ac
1173 1681 1427 1742 potestate
1451 1671 1592 1742 quod

72 1766 294 1832 ondidit,
347 1765 500 1821 stella
569 1781 676 1835 pra:
743 1765 950 1820 czeteris
1014 1763 1371 1834 magnitudine
1436 1773 1592 1832 atque

72 1859 310 1927 plendorc
327 1859 626 1924 notissima,
640 1859 872 1913 colorem
889 1858 1323 1928 magnitudinem,
1349 1856 1588 1927 ﬁguram,

74 1957 88 2001 t
113 1947 266 2018 (quod
293 1956 374 2002 est
401 1947 714 2016 mirabilius)
747 1948 824 2002 sui
854 1963 1038 2002 cursus
1057 1948 1294 2001 ordinem
1316 1947 1590 2017 legemque

72 2041 260 2093 iutavit.
293 2039 551 2093 Turbavit
592 2038 828 2108 profecto
857 2047 1012 2104 tunc,
1042 2039 1086 2093 si
1113 2039 1202 2092 ulli
1230 2038 1337 2107 jam
1383 2037 1592 2094 fuerunt

71 2145 249 2185 anones
270 2131 695 2200 astrologorum,
721 2145 852 2200 quos
880 2129 1018 2183 velut
1045 2129 1310 2184 inerrabili
1328 2129 1343 2160 ¹
1374 2144 1592 2198 compu-

72 2222 221 2276 itione
241 2221 304 2276 de
325 2221 607 2291 praeteritis
628 2235 689 2274 ac
710 2220 898 2274 futuris
922 2228 1183 2274 astrorum
1210 2219 1438 2274 motibus
1458 2235 1588 2274 con-

71 2314 245 2384 eriptos
293 2313 527 2377 habent,
571 2328 701 2382 quos
729 2327 960 2368 canones
1001 2311 1270 2382 sequendo
1311 2312 1422 2366 ausi
1469 2321 1592 2367 sunt

74 2405 200 2458 icere
228 2404 327 2459 hoc
356 2403 500 2473 quod
527 2403 593 2457 de
620 2403 859 2457 Lucifero
884 2403 1131 2473 contigit,
1162 2417 1258 2456 nec
1288 2410 1461 2466 antea,
1493 2418 1590 2458 nec

72 2504 202 2549 ostea
222 2495 524 2563 contigisse.
548 2493 652 2548 Nos
676 2503 849 2548 autem
878 2495 927 2548 iu
952 2494 1143 2549 divinis
1164 2495 1313 2549 libris
1341 2495 1586 2564 legimus,

71 2586 180 2638 tiam
227 2586 390 2639 solem
440 2585 610 2654 ipsum
651 2596 701 2639 et
745 2586 984 2652 stetisse;
1016 2600 1135 2640 cum
1163 2585 1264 2640 hoc
1300 2601 1328 2639 a
1371 2587 1590 2643 Domino

71 2687 136 2730 'eo
158 2677 431 2746 petivisset
457 2677 536 2730 vir
562 2687 774 2732 sanctus
797 2677 948 2732 Jesus
976 2678 1137 2741 Nave,
1165 2678 1334 2734 donec
1357 2689 1588 2749 emptum

73 2767 257 2820 rzelium
286 2767 507 2822 victoria
540 2769 848 2822 terminaret
881 2767 1055 2838 (Josuc
1082 2785 1139 2836 x,
1170 2770 1258 2840 15)
1280 2787 1293 2835 ;
1318 2779 1371 2825 et
1397 2780 1592 2826 retror-

71 2873 142 2909 um
184 2857 420 2922 redisse,
471 2866 529 2912 ut
577 2858 687 2927 regi
735 2859 974 2914 Ezechiae
1020 2861 1320 2928 quindecim
1364 2863 1487 2916 anni
1525 2863 1590 2918 ad

72 2947 301 3003 ivendum
326 2950 522 3015 additi,
551 2949 651 3004 hoc
676 2951 832 3005 etiam
867 2951 1102 3022 prodigio
1131 2954 1465 3022 promissioni
1499 2955 1590 3009 Dei

71 3039 448 3108 igniﬁcarentnr
484 3041 732 3111 adjuncto
777 3039 938 3114 (Iani.
981 3059 1209 3108 xxxvnt,
1239 3043 1327 3114 8).
1357 3045 1458 3100 Sed
1493 3045 1589 3099 ista

71 3144 232 3199 uoque
272 3132 524 3186 miracula
547 3173 561 3193 ,
589 3148 708 3201 qua:
727 3133 930 3187 meritis
953 3143 1076 3187 sunt
1102 3149 1352 3188 concessa
1383 3146 1592 3190 sancto-

71 3235 145 3272 um
167 3260 182 3286 ,
208 3221 419 3289 quando
459 3220 682 3275 credunt
711 3221 793 3275 isti
836 3222 966 3275 facta
987 3263 1002 3287 ,
1029 3222 1246 3292 magicis
1271 3224 1467 3279 artibus
1496 3225 1590 3278 tri-

74 3319 213 3366 uunt.
253 3312 406 3368 Unde
446 3312 576 3367 illud
620 3322 701 3368 est
742 3313 879 3383 quod
919 3314 1158 3385 superius
1184 3319 1589 3373 commemoravi

75 3403 222 3459 ixisse
249 3405 516 3476 Virgilium
533 3447 552 3471 ,

90 3517 265 3570 sistere
287 3531 461 3583 aquam
482 3519 657 3582 ﬂuviis,
683 3525 734 3583 et
753 3520 1132 3583 vert_ere_s_idera
1154 3528 1304 3571 retro.
1438 3549 1446 3560 -

701 3581 920 3644 (/Eneid.
947 3580 1028 3633 lib.
1051 3583 1099 3644 4,
1126 3596 1170 3633 v.
1195 3583 1302 3632 489.
1329 3583 1348 3645 )

71 3685 156 3741 iam
182 3697 234 3743 et
253 3687 471 3744 ﬂuvium
497 3689 709 3744 stetisse
730 3689 991 3759 superius,
1015 3687 1337 3759 inferiasque
1356 3688 1592 3754 ﬂuxisse,

71 3792 146 3831 um
199 3779 428 3847 populus
481 3779 602 3845 Dei,
655 3778 872 3834 ductore
923 3795 1080 3847 supra
1131 3789 1423 3834 memorato
1470 3779 1597 3836 Jesu

74 3882 168 3922 ave
189 3909 205 3933 ,
239 3867 378 3920 viam
407 3875 650 3936 carperet
673 3868 850 3937 (Iosue
872 3885 942 3934 tv,
977 3867 1088 3940 18),
1119 3877 1174 3923 et
1205 3870 1316 3923 Elia
1344 3869 1596 3939 propheta

71 3962 375 4022 anseunte,
420 3969 483 4010 ac
512 3963 695 4026 postea
741 3956 1001 4025 discipulo
1041 3957 1154 4025 ejus
1182 3957 1374 4012 Elisaeo
1404 3958 1456 4012 id
1481 3974 1599 4014 esse

71 4059 223 4104 ictum
253 4047 306 4106 in
337 4049 504 4104 sacris
540 4048 754 4104 Litteris
776 4047 1000 4119 legimus
1026 4048 1119 4117 (ιγ
1149 4049 1275 4120 Reg.
1306 4066 1361 4116 ιι,
1391 4050 1442 4115 3,
1477 4049 1597 4123 M);

71 4149 249 4197 trelro
273 4155 488 4196 versum
518 4140 681 4195 fuisse
707 4139 994 4194 maximum
1017 4139 1162 4193 sidus
1189 4148 1441 4208 regnante
1469 4140 1600 4195 Eze-

72 4230 171 4296 hia,
196 4230 357 4287 modo
379 4230 931 4286 commemoravimus.
953 4227 1102 4297 Quod
1124 4244 1250 4282 vero
1271 4228 1336 4283 de
1357 4228 1602 4284 Lucifero

72 4321 202 4378 larro
225 4321 473 4391 scripsit,
507 4337 611 4376 non
639 4331 720 4376 est
747 4321 854 4375 illic
881 4319 1076 4375 dictum
1102 4319 1257 4374 alicui
1289 4318 1484 4373 homini
1514 4335 1605 4389 pe-

71 4412 164 4464 enti
203 4412 254 4467 id
280 4411 443 4468 fuisse
469 4425 802 4467 concessum.

111 4502 160 4556 5.
199 4502 316 4558 Non
355 4518 482 4574 ergo
510 4503 578 4558 de
620 4502 806 4556 notitia
849 4511 1158 4557 naturarum
1197 4501 1471 4571 caliginem
1503 4500 1604 4556 sibi

71 4597 230 4651 aciant
259 4596 496 4652 inﬁdeles
515 4638 531 4663 ,
562 4595 715 4666 quasi
745 4611 849 4650 non
876 4595 1043 4665 possit
1072 4595 1125 4647 in
1167 4593 1342 4665 aliqua
1386 4609 1443 4648 re
1470 4593 1605 4648 divi-

71 4684 182 4741 titus
219 4687 332 4743 ﬁeri
374 4687 546 4751 aliud,
573 4701 730 4756 quam
760 4686 810 4739 in
838 4685 952 4754 ejus
991 4694 1176 4740 natura
1204 4700 1296 4754 per
1323 4683 1606 4738 humanam

72 4790 190 4832 .uam
233 4778 616 4848 experientiam
660 4785 1021 4846 cognoverunt
1063 4791 1078 4828 :
1120 4774 1360 4844 quamvis
1401 4782 1455 4828 et
1497 4774 1608 4844 ipsa

71 4883 159 4934 luat
184 4870 236 4924 in
263 4886 442 4927 rerum
468 4877 653 4923 natura
681 4867 926 4921 omnibus
951 4875 1072 4921 nota
1109 4873 1270 4932 sunt,
1300 4880 1403 4918 non
1436 4864 1609 4919 minus

71 4960 173 5014 nira
201 4963 337 5032 sint;
369 4970 654 5029 essentque
692 4957 949 5028 stupenda
992 4956 1450 5012 considerantibus
1475 4970 1608 5010 cun-

71 5051 159 5115 nis,
191 5055 233 5107 si
263 5056 501 5109 solerent
530 5052 771 5107 homines
809 5050 990 5105 mirari
1019 5050 1152 5104 mira
1180 5048 1280 5103 nisi
1315 5064 1451 5103 rara.
1482 5048 1611 5114 Quis

71 5145 184 5197 :nim
207 5185 222 5212 ,
249 5146 489 5203 consulta
521 5145 724 5199 ratione
745 5185 760 5208 ,
793 5158 894 5196 non
919 5141 1101 5197 videat
1129 5141 1182 5195 in
1219 5140 1488 5194 hominum
1529 5141 1610 5193 in-

72 5237 354 5292 mmerabili
385 5236 795 5301 numerositate,
837 5243 892 5289 et
933 5241 1073 5288 tanta
1124 5241 1324 5287 naturae
1364 5232 1610 5287 similitu-

72 5322 200 5394 line,
228 5329 383 5384 valde
410 5327 717 5382 mirabiliter
751 5326 830 5382 sic
868 5325 1066 5381 habere
1106 5325 1340 5395 singulos
1379 5323 1614 5394 singulas

72 5411 237 5483 'acies,
268 5429 324 5474 ut
349 5417 448 5472 nisi
471 5417 608 5471 inter
646 5429 706 5472 se
746 5415 946 5470 similes
971 5423 1178 5478 essent,
1212 5430 1315 5468 non
1341 5414 1611 5468 discerne-

71 5515 195 5562 retur
220 5511 424 5581 species
445 5523 626 5565 eorum
649 5508 716 5562 ab
744 5507 1060 5562 animalibus
1084 5505 1323 5569 caeteris;
1351 5513 1404 5560 et
1433 5519 1614 5558 rursus

71 5595 150 5649 nisi
181 5599 311 5656 inter
340 5616 399 5655 se
439 5599 727 5654 dissimiles
768 5606 978 5662 essent,
1044 5610 1146 5652 non
1189 5596 1616 5650 discernerentur

90 5812 96 5819 _
122 5757 132 5781 ‘
169 5760 235 5822 ἰξν,
261 5766 310 5807 et
338 5755 555 5822 [levique
574 5754 1035 5817 Mss.,im’.narrabili.
1056 5761 1202 5804 Vetus
1220 5752 1342 5803 liher
1361 5752 1615 5802 Curbeien-

71 5817 127 5861 διδ
147 5849 159 5874 ι
182 5817 452 5870 ὶιὶιωηὶὺζνὶ.

3168 393 3268 447 7‘22

1705 489 1888 559 singuli
1917 493 1981 545 ab
2009 492 2307 549 hominibus
2335 498 2578 552 ceteris?
2602 499 2744 568 Quos
2771 517 2894 573 ergo
2919 505 3114 559 similes
3140 524 3266 562 enn-

1704 579 1932 644 ﬁtemur,
1961 582 2172 638 eosdem
2199 583 2478 641 dissimiles
2510 588 2822 646 invenimus.
2847 593 2948 648 Sed
2976 595 3268 652 mirabilior

1703 677 1784 722 est
1826 671 2181 727 consideratio
2216 675 2689 746 dissimilitudinis;
2733 684 2979 751 quoniam
3019 687 3262 741 similitu-

1702 759 1876 814 dinem
1917 761 2116 817 Justius
2158 764 2362 820 videtur
2404 783 2690 839 exposcere
2728 782 2912 828 natura
2951 778 3260 832 communis.

1702 851 1765 905 Et
1791 859 1964 908 tamen
2013 857 2259 924 quoniam
2301 873 2419 927 quae
2454 869 2576 914 sunt
2617 876 2765 928 rara,
2795 863 2907 932 ipsa
2936 875 3057 920 sunt
3095 869 3224 922 mira
3247 911 3262 936 ,

1701 943 1864 996 multo
1903 946 2130 1014 amplius
2173 945 2494 1003 admiramur
2534 952 2742 1020 quando
2788 953 2921 1010 duos
2947 955 3018 1011 ita
3062 957 3262 1013 similes

1700 1033 2024 1101 reperimus,
2071 1044 2128 1089 ut
2164 1037 2215 1090 in
2245 1038 2323 1093 eis
2365 1038 2729 1096 discernendis
2769 1052 2859 1098 aut
2901 1059 3131 1116 semper,
3173 1059 3272 1102 aur

1699 1121 1999 1192 frequenter
2025 1139 2281 1182 erremus.

1767 1216 1820 1270 4.
1859 1215 1960 1271 Sed
1990 1218 2128 1286 quod
2158 1218 2263 1272 dixi
2289 1220 2541 1289 scriptum
2568 1236 2596 1274 a
2625 1222 2895 1290 Varrone,
2930 1226 3054 1282 licet
3077 1243 3260 1283 eorum

1698 1305 1766 1359 sit
1797 1306 2075 1362 historicus
2109 1308 2353 1379 idemque
2381 1310 2714 1366 doctissimus
2735 1354 2749 1379 ,
2779 1313 2999 1371 fortasse
3029 1333 3152 1373 vere
3181 1318 3262 1372 fa-

1698 1402 1838 1448 ctum
1880 1411 1996 1450 esse
2047 1413 2148 1451 non
2199 1399 2450 1464 credunt;
2498 1411 2588 1456 aut
2629 1402 2747 1472 quia
2792 1420 2894 1458 non
2940 1405 3027 1459 diu
3072 1409 3262 1461 mansit

1698 1486 1854 1540 talis‘
1898 1487 2134 1556 ejusdem
2180 1489 2370 1544 sideris
2414 1505 2629 1554 cursus,
2678 1493 2769 1547 sed
2817 1493 3039 1549 reditum
3081 1499 3260 1550 estad

1696 1578 1931 1644 solitum,
1966 1580 2137 1632 minus
2164 1581 2264 1646 isto
2296 1592 2574 1636 moventur
2605 1586 2866 1653 exemplo.
2905 1587 3112 1642 llabent
3135 1605 3261 1659 ergo

1694 1667 1831 1720 aliud
1854 1710 1868 1733 ,
1900 1669 2039 1738 quod
2078 1671 2233 1724 etiam
2276 1688 2415 1727 nunc
2444 1674 2605 1742 pOSsit
2633 1676 2871 1741 ostendi,
2914 1678 3095 1747 eisque
3135 1689 3264 1746 puto

1694 1756 1887 1813 debere
1927 1759 2205 1826 sufﬁcere,
2251 1778 2356 1831 quo
2380 1777 2811 1820 commoueantur
2831 1769 2872 1832 ’,
2903 1785 3022 1822 cum
3056 1772 3254 1840 aliquid

1693 1849 2015 1906 adverterint
2063 1854 2114 1906 in
2161 1854 2334 1924 aliqua
2379 1856 2708 1913 institutione
2754 1869 2986 1924 natura},
3036 1876 3259 1932 eamque

1693 1944 1791 1998 sibi
1829 1947 2155 2000 notissimam
2193 1947 2443 2014 fecerint,
2489 1966 2592 2004 non
2631 1966 2691 2006 se
2745 1952 2865 2008 inde
2916 1955 3021 2008 Deo
3064 1956 3260 2011 debere

1694 2035 2071 2102 praescribere,
2112 2038 2259 2106 quasi
2306 2053 2422 2092 eam
2462 2055 2565 2094 non
2609 2043 2773 2110 possit
2803 2043 2854 2097 in
2896 2043 3048 2114 longe
3083 2045 3255 2109 aliud,

1691 2141 1848 2195 quam
1887 2127 1966 2181 eis
2011 2133 2216 2198 cognita
2251 2139 2356 2195 est,
2403 2142 2612 2188 vertere
2653 2142 2810 2203 atque
2841 2147 3062 2190 mutare.
3098 2137 3258 2192 Terra

1692 2215 2044 2272 Sodomorum
2075 2233 2177 2272 non
2209 2219 2303 2273 fuit
2333 2221 2510 2291 utique
2537 2231 2584 2275 ut
2617 2239 2754 2279 nunc
2781 2238 2862 2280 est
2888 2244 2900 2279 :
2933 2227 3022 2281 sed
3047 2227 3264 2297 jacebat

1693 2305 1852 2360 simili
1898 2309 2106 2363 creteris
2149 2309 2316 2376 facie,
2369 2312 2659 2383 eademque
2701 2315 2781 2370 vel
2820 2317 2976 2371 etiam
3016 2319 3264 2374 uberiore

1693 2397 2013 2455 fecunditate
2062 2401 2329 2469 pollebat;
2373 2419 2494 2458 nam
2547 2406 2635 2460 Dei
2681 2407 2924 2476 paradiso
2966 2410 3018 2464 in
3065 2410 3262 2466 divinis

1691 2488 1918 2559 eloquiis
1952 2502 2250 2561 comparata
2292 2503 2372 2548 est
2415 2495 2561 2564 (Gen.
2591 2513 2716 2563 xm,
2754 2496 2864 2570 10).
2897 2499 3018 2554 lla-e
3046 2513 3256 2569 postea-

1691 2595 1845 2650 quam
1873 2591 2006 2637 tacta
2033 2583 2098 2638 de
2121 2585 2256 2639 coelo
2284 2595 2384 2650 est,
2408 2588 2543 2640 sicut
2571 2589 2777 2642 illorum
2810 2606 3016 2660 quoque
3042 2601 3264 2648 attesta-

1693 2679 1773 2724 tur
1806 2671 2021 2726 historia
2044 2714 2059 2739 ,
2107 2685 2160 2729 et
2203 2691 2339 2729 nunc
2365 2676 2430 2730 ab
2461 2678 2536 2731 eis
2561 2679 2649 2748 qui
2689 2679 2907 2738 veniunt
2929 2680 2993 2735 ad
3027 2681 3140 2736 loca
3171 2682 3274 2736 illa.

1692 2764 2034 2831 conspicitur,
2072 2765 2366 2836 prodigiosa
2404 2767 2616 2838 fuligine
2648 2769 2849 2824 horrori
2882 2780 2960 2825 est
2981 2813 2996 2837 ,
3026 2781 3078 2827 ct
3107 2788 3257 2842 poma

1692 2854 1804 2923 ejus
1836 2856 2138 2911 interiorem
2176 2857 2407 2912 favillam
2439 2861 2674 2914 mendaci
2717 2863 2998 2931 superﬁcie
3037 2867 3260 2918 maturi—

1695 2946 2120 3002 tatisincluduut.
2153 2949 2288 3003 Ecce
2317 2965 2419 3003 non
2448 2961 2558 3004 erat
2590 2951 2705 3004 talis
2729 2993 2743 3016 ,
2772 2963 2824 3007 et
2853 2953 2970 3007 talis
2991 2962 3090 3008 est.
3123 2955 3261 3012 Ecce

1695 3049 1725 3088 a
1751 3033 2036 3091 Conditore
2066 3046 2368 3091 naturarum
2412 3047 2596 3093 natura
2625 3040 2739 3108 ejus
2777 3041 2824 3093 in
2855 3041 2991 3096 hanc
3029 3043 3260 3097 foedissi-

1694 3141 1832 3178 mam
1861 3125 2220 3181 diversitatem
2253 3128 2474 3182 mirabili
2521 3130 2810 3184 mutatione
2853 3147 3111 3186 conversa
3139 3141 3257 3188 est:

1690 3217 1908 3286 etquod
1955 3229 2071 3286 post
2102 3227 2203 3272 tam
2238 3221 2448 3292 longum
2471 3220 2661 3276 accidit
2693 3231 2898 3290 tempus
2922 3263 2936 3289 ,
2969 3231 3074 3277 tam
3102 3223 3261 3293 longo

1693 3318 1931 3378 tempore
1956 3319 2282 3380 perseverat.

1765 3403 1818 3459 5.
1849 3403 1995 3457 Sicut
2021 3418 2147 3473 ergo
2168 3418 2271 3458 non
2300 3402 2393 3457 fuit
2419 3403 2745 3473 impossibile
2773 3403 2898 3468 Dec,
2923 3418 3052 3474 quas
3075 3405 3258 3467 voluit,

1697 3495 2003 3562 instituere;
2050 3495 2128 3550 sic
2171 3495 2219 3550 ei
2246 3510 2349 3550 non
2398 3505 2479 3550 est
2517 3495 2879 3566 impossibile,
2927 3495 2980 3548 in
3011 3493 3264 3565 quidquid

1697 3587 1939 3652 voluerit,
1969 3602 2102 3656 quas
2123 3585 2366 3652 instituit,
2394 3595 2600 3642 mutare
2620 3594 2852 3641 naturas.
2881 3585 3030 3641 Unde
3052 3585 3263 3640 illorum

1695 3693 1905 3749 quoque
1929 3678 2302 3733 miraculorum
2347 3677 2626 3732 multitudo
2655 3677 2918 3740 silvescit,
2959 3691 3078 3746 quae
3111 3690 3265 3731 mon-

1698 3780 1834 3835 stra,
1869 3778 2094 3835 ostenta,
2123 3779 2398 3838 portenta,
2444 3769 2676 3839 prodigia
2710 3775 3109 3837 nuncupantur:
3150 3781 3266 3836 qum

1700 3862 1934 3917 recolere
1963 3869 2014 3914 et
2039 3875 2459 3916 commemorare
2489 3860 2533 3914 si
2564 3860 2742 3927 velim,
2777 3858 2931 3926 hujus
2953 3856 3129 3927 Operis
3150 3857 3267 3926 quis

1699 3956 1799 4010 erit
1820 3955 1973 4008 linis?
1996 3955 2226 4009 Monstra
2255 3970 2383 4010 sane
2400 3954 2535 4009 dicta
2553 3953 2833 4024 perhibent
2855 3968 2882 4006 a
2903 3950 3266 4014 monstrando,

1701 4045 1841 4116 quod
1870 4046 2061 4114 aliquid
2098 4045 2441 4116 signiﬁcando
2471 4046 2864 4108 demonstrent;
2896 4053 2949 4098 ct
2969 4050 3173 4097 ostenta
3199 4041 3268 4095 ab

1702 4137 2064 4202 ostendendo;
2098 4149 2147 4192 et
2180 4147 2418 4207 portenta
2446 4152 2475 4190 a
2508 4135 2890 4207 portendendo,
2921 4133 2971 4188 id
3001 4143 3102 4198 est,
3135 4147 3269 4201 prte-

1704 4228 2066 4292 ostcndendo;
2097 4237 2150 4282 et
2178 4227 2412 4297 prodigia
2433 4267 2446 4290 ,
2476 4226 2615 4296 quod
2646 4240 2802 4296 porro
2826 4224 3040 4288 dicant,
3075 4222 3124 4276 id
3152 4231 3269 4286 est,

1703 4318 1874 4373 futura
1922 4319 2224 4387 praedicant.
2267 4317 2371 4374 Sed
2418 4317 2643 4372 viderint
2683 4330 2866 4372 eorum
2907 4314 3268 4383 conjectures,

1705 4407 1972 4479 quomodo
2008 4424 2072 4463 ex
2119 4408 2196 4462 eis
2226 4407 2338 4463 sive
2367 4405 2651 4472 fallantur,
2692 4407 2806 4460 sive
2847 4405 3092 4458 instinctu
3120 4401 3274 4472 spiri-

1707 4507 1852 4553 tuum
1874 4539 1888 4566 ,
1933 4491 2123 4568 quibus
2151 4513 2274 4552 cura
2303 4506 2384 4552 est
2410 4497 2498 4551 tali
2529 4511 2682 4566 pmna
2722 4494 2910 4564 dignos
2938 4493 3141 4549 animos
3172 4492 3271 4546 ho-

1707 4591 1907 4644 minum
1941 4588 2109 4642 inertiae
2157 4587 2477 4643 curiositatis
2524 4586 2723 4642 retibus
2766 4583 3069 4654 implicare,
3114 4582 3274 4638 etiam

1709 4696 1832 4735 vera
1864 4680 2168 4750 praedicant,
2197 4681 2310 4735 sive
2337 4679 2500 4733 multa
2528 4677 2752 4732 dicendo
2781 4675 3062 4746 aliquando
3092 4675 3146 4729 in
3175 4674 3274 4727 ali-

1709 4772 1836 4844 quid
1857 4771 2092 4826 veritatis
2133 4772 2420 4825 incurrant.
2453 4768 2615 4824 Nobis
2645 4777 2817 4823 tamen
2853 4767 2952 4822 ista
2990 4781 3106 4836 quae
3137 4765 3278 4819 velut

1713 4873 1896 4919 contra
1923 4874 2160 4918 naturam
2195 4862 2356 4928 ﬁunt,
2385 4870 2441 4918 et
2465 4869 2650 4916 contra
2675 4868 2919 4914 naturam
2951 4858 3062 4914 ﬁeri
3089 4857 3279 4912 dicunr

1715 4964 1799 5010 tur
1841 4955 1967 5027 (quo
2005 4971 2153 5010 more
2195 4956 2466 5009 hominum
2511 4953 2720 5008 locutus
2741 4961 2823 5006 est
2867 4959 2923 5006 et
2957 4949 3277 5019 Apostolus,

1714 5047 1937 5102 dicendo
1959 5088 1974 5114 ,
2004 5059 2185 5102 contra
2227 5055 2468 5101 naturam
2511 5045 2564 5099 in
2591 5043 2705 5099 olea
2746 5042 2964 5098 insitum
2991 5041 3278 5096 oleastrum

1713 5134 1907 5191 factum
1952 5152 2069 5192 esse
2112 5135 2420 5206 participem
2451 5133 2785 5204 pinguedinis
2822 5133 2955 5188 olea:
2985 5129 3162 5203 [Rom.
3191 5144 3278 5190 XL,

1715 5226 1806 5293 17,
1835 5227 1925 5302 24]
1946 5228 1987 5299 ),
2033 5237 2087 5284 et
2130 5236 2364 5283 monstra
2394 5267 2408 5293 ,
2450 5235 2654 5281 Ostenta
2679 5267 2694 5292 ,
2739 5230 2979 5294 portenta
2999 5261 3013 5285 ,
3045 5218 3282 5289 prodigia

1715 5329 2104 5390 nuncupantur,
2136 5317 2236 5372 hoc
2265 5325 2561 5371 monstrare
2588 5313 2811 5378 debent,
2841 5310 2942 5366 hoc
2972 5307 3284 5371 ostendere,

1717 5415 1800 5470 vel
1829 5410 2215 5484 praeostendere
2236 5451 2251 5476 ,
2281 5409 2382 5464 hoc
2409 5405 2725 5478 praedicere,
2771 5400 2910 5472 quod
2937 5399 3174 5455 facturus
3215 5398 3282 5450 sit

1719 5507 1894 5573 Deus,
1935 5519 2053 5574 quae
2077 5501 2145 5557 de
2172 5499 2484 5570 corporibus
2521 5494 2795 5550 hominum
2823 5507 2881 5548 se
2917 5488 3281 5563 praenuntiavit

1782 5731 1797 5760 ¹
1839 5725 1973 5774 Vind.
2003 5732 2097 5773 Am.
2123 5728 2183 5769 Er.
2202 5727 2253 5769 et
2275 5726 2402 5777 Mss,
2426 5713 2563 5768 alius.

1783 5792 1801 5822 ι
1833 5784 1906 5830 sic
1923 5793 2028 5837 Mss.
2055 5783 2167 5835 Editi
2193 5790 2372 5840 autem,
2394 5782 2782 5829 commoveantur.
