3960 6480
614 364 717 420 723

612 495 731 533 esse
778 479 1063 539 iacturum,
1113 476 1252 528 nulla
1305 474 1620 543 impediente
1646 475 1985 534 difﬁcultate,
2036 471 2177 525 nulla

614 570 994 638 praescribente
1025 569 1138 637 lege
1171 578 1388 621 naturm.
1430 566 1703 631 Quomodo
1724 576 1897 621 autem
1926 580 2177 635 praenun-

616 658 841 722 tiaverit,
870 659 998 711 satis
1021 658 1071 711 in
1097 658 1231 711 libro
1247 657 1516 725 superiore
1538 656 1781 710 docuisse
1803 672 1885 710 me
1908 656 2175 720 existimo,

615 749 949 819 decerpendo
972 750 1040 804 de
1078 749 1361 817 Scriptnris
1391 749 1587 803 sanctis
1630 756 1683 803 et
1725 750 1875 803 novis
1905 759 1957 803 et
1982 749 2180 801 veteri-

616 839 734 903 hus,
764 854 868 893 non
898 838 1107 909 quidem
1131 839 1305 893 omnia
1334 838 1401 892 ad
1441 838 1541 893 hoc
1564 840 1879 909 pertinentia
1899 881 1913 903 ,
1943 838 2035 894 sed
2060 853 2179 908 qua:

615 931 858 985 sufﬁcere
885 930 1005 985 huic
1030 931 1175 1001 operi
1194 931 1445 999 judicavi.

618 1039 839 1095 CAPUT
878 1039 969 1094 1X.
1007 1069 1081 1082 —
1120 1039 1197 1093 De
1236 1040 1491 1110 gehenna,
1537 1050 1583 1093 et
1620 1050 1915 1094 wternarum
1944 1040 2182 1109 qualitate

1268 1148 1544 1201 pomorum.

687 1244 739 1295 l.
780 1242 928 1309 Quod
960 1243 1117 1313 igitur
1140 1243 1207 1298 de
1240 1247 1562 1312 sempiterno
1604 1245 1862 1314 supplicio
1904 1245 2178 1301 damnato-

614 1348 729 1386 rum
750 1348 845 1402 per
869 1348 1017 1386 suum
1035 1334 1340 1402 prophetam
1360 1334 1501 1387 Deus
1519 1334 1650 1387 dixit
1681 1334 1791 1400 ﬁet,
1819 1336 2033 1388 omnino
2054 1334 2141 1389 fiet
2166 1354 2178 1388 :

628 1424 822 1479 Vermis
845 1442 1011 1478 eorum
1040 1442 1139 1479 non
1168 1428 1422 1491 morietur,
1451 1436 1499 1478 et
1526 1427 1654 1495 ignis
1681 1444 1848 1480 eorum
1876 1445 1973 1481 non
1990 1431 2181 1482 exstin-

616 1526 791 1583 guetur
804 1515 951 1587 (Isai.
984 1532 1049 1570 LX
1060 1533 1127 1581 v1,
1149 1517 1262 1587 24).
1293 1518 1371 1571 Ad
1388 1517 1486 1571 hoc
1501 1518 1641 1572 enim
1657 1518 2018 1574 vehementius
2037 1535 2186 1574 com-

616 1608 993 1675 mendandum,
1017 1611 1175 1664 etiam
1200 1610 1450 1664 Dominus
1468 1610 1640 1676 Jesus,
1664 1627 1781 1666 cum
1807 1614 2041 1667 membra
2064 1630 2181 1683 qua:

619 1698 884 1752 hominem
927 1699 1281 1753 scandalizant
1323 1715 1419 1769 pro
1447 1699 1530 1755 his
1564 1703 1861 1757 hominibus
1897 1705 1912 1734 ¹
1944 1714 2179 1772 poneret.

616 1800 749 1854 quos
773 1795 831 1840 ut
853 1802 945 1841 sua
966 1790 1199 1843 membra
1226 1790 1409 1843 dextra
1436 1792 1552 1860 quis
1573 1791 1764 1862 diligit,
1797 1809 1962 1864 eaque
1992 1798 2176 1864 praeci-

617 1887 768 1946 peret
792 1882 1051 1950 amputari
1076 1898 1089 1934 :
1108 1880 1305 1935 Bonum
1321 1892 1412 1948 est,
1433 1883 1618 1952 inquit,
1644 1885 1731 1937 tibi
1750 1886 1958 1939 debilem
1979 1887 2183 1941 introire

616 1971 669 2023 in
696 1972 865 2037 vitam,
893 1989 1040 2043 quam
1069 1974 1193 2026 duas
1224 1991 1403 2027 manus
1430 1975 1687 2029 habentem
1708 1978 1779 2029 ire
1802 1978 1851 2030 in
1882 1978 2179 2047 gehennam,

618 2062 670 2115 in
693 2063 856 2133 ignem
884 2065 1336 2135 inexstinguibilem
1353 2107 1367 2129 ,
1401 2066 1485 2119 ubi
1509 2068 1685 2120 vermis
1706 2084 1875 2121 eorum
1901 2086 2001 2122 non
2028 2070 2181 2122 mori-

617 2162 717 2219 tur,
740 2162 785 2208 et
810 2154 939 2226 ignis
960 2173 1128 2209 eorum
1155 2174 1253 2211 non
1272 2159 1625 2228 exstinguitur.
1652 2160 1903 2214 Similiter
1922 2160 1987 2215 de
2011 2162 2142 2230 pede
2167 2179 2179 2216 :

615 2242 813 2298 Bonum
838 2254 910 2300 est
935 2248 1042 2313 tibi,
1073 2248 1258 2318 inquit,
1288 2250 1526 2304 claudum
1556 2252 1763 2306 introire
1781 2253 1831 2306 in
1859 2254 2007 2306 vitam
2033 2265 2183 2307 teter-

618 2352 734 2387 nam
759 2378 772 2401 ,
811 2354 958 2407 quam
999 2339 1126 2393 duos
1169 2342 1318 2409 pedes
1358 2342 1616 2395 habentem
1655 2344 1785 2397 mitti
1818 2344 1869 2397 in
1907 2345 2185 2414 gehennam

622 2426 751 2495 ignis
778 2428 1211 2499 inexstinguibilis,
1244 2433 1329 2485 ubi
1348 2426 1526 2487 vermis
1552 2450 1721 2487 eorum
1750 2452 1849 2489 non
1879 2437 2106 2504 moritur,
2139 2447 2185 2490 et

619 2518 751 2587 ignis
776 2536 875 2573 non
897 2522 1244 2592 exstinguitur.
1275 2523 1387 2577 Non
1418 2524 1570 2579 aliter
1596 2525 1670 2579 ait
1691 2534 1744 2579 et
1767 2536 1833 2580 de
1854 2527 2009 2581 oculo
2035 2545 2047 2580 :
2076 2527 2182 2582 Bo-

620 2626 740 2664 num
769 2618 841 2663 est
868 2611 956 2665 tibi
978 2612 1168 2666 luscum
1199 2614 1402 2667 introire
1422 2616 1471 2667 in
1503 2632 1710 2685 regnum
1738 2615 1852 2680 Dei,
1880 2634 2030 2687 quam
2055 2619 2184 2672 duos

618 2702 791 2754 oculos
836 2702 1094 2756 habentem
1137 2706 1263 2757 mitti
1303 2707 1353 2759 in
1388 2706 1664 2776 gehennam
1698 2709 1863 2778 ignis,
1898 2710 1981 2763 ubi
2008 2712 2186 2766 vermis

618 2805 790 2844 eorum
812 2807 909 2845 non
933 2793 1163 2860 moritur,
1184 2807 1228 2848 et
1254 2797 1385 2865 ignis
1410 2814 1509 2851 non
1537 2800 1871 2870 exstinguitur
1896 2800 2087 2871 (Marc.
2108 2819 2182 2869 ιι,

617 2879 834 2952 42-47).
864 2881 979 2937 Non
1009 2899 1128 2938 eum
1160 2888 1179 2917 ³
1208 2887 1372 2956 piguit
1408 2904 1512 2941 uno
1542 2890 1657 2945 loco
1697 2893 1882 2947 eadem
1914 2895 2072 2949 verba
2106 2905 2186 2951 ter

619 2972 796 3028 dicere
824 2990 839 3027 :
866 2991 1019 3045 quem
1050 2993 1152 3032 non
1173 2989 1366 3034 terreat
1386 2982 1481 3037 ista
1500 2984 1761 3052 repetitio,
1786 2996 1837 3040 et
1859 2987 1996 3043 illius
2017 3004 2188 3058 poenae

621 3064 963 3119 comminatio
991 3076 1093 3121 tam
1123 3070 1407 3125 vehemens
1436 3087 1529 3127 ore
1555 3074 1777 3130 divino?

691 3146 746 3205 ες
777 3153 1067 3225 Utrumque
1106 3170 1279 3214 autem
1318 3160 1527 3229 horum,
1566 3164 1739 3233 ignem
1787 3167 1986 3222 scilicet
2030 3177 2187 3237 atque

620 3258 875 3310 vermem,
903 3247 989 3316 qui
1012 3249 1192 3304 volunt
1212 3250 1275 3303 ad
1303 3253 1462 3306 animi
1487 3268 1691 3322 poenas,
1724 3271 1826 3309 non
1854 3258 1917 3310 ad
1948 3261 2187 3326 corporis

623 3333 887 3403 pertinere
918 3382 929 3403 ,
962 3337 1143 3395 dicunt
1184 3342 1340 3399 etiam
1373 3343 1449 3401 uri
1479 3344 1661 3404 dolore
1687 3346 1846 3404 animi
1878 3362 1997 3406 sero
2031 3359 2187 3423 atque

623 3425 942 3485 infructuose
969 3435 1270 3501 panitcntis
1298 3452 1391 3493 eos
1415 3440 1501 3508 qui
1532 3440 1723 3495 iuerint
1750 3458 1777 3495 a
1801 3458 1964 3513 regno
1986 3444 2075 3499 Dei
2098 3461 2185 3500 se-

623 3521 789 3587 parati
824 3540 837 3575 :
871 3531 921 3577 ct
948 3522 1066 3579 ideo
1092 3527 1266 3595 ignem
1298 3546 1392 3599 pro
1420 3531 1521 3586 isto
1550 3533 1733 3589 dolore
1759 3546 1946 3591 urente
1976 3553 2080 3591 non
2108 3538 2186 3592 in-

626 3624 858 3681 congrue
893 3618 1013 3685 poni
1057 3620 1291 3688 potuisse
1318 3624 1643 3679 contendunt
1672 3644 1684 3680 ς
1718 3627 1855 3681 unde
1884 3629 2009 3682 illud
2041 3632 2186 3698 Apo-

621 3701 742 3757 stoli
755 3706 987 3772 est,Quis
998 3711 1437 3781 scandalizatur,et
1449 3733 1538 3785 ego
1553 3733 1649 3770 non
1663 3734 1782 3770 uror
1794 3719 1810 3785 (
1821 3720 1859 3771 II
1871 3718 2189 3793 Cor.x1,29)?

624 3793 881 3851 Eumdem
910 3798 984 3867 (a)
1011 3801 1167 3855 etiam
1186 3819 1417 3859 vermem
1438 3815 1621 3874 putant
1638 3807 2030 3877 intelligendum
2047 3825 2186 3865 esse.

622 3881 753 3937 Nam
781 3886 1031 3955 scriptum
1059 3900 1155 3955 est,
1182 3892 1440 3962 inquiunt,
1463 3894 1607 3948 Sicut
1627 3898 1756 3949 tinea
1782 3902 2121 3953 vestimentum
2142 3911 2187 3955 et

621 3976 800 4029 vermis
820 3968 1030 4048 lignum,
1064 3981 1135 4035 sic
1160 4000 1339 4037 maeror
1367 3986 1620 4039 excruciat
1647 4004 1732 4040 cor
1751 3990 1845 4041 viri
1862 3988 2038 4059 (Prov.
2062 4007 2185 4058 xxv,

621 4065 734 4138 20).
764 4069 862 4137 Qui
886 4087 1009 4126 vero
1040 4088 1220 4143 pcenas
1250 4085 1303 4131 et
1329 4078 1485 4131 animi
1515 4088 1568 4133 ct
1596 4084 1833 4149 corporis
1860 4084 1909 4138 in
1944 4084 2031 4138 illo
2056 4100 2186 4153 sup-

625 4159 782 4226 plicio
808 4160 1009 4218 futuras
1030 4180 1146 4220 esse
1173 4183 1275 4221 non
1304 4168 1560 4235 dubitant,
1586 4173 1703 4239 igne
1730 4176 1807 4228 uri
1835 4191 2045 4244 corpus,
2068 4158 2181 4230 auio

626 4265 770 4303 mum
808 4260 983 4307 autem
1011 4255 1122 4309 rodi
1151 4258 1539 4322 quodammodo
1567 4278 1745 4318 verme
1774 4268 2016 4321 mmroris
2042 4267 2188 4321 afﬁr-

630 4351 796 4397 mant.
823 4344 970 4412 Quod
999 4334 1096 4401 etsi
1133 4350 1437 4406 credibilius
1466 4353 1695 4420 dicitur;
1727 4359 1843 4426 quia
1876 4360 2056 4429 utique
2098 4360 2191 4415 ab-

628 4434 844 4489 surdum
867 4447 966 4500 est,
997 4438 1066 4492 ibi
1093 4440 1327 4495 dolorem
1354 4450 1445 4496 aut
1469 4448 1726 4515 corporis,
1751 4456 1840 4501 aut
1860 4449 2017 4502 animi
2041 4449 2193 4504 defu-

628 4530 799 4577 turum
836 4543 850 4579 :
892 4541 990 4595 ego
1025 4536 1198 4583 tamen
1236 4530 1443 4586 facilius
1480 4535 1601 4587 est8
1629 4545 1685 4588 ut
1712 4537 1775 4588 ad
1801 4552 1991 4605 corpus
2019 4538 2188 4593 dicam

630 4623 908 4685 utrumque
935 4621 1197 4686 pertinere
1221 4665 1236 4686 ,
1268 4640 1422 4692 quam
1456 4636 1695 4680 neutrum
1718 4645 1731 4691 ;
1754 4638 1805 4681 et
1836 4629 1953 4683 ideo
1978 4632 2189 4685 tacitum

630 4702 683 4789 in
713 4706 813 4760 illis
839 4708 1029 4762 divina:
1054 4710 1343 4781 Scriptura)
1378 4716 1552 4770 verbis
1579 4718 1737 4770 animi
1764 4719 2024 4782 dolorem,
2054 4738 2189 4789 quos

624 4787 764 4841 niam
784 4804 1113 4862 consequens
1136 4812 1253 4851 esse
1274 4798 1598 4869 intelligitur,
1616 4802 1819 4855 etiamsi
1838 4819 1942 4856 non
1965 4787 2188 4870 dicatur,

628 4888 684 4931 ut
705 4894 929 4950 corpore
954 4885 1030 4939 sic
1049 4886 1260 4943 dolente
1287 4890 1494 4943 animus
1519 4907 1728 4961 quoque
1747 4895 1911 4947 sterili
1935 4896 2195 4963 pteniten-

626 4968 696 5020 tia
715 4972 992 5026 crucietur.
1014 4975 1226 5043 Legitur
1241 4980 1433 5048 quippe
1458 4990 1509 5035 et
1529 4981 1578 5033 iu
1603 4983 1864 5037 veteribus
1885 4985 2189 5054 Scripturis,

643 5057 871 5113 Vindicta
895 5065 1078 5130 carnis,
1108 5067 1267 5134 impii,
1299 5070 1429 5137 ignis
1457 5080 1502 5124 et
1526 5074 1704 5126 vermis
1730 5073 1911 5142 (Ecrli.
1949 5092 2042 5141 vn,
2078 5078 2189 5147 19).

630 5151 807 5205 Potuit
837 5152 1046 5208 brevius
1085 5155 1185 5211 dici
1208 5200 1221 5223 ,
1254 5158 1491 5215 Vindicta
1517 5164 1681 5233 impii.
1712 5165 1820 5219 Cur
1847 5182 1971 5233 ergo
1996 5165 2191 5221 dictum

632 5253 733 5309 est,
766 5248 931 5299 carnis
959 5246 1129 5317 impii,
1158 5250 1257 5303 nisi
1287 5252 1408 5319 quia
1438 5263 1737 5324 utrumque,
1772 5256 1819 5308 id
1842 5266 1940 5317 est,
1973 5266 2028 5311 et
2060 5258 2194 5327 ignis

637 5342 690 5386 et
715 5335 927 5399 vermis,
960 5352 1110 5404 pmna
1142 5340 1243 5393 erit
1270 5342 1486 5395 carnis?
1509 5343 1615 5396 Aut
1638 5346 1681 5397 si
1706 5345 1989 5400 vindictam
2017 5348 2193 5401 carnis

636 5434 908 5494 propterea
936 5427 1112 5484 dicere
1143 5430 1324 5497 voluit,
1358 5432 1477 5501 quia
1507 5433 1603 5487 hoc
1630 5434 1678 5487 in
1705 5434 1917 5489 homine
1949 5437 2189 5493 vindica-

694 5604 717 5692 :
744 5602 1098 5714 γὶῐὲὲἓιὲιη.
1126 5615 1177 5657 et
1215 5616 1317 5659 MSS.
1346 5617 1399 5660 Αι
1421 5616 1493 5659 Er.
1522 5618 1573 5660 et
1595 5617 1724 5670 Lov.,
1750 5625 1836 5675 pro
1866 5611 1939 5662 his
1960 5613 2189 5666 omnibus.

694 5724 715 5795 εξ
746 5723 817 5795 sic
840 5732 942 5795 Mss.
970 5728 1082 5795 aditi
1110 5743 1243 5790 vero,
1266 5730 1455 5793 [acilius
1477 5736 1738 5795 wstinwut,
1762 5744 1851 5785 etc.

695 5782 766 5843 (Α)
783 5786 971 5851 supple,
996 5790 1220 5843 dolorem.

1665 361 1751 413 DE
1792 358 2107 411 CIVITA'PE
2150 357 2184 409 ll

2319 355 2375 408 S.
2418 354 2778 410 AUGUSTINI
3746 356 3833 411 ἠδ

2288 470 2444 535 bitur,
2472 475 2609 539 quod
2644 469 2931 525 secundum
2962 484 3176 523 carnem
3218 468 3428 522 vixerit
3478 467 3713 535 (propter
3756 469 3835 523 hoc

2286 562 2425 615 enim
2456 563 2632 617 veniet
2661 563 2711 615 in
2737 570 2961 615 mortem
2990 563 3005 592 ⁸
3024 560 3341 624 secundam,
3374 574 3544 629 quam
3570 558 3842 628 signiﬁcavit

2284 653 2568 722 Apostolus
2592 653 2773 706 dicens
2798 692 2815 718 ,
2846 652 2908 706 Si
2946 653 3078 705 enim
3103 652 3393 704 secundum
3421 666 3635 703 carnem

2288 745 2569 798 moriemini
2594 742 2767 815 [Rom.
2788 759 2900 809 vni,
2930 741 3063 815 15]);
3084 742 3245 812 eligat
3268 742 3515 811 quisque
3530 740 3669 808 quod
3686 742 3844 810 placet,

2285 842 2375 887 aut
2400 834 2570 904 ignem
2599 834 2826 889 tribucre
2853 833 3089 901 corpori,
3120 833 3307 886 animo
3331 846 3621 886 vermem:
3646 830 3847 899 hocpro-

2286 927 2421 995 prie,
2460 926 2587 980 illud
2629 926 2865 996 tropice;
2903 933 2995 978 aut
3031 934 3324 994 utrumque
3376 922 3609 993 proprie
3649 923 3843 991 corpori.

2285 1018 2402 1073 Jam
2444 1018 2583 1073 enim
2633 1019 2762 1072 satis
2798 1017 3037 1086 superius
3066 1015 3379 1085 disputavi,
3419 1027 3589 1083 posse
3637 1013 3845 1065 animalia

2287 1109 2443 1163 etiam
2464 1108 2513 1161 in
2537 1108 2742 1176 ignibus
2756 1108 2957 1174 vivere,
2986 1107 3040 1160 in
3060 1107 3270 1161 ustione
3286 1105 3417 1160 sine
3450 1103 3851 1171 consumptioue,

2288 1199 2338 1251 in
2378 1198 2559 1252 dolore
2602 1199 2715 1252 sine
2748 1206 2938 1263 morte,
2969 1212 3065 1266 per
3092 1196 3421 1250 miraculum
3470 1194 3851 1262 omnipotentis-

2288 1288 2407 1341 simi
2432 1288 2700 1343 Creatoris
2742 1304 2756 1341 :
2796 1287 2878 1342 cui
2906 1286 3004 1341 hoc
3034 1286 3289 1355 possibile
3337 1299 3471 1338 esse
3513 1282 3607 1353 qui
3650 1291 3850 1350 negat,a

2287 1393 2390 1447 quo
2415 1378 2485 1432 sit
2506 1377 2756 1447 quidquid
2793 1378 2852 1432 in
2874 1377 3075 1431 naturis
3101 1376 3360 1431 omnibus
3388 1375 3636 1429 minatur
3659 1373 3852 1443 ignorat.

2290 1469 2405 1536 ipse
2450 1469 2590 1522 enim
2628 1477 2710 1523 est
2742 1468 2900 1532 Deus,
2944 1468 3035 1537 qui
3056 1468 3236 1521 omnia
3269 1469 3328 1520 in
3368 1466 3480 1520 hoc
3526 1464 3723 1518 mundo
3755 1479 3848 1516 ma-

2287 1573 2387 1628 gna
2411 1567 2465 1613 et
2491 1574 2646 1627 parva
2674 1559 2923 1613 miracula
2952 1574 3069 1627 qua:
3098 1557 3683 1619 commemoravimus,
3712 1566 3761 1610 et
3786 1558 3852 1608 iu-

2290 1648 2712 1717 comparabiliter
2741 1649 2893 1717 plura
2914 1663 3031 1717 quae
3055 1663 3159 1701 non
3182 1646 3759 1705 commemoravimus,
3786 1645 3853 1697 ie-

2290 1738 2382 1806 cit,
2414 1738 2703 1813 eademgue
2729 1742 2844 1808 ipso
2869 1736 3065 1792 mundo
3096 1752 3205 1791 uno
3243 1746 3417 1806 atque
3442 1736 3686 1789 omnium
3714 1733 3861 1787 maxi-

2292 1846 2379 1884 mo
2417 1830 2671 1884 miracqu
2707 1830 2939 1884 inclusit.
2985 1830 3155 1899 Eligat
3196 1844 3332 1898 ergo
3364 1843 3539 1882 unum
3569 1826 3638 1881 de
3681 1824 3861 1877 duobus

2289 1923 2511 1993 quisque
2533 1921 2675 1992 quod
2693 1921 2887 1991 placet,
2907 1930 3080 1975 utrum
3105 1929 3159 1975 et
3174 1935 3428 1976 vermem
3455 1918 3525 1972 ad
3546 1932 3735 1987 corpus
3754 1928 3859 1985 pro-

2291 2013 2422 2082 prie,
2458 2028 2527 2067 an
2563 2012 2631 2066 ad
2654 2013 2888 2066 animum
2930 2012 3183 2066 translato
3228 2025 3258 2063 a
3284 2009 3671 2078 corporalibus
3709 2007 3766 2059 ad
3788 2006 3861 2058 in-

2290 2104 2586 2174 corporalia
2615 2104 2875 2159 vocabulo
2898 2104 3165 2159 existimet
3192 2101 3509 2172 pertinere.
3547 2099 3686 2167 Quid
3706 2108 3860 2151 autem

2292 2195 2481 2250 horum
2507 2210 2691 2251 verum
2712 2196 2802 2263 sit,
2825 2211 2910 2251 res
2936 2195 3049 2265 ipsa
3074 2193 3383 2263 expeditius
3406 2192 3689 2253 indicabit,
3712 2205 3855 2259 quam

2290 2287 2359 2342 do
2383 2287 2486 2343 erit
2509 2288 2727 2343 scientia
2755 2297 2896 2343 tanta
2926 2298 3249 2350 sanctorum,
3281 2295 3341 2340 ut
3365 2287 3450 2340 eis
3476 2281 3856 2355 cognoscenda-

2291 2394 2407 2433 rum
2437 2379 2642 2432 illarum
2663 2394 2939 2449 poenarum
2960 2377 3263 2433 necessaria
3293 2390 3411 2429 non
3427 2376 3503 2429 sit
3531 2373 3857 2445 experientia,

2293 2471 2387 2525 sed
2432 2485 2493 2524 ca
2531 2486 2649 2541 qua:
2694 2482 2817 2525 tunc
2860 2470 2961 2524 erit
3001 2471 3150 2539 plena
3179 2478 3343 2539 atque
3373 2466 3644 2536 perfecta,
3676 2464 3739 2517 ad
3774 2463 3856 2515 hoc

2291 2576 2499 2631 quoque
2532 2561 2803 2616 sciendum
2830 2560 3086 2630 sapientia
3123 2559 3235 2614 sola
3266 2557 3530 2612 sufﬁciat.
3560 2556 3714 2611 Nunc
3735 2555 3857 2607 enim

2290 2670 2355 2710 ex
2403 2664 2549 2724 parte
2586 2656 2782 2709 scimus
2806 2694 2821 2717 ,
2852 2652 3021 2707 donec
3061 2652 3239 2706 veniat
3273 2650 3425 2721 quod
3469 2649 3763 2719 perfectum
3788 2652 3857 2699 est

2296 2745 2338 2817 (l
2379 2744 2495 2801 Cor.
2525 2760 2643 2809 XIII,
2672 2744 2748 2814 9).
2777 2744 2908 2798 Dum
2952 2752 3125 2797 tamen
3157 2742 3300 2797 nullo
3344 2741 3513 2797 modo
3543 2741 3631 2794 illa
3656 2751 3856 2807 corpora

2293 2838 2411 2890 talia
2441 2837 2611 2891 futura
2644 2849 2762 2890 esse
2783 2833 3079 2900 credamus,
3103 2841 3161 2888 ut
3188 2833 3353 2887 nullis
3382 2832 3453 2886 ab
3482 2833 3607 2904 igne
3626 2829 3852 2884 afﬁcian-

2294 2937 2378 2982 tur
2398 2927 2689 2981 doloribus.

2291 3040 2513 3097 CAPUT
2539 3039 2606 3094 Χ.
2632 3068 2705 3079 -
2734 3040 2813 3093 An
2840 3038 2970 3109 ignis
3008 3037 3280 3108 gehennw,
3324 3052 3371 3090 st
3424 3036 3709 3104 corporalis
3749 3042 3815 3087 est
3835 3073 3849 3096 .

2363 3134 2518 3203 possit
2542 3133 2789 3203 malignos
2806 3132 3030 3201 spiritus,
3056 3130 3109 3183 id
3135 3140 3206 3183 est
3230 3128 3491 3183 dwmones
3517 3130 3842 3198 incorporeus,

2363 3236 2496 3279 tactu
2524 3241 2616 3278 suo
2644 3224 2873 3277 adurere.

2367 3340 2418 3393 1.
2454 3338 2550 3393 llic
2577 3337 2806 3393 occurrit
2831 3349 3069 3406 quazrere
3087 3375 3102 3400 ,
3127 3333 3173 3388 si
3198 3347 3304 3387 non
3324 3333 3431 3387 erit
3460 3333 3598 3403 ignis
3624 3334 3849 3399 incol-po.

2292 3432 2419 3492 ralis
2446 3434 2489 3503 ’,
2520 3432 2656 3490 sicut
2692 3438 2774 3490 est
2824 3429 2983 3488 animi
3011 3429 3169 3487 dolor
3190 3473 3205 3496 ,
3237 3427 3330 3486 sed
3359 3426 3657 3501 corporalis
3677 3469 3695 3495 ,
3720 3434 3845 3483 tactu

2293 3527 2497 3594 noxius,
2527 3535 2584 3579 ut
2628 3540 2693 3580 eo
2732 3524 2934 3596 possint
2971 3536 3193 3592 corpora
3222 3521 3447 3576 cruciari
3474 3538 3489 3585 ;
3518 3521 3777 3590 quomodo
3800 3520 3844 3572 in

2292 3633 2357 3673 eo
2382 3619 2481 3673 erit
2496 3617 2652 3672 etiam
2678 3631 2830 3685 poem
2849 3614 3124 3685 spirituum
3139 3614 3492 3682 malignorum
3508 3614 3533 3665 ἲ
3553 3612 3690 3665 Idem
3709 3611 3844 3680 quip-

2296 3723 2359 3777 pe
2388 3708 2544 3778 ignis,
2572 3706 2673 3761 erit
2700 3705 2957 3776 supplicio
2983 3704 3185 3758 scilicet
3210 3703 3490 3756 hominum
3504 3702 3778 3756 attributus
3798 3708 3847 3753 et

2294 3800 2614 3861 dmmonum,
2645 3796 2853 3851 dicente
2880 3794 3112 3860 Christo,
3138 3793 3397 3848 Discedite
3417 3811 3448 3846 a
3468 3811 3568 3859 me,
3597 3792 3844 3853 maledicti,

2294 3893 2346 3946 in
2374 3892 2539 3962 ignem
2566 3900 2807 3943 quernum
2830 3931 2845 3953 ,
2887 3888 2973 3957 qui
3013 3895 3218 3956 paratus
3248 3896 3321 3939 est
3355 3886 3565 3940 diabolo
3590 3895 3639 3939 et
3674 3884 3845 3955 angelis

2295 3984 2404 4054 ejus
2438 3981 2646 4053 (Matth.
2679 3996 2804 4044 xxv,
2836 3978 2950 4047 M).
2994 3978 3102 4032 Nisi
3147 3978 3269 4047 quia
3313 3985 3441 4030 sunt
3481 3977 3721 4046 qumdam
3763 3988 3841 4026 sua

2296 4076 2453 4131 etiam
2499 4074 2828 4129 dmmonibus
2873 4086 3093 4141 corpora
3119 4112 3134 4136 ,
3174 4072 3313 4125 sicut
3352 4069 3532 4124 doctis
3572 4067 3844 4123 hominibus

2298 4169 2464 4223 visum
2510 4176 2611 4231 est,
2649 4182 2714 4221 ex
2750 4167 2850 4219 isto
2879 4180 3001 4219 aere
3045 4178 3228 4217 crasso
3258 4171 3417 4231 atque
3448 4162 3678 4224 humido,
3706 4160 3835 4226 cujus

2298 4258 2550 4328 impulsus
2594 4266 2750 4310 vento
2796 4255 2955 4310 ﬂante
2982 4255 3211 4308 sentitur
3238 4255 3336 4322 (a).
3369 4253 3525 4321 Quod
3566 4267 3722 4322 genus
3741 4250 3838 4303 ele-

2298 4350 2458 4404 menti
2486 4349 2527 4403 si
2558 4346 2687 4401 nihil
2720 4348 2839 4416 igne
2866 4348 3066 4415 perpeti
3094 4354 3311 4415 posset,
3344 4360 3450 4399 non
3483 4352 3657 4397 ureret
3685 4341 3838 4395 ferve-

2298 4442 2465 4497 l‘aetus
2491 4442 2540 4494 in
2571 4441 2795 4494 balneis.
2830 4438 2897 4494 Ut
2927 4438 3065 4491 enim
3101 4445 3239 4499 urat,
3261 4437 3406 4505 prior
3432 4437 3616 4497 uritur,
3637 4434 3839 4502 facitque

2296 4531 2434 4602 quod
2460 4530 2673 4597 patitur.
2703 4528 2757 4583 Si
2779 4537 2955 4582 autem
2974 4528 3249 4596 quisquam
3272 4526 3413 4579 nulla
3433 4526 3629 4579 habere
3643 4534 3833 4591 corpora

2295 4623 2564 4675 dmmones
2609 4625 2881 4673 asseverat
2909 4660 2921 4681 ,
2953 4633 3057 4671 non
3086 4626 3166 4671 est
3211 4616 3279 4670 de
3306 4616 3406 4670 hac
3432 4632 3489 4670 re
3509 4624 3597 4669 aut
3624 4614 3832 4668 laboran-

2298 4711 2420 4765 dum
2445 4723 2667 4779 operosa
2697 4706 3056 4777 inquisitione,
3078 4714 3169 4761 aut
3196 4706 3526 4759 contentiosa
3556 4701 3830 4773 diSpuIatio-

2300 4822 2366 4859 ne
2389 4803 2718 4859 certandum.
2758 4801 2860 4855 Cur
2899 4800 3039 4853 enim
3066 4815 3168 4852 non
3201 4799 3462 4863 die-Imus,
3494 4798 3722 4867 quamvis
3744 4793 3826 4846 mi.

2299 4898 2391 4963 ris,
2441 4906 2612 4949 tamen
2657 4893 2796 4947 veris
2844 4892 3016 4945 modis
3055 4892 3211 4945 etiam
3262 4891 3483 4960 spiritus
3530 4891 3829 4957 incorporeas

2300 5001 2455 5057 posse
2480 4994 2631 5054 poena
2661 4982 2949 5053 corporalis
2980 4982 3114 5051 ignis
3135 4980 3295 5049 aﬂligi
3322 5022 3337 5044 ,
3369 4979 3415 5033 si
3446 4980 3656 5049 spiritus
3687 4972 3827 5029 homi-

2362 5186 2378 5217 ι
2405 5189 2494 5231 Lor
2517 5217 2530 5239 ,
2556 5188 2600 5231 et
2615 5181 2663 5230 in
2683 5184 2897 5228 mortem.
2920 5166 3065 5240 abest
3087 5181 3149 5232 rt,
3166 5188 3200 5240 Aa
3224 5176 3421 5240 ueteris
3441 5173 3591 5240 libris.
3663 5230 3673 5240 ε

2361 5248 2381 5277 ²
2407 5252 2475 5291 Er
2507 5236 2559 5292 et
2574 5250 2703 5298 Lov.,
2726 5237 3040 5303 incorporalis
3061 5237 3249 5287 noxius.
3277 5236 3544 5295 nedundat,
3565 5236 3738 5291 nonut,
3753 5238 3824 5275 nec

2299 5307 2445 5358 estin
2469 5304 2813 5368 manuscriptis.
3092 5357 3172 5368 ,Α
3244 5356 3255 5366 ,
3350 5355 3363 5368 ,
3470 5357 3518 5368 ..

2360 5354 2432 5428 (a)
2459 5373 2521 5414 tta
2544 5365 2692 5415 sentit
2707 5354 2962 5423 brigenes.
2988 5359 3072 5408 lib.
3090 5355 3412 5428 ‘2__t‘etiarch.,
3434 5357 3519 5428 ubi
3542 5354 3824 5428 summoti-ign

2298 5410 2883 5498 ait‘égs'éiﬁéijﬁpqtledin;
2910 5410 2961 5470 et
2979 5418 3316 5498 Tertullia'mts‘,
3342 5410 3549 5498 lilii-Ofe

2299 5472 2377 5539 £6.
2392 5472 2741 5550 angelus‘dieit
2764 5472 2882 5550 esse
2898 5494 3174 5544 eorporeos,
3200 5472 3324 5550 licet_
3336 5492 3444 5550 pou
3456 5491 3597 5550 carne
3621 5472 3820 5550 (auertitis.

2300 5538 2509 5612 manus,
2537 5548 2659 5597 libro
2673 5548 2737 5596 de
2754 5547 2924 5605 suum
2948 5538 3142 5612 sancti),
3163 5538 3278 5612 ξςεψ-
3296 5540 3391 5612 ,ίϐυ
3426 5538 3628 5610 Αοτίῖίρ¹οε
3646 5540 3825 5612 ’³ΨῖἓέῘῖ

2301 5594 2660 5661 immiti
2682 5594 2958 5673 corporeus,
2992 5605 3082 5653 sed
3104 5594 3272 5673 etiam
3294 5603 3343 5649 in
3363 5594 3824 5673 ϊίτοιλίίίξαπιὲξξῖξῗ

2743 5651 2880 5732 inde
2893 5651 3151 5732 aliquando
3177 5663 3338 5713 fuisse.
3363 5651 3432 5732 ’.1η

2300 5722 2537 5794 generali,
2562 5722 2747 5779 actione
2771 5730 2801 5775 4
2820 5762 2834 5785 ,
2860 5729 2903 5775 in
2930 5722 3151 5775 eamdem
3174 5725 3463 5794 sententiam
3504 5722 3745 5772 all'eruntvu
3762 5724 3821 5759 va-

2304 5792 2373 5844 ria
2391 5794 2660 5844 testimonia
2681 5799 2942 5840 Graecorum
2964 5795 3226 5836 auctorum.
3252 5792 3494 5849 Coenam.
