3926 6386
84 351 187 406 725

90 477 241 529 num,
295 459 469 513 etiam
507 455 610 527 ipsi
639 444 876 524 profecto
902 447 1225 518 incorporei,
1256 455 1310 500 et
1335 460 1473 499 nunc
1502 452 1687 512 potueo

93 564 215 611 runt
247 550 459 605 includi
500 546 863 615 corporalibus
912 541 1186 603 membris,
1209 547 1263 593 et
1289 549 1413 592 tunc
1448 543 1695 606 poterunt

94 659 388 715 corporum
420 656 644 696 suorum
670 638 893 692 vinculis
924 634 1271 689 insolabiliter
1299 630 1542 701 alligari?
1566 624 1683 683 Ad-

98 734 386 791 harrebunt
426 748 562 801 ergo
587 773 600 796 ,
647 730 689 783 si
739 730 818 782 eis
853 728 991 781 nulla
1032 733 1153 779 sunt
1192 738 1415 793 corpora
1442 764 1455 786 ,
1484 722 1698 792 spiritus

98 828 437 889 dzemonum,
474 825 585 877 imo
617 821 834 893 spiritus
875 819 1175 883 dremones,
1223 815 1346 868 licet
1375 811 1694 881 incorporei,

98 914 386 986 corporeis
420 913 640 983 ignibus
669 909 937 965 cruciandi
972 927 984 962 :
1015 923 1122 962 non
1152 915 1211 960 ut
1244 906 1390 975 ignes
1434 904 1552 973 ipsi,
1583 903 1699 971 qui-

100 1010 197 1063 bus
225 1005 611 1068 adh-.L-rebunt,
634 1016 816 1057 eorum
842 1000 1085 1070 junctura
1132 996 1476 1064 inspirentur,
1506 1000 1556 1044 et
1583 991 1700 1044 ani-

104 1098 263 1152 malia
297 1096 457 1158 fiant,
486 1110 605 1162 qua:
635 1100 878 1147 constent
900 1089 1087 1158 spiritu
1116 1098 1171 1140 et
1198 1098 1423 1153 corpore
1450 1100 1467 1148 ;
1498 1081 1589 1136 sed
1611 1123 1625 1148 ,
1649 1090 1706 1134 ut

108 1189 213 1244 dixi
242 1229 256 1252 ,
291 1188 455 1241 miris
489 1194 543 1240 et
589 1183 946 1240 ineﬂ'abilibus
980 1180 1151 1235 modis
1181 1176 1499 1232 adhaerendo
1520 1216 1534 1238 ,
1564 1174 1707 1227 acci-

106 1283 318 1351 pientes
364 1294 435 1333 ex
460 1277 672 1347 ignibus
701 1289 932 1345 pmnam,
953 1287 1056 1326 non
1082 1270 1268 1325 dantes
1289 1267 1495 1338 ignibus
1518 1266 1705 1321 vitam.

108 1372 241 1437 Quia
284 1379 344 1424 et
392 1369 502 1422 iste
536 1367 669 1420 alius
706 1365 893 1418 modus
920 1405 932 1428 ,
965 1376 1073 1432 quo
1102 1360 1414 1430 corporibus
1440 1358 1713 1412 adhaerent

111 1463 352 1533 spiritus,
390 1469 451 1515 et
496 1459 741 1513 animalia
787 1455 934 1520 fiunt,
970 1453 1186 1507 omnino
1232 1451 1394 1506 mirus
1438 1458 1518 1503 est
1546 1488 1561 1513 ,
1616 1460 1714 1499 nec

112 1552 510 1623 comprehendi
556 1551 622 1605 ab
662 1549 876 1603 homine
918 1553 1121 1615 potest,
1155 1553 1208 1598 et
1251 1543 1350 1597 hoc
1390 1542 1501 1609 ipse
1551 1538 1711 1592 homo

123 1656 225 1702 081..

185 1738 242 1791 2.
286 1737 543 1791 Dicerem
592 1732 807 1803 quidem
849 1731 1167 1784 sic‘arsuros
1212 1726 1325 1780 sine
1350 1723 1457 1778 ullo
1479 1737 1576 1777 suo
1601 1736 1718 1775 cor-

123 1845 251 1900 pore
281 1827 535 1897 spiritus,
567 1825 703 1878 sicut
747 1821 967 1875 ardebat
1012 1818 1149 1889 apud
1194 1816 1391 1871 inferos
1422 1814 1509 1868 ille
1548 1811 1716 1876 dives,

121 1919 337 1991 quando
371 1917 608 1979 diccbat,
637 1912 843 1969 Crucior
867 1914 917 1965 in
940 1911 1033 1964 hac
1057 1912 1261 1979 ﬂamma
1285 1905 1430 1976 (Luc.
1462 1919 1567 1967 xvr,
1597 1902 1718 1972 24);

126 2014 227 2068 nisi
259 2010 659 2067 convenienter
686 2004 1003 2076 responderi
1028 2015 1306 2057 cernerem
1333 2041 1346 2062 ,
1380 1998 1535 2051 talem
1564 1995 1723 2049 fuisse

129 2106 271 2158 illam
298 2104 602 2165 ﬂammam,
632 2098 818 2169 quales
862 2095 1001 2150 oculi
1033 2107 1166 2163 quos
1213 2088 1431 2151 levavit,
1462 2096 1514 2141 et
1557 2085 1721 2139 Laza-

129 2212 248 2250 rum
281 2193 438 2258 vidit,
466 2190 641 2262 qualis
673 2190 848 2258 lingua
877 2185 961 2240 cui
990 2184 1267 2237 humorem
1297 2179 1541 2247 exiguum
1564 2174 1726 2229 desin-

132 2287 341 2341 deravit
384 2282 632 2349 infundi,
655 2280 825 2351 qualis
850 2278 1043 2347 digitus
1088 2273 1267 2329 Lazari
1298 2272 1364 2326 de
1392 2285 1497 2339 quo
1535 2268 1585 2321 id
1625 2266 1727 2320 sibi

137 2376 250 2429 fieri
276 2373 575 2444 postulavit
598 2389 611 2424 :
643 2370 731 2424 ubi
757 2377 931 2423 tamen
959 2374 1111 2421 erant
1134 2363 1249 2417 sine
1277 2359 1589 2429 corporibus
1611 2358 1728 2411 ani-

138 2484 261 2522 mae.
296 2467 391 2521 Sic
414 2481 549 2535 ergo
574 2460 926 2533 incorporalis
952 2467 1009 2514 et
1035 2457 1121 2511 illa
1152 2455 1361 2509 flamma
1391 2467 1493 2521 qua
1511 2448 1729 2515 exarsit,

140 2571 193 2614 et
219 2560 307 2613 illa
340 2558 555 2629 guttula
581 2571 738 2625 qnam
771 2552 1014 2623 peposcit
1038 2567 1053 2616 ;
1088 2548 1261 2619 qualia
1288 2547 1449 2601 etiam
1474 2552 1596 2599 sunt
1621 2542 1732 2595 visa

148 2644 561 2707 dormientium
584 2649 695 2703 sive
722 2647 773 2701 in
807 2642 1002 2700 ecstasi
1027 2639 1357 2697 cernentium
1381 2652 1467 2691 res
1492 2635 1737 2701 incorpo-

146 2744 309 2808 rales,
344 2742 610 2797 habentes
634 2750 809 2792 tamen
844 2732 1247 2789 similitudinem
1270 2741 1577 2797 corporum.
1606 2723 1735 2777 Nam

146 2844 204 2889 et
230 2834 347 2902 ipse
379 2832 548 2887 homo
576 2845 695 2883 cum
728 2827 938 2896 spiritu,
973 2838 1077 2879 non
1100 2834 1345 2891 corpore,
1370 2819 1439 2871 sit
1464 2817 1515 2869 in
1547 2813 1740 2868 talibus

151 2924 308 2988 visis,
340 2924 414 2977 ita
461 2936 522 2976 se
561 2929 736 2972 tamen
770 2926 892 2970 tunc
936 2912 1163 2968 similem
1210 2925 1308 2964 suo
1337 2908 1548 2976 corpori
1574 2903 1738 2967 videt,

153 3022 213 3069 ut
237 3014 554 3069 discernere
601 3009 818 3065 omnino
859 3021 963 3061 non
994 3003 1179 3074 possit.
1236 3002 1306 3055 At
1333 3014 1458 3053 vero
1491 2996 1737 3067 gehenna

158 3106 268 3170 illa,
300 3102 448 3173 quod
494 3100 658 3156 etiam
689 3109 931 3167 stagnum
965 3094 1099 3164 ignis
1141 3100 1194 3147 et
1237 3088 1507 3159 sulphuris
1542 3085 1742 3139 dictum

160 3207 242 3249 cst
285 3197 477 3267 (Apoc.
511 3209 600 3258 xx,
628 3192 711 3261 9),
741 3200 1031 3258 corporeus
1063 3184 1198 3254 ignis
1227 3183 1329 3237 erit
1355 3223 1369 3248 ,
1399 3190 1451 3235 et
1490 3177 1747 3233 cruciabit

159 3302 392 3354 ϐαι-νοω
416 3284 809 3345 damnatorum,
837 3288 925 3332 aut
958 3286 1011 3331 et
1036 3275 1311 3329 hominum
1336 3281 1392 3326 et
1417 3270 1742 3333 dmmouum,

166 3377 338 3431 solida
368 3374 669 3437 hominum,
690 3371 830 3426 aeria
853 3368 1187 3429 dmmonum;
1220 3371 1312 3417 aut
1337 3370 1538 3416 tantum
1571 3358 1741 3412 homi-

162 3484 291 3522 num
322 3481 551 3535 corpora
577 3479 695 3519 cum
720 3461 1011 3532 spiritibus,
1040 3457 1309 3512 dmmoues
1335 3463 1511 3509 autem
1534 3450 1750 3520 spiritus

162 3560 281 3613 sine
331 3557 682 3627 corporibus,
735 3554 1000 3608 hznrentes
1051 3547 1309 3604 sumendo
1362 3560 1610 3615 ptenam,
1645 3558 1748 3596 non

165 3648 532 3718 impertiendo
552 3647 713 3700 vitam
744 3641 1108 3712 corporalibus
1133 3638 1360 3708 ignibus.
1388 3634 1533 3690 Unus
1554 3634 1752 3703 quippe

165 3740 417 3807 utrisque
436 3739 569 3808 ignis
589 3737 710 3803 erit,
727 3736 862 3789 sicut
885 3733 1090 3787 Veritas
1110 3730 1242 3791 dixit
1259 3726 1469 3797 (Matth.
1494 3740 1617 3789 xxv,
1638 3722 1750 3794 41).

168 3829 405 3885 CAPUT
446 3829 539 3882 Xl.
606 3857 677 3868 ——
713 3825 792 3880 An
821 3826 915 3878 hoc
942 3826 1069 3878 ratio
1097 3821 1303 3891 iustitia
1331 3818 1506 3872 habent
1526 3858 1540 3881 ,
1566 3826 1620 3869 ut
1655 3832 1753 3869 non

240 3922 344 3976 sint
375 3920 658 3973 extensiora
687 3933 947 3987 paenarum
973 3924 1218 3985 tempora,
1251 3927 1400 3981 quam
1430 3910 1616 3980 fuerint
1644 3923 1755 3976 pec-

240 4022 498 4064 calorum.

245 4103 339 4158 Sic
366 4111 546 4155 autem
570 4098 783 4170 quidam
812 4110 1020 4159 eorum,
1049 4103 1235 4148 contra
1256 4107 1392 4161 quos
1421 4089 1756 4145 defendimus

173 4196 448 4250 civitatem
477 4193 593 4260 Dei,
630 4190 886 4260 injustum
910 4195 1115 4257 putant,
1140 4194 1197 4239 ut
1213 4199 1310 4253 pro
1336 4182 1563 4253 peccatis
1584 4195 1760 4251 quam-

179 4288 313 4342 libet
376 4284 604 4354 magnis,
660 4294 822 4351 parvo
874 4278 1073 4332 scilicet
1127 4284 1369 4344 tempore
1422 4270 1755 4342 perpetratis,

181 4393 338 4448 pmna
371 4378 594 4446 quisque
639 4374 919 4428 damnetur
943 4380 1139 4425 mterna
1167 4384 1182 4434 ;
1212 4368 1359 4437 quasi
1390 4366 1548 4420 ullius
1586 4364 1638 4419 id
1664 4380 1762 4417 un-

183 4485 345 4539 quam
372 4468 574 4538 justitia
595 4466 741 4541 Jegis
772 4462 1037 4526 attendat,
1068 4470 1124 4515 ut
1154 4469 1293 4514 tanta
1326 4472 1477 4512 mora
1506 4454 1761 4525 temporis

186 4561 413 4629 quisque
441 4558 710 4628 puniatur,
739 4564 931 4625 quanta
973 4568 1117 4607 mora
1158 4551 1413 4620 temporis
1444 4547 1582 4602 unde
1608 4546 1761 4616 puni-

188 4658 333 4703 retur
359 4648 591 4701 admisit.
616 4647 747 4700 Oeto
777 4659 972 4715 genera
1003 4656 1280 4713 pmnarnm
1312 4640 1364 4693 in
1406 4638 1611 4707 legibus
1640 4650 1762 4691 esse

189 4740 368 4793 scribit
396 4739 622 4806 Tullius,
650 4738 920 4796 damnum,
952 4733 1182 4800 vincula,
1216 4730 1457 4792 verbera,
1487 4728 1759 4789 talionem,

191 4829 554 4897 ignominiam,
611 4827 884 4890 exsilium,
942 4833 1191 4888 mortem,
1245 4823 1577 4877 servitutem.
1629 4818 1762 4886 Quid

193 4919 381 4975 horum
430 4930 511 4975 est
538 4918 680 4988 quod
710 4918 761 4972 in
787 4918 948 4973 breve
982 4925 1189 4984 tempus
1216 4930 1312 4983 pro
1342 4912 1599 4981 cujusque
1640 4924 1765 4980 pec-

193 5012 294 5065 cati
323 5013 597 5067 celeritate
620 5018 940 5073 coaretetur,
965 5016 1023 5062 ut
1056 5016 1197 5061 tanta
1224 5005 1516 5060 vindicetur
1538 5001 1758 5065 morula,

193 5112 384 5171 quanta
398 5101 812 5171 deprehenditur
830 5108 1212 5170 perpetratum,
1244 5097 1344 5151 nisi
1369 5097 1503 5149 forte
1521 5093 1644 5148 talio
1665 5091 1762 5162 (a)?

196 5192 245 5246 id
272 5195 412 5249 enim
435 5194 564 5262 agit,
589 5200 649 5246 ut
674 5192 773 5246 hoc
794 5191 1021 5261 patiatur
1039 5190 1261 5259 quisque
1283 5185 1421 5255 quod
1448 5184 1591 5239 fecit.
1612 5182 1765 5238 Unde

197 5281 319 5338 illud
360 5291 444 5339 est
479 5282 636 5352 Legis
656 5322 671 5347 ,
702 5280 916 5335 Oculum
950 5296 1041 5349 pro
1070 5279 1215 5333 oculo
1239 5317 1254 5344 ,
1278 5276 1477 5330 dentem
1507 5289 1598 5343 pro
1625 5272 1770 5325 dente

258 5394 328 5457 (a)
362 5401 413 5444 In
436 5392 630 5455 legibus
651 5392 908 5457 Duodecim
930 5388 1308 5457 Tabularum_sie
1330 5385 1602 5457 habebatur
1610 5398 1637 5455 ,ε
1684 5400 1706 5428 ι
1726 5384 1766 5431 si

198 5444 465 5505 membrum
487 5444 634 5517 rupit,
677 5456 725 5502 ni
748 5466 859 5517 cum
896 5466 956 5517 eo
979 5452 1133 5517 pacit,
1170 5448 1281 5517 t_alio
1323 5455 1494 5517 esto._»
1524 5444 1767 5516 ’l‘alionem

201 5526 357 5587 autem
374 5508 632 5587 vocabant,
649 5515 838 5585 quando
859 5508 1135 5587 quis'quale
1172 5511 1372 5569 fecerat,
1398 5508 1495 5579 tale
1520 5509 1664 5556 etiam
1688 5518 1769 5567 ja-

208 5578 412 5649 tiebatur
437 5592 449 5628 :
478 5587 531 5628 ut
554 5579 592 5626 si
611 5570 829 5649 crinis-set
859 5570 1050 5624 oculum
1073 5570 1571 5649 aliemun,lamitteret
1595 5581 1731 5639 suum
1752 5583 1764 5626 ;

202 5638 239 5686 si
276 5649 571 5701 amputasset
617 5637 821 5687 alterius
873 5649 1019 5701 nares
1044 5672 1057 5695 ,
1090 5635 1329 5701 perderet
1362 5630 1586 5701 suasule
1628 5630 1767 5691 cujus

204 5650 239 5686 Bt
276 5649 571 5701 amputasset
617 5649 821 5687 alterius
873 5649 1019 5685 nares
1044 5672 1057 5695 ,
1110 5649 1323 5685 )CI‘UL‘I‘CL
1362 5649 1586 5680 suaszuc
1628 5649 1767 5691 υιῃιιδ

204 5698 1007 5769 aequitatelegisdisputaturapud
1029 5649 1193 5746 Aulum
1216 5695 1435 5754 Gellium,
1463 5692 1670 5742 Noctium
1696 5698 1769 5739 Αι-

206 5760 395 5812 ιὶεξιτιιιιι
419 5760 538 5815 libri)
562 5762 636 5822 20,
658 5760 760 5823 Cap.
790 5760 832 5807 1.
860 5767 968 5809 Luc.
990 5769 1141 5811 VIVES.

1295 331 1493 386 LIBER
1537 327 1894 384 VICESIMUS
1934 327 2203 384 PRIMUS.

3261 330 3364 391 726

1801 440 2007 511 (,Ecrod.
2052 441 2314 514 xxl,24).
2346 441 2482 496 Fieri
2523 442 2662 496 enim
2716 451 2925 510 potest,
2975 452 3030 495 ut
3074 453 3176 496 tam
3224 444 3365 497 brevi

1801 547 2038 608 tempore
2061 539 2285 608 quisque
2311 538 2517 591 amittat
2543 537 2756 593 oculmn
2788 538 3072 590 severitate
3096 536 3362 596 vindictre,

1802 645 1958 699 quam
1987 630 2106 683 tulit
2132 629 2245 697 ipse
2276 628 2429 682 alteri
2458 627 2793 698 improbitate
2822 626 3039 696 peccati.
3071 626 3238 679 Porro
3273 641 3367 677 an.

1803 730 1909 774 tem
1950 719 1995 774 si
2037 719 2227 772 aliena:
2269 716 2482 772 feminae
2511 716 2749 771 osculum
2779 716 3017 778 infixum,
3050 716 3268 770 rationis
3307 716 3375 766 sit

1805 809 2026 864 verbere
2068 807 2357 871 vindicare,
2406 821 2581 861 nonne
2610 807 2699 876 qui
2732 806 2858 860 illud
2890 816 3084 875 puncto
3112 805 3368 872 temporis

1806 898 2011 964 fecerit,
2044 898 2439 968 incomparabili
2468 896 2717 952 horarum
2744 894 2915 967 Spalio
2948 896 3254 951 verberatur
3282 937 3295 958 ,
3327 905 3377 947 ct

1808 992 2039 1047 suavitas
2070 991 2352 1060 voluptatis
2383 991 2585 1061 exigua:
2611 990 2861 1043 diuturno
2898 988 3082 1043 dolore
3124 988 3373 1056 punitur?

1810 1085 1965 1152 Quid,
1999 1086 2050 1139 in
2080 1085 2302 1138 vinculis
2348 1083 2599 1152 numquid
2631 1085 2645 1114 ¹
2696 1092 2800 1153 tam
2844 1081 2933 1135 diu
2992 1082 3216 1149 quisque
3255 1078 3361 1149 judi

1817 1177 2019 1231 candus
2046 1184 2128 1230 est
2154 1191 2273 1233 esse
2312 1175 2528 1240 debere,
2558 1190 2711 1243 quam
2742 1174 2831 1228 diu
2859 1172 2984 1227 fecit
3018 1172 3160 1226 unde
3189 1171 3381 1225 meruit

1815 1268 2051 1339 alligari;
2085 1283 2204 1321 cum
2249 1267 2543 1336 justissime
2591 1281 2819 1320 annosas
2867 1280 3053 1335 pmnas
3102 1279 3288 1318 servus
3332 1262 3385 1315 in

1816 1360 2159 1429 compedibus
2214 1358 2427 1428 pendat,
2477 1358 2566 1428 qui
2613 1359 2773 1412 verbo
2815 1365 2909 1412 aut
2955 1358 3061 1411 ictu
3107 1355 3386 1410 celerrime

1820 1459 2129 1505 transeunte
2180 1454 2261 1504 vel
2287 1449 2551 1503 lacessivit
2573 1448 2867 1514 dominum,
2896 1448 2975 1502 vel
2997 1446 3255 1516 plagavit?
3274 1445 3386 1499 Jam

1820 1559 1946 1599 vero
1993 1544 2266 1607 damnum,
2317 1543 2626 1612 ignominia,
2668 1542 2935 1605 exsilium,
2980 1540 3229 1602 servitus,
3269 1553 3387 1591 cum

1822 1638 2134 1707 plerumque
2159 1636 2236 1690 sic
2261 1634 2582 1705 infliguntur,
2616 1645 2669 1687 ut
2701 1633 2847 1688 nulla
2879 1632 3033 1687 venia
3065 1630 3390 1691 ralaxenlur,

1825 1744 2001 1783 nonne
2034 1744 2130 1798 pro
2174 1728 2330 1797 hujus
2355 1728 2475 1781 vita:
2520 1726 2678 1781 modo
2720 1726 2909 1780 similia
2950 1723 3122 1795 poenis
3151 1722 3395 1776 videntur

1826 1822 2082 1877 mternis?
2112 1820 2235 1876 Ideo
2265 1821 2462 1891 quippe
2491 1829 2690 1874 acterna
2722 1833 2842 1873 esse
2872 1834 2975 1873 non
3008 1825 3248 1887 possunt,
3276 1814 3395 1882 quia

1827 1929 1927 1969 nec
1970 1916 2080 1984 ipsa
2110 1913 2238 1974 vita,
2266 1929 2383 1983 qua:
2411 1911 2494 1967 his
2537 1911 2810 1982 plectitur,
2841 1909 3127 1980 porrigitur
3155 1907 3207 1963 in
3238 1916 3398 1959 mter-

1830 2022 1951 2060 uum
1984 2023 1997 2058 :
2027 2014 2083 2060 et
2108 2012 2283 2058 tamen
2322 2012 2560 2072 peccata,
2592 2018 2709 2073 qua:
2738 2000 3071 2055 vindicantur
3101 1995 3397 2067 longissimi

1833 2099 2085 2169 temporis
2115 2097 2306 2168 pmnis,
2339 2097 2655 2152 brevissimo
2702 2106 2940 2164 tempore
2988 2098 3397 2162 perpetrantur;

1833 2207 1930 2246 nee
1955 2191 2230 2262 quisquam
2245 2189 2445 2244 exstitit
2466 2189 2551 2258 qui
2579 2195 2823 2243 censeret
2844 2195 2948 2241 tam
2971 2184 3076 2238 cito
3102 2180 3400 2237 nocentium

1834 2282 2063 2338 ﬁnienda
2091 2282 2210 2336 esse
2241 2287 2526 2346 tormenta,
2554 2293 2710 2349 quam
2734 2278 2841 2331 cito
2868 2275 3063 2329 factum
3086 2281 3167 2328 est
3197 2271 3282 2326 vel
3308 2269 3402 2322 ho-

1836 2376 2132 2441 micidium,
2160 2372 2241 2429 vel
2273 2373 2609 2437 adulterium,
2637 2370 2719 2425 vel
2747 2367 3102 2437 sacrilegium,
3127 2364 3207 2418 vel
3236 2360 3404 2433 quod-

1839 2467 1968 2520 libet
1993 2464 2134 2518 aliud
2157 2464 2348 2528 scelus,
2382 2478 2487 2515 non
2513 2460 2768 2529 temporis
2795 2456 3146 2528 longitudine,
3179 2452 3272 2508 sed
3305 2452 3404 2506 ini-

1840 2556 2054 2627 quitatis
2092 2563 2145 2608 et
2183 2553 2473 2622 impietatis
2520 2549 2883 2621 magnitudine
2928 2545 3275 2602 metiendum.
3307 2542 3408 2610 Qui

1841 2663 1968 2703 vero
1988 2662 2084 2718 pro
2104 2646 2278 2716 aliquo
2302 2644 2485 2715 grandi
2508 2643 2730 2697 crimine
2751 2647 2921 2695 morte
2941 2636 3240 2701 muletatnr,
3258 2649 3411 2688 num-

1843 2741 1968 2812 quid
1996 2755 2142 2795 mora
2169 2754 2269 2809 qua
2298 2737 2577 2801 occiditur,
2605 2751 2723 2805 qua:
2747 2731 3014 2803 perbrevis
3035 2738 3135 2794 est,
3154 2728 3267 2798 ejus
3287 2740 3413 2793 sup-

1845 2833 2059 2903 plicium
2089 2832 2232 2901 leges
2261 2830 2555 2893 mstimant,
2595 2837 2650 2882 et
2688 2843 2792 2881 non
2823 2824 2962 2895 quod
2989 2838 3109 2877 eum
3141 2823 3192 2875 in
3218 2820 3414 2887 sempi-

1848 2933 2055 2979 ternum
2098 2922 2342 2976 auferunt
2386 2919 2453 2974 de
2497 2918 2750 2973 societate
2795 2913 3121 2969 viventium?
3147 2909 3298 2978 Quod
3339 2917 3417 2963 est

1848 3026 2024 3072 autem
2054 3015 2121 3070 de
2152 3015 2248 3068 ista
2278 3012 2491 3068 civitate
2520 3009 2727 3065 mortali
2764 3008 3007 3062 homines
3035 3004 3295 3073 supplicio
3315 3002 3418 3071 pri-

1852 3124 1951 3161 mae
1976 3106 2181 3171 mortis,
2211 3103 2312 3158 hoc
2332 3112 2412 3157 est
2441 3102 2508 3157 de
2532 3101 2743 3155 civitate
2765 3099 2853 3152 illa
2871 3094 3155 3151 immortali
3177 3092 3420 3149 homines

1851 3197 2107 3267 supplicio
2128 3194 2374 3250 secunda:
2393 3192 2580 3247 mortis
2608 3190 2835 3245 auferre.
2864 3188 3011 3244 Sicut
3037 3187 3179 3241 enim
3206 3198 3312 3237 non
3344 3176 3455 3237 εἷς*

1856 3290 2040 3344 fieiunt
2072 3289 2215 3358 leges
2248 3286 2405 3356 hujus
2442 3284 2666 3340 civitatis
2692 3324 2706 3348 ,
2742 3283 2874 3337 utin
2913 3295 3028 3335 eam
3070 3278 3295 3349 quisque
3336 3290 3421 3329 re-

1856 3392 2073 3437 vocetur
2112 3381 2360 3444 occisus;
2401 3379 2478 3432 sic
2522 3391 2618 3431 nec
2658 3376 2796 3429 illius
2828 3416 2841 3439 ,
2882 3381 2938 3426 ut
2989 3372 3039 3425 in
3066 3370 3225 3424 vitam
3269 3382 3423 3422 revo-

1858 3484 2009 3531 cetur
2049 3482 2299 3528 aeternam
2318 3511 2335 3537 ,
2367 3469 2595 3525 secunda
2626 3475 2795 3522 morte
2823 3466 3119 3519 damnatus.
3149 3456 3424 3527 Quomodo

1858 3584 1984 3638 ergo
2028 3581 2210 3621 verum
2251 3572 2349 3627 cst,
2384 3562 2645 3630 inquiunt,
2676 3558 2814 3627 quod
2856 3558 2927 3609 ait
2953 3554 3193 3609 Christus
3224 3558 3422 3611 vester,

1860 3657 1923 3711 In
1961 3674 2061 3727 qua
2100 3670 2333 3708 mensura
2365 3651 2519 3704 triensi
2554 3648 2750 3718 fueritis
2771 3689 2784 3712 ,
2812 3648 2863 3699 in
2895 3662 2957 3698 ea
2985 3642 3269 3697 remetietur
3294 3638 3427 3692 vobis

1860 3750 2009 3823 (Luc.
2033 3765 2106 3811 vt,
2131 3749 2242 3816 '58),
2270 3746 2312 3799 si
2340 3743 2626 3813 temporale
2653 3748 2919 3811 peccatum
2942 3735 3199 3806 supplicio
3216 3730 3427 3803 punitur

1860 3854 2059 3897 artemo
2091 3838 2189 3911 (a)?
2216 3838 2323 3892 Nec
2351 3835 2649 3896 attendunt,
2682 3846 2787 3887 non
2818 3837 3032 3900 propter
3060 3824 3259 3895 mquale
3289 3833 3424 3876 tem-

1864 3934 2006 4003 poris
2023 3932 2271 4001 spatium,
2301 3927 2392 3981 sed
2420 3934 2631 3995 propter
2658 3921 3069 3978 vicissitudinem
3090 3915 3235 3980 mali,
3257 3912 3305 3967 id
3329 3921 3428 3975 est,

1864 4034 1919 4078 ut
1944 4024 2031 4093 qui
2064 4021 2197 4075 mala
2232 4018 2435 4082 fecerit,
2480 4017 2614 4070 mala
2660 4014 2911 4083 patiatur,
2956 4009 3197 4064 eamdem
3238 4005 3431 4058 dictam

1865 4114 2025 4168 fuisse
2056 4125 2379 4167 mensuram.
2407 4106 2659 4173 Quamvis
2694 4104 2794 4157 hoc
2821 4104 2870 4155 in
2898 4117 2957 4154 ea
2990 4114 3047 4153 re
3074 4098 3286 4167 proprie
3312 4109 3432 4164 pns-

1864 4206 1933 4258 sit
1965 4203 2149 4271 accipi,
2178 4201 2245 4255 de
2269 4214 2371 4268 qua
2406 4197 2660 4250 Dominus
2703 4208 2822 4247 cum
2855 4191 2953 4247 hoc
2991 4189 3210 4252 diceret,
3254 4185 3433 4253 loque-

1869 4299 2039 4363 batur,
2075 4295 2124 4349 id
2148 4302 2248 4358 est,
2279 4293 2346 4346 de
2366 4290 2577 4361 judiciis
2604 4294 2656 4341 et
2676 4281 3222 4341 condcmnationibus.
3250 4276 3431 4330 Proin-

1866 4388 1932 4443 de
1959 4388 2045 4457 qui
2070 4385 2269 4456 judieat
2312 4393 2366 4439 et
2394 4380 2712 4438 condemnat
2739 4376 2952 4446 injuste,
2992 4373 3037 4429 si
3081 4369 3345 4441 iudicatur
3384 4375 3436 4420 et

1866 4475 2423 4544 condemnaturjustc,
2454 4474 2503 4526 in
2532 4469 2714 4525 eadem
2742 4478 2985 4521 mensura
3015 4462 3220 4532 recipit,
3247 4472 3434 4527 quam-

1869 4573 1946 4626 vis
1976 4587 2079 4625 non
2107 4570 2207 4623 hoc
2234 4568 2372 4636 quod
2393 4564 2555 4619 dedit.
2586 4559 2791 4617 Judicio
2812 4557 2951 4612 enim
2978 4554 3117 4619 fecit,
3134 4549 3335 4621 judicio
3354 4562 3439 4616 pa-

1871 4665 1997 4718 titur
2032 4681 2043 4717 :
2068 4659 2308 4732 quamvis
2334 4656 2515 4711 fecerit
2542 4649 2882 4707 damnatione
2910 4642 3049 4715 quod
3070 4643 3307 4711 iniquum
3331 4644 3435 4691 est.-

1873 4757 2097 4826 patiatur
2118 4752 2459 4807 damnatione
2483 4742 2622 4815 quod
2649 4742 2849 4811 justum
2876 4745 2978 4791 est.

1870 4866 2093 4923 CAPUT
2120 4864 2232 4920 XII.
2250 4892 2321 4901 —-
2341 4860 2417 4914 De
2439 4853 2777 4927 magnitudine
2802 4842 3223 4921 prwvaricationis
3244 4839 3437 4911 primm,

1943 4962 2001 5015 ob
2025 4973 2172 5029 quam
2214 4964 2398 5008 wlerna
2436 4964 2581 5019 pecua
2621 4942 2846 4998 omnibus
2885 4938 3137 5000 debeatur,
3175 4932 3258 5002 qui
3302 4938 3443 4982 extra

1942 5050 2151 5124 gratiam
2176 5046 2357 5117 fuerint
2387 5039 2682 5096 Saluatoris.

1943 5162 2048 5218 Sed
2074 5173 2226 5229 paena
2261 5167 2456 5209 interna
2489 5150 2606 5204 ideo
2631 5146 2760 5200 dura
2788 5154 2840 5197 et
2868 5141 3058 5210 injusta
3088 5132 3332 5191 sensibus
3365 5130 3443 5181 vi-

1872 5258 2028 5313 detur
2049 5251 2311 5315 humanis,
2337 5244 2457 5317 quia
2485 5244 2536 5297 in
2559 5241 2660 5297 hac
2682 5235 2985 5295 inﬁrmitate
3012 5223 3443 5282 moribundorum

1873 5361 2122 5404 sensuum
2172 5343 2321 5398 deest
2372 5338 2459 5393 ille
2504 5345 2691 5388 sensus
2729 5326 2995 5383 altissima:
3047 5317 3445 5389 purissimaeque

1940 5566 1953 5594 ι
1985 5562 2117 5619 editi,
2137 5556 2258 5619 Quid
2282 5554 2331 5604 in
2350 5547 2544 5603 vinculis
2562 5545 2584 5597 ?
2599 5529 2833 5605 Numquid
2859 5538 2941 5589 ibi.
2963 5536 3123 5594 Abest,
3140 5530 3220 5591 ibi,
3237 5542 3263 5579 a
3278 5540 3450 5578 manu-

1876 5631 2159 5752 bC|(lri)usvide
2197 5680 2337 5741 Epist.
2388 5674 2502 5732 102,
2529 5670 2584 5721 ad
2609 5665 3098 5728 Dcugratias,quzest.
3144 5656 3187 5714 -ι,
3224 5666 3275 5702 n.
3302 5651 3360 5701 22
3407 5657 3448 5699 et

1882 5756 2019 5811 seqq.
