3960 6478
601 296 702 350 ῚΞῚ

597 412 901 480 sapientize,
943 428 1045 482 quo
1081 415 1265 469 sentiri
1306 416 1471 484 possit
1508 428 1758 485 quantum
1803 420 1951 474 nefas
1990 419 2042 474 in
2081 421 2167 474 illa

596 501 763 567 prima
807 503 1234 570 praevaricatione
1272 506 1611 560 commissum
1654 508 1741 561 sit.
1782 508 1988 575 Quanto
2025 512 2168 565 enim

595 593 763 661 magis
799 594 957 649 homo
998 594 1268 650 fruebatur
1307 597 1436 664 Deo,
1483 607 1625 652 tanto
1661 603 1861 669 majore
1902 602 2169 670 impietate

595 682 870 753 dereliquit
896 685 1078 749 Deum,
1124 696 1176 740 et
1221 687 1387 743 factus
1433 699 1513 744 est
1553 691 1689 744 malo
1730 692 1918 762 dignus
1945 702 2164 760 aeterno,

592 773 682 840 qui
711 773 810 827 hoc
834 775 884 828 in
918 790 978 830 se
1003 778 1224 845 peremit
1250 779 1468 845 bonum,
1500 781 1636 849 quod
1675 798 1792 836 esse
1815 793 1991 852 posset
2013 794 2168 839 aeter-

591 879 742 918 num.
779 865 909 920 lIinc
946 876 1028 921 est
1064 868 1304 922 universa
1333 871 1540 940 generis
1567 871 1780 927 humani
1820 889 1992 929 massa
2020 875 2167 929 dam-

591 965 712 1007 nata
757 972 769 1007 :
812 958 1058 1024 quoniam
1087 960 1176 1028 qui
1215 961 1314 1014 IlOC
1346 962 1588 1031 primitus
1622 964 1635 993 ¹
1675 965 1908 1032 admisit,
1950 981 2070 1020 eum
2105 981 2166 1021 ea

590 1060 708 1113 quae
739 1046 790 1100 in
821 1046 910 1100 illo
937 1047 1106 1102 fuerat
1141 1050 1371 1105 radicata
1408 1068 1503 1106 sua
1531 1053 1696 1121 stirpe
1729 1057 1940 1125 punitus
1966 1065 2078 1121 cst,
2108 1066 2167 1113 ut

589 1136 765 1191 nullus
793 1137 857 1192 ab
888 1138 987 1194 hoc
1017 1139 1158 1206 justo
1186 1141 1472 1211 debitoque
1504 1145 1791 1213 supplicio,
1833 1148 1931 1201 ιιὶεί
1959 1149 2163 1203 miseri-

589 1225 771 1279 cordia
800 1235 854 1281 et
887 1227 1114 1283 indebita
1152 1231 1316 1298 gratia
1353 1232 1635 1296 liberetur;
1665 1242 1825 1303 atque
1861 1237 1929 1290 ita
1958 1237 2162 1306 disper-

590 1315 749 1370 tiatur
771 1332 935 1388 genus
956 1319 1261 1388 humanum,
1280 1323 1410 1376 utin
1433 1324 1746 1393 quibusdam
1775 1328 2165 1383 deumnstretur

589 1405 715 1473 quid
745 1406 917 1462 valeat
949 1409 1252 1465 misericors
1289 1412 1479 1480 gratia,
1527 1413 1577 1466 iu
1619 1416 1826 1469 cmteris
1865 1417 1987 1486 quid
2025 1418 2162 1488 justa

588 1497 837 1553 vindicta.
890 1499 1072 1569 Neque
1108 1501 1248 1556 enim
1295 1510 1574 1573 utrumque
1615 1505 2065 1562 demonstraretur
2111 1511 2162 1564 in

587 1587 866 1642 omnibus:
895 1589 1038 1659 quia,
1068 1591 1112 1645 si
1140 1606 1324 1646 omnes
1358 1603 1694 1648 remanerent
1724 1595 1776 1649 in
1819 1598 1988 1665 poenis
2009 1598 2163 1668 justae

586 1677 958 1748 damnationis,
988 1681 1037 1734 iu
1067 1681 1212 1736 nullo
1232 1691 1508 1751 appareret
1535 1687 1833 1741 misericors
1849 1689 2013 1757 gratia
2040 1689 2162 1744 red-

585 1767 799 1821 imentis
823 1770 880 1822 ’z
918 1785 1148 1836 rursum,
1168 1771 1211 1825 si
1233 1787 1417 1827 omnes
1449 1788 1480 1826 a
1503 1775 1734 1829 tenebris
1753 1778 2164 1833 transferrentur

586 1858 1072 1926 inlucem,innullo
1100 1873 1378 1932 appareret
1408 1866 1699 1937 severitas,a
1717 1869 1946 1924 ultionis.
1979 1870 2034 1924 In
2061 1887 2160 1940 qua

587 1961 860 2019 propterea
883 1953 1046 2006 multo
1067 1954 1245 2023 plures
1270 1971 1425 2025 quam
1451 1957 1502 2011 in
1531 1957 1615 2011 illa
1637 1967 1778 2027 sunt,
1805 1969 1859 2013 ut
1885 1961 1962 2015 sic
1981 1972 2157 2017 osten.

585 2040 739 2095 datur
766 2044 888 2112 quid
913 2046 1158 2099 omnibus
1182 2046 1484 2103 deberetur.
1513 2048 1662 2116 Quod
1691 2051 1736 2104 si
1767 2053 2010 2108 omnibus
2039 2054 2160 2109 red-

584 2129 816 2196 deretur,
855 2131 1111 2201 justitiam
1151 2136 1462 2191 vindicantis
1493 2138 1637 2208 juste
1676 2156 1833 2195 netno
1872 2143 2158 2213 reprehen-

583 2218 732 2274 deret
766 2238 778 2273 :
820 2223 940 2290 quia
988 2239 1112 2278 vero
1151 2233 1254 2279 tam
1298 2227 1445 2280 multi
1488 2227 1679 2282 exinde
1723 2229 2040 2298 liberantur,
2080 2243 2161 2288 est

584 2309 723 2365 unde
764 2323 986 2382 agantur
1026 2317 1266 2370 maxima:
1303 2319 1486 2388 gratia:
1521 2321 1749 2389 gratuito
1787 2324 1993 2378 muneri
2031 2324 2160 2380 libe-

582 2403 768 2456 rantis.

583 2516 806 2572 CAPUT
848 2519 982 2573 XIII.
1006 2551 1076 2560 —
1113 2520 1298 2576 Contra
1337 2523 1621 2592 Opinionem
1651 2541 1824 2579 eorum
1855 2529 1942 2597 qtti
1979 2539 2158 2600 putant

648 2611 929 2665 criminosis
967 2612 1216 2682 supplicia
1251 2624 1362 2684 post
1402 2627 1608 2670 ntortem
1640 2635 1794 2672 causa
1844 2624 2157 2692 purgationis

648 2699 892 2753 adhiberi.

651 2809 906 2866 Platonici
946 2814 1194 2884 quidem,
1231 2817 1470 2886 quamvis
1509 2818 1765 2889 impunita
1807 2822 1950 2877 nulla
1993 2824 2157 2878 velint

577 2914 696 2954 esse
726 2911 959 2970 peccata,
989 2913 1164 2958 tamen
1189 2919 1374 2962 omnes
1404 2921 1586 2976 prunas
1612 2911 1973 2967 emendationi
1999 2914 2151 2969 adbi-

576 2988 690 3043 beri
721 2999 926 3058 putant,
955 2991 1038 3047 vel
1059 2992 1304 3051 humanis
1331 2995 1554 3052 inﬂictas
1582 2997 1804 3068 legibus,
1829 3002 1910 3056 vel
1936 3002 2149 3068 divinis,

574 3079 686 3133 sive
707 3079 762 3134 in
791 3080 889 3136 hac
912 3083 1040 3150 vita,
1064 3085 1177 3138 sive
1194 3095 1314 3154 post
1338 3095 1584 3154 mortem,
1610 3089 1653 3142 si
1683 3099 1775 3144 aut
1801 3100 2047 3161 parcatur
2069 3093 2152 3149 liic

575 3169 787 3239 cuique,
809 3181 900 3225 aut
933 3173 1000 3226 ita
1037 3174 1296 3242 plectatur
1323 3186 1377 3230 ut
1403 3176 1491 3231 Itic
1520 3192 1629 3233 non
1656 3181 1969 3251 corrigatur.
2020 3183 2150 3237 llinc

493 3254 495 3256 ’
573 3270 655 3317 est
675 3261 903 3318 Maronis
921 3265 1007 3319 illa
1029 3269 1308 3334 sententia,
1339 3269 1426 3324 ubi
1452 3283 1572 3325 cum
1598 3270 1818 3326 dixisset
1840 3272 1907 3327 de
1926 3275 2150 3328 terrenis

576 3354 888 3423 corporibus
915 3357 1350 3428 moribundisque
1373 3361 1648 3425 membris,
1679 3361 1819 3432 quod
1847 3363 2036 3418 animae

633 3487 994 3558 ttinemetuunt
1014 3493 1328 3558 cupiuntque,
1353 3491 1520 3543 dolent
1541 3495 1871 3558 gaudentque,
1897 3510 1988 3548 nec
2009 3509 2149 3548 auras

629 3551 910 3611 Suspiciunt,
936 3551 1109 3602 clausa:
1133 3551 1352 3605 tenebris
1374 3561 1426 3604 et
1445 3551 1641 3606 carcere
1662 3551 1811 3618 03:06;

576 3663 788 3710 secutus
812 3656 1068 3725 adjunxit,
1091 3665 1248 3728 atque
1267 3662 1342 3714 ait
1371 3678 1384 3713 :

631 3789 749 3846 Quin
773 3795 824 3838 et
845 3800 1073 3852 supremo
1094 3804 1204 3842 cum
1226 3791 1409 3854 lumine
1433 3795 1528 3845 vita
1549 3795 1775 3859 reliquit;

572 3888 625 3941 id
646 3898 746 3955 est,
777 3904 899 3945 cum
925 3891 1011 3948 die
1039 3894 1328 3949 novissimo
1357 3897 1570 3967 reliquit
1590 3914 1680 3955 eas
1710 3902 1809 3957 ista
1840 3904 1964 3958 vita.

629 4028 724 4070 Non
747 4029 909 4134 tamoemn
936 4026 1157 4090 (inquit)
1179 4040 1323 4078 omne
1356 4029 1531 4080 malum
1554 4033 1760 4096 miseris,
1804 4050 1898 4090 nec
1933 4037 2145 4093 funditus

897 4101 988 4134 nes

897 4101 988 4136 nes

627 4151 877 4218 conpares:
902 4147 1145 4199 excedunt
1169 4159 1351 4218 pestes,
1378 4155 1672 4218 penitusque
1697 4171 1904 4210 necesse
1929 4171 2002 4213 est

625 4204 768 4254 Multa
786 4207 868 4255 diu
891 4219 1114 4260 concreta
1137 4204 1290 4262 modis
1310 4204 1755 4268 inolescere-miris:

627 4272 1070 4340 ergo‘eiterceutur
1088 4275 1266 4340 pinnis.
1275 4284 1610 4340 veterumque
1635 4280 1868 4332 malorum

623 4327 856 4398 supplicia
879 4327 1160 4398 expendunt
1184 4349 1196 4382 :
1223 4335 1330 4398 aliae
1354 4327 1622 4398 pandtnitur
1646 4327 1816 4392 inanes

624 4395 876 4460 suspensae
897 4395 1171 4460 adventos,
1193 4396 1298 4446 aliis
1321 4395 1412 4446 sub
1435 4403 1631 4460 gurgite
1656 4410 1790 4453 vasto

625 4449 855 4502 tnféctum
878 4453 1056 4506 eluitur
1072 4449 1251 4522 scelus,
1267 4467 1351 4522 aut
1375 4449 1595 4522 exuritur
1614 4449 1738 4522 igni.

1148 4518 1355 4580 (anteiit.
1381 4519 1460 4570 lib.
1486 4523 1533 4582 6,
1552 4535 1595 4572 v.
1620 4518 1870 4589 ἰδιά-τιτι.)

561 4613 662 4680 Qui
686 4615 786 4672 hoc
810 4618 1112 4688 Opinantur,
1143 4622 1312 4680 nullas
1344 4640 1524 4694 puenas
1551 4627 1651 4682 nisi
1688 4609 2018 4701 ptirgatorias
2045 4649 2138 4688 vo-

561 4704 677 4759 lunt
713 4721 831 4762 esse
864 4718 980 4777 post
1019 4723 1266 4780 mortem,
1302 4725 1358 4769 ut
1393 4721 1641 4786 quoniam
1672 4722 1826 4777 terris
1864 4723 2134 4792 superiora

560 4807 684 4851 sunt
726 4797 1016 4864 elementa,
1061 4817 1214 4872 aqua,
1253 4821 1365 4870 aer,
1408 4808 1559 4877 ignis,
1602 4826 1666 4864 ex
1706 4812 1882 4881 aliquo
1917 4814 2133 4868 istorum

560 4888 842 4944 mundetnr
884 4907 977 4960 per
1002 4896 1321 4964 expiatorias
1353 4913 1568 4967 pmnas,
1599 4904 1738 4971 quod
1767 4912 1973 4959 terrena
2009 4921 2137 4961 con-

557 4977 765 5044 tagione
814 4991 1143 5037 contractum
1181 4996 1282 5040 est.
1314 4989 1422 5042 Aer
1462 4991 1655 5060 quippe
1693 4997 1948 5064 accipitur
1983 4999 2032 5050 in
2069 5014 2134 5053 eo

555 5068 694 5136 quod
728 5069 820 5135 ait,
854 5069 1128 5141 Suspensw
1151 5075 1219 5128 ad
1245 5085 1411 5133 ventos
1448 5095 1468 5133 :
1494 5092 1626 5150 aqua
1669 5083 1720 5136 in
1763 5099 1828 5137 eo
1865 5087 2003 5154 quod
2037 5089 2129 5154 ait,

555 5157 661 5212 Sub
684 5161 880 5232 gurgite
900 5172 1038 5217 vasto
1065 5180 1085 5218 :
1109 5166 1244 5235 ignis
1262 5178 1437 5223 autem
1473 5187 1568 5227 suo
1604 5175 1818 5229 nomine
1851 5191 2132 5246 expressus

554 5260 657 5319 est,
690 5268 810 5308 cum
838 5255 989 5318 dixit,
1025 5257 1125 5310 Aut
1159 5261 1385 5313 exuritur
1421 5263 1546 5333 igni.
1589 5264 1698 5318 Nos
1732 5281 1857 5321 vero
1884 5269 2039 5322 etiam
2076 5271 2128 5324 in

558 5347 656 5400 hac
679 5346 891 5416 quidem
919 5351 1123 5404 u:or‘tali
1154 5352 1258 5407 vita
1283 5365 1402 5408 esse
1429 5355 1682 5425 quasdam
1719 5373 1901 5428 pmnas
1935 5371 2128 5432 purga-

556 5438 717 5494 torias
734 5441 1069 5510 confitemur,
1099 5460 1203 5499 non
1235 5445 1424 5517 quibus
1445 5448 1746 5520 affliguntur
1772 5469 1992 5521 quorum
2023 5456 2125 5510 vita

618 5592 636 5656 ξ
662 5589 882 5656 Plerique
907 5601 1035 5651 Mss,
1060 5597 1264 5656 primus.

618 5651 636 5718 ξ
673 5651 1217 5718 ιἰξνιιιιιιι,ᾄγιιιιὶηιοηιιε,
1240 5661 1378 5712 abest
1403 5676 1427 5711 a
1451 5673 1550 5713 Mss.

621 5707 636 5736 ⁸
671 5717 717 5757 ιιι
745 5719 843 5762 \tss.
875 5707 1168 5779 ιἰινιιειμιιι,
1189 5707 1373 5772 ueritus.

1645 302 1732 356 DE
1770 303 2086 360 CIVITATE
2127 303 2256 372 DEI,
2297 306 2354 361 S.
2395 307 2755 366 AUGUSTINI
3750 313 3836 370 723

2280 423 2363 478 vel
2390 439 2492 479 non
2520 425 2641 481 inde
2670 426 2726 480 lit
2749 427 2956 492 melior,
2987 429 3069 484 vel
3105 429 3286 498 potius
3321 429 3453 484 inde
3486 429 3544 482 lit
3573 428 3837 499 pejor;sed

2277 511 2383 566 illis
2428 525 2551 568 sunt
2591 517 2923 586 purgatorim,
2977 520 3065 587 qui
3109 519 3190 573 eis
3223 517 3458 574 coerciti
3510 519 3839 588 corriguntur.

2275 603 2491 659 Cretera:
2517 622 2701 661 omnes
2731 623 2920 677 poenae,
2963 611 3075 665 sive
3106 611 3454 682 temporaria:
3476 652 3491 674 ,
3531 612 3646 666 sive
3675 614 3840 680 sempi-

2277 706 2454 761 ternae,
2479 699 2613 752 sicut
2632 702 2986 773 unusquisque
3006 702 3180 758 divina
3201 703 3550 774 providentia
3568 704 3842 758 tractandus

2273 798 2372 850 est,
2413 789 2726 856 inferuntur,
2753 795 2834 848 vel
2868 810 2962 864 pro
3000 797 3230 865 peccatis
3262 797 3380 851 sive
3409 796 3720 867 prmteritis,
3748 797 3842 851 sive

2274 878 2328 931 in
2351 880 2538 947 quibus
2569 882 2742 937 adhuc
2767 885 2894 938 vivit
2915 885 3002 940 ille
3029 887 3118 956 qui
3155 887 3437 956 plectitur,
3470 886 3561 941 vel
3592 901 3688 955 pro
3712 901 3840 940 exer-

2270 970 2455 1026 cendis
2483 972 2920 1046 declarandisque
2948 977 3250 1039 virtutibus,
3285 994 3388 1048 per
3414 978 3668 1032 homines
3691 989 3737 1032 et
3762 994 3838 1031 an-

2269 1059 2434 1128 gelos,
2475 1075 2567 1116 seu
2613 1061 2778 1118 bonos
2821 1079 2913 1120 seu
2964 1066 3151 1121 malos.
3192 1066 3330 1121 Nam
3379 1066 3490 1122 etsi
3541 1069 3834 1136 quisquam’

2270 1151 2393 1204 mali
2421 1151 2616 1221 aliquid
2643 1154 2856 1209 alterius
2881 1156 3213 1226 improbitate
3242 1160 3328 1212 vel
3361 1174 3562 1212 errore
3596 1160 3836 1226 patiatur,

2271 1251 2452 1311 peccat
2471 1243 2681 1313 quidem
2705 1247 2883 1311 homo,
2918 1249 3007 1316 qui
3034 1248 3115 1302 vel
3145 1249 3481 1319 ignorantia,
3507 1249 3590 1302 vel
3610 1249 3836 1318 IlljUSlIlia

2269 1333 2512 1404 cuiquam
2538 1337 2660 1390 mali
2682 1337 2880 1406 aliquid
2907 1338 3028 1394 facit
3054 1357 3066 1391 :
3090 1340 3183 1395 sed
3216 1355 3328 1394 non
3357 1350 3560 1410 peccat
3586 1341 3735 1402 Deus,
3763 1345 3835 1410 qui

2263 1426 2429 1495 justo,
2461 1429 2700 1496 quamvis
2729 1431 2956 1494 occulto,
2982 1431 3183 1500 judicio
3222 1431 3347 1512 ﬁeri
3393 1431 3554 1486 sinit.
3581 1432 3680 1487 Sed
3717 1440 3836 1486 temo

2269 1518 2504 1586 porarias
2527 1534 2710 1588 prunas
2730 1521 2818 1574 alii
2842 1522 2891 1576 in
2921 1521 3020 1578 hac
3050 1524 3154 1578 vita
3183 1533 3423 1590 tantum,
3448 1525 3547 1578 alii
3576 1535 3689 1595 post
3713 1541 3834 1578 mor-

2270 1619 2395 1675 tem,
2427 1611 2513 1664 alii
2535 1620 2590 1666 et
2615 1628 2755 1666 nunc
2779 1621 2832 1668 et
2855 1621 2996 1679 tunc,
3030 1624 3404 1670 verumtamen
3438 1625 3573 1670 ante
3601 1616 3832 1685 judicium

2267 1701 2397 1755 illud
2442 1704 2839 1758 severissimum
2887 1705 3342 1776 novissimumque
3395 1707 3689 1776 patiuntur.
3733 1707 3834 1763 Nan

2265 1801 2439 1847 autem
2461 1809 2647 1850 omnes
2667 1796 2883 1850 veniunt
2904 1796 2957 1849 in
2977 1797 3334 1866 sempiternas
3359 1812 3578 1865 pmnas,
3602 1814 3710 1868 qua:
3731 1807 3834 1866 post

2267 1880 2395 1934 illud
2420 1881 2673 1951 judicium
2700 1893 2822 1939 sunt
2849 1884 3038 1940 futura:
3067 1887 3110 1952 ²,
3143 1886 3234 1956 qui
3266 1897 3394 1956 post
3424 1901 3658 1941 mortem
3684 1889 3832 1941 susti-

2266 1982 2394 2028 nent
2418 1975 2758 2043 temporales.
2797 1975 2929 2030 Nam
2969 1976 3308 2046 quibusdam,
3341 1979 3492 2046 quod
3524 1979 3579 2032 in
3614 1979 3709 2033 isto
3735 1993 3832 2031 non

2265 2064 2572 2129 remittitur,
2602 2066 2798 2120 remitti
2830 2067 2883 2121 in
2915 2066 3090 2122 futuro
3119 2068 3323 2123 szeculo
3356 2068 3578 2139 (Matth.
3613 2086 3697 2132 xu,
3725 2068 3828 2137 δὲ),

2265 2155 2317 2209 id
2345 2165 2458 2222 est,
2490 2172 2558 2212 ne
2587 2157 2752 2212 futuri
2776 2160 2959 2213 saeculi
2996 2169 3197 2216 interno
3234 2161 3510 2231 supplicio
3549 2162 3827 2230 puniantur,

2257 2246 2366 2316 jam
2391 2262 2546 2318 supra
2568 2248 2817 2306 diximus.

2261 2358 2483 2417 CAPUT
2529 2362 2667 2417 XIV.
2705 2393 2778 2403 —
2813 2362 2889 2418 De
2931 2366 3090 2434 pinnis
3127 2366 3499 2435 teniporalibus
3541 2367 3679 2420 istius
3706 2366 3822 2429 rita,

2534 2456 2712 2523 quibus
2735 2456 2955 2526 subjecta
2977 2466 3050 2510 est
3077 2458 3302 2512 humana
3327 2459 3577 2512 conditio.

2331 2563 2602 2618 Itarissimi
2643 2576 2766 2619 sunt
2798 2575 2975 2620 autem
3009 2568 3098 2636 qui
3135 2567 3314 2621 nullas
3356 2569 3410 2647 in
3456 2568 3557 2622 liae
3599 2569 3714 2633 vita,
3739 2568 3819 2622 sal

2261 2661 2459 2707 tantum
2491 2667 2609 2724 post
2633 2672 2749 2710 eam
2783 2672 2964 2726 poenas
2991 2659 3160 2712 luunt.
3186 2659 3379 2714 Fuisse
3405 2669 3584 2714 tamen
3611 2662 3818 2730 aliquos,

2247 2745 2347 2814 qui
2383 2761 2548 2815 usque
2573 2747 2639 2800 ad
2677 2747 3002 2817 decrepitam
3034 2757 3376 2804 senectutem
3417 2767 3486 2806 ue
3521 2751 3817 2806 levissimam

2259 2835 2472 2904 quidem
2518 2837 2823 2892 febriculam
2865 2840 3162 2907 senserint,
3210 2842 3560 2911 quietamque
3593 2841 3819 2895 duxerint

2259 2926 2443 2992 vitam,
2471 2928 2568 2997 ipsi
2597 2937 2651 2982 et
2685 2931 2926 2984 novimus
2957 2939 3011 2985 et
3034 2931 3335 2986 audivimus
3366 2947 3694 3002 :quanquam
3721 2934 3814 2984 vita

2261 3018 2375 3087 ipsa
2408 3022 2710 3075 mortalium
2739 3029 2846 3075 tota
2875 3037 3029 3091 poena
3055 3023 3156 3086 sit,
3186 3023 3312 3092 quia
3346 3033 3456 3076 tota
3488 3023 3695 3078 teutatio
3720 3031 3811 3087 est,

2255 3108 2392 3162 sicut
2408 3125 2572 3164 sacrm
2593 3110 2805 3165 Litterte
2821 3121 3128 3181 personant,
3156 3111 3242 3166 tibi
3268 3113 3530 3182 scriptum
3547 3122 3643 3177 est,
3667 3111 3811 3166 Num-

2255 3201 2378 3270 quid
2406 3218 2502 3254 non
2525 3204 2727 3256 tentatio
2749 3205 2938 3257 estvita
2963 3207 3186 3256 humana
3209 3209 3363 3274 super
3379 3215 3565 3258 terram
3592 3205 3700 3274 (Job
3727 3220 3807 3267 vn,

2255 3290 2308 3357 1,
2345 3307 2443 3345 sec.
2475 3291 2677 3362 LXX)?
2701 3294 2814 3347 Non
2859 3295 3001 3348 enim
3041 3309 3200 3364 parva
3242 3311 3402 3364 paena
3430 3305 3514 3350 est
3544 3296 3650 3366 ipsa
3688 3295 3807 3349 iusi-

2257 3381 2473 3450 pientia,
2504 3383 2588 3437 vel
2615 3385 2899 3454 imperitia,
2928 3401 3043 3455 qua:
3075 3401 3244 3455 usque
3273 3387 3412 3442 adeo
3439 3387 3675 3458 fugienda
3700 3401 3803 3440 meo

2252 3475 2354 3529 rito
2387 3475 2672 3546 judicatur,
2703 3487 2760 3531 ut
2792 3493 2887 3548 per
2923 3493 3106 3547 poenas
3144 3479 3421 3534 doloribus
3460 3482 3640 3550 plenas
3674 3480 3803 3548 pueri

2251 3576 2506 3638 erigantur
2531 3584 2753 3638 qumque
2773 3569 2993 3623 artificia
3023 3569 3104 3624 vel
3127 3570 3326 3624 litteras
3351 3571 3563 3626 discere
3590 3572 3801 3639 :ipsum-

2249 3675 2351 3729 que
2381 3660 2604 3723 discere,
2647 3659 2712 3714 ad
2752 3660 2891 3730 quod
2934 3662 3104 3730 poenis
3139 3661 3442 3730 adiguntur,
3483 3673 3586 3716 tam
3619 3661 3799 3731 poenale

2249 3750 2449 3814 esteis,
2490 3759 2546 3803 ut
2577 3765 2953 3821 nonnunquam
2991 3752 3131 3819 ipsas
3170 3765 3353 3820 pmnas
3388 3767 3481 3821 per
3517 3767 3643 3823 quas
3666 3767 3796 3806 com-

2250 3843 2518 3912 pelluntur
2541 3843 2767 3911 discere,
2805 3840 3000 3898 malint
3035 3844 3197 3908 ferre,
3237 3860 3396 3914 quam
3437 3846 3659 3900 discere.
3687 3844 3794 3910 Quis

2247 3944 2422 3991 autem
2455 3952 2556 3990 non
2579 3937 2881 4004 exliorreat,
2906 3946 2959 3992 et
2975 3937 3108 3992 mori
3130 3937 3308 4008 eligat,
3335 3939 3376 3991 si
3401 3939 3451 3993 ei
3477 3949 3791 4008 proponatur.

2247 4038 2339 4084 aut
2365 4044 2509 4083 mors
2538 4029 2902 4098 perpetienda,
2935 4038 3028 4083 aut
3055 4045 3236 4084 rursus
3272 4027 3529 4083 infantia?
3552 4031 3672 4097 Qua:
3697 4029 3793 4098 qui-

2246 4121 2365 4175 dem
2396 4121 2534 4191 quod
2567 4137 2670 4175 non
2701 4136 2729 4175 a
2760 4123 2888 4185 risu,
2917 4120 3010 4175 sed
3030 4137 3059 4174 a
3082 4121 3206 4176 ﬂetu
3234 4121 3443 4174 orditur
3468 4120 3600 4174 lianc
3620 4123 3788 4184 lucem,

2246 4210 2368 4280 quid
2393 4211 2654 4264 malorum
2685 4211 2922 4282 ingressa
2961 4212 3048 4277 sit,
3093 4211 3340 4265 nesciens
3364 4213 3640 4280 prophetat
3673 4225 3786 4276 quo-

2245 4299 2549 4353 dammodo.
2581 4299 2764 4355 Solum
2786 4343 2801 4367 ,
2841 4300 3051 4369 quando
3088 4309 3243 4354 natus
3281 4309 3386 4365 est,
3418 4299 3591 4354 ferunt
3631 4299 3787 4352 risisse

2245 4389 2579 4446 Zoroastrem
2605 4390 2704 4462 (α),
2739 4407 2838 4447 nec
2863 4392 2911 4446 ei
2937 4391 3061 4446 boni
3085 4391 3282 4462 aliquid
3318 4402 3648 4447 monstrosus
3669 4391 3785 4445 risus

2243 4484 2330 4537 ille
2355 4485 2640 4553 portendit.
2667 4485 2799 4539 Nam
2827 4485 3146 4554 magicarum
3173 4487 3368 4547 artium
3391 4485 3558 4540 fuisse
3581 4484 3781 4556 perbibe

2243 4583 2327 4626 tttr
2352 4575 2594 4628 inventor
2628 4593 2641 4629 :
2666 4591 2782 4643 quae
2820 4575 3032 4645 quidem
3059 4576 3130 4628 illi
3163 4590 3264 4630 nec
3289 4576 3358 4630 ad
3386 4577 3657 4646 praesentis
3681 4576 3782 4628 vita:

2241 4680 2428 4718 vanam
2462 4665 2762 4722 felicitatem
2791 4673 2975 4721 contra
3005 4681 3132 4721 suos
3159 4667 3406 4722 inimicos
3439 4668 3680 4737 prodesse
3701 4679 3780 4734 po-

2241 4764 2474 4809 tuerunt.
2501 4758 2543 4808 A
2576 4755 2710 4810 Nino
2737 4757 2930 4826 quippe
2954 4771 3078 4825 rege
3113 4755 3476 4825 Assyriorum,
3511 4771 3624 4809 cum
3663 4760 3780 4808 esset

2240 4848 2351 4916 ipse
2376 4847 2791 4911 Bactrianorum,
2821 4846 2960 4900 bello
2981 4854 3263 4914 superatus
3285 4857 3388 4898 est.
3415 4845 3634 4900 Prorsus
3661 4843 3775 4912 quod

2239 4937 2491 5006 scriptum
2529 4946 2627 5001 est,
2663 4935 2825 4990 Grave
2857 4936 3040 5006 jugum
3073 4951 3224 5005 super
3253 4936 3390 5003 ﬁlios
3439 4935 3629 4998 Adam,
3664 4931 3776 4984 «die

2236 5027 2399 5080 exitus
2419 5026 2480 5078 de
2500 5035 2664 5078 ventre
2687 5025 2862 5078 matris
2890 5041 3082 5092 eorum,
3105 5039 3260 5095 usque
3289 5025 3342 5076 in
3371 5024 3504 5092 diem
3535 5022 3774 5091 mutitare

2234 5117 2286 5170 in
2316 5126 2524 5169 matrem
2550 5116 2774 5169 omnium
2798 5114 2982 5185 (Eccli.
3013 5131 3102 5180 XL,
3137 5115 3209 5185 I),
3238 5129 3408 5184 usque
3436 5115 3567 5168 adeo
3596 5111 3770 5181 impleri

2236 5221 2451 5260 necesse
2485 5217 2588 5271 est,
2618 5215 2673 5260 ιιι
2712 5206 2809 5275 ipsi
2849 5207 3048 5276 parvuli
3085 5221 3179 5275 per
3211 5205 3482 5259 lavacrum
3524 5217 3770 5273 regenerao

2234 5298 2388 5352 tionis
2414 5299 2482 5350 ab
2501 5297 2772 5366 originalis
2799 5298 3023 5366 peccati,
3052 5311 3156 5367 quo
3180 5297 3296 5351 solo
3328 5295 3653 5358 tenebantur,
3675 5293 3766 5345 vir.-

2231 5389 2350 5443 culo
2373 5389 2481 5458 jam
2511 5389 2694 5455 soluti,
2718 5389 2852 5442 mala
2875 5388 3036 5443 multa
3055 5386 3332 5457 patientes,
3367 5384 3600 5442 nonnulli
3627 5393 3676 5439 et
3701 5383 3762 5435 iu-

2295 5545 2309 5615 ξ
2336 5545 2470 5615 find.
2501 5552 2599 5615 'Ain.
2627 5553 2678 5594 et
2697 5552 2819 5615 5155.,
2837 5545 3060 5615 quisque.
3117 5605 3128 5615 .
3149 5605 3160 5615 _
3245 5606 3258 5615 _
3406 5605 3433 5615 η
3690 5599 3736 5615 __

2285 5609 2309 5673 _’
2335 5608 2469 5664 illiti,
2493 5606 2566 5655 his
2580 5614 2684 5656 simt
2709 5605 2906 5668 futurnz:
2924 5605 3086 5667 Abest,
3109 5605 3198 5666 his,
3217 5606 3278 5654 ab
3290 5605 3511 5655 omnibus
3528 5605 3755 5652 manusch

2230 5675 2369 5790 ΙὶιΙῗξι)
2406 5729 2594 5788 tIiuins,
2622 5729 2703 5777 lib.
2729 5731 2757 5778 7
2782 5731 2896 5780 llist.
2919 5737 3036 5792 uat.,
3064 5742 3165 5794 cap.
3204 5730 3275 5787 I5,
3293 5729 3339 5776 in
3362 5727 3441 5776 ﬁn.
