3926 6386
135 326 231 382 729

137 453 313 497 cursus
355 432 629 503 spirituum
674 435 1021 505 malignorum
1069 438 1349 506 aliquando
1400 441 1682 509 patiantur.

136 533 256 599 Qum
280 526 489 595 quidem
518 524 691 592 passio
719 526 857 579 absit
882 535 937 580 ut
964 526 1042 580 eis
1075 529 1253 595 obsit,
1285 531 1327 583 si
1372 530 1507 584 hanc
1528 531 1689 583 vitam

141 623 186 675 in
209 621 291 673 illa
312 624 484 678 :etate,
508 616 666 670 etiam
690 616 798 686 ipsa
824 618 1066 685 passione
1088 619 1486 688 ingravescente
1507 630 1560 675 et
1580 622 1692 674 ani-

141 727 270 765 mam
291 709 359 762 de
382 722 605 775 corpore
634 708 968 772 excludente,
1002 710 1233 765 ﬁnierint
1259 711 1356 783 (α).

140 798 354 855 CAPUT
393 795 505 849 XV.
533 826 603 836 —
644 796 792 861 Quod
817 814 961 851 omne
986 815 1111 868 Opus
1140 802 1316 871 gratia:
1359 801 1449 855 Dei
1477 802 1692 855 eruentis

207 906 293 942 nos
314 890 374 939 de
393 888 732 956 profunditate
751 888 923 940 veteris
952 889 1090 953 ntali,
1113 891 1179 943 ad
1200 892 1357 952 futuri
1380 893 1551 945 saeculi
1577 908 1695 959 per-

209 980 357 1031 tinent
378 978 664 1030 novitatem.

208 1069 580 1122 Verumtamen
611 1069 660 1121 in
692 1073 833 1141 gravi
860 1072 986 1143 jugo
1012 1074 1152 1143 quod
1184 1074 1408 1142 positmu
1440 1082 1521 1127 est
1541 1087 1701 1142 super

147 1160 275 1216 ﬁlios
318 1157 506 1222 Adam,
553 1174 582 1211 a
622 1160 708 1215 die
753 1164 923 1217 exitus
962 1164 1029 1218 de
1071 1175 1255 1217 ventre
1285 1164 1465 1217 matris
1494 1179 1700 1231 eorum,

147 1264 302 1319 usque
346 1248 397 1301 in
437 1248 577 1302 diem
607 1253 891 1320 sepultura:
924 1254 973 1306 in
1006 1261 1225 1306 matrem
1255 1254 1512 1320 omnium,
1544 1254 1702 1308 etiam

148 1343 240 1395 hoc
276 1340 473 1393 malum
502 1342 773 1397 mirabile‘
804 1346 1082 1413 reperitur,
1131 1354 1186 1397 ut
1215 1345 1375 1399 sobrii
1405 1346 1589 1410 simus,
1619 1352 1700 1398 at-

146 1450 241 1503 que
284 1433 641 1503 intelligamus
692 1437 824 1490 hanc
876 1438 1033 1491 vitam
1068 1437 1134 1491 de
1162 1446 1378 1506 peccato
1430 1437 1519 1490 illo
1548 1437 1705 1489 nimis

148 1522 363 1589 nefario,
406 1523 550 1591 quod
589 1524 641 1577 in
684 1525 927 1593 paradiso
979 1535 1335 1595 perpetratum
1364 1536 1464 1592 est,
1511 1525 1703 1579 factam

147 1613 291 1667 nobis
319 1626 438 1667 esse
460 1614 745 1682 poenalem,
773 1624 1044 1685 totumque
1071 1617 1209 1685 quod
1237 1616 1509 1670 nobiscum
1532 1617 1706 1685 agitur

149 1720 237 1773 per
262 1704 663 1760 Testamentum
699 1722 912 1772 novum,
946 1722 1047 1761 non
1079 1708 1341 1775 pertinere
1369 1708 1467 1760 nisi
1492 1707 1557 1761 ad
1586 1707 1707 1761 novi

147 1794 319 1847 smculi
350 1794 714 1850 hmreditatem
760 1813 969 1861 novam,
1010 1807 1065 1851 ut
1094 1798 1180 1852 hic
1210 1799 1425 1868 pignore
1465 1807 1705 1867 accepto,

148 1886 266 1941 illud
291 1886 440 1955 cujus
469 1886 571 1942 hoc
601 1888 789 1958 pignus
815 1899 896 1944 est
918 1906 1014 1945 suo
1041 1899 1275 1961 tempore
1299 1905 1706 1959 consequamur:

148 1992 281 2032 nunc
307 1985 485 2032 autem
508 1978 836 2034 ambulemus
864 1981 914 2034 in
941 1996 1056 2051 spe,
1087 1989 1140 2035 et
1170 1979 1505 2050 proﬁcientes
1533 1982 1598 2035 de
1620 1980 1707 2035 die

150 2067 196 2119 in
221 2067 381 2134 diem,
409 2069 599 2138 spiritu
630 2068 763 2125 facta
787 2073 959 2126 carnis
996 2072 1376 2127 mortilicemus
1400 2072 1571 2142 (Rom.
1597 2089 1706 2138 vm,

149 2159 253 2228 15).
285 2159 436 2214 Novit
463 2162 603 2215 enim
634 2164 885 2217 Dominus
910 2164 995 2233 qui
1015 2174 1127 2217 sunt
1149 2166 1257 2235 ejus
1289 2164 1350 2233 (ll
1375 2164 1506 2216 Tim.
1527 2165 1706 2235 "(19);

150 2258 217 2312 ct,
236 2250 483 2321 Quotquot
504 2253 700 2322 Spiritu
726 2254 818 2309 Dei
843 2266 1076 2325 aguntur,
1100 2257 1153 2308 lii
1172 2257 1266 2323 ﬁlii
1292 2266 1406 2309 sunt
1428 2255 1707 2324 Dei(Rom.

150 2358 252 2405 vm,
283 2344 393 2413 H),
423 2345 529 2399 Sed
558 2347 742 2415 gratia,
767 2363 869 2401 non
899 2356 1103 2401 natura.
1131 2348 1326 2403 Unicus
1355 2350 1496 2401 enim
1527 2357 1709 2401 natura

154 2433 241 2487 Dei
270 2435 454 2501 Filius,
494 2446 708 2505 propter
751 2453 847 2492 nos
887 2438 1247 2493 misericordia
1276 2439 1441 2492 lactus
1466 2449 1547 2492 est
1576 2439 1714 2493 ﬁlius

153 2524 392 2592 hominis,
426 2536 484 2580 ut
510 2542 605 2582 nos
633 2536 817 2583 natura
859 2530 948 2583 ﬁlii
982 2530 1230 2595 hominis,
1265 2530 1356 2583 lilii
1398 2530 1491 2584 Dei
1520 2545 1612 2598 per
1644 2530 1711 2585 il-

154 2613 253 2667 lum
273 2617 439 2684 gratia
469 2618 991 2673 ﬁeremus'.Manens
1017 2621 1211 2690 quippe
1232 2620 1322 2674 ille
1349 2620 1709 2684 immutabilis,

154 2713 386 2761 naturam
437 2716 695 2773 nostram,
730 2710 780 2763 in
810 2726 911 2779 qua
940 2726 1036 2765 nos
1075 2710 1391 2780 susciperet,
1424 2710 1655 2779 suscepit
1684 2726 1713 2763 a

152 2794 333 2861 nobis;
375 2806 431 2852 et
475 2806 631 2852 tenax
668 2798 956 2853 divinitatis
993 2815 1121 2865 sure,
1156 2809 1350 2853 nostrae
1397 2800 1715 2853 inﬁrmitatis

153 2885 407 2956 particeps
452 2890 619 2943 factus
657 2898 775 2953 est;
821 2900 875 2943 ut
902 2905 999 2945 nos
1048 2891 1097 2943 in
1152 2891 1341 2944 melius
1383 2893 1712 2957 commutati,

152 2976 285 3043 quod
316 2988 624 3047 peccatores
653 2981 1003 3050 mortalesque
1030 2996 1232 3043 sumus,
1265 2981 1378 3050 ejus
1404 2982 1715 3035 immortalis

153 3075 203 3117 et
225 3066 349 3135 justi
369 3071 387 3100 ³
418 3072 815 3140 participatione
844 3073 1167 3138 amittamus,
1197 3081 1251 3127 et
1275 3072 1413 3141 quod
1447 3073 1497 3125 in
1528 3082 1712 3128 natura

156 3168 329 3211 uestra
363 3160 561 3215 honmn
604 3162 743 3227 fecit,
795 3162 1065 3231 impletum
1095 3177 1304 3216 summo
1332 3162 1475 3216 bono
1506 3164 1555 3215 in
1601 3162 1717 3232 ejus

156 3262 353 3309 natura:
404 3254 638 3308 bonitate
679 3268 973 3309 servemus.
1018 3253 1164 3307 Sicut
1218 3254 1361 3307 enim
1410 3269 1503 3322 per
1555 3269 1716 3307 unum

156 3340 423 3401 hominem
474 3354 777 3415 peccantem
822 3343 935 3412 (Id.
966 3360 1017 3409 v,
1070 3344 1158 3413 12)
1211 3344 1261 3398 in
1294 3343 1394 3398 hoc
1423 3353 1525 3398 tam
1560 3358 1720 3413 grave

155 3434 345 3490 malum
372 3438 680 3493 devenimus
705 3454 719 3492 :
748 3437 815 3490 ita
848 3451 942 3506 per
969 3451 1128 3488 unmn
1160 3434 1425 3488 hominem
1449 3435 1724 3489 eumdem-

154 3540 255 3591 que
282 3523 445 3583 Deum
468 3528 844 3599 justilicantem
875 3526 940 3580 ad
974 3525 1100 3579 illud
1132 3525 1326 3580 bonum
1359 3533 1464 3579 tam
1495 3525 1720 3580 sublime

154 3617 445 3673 veniemus.
490 3619 599 3674 Nec
625 3622 901 3688 quisquam
931 3633 988 3671 se
1017 3617 1174 3671 debet
1216 3616 1284 3669 ab
1329 3616 1431 3670 isto
1476 3616 1541 3669 ad
1572 3616 1717 3669 illum

156 3708 407 3761 transisse
446 3709 734 3775 conﬁdere,
763 3707 864 3762 nisi
894 3723 1014 3761 cum
1060 3707 1127 3760 ibi
1154 3705 1330 3770 fuerit,
1374 3706 1461 3759 ubi
1503 3706 1723 3760 tcntatio

154 3799 293 3853 nulla
322 3803 460 3866 erit;
494 3802 591 3855 nisi
625 3816 806 3870 pacem
836 3799 1081 3863 tenuerit,
1118 3814 1275 3868 quam
1306 3797 1428 3853 belli
1459 3797 1635 3867 hujus,
1668 3798 1719 3850 in

150 3908 258 3960 quo
287 3908 414 3945 caro
440 3894 766 3962 concupiscit
809 3893 1064 3947 adversus
1108 3892 1350 3962 spiritum
1400 3900 1453 3944 et
1506 3890 1723 3959 Spiritus

152 3983 409 4038 adversus
438 4000 652 4039 carnem
684 3983 880 4052 (Galat.
909 4000 962 4047 v,
991 3982 1102 4052 17),
1135 3982 1313 4035 multis
1337 3990 1389 4035 et
1420 3981 1578 4034 variis
1604 3996 1722 4035 cer-

154 4073 444 4130 luminibus
472 4075 678 4145 quarrit.
705 4073 815 4128 Hoc
836 4082 1009 4126 autem
1040 4072 1233 4126 bellum
1266 4086 1529 4139 nunquam
1562 4070 1723 4123 ullum

153 4174 315 4230 esset,
358 4168 404 4220 si
456 4173 639 4221 natura
689 4165 915 4218 hmnana
956 4179 1051 4232 per
1096 4162 1318 4215 libermn
1370 4162 1646 4215 arbitrium
1674 4161 1727 4215 in

159 4259 500 4325 rectitudine,
529 4260 578 4312 in
604 4274 705 4327 qua
743 4256 875 4310 facta
907 4266 1009 4321 est,
1042 4255 1379 4322 pcrstitissct.
1427 4253 1575 4307 Nunc
1602 4268 1730 4307 vero

161 4363 279 4416 quae
307 4366 491 4419 pacem
537 4349 656 4403 felix
684 4363 804 4402 cum
832 4348 940 4401 Deo
974 4345 1167 4399 habere
1203 4345 1391 4409 noluit,
1423 4359 1602 4398 secum
1632 4358 1730 4412 pu-

163 4440 706 4506 gnatinl‘elix,etcum
729 4438 797 4493 sit
822 4437 923 4493 hoc
938 4437 1131 4491 malum
1161 4434 1517 4500 miserabile‘,
1546 4435 1733 4489 melius

166 4537 245 4582 est
271 4538 448 4587 tamen
475 4546 629 4601 quam
659 4530 833 4599 priora
862 4529 980 4582 vine
1010 4527 1186 4596 hujus.
1216 4526 1401 4580 Melius
1430 4525 1732 4593 conﬂigitur

166 4620 356 4689 quippe
398 4639 517 4679 cum
549 4622 707 4686 vitiis,
738 4635 893 4690 quam
932 4636 1052 4674 cum
1074 4620 1093 4649 ⁸
1120 4620 1235 4673 sine
1267 4618 1369 4671 ulla
1394 4616 1734 4671 conﬂictione

168 4708 524 4768 dominantur.
575 4712 758 4766 Melius
791 4720 893 4778 est,
943 4711 1181 4779 inquam,
1222 4709 1416 4763 bellum
1469 4722 1587 4761 cum
1640 4722 1736 4776 spe

170 4810 379 4857 a‘ternm
406 4804 571 4873 pacis,
603 4817 758 4872 quam
786 4802 901 4856 sine
929 4802 1032 4855 ulla
1062 4799 1389 4854 liberationis
1415 4798 1735 4867 cogitatione

171 4896 465 4964 captivitas.
511 4895 765 4964 Cupimns
803 4893 1012 4964 quidem
1045 4894 1203 4947 ctiam
1236 4892 1337 4946 hoc
1364 4892 1503 4947 bello
1531 4905 1735 4955 carere,

225 5044 248 5114 θ’
275 5047 408 5114 Ιιξιξῖιὶ,
428 5043 749 5114 Itogmedium
766 5042 1048 5114 miserabile.
1066 5041 1288 5114 Plerique
1308 5047 1433 5112 Mss.,
1453 5038 1539 5114 hoc
1562 5038 1741 5114 malum

172 5104 383 5179 mirabile
414 5121 431 5157 :
455 5109 638 5180 scilicet
662 5108 710 5155 in
747 5104 957 5168 parvulis
990 5106 1105 5167 ipsis
1133 5105 1459 5166 regeneratis,
1481 5104 1544 5150 de
1569 5105 1744 5164 quibus

174 5179 418 5227 superiore
440 5179 614 5230 capite.

231 5229 252 5258 ⁸
285 5232 387 5281 sola
424 5232 570 5280 editio
615 5236 752 5287 Lov.,
798 5226 890 5291 ﬁlii
932 5226 1018 5277 Dei
1057 5239 1141 5290 per
1186 5224 1314 5275 illius
1355 5224 1560 5287 gratiam
1602 5222 1743 5287 [iere-

176 5300 249 5335 mtt
280 5325 292 5337 .

184 5406 210 5414 γ,
236 5303 340 5401 3sua
363 5366 536 5401 omnes
574 5360 677 5400 Mss.
722 5358 776 5414 ᾼι
816 5351 951 5414 editi,
978 5350 1093 5414 ejus
1138 5347 1568 5414 inunortal‘itatts‘ct
1603 5343 1747 5414 justi-

322 5414 561 5477 Paubque
586 5420 693 5476 post
728 5411 849 5471 loco:
870 5405 1143 5473 impletum,
1188 5410 1334 5457 iidem
1372 5409 1629 5465 habebant,
1654 5405 1744 5455 im-

366 5544 472 5587 Mss.
499 5536 616 5585 Editi
639 5546 775 5594 vero,
798 5539 843 5583 et
866 5532 953 5582 hoc
986 5545 1167 5596 quoque
1188 5543 1299 5582 cum
1322 5528 1500 5579 malum
1522 5526 1583 5579 sit
1606 5526 1747 5577 misc-

237 5658 258 5729 ξ
280 5633 639 5729 ἷὶιρςιιιειιηιητι
664 5656 892 5729 plurin
909 5659 1015 5703 Mss.

240 5718 308 5781 (ιι)
338 5714 467 5773 Coul'.
504 5714 732 5771 Enchirid.
757 5728 809 5765 n.
836 5714 910 5764 l7.

1306 321 1507 379 LIBER
1548 321 1898 379 \‘IGESIMUS
1935 321 2201 378 PRIMUS.

3254 328 3354 387 730

1796 450 1849 493 et
1887 439 1953 493 ad
1982 440 2359 509 capessendam
2403 441 2845 497 ordinatissimam
2891 457 3095 512 pacem,
3145 444 3230 498 ubi
3264 446 3354 497 ﬁr-

1796 534 2029 587 missima
2075 534 2360 589 stabilitate
2407 534 2699 605 potioribus
2746 534 2996 589 inferiora
3039 535 3355 598 subdantur,

1798 624 1916 691 igne
1942 624 2103 677 divini
2149 623 2345 679 amoris
2392 625 2749 679 accendimur.
2773 624 2878 679 Sed
2920 626 2986 692 si,
3034 625 3173 695 quod
3200 624 3358 691 absit,

1799 714 1941 769 illius
1973 715 2099 767 tanti
2129 715 2251 768 boni
2273 729 2394 784 spes
2424 716 2562 769 nulla
2608 725 2770 781 esset,
2799 715 2953 770 malle
2998 715 3278 769 debuimus
3305 716 3359 768 in

1799 804 1955 873 hujus
1984 805 2389 859 conﬁictationis
2418 805 2656 859 molestia
2693 820 2988 870 remanere,
3030 821 3186 875 quam
3222 805 3362 858 vitiis

1802 896 1851 948 in
1902 910 1999 949 nos
2055 895 2469 951 dominationem
2518 910 2623 950 non
2673 895 2752 949 eis
2799 895 3096 950 resistendo
3140 894 3363 965 permit-

1804 997 1913 1043 tere
1944 988 2040 1057 (α).

1801 1078 2024 1133 CAPUT
2063 1077 2200 1131 XVI.
2228 1108 2298 1117 —-
2326 1078 2432 1131 Sub
2458 1078 2634 1145 quibus
2669 1079 2845 1147 gratim
2871 1076 3057 1147 legibus
3087 1093 3256 1130 omnes
3286 1092 3366 1129 re-

2152 1176 2499 1237 generatorum
2527 1167 2802 1221 habeantur
2830 1177 3019 1220 aetates.

1878 1258 2071 1312 Verum
2100 1268 2240 1311 tanta
2271 1266 2351 1312 est
2379 1258 2469 1311 Dei
2498 1258 2855 1313 misericordia
2902 1260 2953 1311 in
2986 1273 3112 1311 vasa
3156 1256 3367 1311 miseri--

1805 1348 1998 1402 cordia-
2026 1364 2143 1417 qua:
2175 1346 2496 1417 prrcparavit‘
2531 1348 2581 1400 in
2626 1348 2869 1417 gloriam,
2902 1356 2959 1401 ut
2992 1348 3151 1401 etiam
3194 1346 3365 1416 prima

1808 1439 2036 1492 hominis
2082 1447 2229 1502 tetas,
2283 1437 2334 1491 id
2366 1447 2467 1500 est,
2505 1437 2720 1490 infantia
2750 1453 2867 1505 qua:
2897 1436 3011 1491 sine
3056 1437 3163 1489 ullo
3190 1435 3370 1489 renisu

1808 1529 2042 1597 subjacet
2066 1528 2234 1591 carni,
2265 1535 2319 1581 et
2355 1526 2585 1580 secunda
2610 1542 2727 1594 quae
2771 1526 2991 1595 puerilia
3022 1532 3372 1594 nuncupatur,

1808 1620 1897 1673 ubi
1926 1618 2157 1672 nondum
2187 1618 2319 1672 ratio
2346 1618 2577 1685 suscepit
2606 1616 2741 1669 hanc
2770 1632 3019 1685 pugnam,
3047 1625 3102 1670 et
3137 1615 3248 1670 fere
3274 1615 3376 1669 sub

1809 1711 2054 1765 omnibus
2080 1710 2281 1763 vitiosis
2302 1707 2735 1763 delectationibus
2760 1708 2923 1775 jacet,
2953 1707 3073 1775 quia
3105 1706 3228 1761 licet
3261 1706 3371 1774 jam

1810 1802 1907 1855 fari
1930 1801 2120 1865 valeat,
2154 1809 2205 1854 et
2228 1800 2347 1854 ideo
2374 1798 2647 1852 infantiam
2678 1798 2929 1851 transisse
2951 1797 3211 1860 videatur,
3246 1811 3377 1849 non-

1810 1892 1934 1947 dum
1964 1893 2015 1945 in
2041 1906 2103 1945 ea
2133 1900 2215 1945 est
2241 1889 2488 1959 praecepti
2536 1903 2702 1958 capax
2734 1884 3010 1941 inﬁrmitas
3056 1885 3281 1951 mentis;
3332 1884 3377 1938 si

1812 1992 2142 2040 sacramenta
2170 1980 2473 2036 Mediatoris
2495 1981 2779 2049 acceperit,
2812 1978 3018 2033 etiamsi
3049 1978 3184 2031 hanc
3210 1978 3262 2029 in
3302 1976 3381 2031 eis

1810 2077 1967 2131 annis
1994 2077 2153 2129 vitam
2178 2076 2343 2139 ﬁniat,
2369 2074 2621 2128 translata
2653 2073 2853 2127 scilicet
2894 2086 2921 2123 a
2953 2078 3207 2140 potestate
3233 2078 3381 2123 tene-

1812 2168 2023 2221 brarum
2053 2166 2103 2219 in
2126 2179 2344 2234 regnum
2364 2163 2581 2228 Christi,
2606 2177 2709 2216 non
2730 2162 2898 2215 solum
2930 2160 3095 2229 plenis
3116 2173 3220 2212 non
3249 2172 3382 2226 prae-

1814 2265 2027 2325 paretur
2066 2254 2297 2318 aeternis,
2348 2253 2442 2307 sed
2488 2268 2556 2307 ne
2608 2252 2715 2305 ulla
2752 2250 2963 2320 quidem
3013 2256 3129 2318 post
3158 2255 3381 2301 mortem

1816 2348 2115 2419 purgatoria
2143 2353 2404 2400 tormenta
2437 2345 2681 2414 patiatur.
2704 2341 2909 2397 Sufﬁcit
2935 2334 3073 2395 enim
3097 2340 3207 2393 sola
3229 2338 3385 2407 spiri~

1818 2441 1972 2493 tualis
1994 2438 2346 2508 regeneratio,
2378 2451 2443 2490 ne
2477 2443 2594 2504 post
2618 2442 2839 2488 mortem
2869 2432 3008 2486 obsit
3034 2429 3173 2499 quod
3199 2443 3386 2483 carna-

1817 2532 1882 2584 lis
1909 2529 2181 2600 generatio
2208 2543 2327 2582 cum
2358 2535 2529 2580 morte
2574 2524 2839 2578 contraxit
2887 2520 2979 2593 (ὁ).
3026 2521 3156 2574 Cum
3209 2527 3385 2571 autem

1816 2630 2031 2675 ventum
2060 2620 2212 2673 fuerit
2236 2616 2303 2672 ad
2329 2624 2691 2684 mtatcm,qu.e
2719 2621 3040 2682 praeceptum
3068 2610 3176 2679 jam
3221 2608 3383 2676 capit,

1817 2722 1869 2767 ct
1894 2711 2046 2766 subdi
2073 2717 2246 2780 potest
2274 2708 2403 2777 legis
2432 2706 2672 2776 imperio,
2709 2700 3099 2771 suscipiendum
3144 2708 3224 2753 est
3268 2698 3386 2751 hel-

1820 2806 1924 2861 lum
1955 2814 2139 2860 contra
2164 2803 2310 2868 vitia,
2341 2810 2394 2856 et
2413 2799 2700 2871 gerendum
2742 2796 2954 2860 acriter,
2988 2809 3052 2847 ne
3074 2791 3139 2846 ad
3166 2791 3386 2846 damna-

1820 2897 1941 2952 bilia
1970 2902 2182 2965 peccata
2206 2891 2473 2961 perducat.
2507 2889 2575 2942 Et
2621 2888 2665 2941 si
2710 2884 2922 2955 quidem
2950 2882 3181 2937 nondum
3211 2881 3380 2934 victo—

1819 2991 2014 3044 riarum
2045 2983 2428 3043 consuetudine
2450 2980 2698 3035 roborata
2719 2985 2860 3040 sunt,
2886 2974 3089 3029 facilius
3107 2974 3389 3026 vincuntur

1818 3089 1871 3135 et
1898 3079 2126 3134 cedunt:
2160 3077 2203 3130 si
2233 3082 2410 3128 autem
2439 3071 2654 3125 vincere
2682 3078 2840 3136 atque
2868 3067 3134 3134 imperare
3160 3077 3387 3117 consue-

1829 3172 2081 3233 verunt‘,
2113 3167 2371 3222 laboriosa
2401 3161 2707 3218 difﬁcultate
2729 3166 3063 3228 superantur.
3112 3154 3295 3222 Neque
3337 3152 3391 3205 id

1820 3266 1881 3318 ﬁt
1905 3262 2165 3317 veraciter
2201 3267 2358 3326 atque
2377 3252 2677 3314 sinceriter,
2702 3249 2803 3303 nisi
2832 3263 2966 3301 vene
2989 3247 3009 3276 ‘
3040 3244 3391 3299 delectatione

1816 3355 2073 3426 justitizez
2118 3350 2235 3406 hrcc
2278 3356 2360 3403 cst
2388 3355 2564 3399 autem
2596 3343 2647 3396 in
2685 3340 2788 3395 ﬁde
2816 3337 3030 3393 Christi.
3063 3336 3192 3390 Nam
3234 3335 3279 3387 si
3302 3335 3391 3387 lex

1817 3449 2010 3519 jubens
2037 3444 2196 3509 adsit,
2224 3450 2277 3497 et
2306 3438 2522 3509 spiritus
2543 3436 2739 3505 juvans
2758 3432 2897 3486 desit
2926 3445 3019 3500 per
3050 3429 3216 3497 ipsam
3260 3439 3392 3495 pro-

1824 3538 2137 3593 hibitionem
2195 3530 2458 3587 desiderio
2502 3532 2775 3581 crescente
2803 3531 2961 3591 atque
2990 3520 3237 3573 vincente
3267 3529 3392 3585 pec-

1823 3632 1948 3699 cati,
1975 3629 2135 3684 etiam
2178 3633 2355 3680 reatus
2399 3615 2846 3691 prtevaricationis
2885 3610 3109 3667 accedit.
3138 3608 3397 3662 Nonnun-

1823 3738 1980 3796 quam
2026 3734 2155 3776 sane
2202 3714 2536 3786 apertissima
2592 3708 2718 3763 vitia
2770 3705 2890 3759 aliis
2935 3702 3076 3757 vitiis
3115 3700 3397 3753 vincuntur

1825 3790 2069 3877 occultis,
2097 3823 2215 3881 qua:
2238 3812 2488 3876 putantur
2511 3814 2628 3855 esse
2650 3798 2893 3859 virtutes,
2923 3793 2973 3847 in
2998 3790 3189 3862 quibus
3212 3796 3399 3857 regnat
3470 3842 3477 3849 ,

1825 3904 2072 3976 superbia
2099 3880 2151 3956 et
2179 3897 2420 3970 quzedam
2464 3893 2561 3947 sibi
2606 3887 2851 3960 placendi
2898 3882 3120 3938 altitudo
3162 3880 3395 3976 ruinosa.

1827 3967 1976 4050 Tunc
2018 3967 2211 4060 itaque-
2242 3988 2381 4041 victa
2431 3982 2555 4037 vitia
2601 3975 2901 4048 deputanda
2948 3981 3089 4038 sunt,
3136 3985 3257 4025 cum
3307 3967 3399 4021 Dei

1829 4098 2011 4139 amore
2056 4082 2358 4139 vincuntur,
2388 4086 2547 4142 quem
2589 4069 2691 4123 nisi
2732 4068 2868 4121 Deus
2914 4065 3026 4135 ipse
3058 4076 3163 4115 non
3215 4060 3397 4123 donat,

1832 4191 1928 4230 nec
1953 4172 2106 4227 aliter
2152 4168 2250 4223 nisi
2299 4180 2395 4236 per
2422 4160 2764 4216 Mediatorem
2792 4154 2884 4209 Dei
2916 4162 2970 4207 et
2995 4151 3269 4205 hominum
3303 4147 3403 4201 ho-

1832 4268 2029 4324 minem
2076 4263 2259 4319 Jcsum
2308 4256 2601 4316 Christum,
2653 4250 2741 4319 qui
2791 4247 2958 4301 factus
3006 4252 3088 4298 est
3138 4240 3403 4311 particeps

1834 4355 2169 4414 mortalitatis
2197 4358 2413 4415 nostrae,
2446 4355 2503 4401 ut
2526 4359 2621 4398 nos
2652 4339 2936 4411 participes
2965 4335 3167 4390 faceret
3205 4332 3401 4387 divini-

1836 4452 1957 4505 tatis
1986 4464 2117 4504 sute.
2145 4440 2453 4499 Paucissimi
2481 4445 2657 4491 autem
2684 4440 2808 4488 sunt
2842 4437 2999 4484 tanta:
3030 4424 3318 4487 felicitatis,
3347 4431 3407 4475 ut

1834 4542 1902 4597 ab
1945 4542 2057 4610 ipsa
2102 4539 2316 4592 ineunte
2343 4527 2700 4586 adolescentia
2746 4523 2889 4577 nulla
2932 4516 3250 4610 damnabilia
3282 4528 3406 4582 pec-

1837 4603 2339 4689 cata-committant
2370 4663 2386 4689 ,
2436 4620 2522 4673 vcl
2567 4618 2619 4671 in
2658 4612 2868 4682 ﬂagitiis
2896 4652 2910 4677 ,
2964 4608 3049 4663 vel
3092 4607 3142 4660 in
3199 4603 3402 4658 facino-

1902 4768 2075 4822 1t.ov.,
2114 4755 2400 4824 infirmiora.
2447 4752 2565 4801 εὼιί
2606 4748 2683 4799 alii
2726 4754 2777 4796 ct
2820 4742 3041 4807 plerique
3084 4738 3408 4798 manuscripti,

1838 4829 2083 4890 inferiora.
2559 4874 2569 4884 .
2673 4872 2681 4883 ⁸
2721 4870 2731 4880 ο
2864 4868 2874 4877 ι

1903 4891 1923 4919 ⁸
1947 4896 2071 4943 Mss,
2106 4882 2389 4933 consuerunt
2418 4881 2513 4943 :__et
2533 4886 2601 4943 sn:
2623 4869 2734 4943 alibi
2754 4879 2945 4943 passim.

1906 4950 1925 4982 ³
1951 4936 2083 4997 Vind.
2114 4954 2210 4992 Am.
2237 4949 2310 4989 Er.
2338 4946 2389 4988 ct
2412 4936 2612 4997 aliquot.
2640 4940 2765 4990 Mss,
2790 4940 2921 4978 vera.

1908 5033 2109 5096 (ηλιιοε
2132 5029 2276 5096 etiam
2308 5001 3413 5096 dfler_PP!!9?P'PE:3“ifi‘lmfiﬁ‘lﬂﬁl‘if

1844 5069 2437 5145 ευῖ“”έιίί;ῖιῑι-ιῑς;ξ·ῑριῑιίίω
2481 5069 2933 5145 posuerunt-Mm}
2976 5069 3056 5145 es!
3092 5069 3412 5145 99251599."

1844 5103 1927 5145 aut.
1961 5096 2210 5142 diuturnas
2253 5096 2437 5134 tantum
2504 5096 2766 5129 JOSUCI'UUI.
2790 5096 2933 5127 ualli,
2980 5096 3056 5119 uss
3100 5096 3227 5135 υιιιιτι
3255 5096 3411 5131 Inui...

1844 5157 2092 5218 seposito,
2109 5154 2237 5218 bene
2258 5149 2427 5218 vivere
2451 5096 2741 5218 piusjﬂulat,‘

1847 5184 2075 5218 ⁵υιιυοιιυν
2109 5184 2237 5200 νιν-ιν
2452 5184 2734 5210 ι---ναν-ικ,
2775 5184 2789 5197 .
2828 5195 2836 5203 ,
2886 5194 2937 5203 ,,
3046 5204 3053 5211 ,
3092 5184 3098 5187 .
3401 5184 3410 5191 ,

1847 5226 1924 5267 tus
1942 5224 2018 5265 est
2039 5216 2127 5263 sibi
2153 5208 2495 5271 ampliSsimmn
2518 5210 2792 5271 puerulum;
2816 5184 3414 5271 lelictoresqqemsgntlbom

1848 5246 1924 5267 sua
1942 5246 2018 5265 υοι
2039 5246 2127 5263 anu
2153 5246 2495 5271 uu-r.wu.-..----
2519 5246 2641 5263 rh“,
2672 5246 2675 5247 ,
2738 5260 2746 5268 I
2780 5246 2791 5255 ,
3023 5253 3029 5259 ι
3076 5246 3087 5250 _
3357 5246 3364 5254 '
3396 5258 3406 5267 .

1848 5281 1992 5328 etiam
2013 5276 2127 5324 dum
2148 5274 2226 5321 hic
2248 5272 2429 5320 vivunt,
2456 5276 2602 5327 quam
2639 5259 2750 5328 mali
2773 5246 3408 5328 quantumhlinent‘

1847 5307 1993 5401 Sidae:
2013 5307 2918 5437 secutoribus
2937 5316 3037 5361 suis
3058 5307 3259 5379 οηξιιιειηι
3284 5318 3412 5351 me"

1852 5401 2025 5437 nmlnm
2050 5410 2144 5437 nnn
2169 5394 2310 5437 nullo
2327 5393 2375 5437 in
2414 5396 2552 5437 utura
2575 5380 2802 5437 [λΐοωίίιίί
2824 5378 2939 5435 Vita,
2961 5373 3050 5423 sed
3066 5378 3209 5419 eum“
3229 5380 3276 5413 ιη
3295 5378 3412 5426 Prm‘

1852 5373 2552 5450 EE'uE‘iJBBxiiiiBJéinﬁmm
2574 5380 2802 5446 promittit
2824 5378 2939 5435 vita,
2961 5373 3050 5423 sed
3066 5373 3209 5419 etiam
3229 5373 3276 5413 in
3295 5378 3415 5426 prm-

1847 5470 1994 5583 ‘°‘<‘i')'
2301 5519 2352 5563 ει
2375 5504 2788 5583 novenole
2798 5490 3278 5583 manassias:

1849 5553 1991 5631 nitido
2377 5553 2539 5633 3165i
2554 5553 2603 5633 in
2637 5553 2881 5633 eangtate'
2889 5553 3250 5633 decedentibq§
3261 5559 3418 5633 ⁸,Μιξῗιι

2418 5616 2673 5693 lzjﬁswlam
2702 5626 2781 5685 98,
2807 5620 2865 5671 ad
2889 5616 3187 5668 Bonifacium.
3213 5618 3417 5658 IIARWI'

1852 5719 1961 5757 κυε.
