3960 6512
157 386 325 446 '333

270 501 341 556 2.
370 500 459 556 Sic
487 513 614 570 ergo
662 497 745 551 isti
782 496 965 550 volunt
993 493 1176 564 judicii
1205 492 1294 547 Dei
1323 490 1784 546 comminationetn

172 613 329 651 non
357 611 478 651 esse
519 593 829 648 mendacem
854 633 869 657 ,
898 590 1137 660 quamvis
1182 588 1250 641 sit
1278 587 1538 640 neminem
1569 585 1789 637 damna-

172 698 394 755 turus,
426 684 866 756 quemadmodum
889 683 1007 751 ejus
1025 680 1509 741 comminationem,
1541 691 1639 745 qua
1662 674 1794 727 dixit

176 794 532 836 cversurum
572 792 629 831 se
668 790 787 831 esse
825 774 1047 829 Niniven
1085 772 1352 825 civitatem
1401 767 1573 839 (Iona!
1598 783 1675 831 ιιι,
1710 767 1790 835 Δ),

176 872 532 927 ιιιειιὼιρθιιι
579 886 683 924 non
714 881 996 938 possumus
1021 866 1236 927 dicere;
1280 871 1334 917 et
1371 871 1545 915 tamen
1583 876 1687 913 non
1718 858 1797 911 fa-

179 972 368 1016 ctum
398 970 512 1027 est,
557 960 802 1028 inquiunt
823 998 838 1023 ,
871 956 1012 1026 quod
1051 956 1164 1009 sine
1195 954 1296 1006 ulla
1322 950 1624 1006 conditione
1652 964 1796 1019 prmo

182 1054 377 1107 dixit.
406 1052 520 1107 Non
549 1052 691 1105 enim
718 1050 790 1102 ait
814 1090 828 1114 ,
866 1048 1049 1101 Ninive
1077 1053 1359 1107 evertetur,
1391 1043 1434 1096 si
1458 1056 1563 1095 non
1593 1041 1797 1109 egerint

188 1143 613 1213 penitentiam,
638 1154 803 1209 seque
823 1138 1150 1192 correxerint
1180 1154 1193 1189 :
1223 1135 1316 1189 sed
1357 1134 1455 1187 hoc
1480 1147 1583 1186 non
1614 1131 1794 1184 addito

190 1232 597 1302 praenuntiavit
621 1231 847 1283 futuram
866 1230 1195 1283 eversionem
1214 1226 1348 1279 illius
1368 1225 1613 1278 civitatis.
1628 1223 1795 1288 Quam

191 1324 694 1378 comminationem
723 1318 1000 1390 propterea
1026 1334 1268 1373 veracem
1292 1326 1471 1385 putant
1498 1359 1512 1379 ,
1546 1316 1665 1385 quia
1697 1315 1797 1368 hoc

200 1417 475 1484 praedixit
506 1417 644 1470 Deus
684 1414 821 1484 quod
854 1430 978 1469 vere
1018 1413 1159 1482 digni
1207 1421 1357 1467 erant
1387 1411 1530 1480 pati,
1563 1408 1803 1479 quamvis

200 1508 332 1562 hoc
357 1524 464 1562 non
493 1516 635 1562 esset
662 1508 775 1576 ipse
814 1506 1064 1560 facturus.
1110 1504 1241 1558 Nam
1287 1503 1384 1558 etsi
1428 1501 1803 1571 ptenitentibus

204 1600 512 1668 pepercit,
567 1598 843 1667 inquiunt,
896 1596 1074 1665 utique
1120 1595 1237 1649 illos
1280 1593 1645 1662 paenitentiam
1698 1605 1801 1643 non

204 1689 511 1759 ignorabat
557 1697 788 1752 acturos,
829 1695 882 1739 et
904 1694 1079 1739 tamen
1115 1683 1355 1737 absolute
1381 1698 1442 1737 ac
1470 1681 1685 1736 definite
1707 1694 1802 1733 eo-

210 1797 352 1835 rum
397 1780 727 1835 eversionem
774 1777 1009 1831 futuram
1040 1791 1157 1830 esse
1201 1774 1465 1844 prxedixit.
1525 1772 1637 1825 Hoc
1677 1786 1805 1840 ergo

213 1884 349 1930 erat
374 1916 388 1939 ,
417 1874 690 1943 inquiunt,
724 1872 777 1924 in
806 1872 1027 1925 veritate
1065 1868 1362 1923 severitatis
1386 1908 1400 1933 ,
1429 1864 1549 1935 quia
1581 1864 1630 1919 itl
1656 1871 1808 1918 erant

215 1966 420 2035 digni;
468 1964 560 2018 sed
592 1964 643 2017 in
689 1963 895 2017 ratione
941 1960 1296 2015 miserationis
1322 1975 1426 2013 non
1458 1965 1606 2019 erat,
1650 1970 1805 2024 quam

220 2071 344 2112 non
373 2054 635 2109 continuit
664 2057 715 2107 in
747 2054 819 2106 ira
851 2068 945 2106 sua
969 2092 984 2117 ,
1016 2059 1075 2104 ut
1098 2050 1164 2104 ab
1190 2065 1250 2104 ea
1290 2063 1444 2118 pmna
1487 2046 1809 2115 supplicibus

220 2154 503 2214 parceret,
532 2159 691 2213 quam
732 2142 901 2197 fuerat
928 2141 1325 2195 contumacibus
1352 2138 1724 2193 comminatus.
1755 2135 1809 2190 Si

225 2250 369 2304 ergo
414 2243 538 2288 tunc
576 2232 842 2302 pepercit,
880 2233 1024 2285 aiunt
1049 2246 1090 2296 ,ν
1114 2231 1324 2300 quando
1368 2237 1608 2282 sanctum
1657 2241 1811 2281 suum

229 2328 562 2397 Prophetam
610 2327 781 2383 fuerat
816 2326 1081 2397 parcendo
1125 2324 1567 2388 contristaturus,
1613 2330 1813 2390 quanto

230 2420 412 2488 magis
438 2428 561 2473 tunc
592 2419 938 2473 miserabilius
964 2414 1386 2486 supplicantibus
1413 2422 1617 2483 parcet,
1649 2426 1816 2481 quan-

234 2509 313 2562 do
337 2517 398 2562 ut
440 2520 622 2578 parcat
662 2525 847 2564 omnes
884 2507 1054 2562 sancti
1098 2507 1213 2576 ejus
1256 2504 1521 2559 orabunt?
1563 2500 1666 2557 Sed
1715 2500 1818 2554 hoc

235 2599 390 2669 quod
438 2600 538 2668 ipsi
591 2600 699 2654 suis
751 2599 1000 2654 cordibus
1046 2598 1413 2667 suspicantur,
1464 2594 1584 2649 ideo
1630 2598 1820 2662 putant

236 2690 548 2760 Scripturas
592 2691 819 2744 tacuisse
868 2690 1075 2743 divinas
1100 2731 1113 2753 ,
1154 2696 1211 2741 ut
1251 2686 1401 2741 multi
1442 2700 1502 2739 se
1529 2684 1816 2752 corrigunt,

238 2782 333 2835 vel
380 2781 697 2850 prolixarum
734 2780 816 2833 vel
860 2790 1174 2833 :eternarum
1211 2778 1399 2831 timore
1433 2788 1733 2842 primarum,
1769 2780 1823 2826 et

242 2872 357 2926 sint
396 2872 486 2939 qui
534 2871 735 2940 possint
760 2886 912 2925 orare
958 2885 1055 2940 pro
1079 2870 1157 2923 eis
1180 2910 1194 2935 ,
1228 2868 1315 2937 qui
1354 2882 1410 2921 se
1441 2880 1545 2919 non
1573 2877 1821 2918 correxe-

244 2964 524 3017 rintznec
570 2973 742 3017 tamen
792 2962 1074 3032 opinantur
1119 2960 1263 3015 omni
1309 2958 1468 3012 modo
1517 2956 1571 3011 id
1613 2955 1821 3025 eloquia

248 3052 431 3106 divina
459 3054 706 3107 tacuisse.
756 3052 885 3106 Nam
922 3067 1025 3121 quo
1064 3051 1330 3119 pertinet,
1363 3048 1642 3117 inquiunt,
1679 3044 1821 3115 quod

249 3144 511 3214 scriptum
578 3155 700 3208 est,
769 3144 931 3208 Quam
988 3142 1146 3194 multa
1214 3138 1479 3192 multitudo
1539 3135 1816 3190 dulcedinis

254 3247 378 3303 tute,
416 3236 650 3303 Domine,
700 3252 849 3306 quam
893 3233 1196 3287 abscondisti
1230 3229 1553 3285 metuentibus
1571 3238 1618 3283 te
1648 3226 1822 3301 (Psal.

254 3344 385 3393 xxx,
410 3326 537 3399 20)!
568 3329 668 3381 nisi
696 3334 753 3379 ut
776 3326 1130 3395 intelligamus
1157 3331 1371 3393 propter
1397 3323 1637 3376 timorem
1666 3319 1828 3373 fuisse

254 3418 622 3473 absconditam
667 3416 1043 3471 misericordia:
1090 3414 1281 3469 divinre
1322 3422 1426 3465 tam
1476 3412 1695 3465 multam
1742 3424 1827 3463 se-

257 3518 567 3579 cretamque
624 3507 1000 3563 duleedinem?
1064 3506 1277 3560 Addunt
1326 3506 1486 3558 etiam
1548 3509 1826 3571 propterea

257 3600 459 3653 dixisse
485 3599 792 3668 Apostolum
820 3638 833 3661 ,
862 3596 1118 3651 Conclusit
1143 3595 1275 3647 enim
1296 3593 1434 3647 Deus
1469 3608 1638 3646 omnes
1664 3591 1715 3642 in
1746 3590 1830 3641 in-

262 3690 505 3758 ﬁdelitate
530 3730 544 3752 ,
574 3697 627 3741 ut
653 3689 875 3741 omnium
921 3687 1212 3740 misereatur
1241 3683 1417 3754 (Rom.
1448 3699 1500 3736 ιιι
1521 3724 1537 3748 ,
1566 3681 1655 3751 52)
1681 3723 1694 3744 ,
1727 3695 1832 3749 quo

259 3780 585 3851 signiﬁcaret
608 3820 622 3845 ,
653 3779 792 3848 quod
830 3778 897 3832 ab
924 3778 1014 3831 illo
1041 3791 1198 3831 nemo
1226 3775 1581 3829 damnabitur.
1611 3772 1717 3825 Nec
1745 3771 1831 3824 isti

261 3881 439 3926 tamen
466 3873 551 3940 qui
583 3870 683 3923 hoc
704 3869 959 3935 sentiunt,
998 3869 1136 3921 hanc
1160 3867 1461 3935 opinionem
1485 3879 1632 3918 suam
1665 3878 1833 3932 usque

262 3961 329 4015 ad
384 3961 750 4015 liberationem
802 3959 884 4014 vel
934 3958 1131 4011 nullam
1184 3956 1579 4010 damnationem
1638 3952 1835 4008 diaboli

262 4062 424 4118 atque
470 4052 777 4120 angelorum
820 4050 935 4119 ejus
981 4048 1295 4103 extendunt.
1358 4046 1595 4099 Humana
1640 4046 1835 4113 quippe,

263 4143 405 4195 circa
435 4142 578 4195 solos
622 4141 863 4195 homines
902 4148 1180 4193 moventur
1221 4135 1602 4201 misericordia,
1629 4142 1837 4189 etcau-

265 4248 378 4287 sam
432 4232 660 4287 maxime
708 4242 870 4302 agunt
915 4246 1064 4287 suam
1087 4273 1102 4298 ,
1144 4246 1240 4301 per
1264 4229 1561 4300 generalem
1593 4229 1644 4281 in
1672 4242 1838 4297 genus

268 4325 559 4378 humanum
588 4324 733 4393 quasi
764 4322 853 4376 Dei
900 4321 1292 4376 miserationem
1342 4318 1707 4387 impunitatem
1737 4314 1836 4368 fal-

265 4430 381 4468 sam
422 4415 534 4468 suis
582 4414 799 4483 perditis
847 4414 1083 4467 moribus
1130 4412 1441 4481 pollicentes
1470 4426 1484 4462 :
1513 4423 1575 4461 ac
1620 4423 1715 4477 per
1739 4408 1842 4460 hoc

268 4505 598 4572 superabunt
638 4519 732 4558 eos
774 4505 824 4557 in
853 4502 1184 4572 praedicanda
1224 4501 1315 4555 Dei
1342 4496 1725 4563 misericordia,
1752 4497 1841 4566 qui

273 4595 410 4648 hanc
458 4594 820 4663 impunitatem
866 4593 1025 4647 etiam
1072 4590 1294 4662 principi
1322 4590 1619 4644 daemonum
1646 4596 1701 4643 et
1720 4587 1842 4656 ejus

275 4686 594 4741 satellitibus
622 4686 959 4755 pollicentur.

275 4821 504 4878 CAPUT
532 4820 673 4874 XIX.
703 4848 771 4858 —
800 4818 876 4871 De
905 4819 981 4872 his
1008 4818 1089 4888 qui
1111 4816 1459 4885 impunitatem
1480 4812 1702 4866 omnium
1724 4826 1843 4879 pec-

346 4923 573 4965 catorum
604 4911 896 4981 promittunt
920 4910 1067 4962 etiam
1093 4906 1337 4960 htcreticis
1361 4944 1376 4968 ,
1403 4912 1607 4973 propter
1637 4899 1845 4970 partici-

346 5003 600 5074 pationem
630 5002 853 5071 corporis
873 4999 1077 5054 Christi.

346 5138 478 5191 Item
511 5143 633 5190 sunt
658 5134 781 5199 alii,
823 5133 888 5185 ab
931 5140 1131 5185 :eterno
1164 5126 1422 5197 supplicio
1451 5122 1842 5190 liberationem,

279 5245 376 5284 nec
420 5227 552 5299 ipsis
599 5227 783 5281 saltem
825 5223 1079 5278 omnibus
1110 5218 1414 5275 hominibus
1453 5215 1846 5287 promittentes,

280 5322 372 5376 sed
431 5317 797 5374 tantummodo
845 5315 1037 5371 Christi
1090 5313 1412 5383 Baptismate
1459 5309 1689 5373 ablutis,
1756 5306 1846 5376 qui

279 5414 565 5482 participes
592 5411 723 5464 liunt
747 5407 985 5476 corporis
1014 5406 1150 5475 ejus,
1174 5402 1573 5474 qunmodolibct
1599 5399 1846 5465 vixerint,

281 5504 331 5557 in
361 5518 694 5574 quacumque
735 5501 921 5555 hmresi
951 5500 1031 5553 vel
1064 5498 1332 5569 impietate
1359 5494 1588 5560 fuerint,
1633 5500 1849 5561 propter

230 5616 237 5619 ν
284 5594 409 5650 iilud
432 5593 571 5662 quod
597 5594 668 5645 ait
692 5591 844 5646 Jesus
869 5608 881 5642 :
918 5589 1015 5642 llic
1037 5600 1106 5642 est
1134 5588 1279 5658 panis
1297 5586 1382 5655 qui
1410 5584 1472 5636 de
1493 5583 1614 5636 cmlo
1641 5581 1848 5634 descen-

284 5686 375 5750 dit,
418 5694 473 5738 ut
514 5684 559 5735 si
572 5682 705 5751 'quis
748 5696 810 5734 ea:
843 5681 952 5749 ipso
979 5677 1349 5732 manducauerit
1374 5717 1388 5739 ,
1434 5690 1532 5728 non
1587 5672 1847 5725 moriatur.

290 5774 397 5844 Ego
435 5790 548 5828 sum
591 5772 735 5841 panis
771 5771 940 5837 rivus,
976 5769 1062 5845 qui
1088 5769 1149 5822 de
1178 5766 1300 5822 ccclo
1343 5764 1575 5819 descendi
1606 5779 1623 5817 :
1661 5763 1703 5816 si
1742 5761 1851 5831 quis

1381 377 1581 432 LIBER
1624 369 1984 428 VICESIMUS
2023 370 2288 429 PRIMUS.

3367 380 3467 436 754

1900 491 2272 546 manducauerit
2292 509 2352 547 ex.
2373 493 2465 547 hoc
2495 510 2625 565 pane
2646 534 2660 559 ,
2692 495 2814 547 vivet
2844 495 2893 547 in
2920 502 3159 547 cateruam
3186 494 3362 566 (Joan.
3392 510 3465 558 Vt,

1902 583 2112 652 50-52).
2162 584 2245 638 Ab
2284 594 2481 639 aeterna
2520 600 2646 654 ergo
2680 593 2886 649 morte,
2933 585 3208 653 inquiunt,
3248 600 3466 639 necesse

1902 683 1984 728 est
2020 675 2149 728 istos
2178 675 2323 741 erui,
2374 684 2427 730 et
2450 675 2516 729 ad
2542 677 2699 729 vitam
2737 684 2989 730 aeternam
3019 675 3462 748 quandocumque

1907 765 2145 834 perduci.

1904 878 2125 935 CAPUT
2157 877 2272 933 XX.
2307 908 2379 917 —
2414 877 2494 932 De
2519 879 2593 932 his
2614 879 2698 947 qui
2726 893 2823 931 non
2850 876 3078 930 omnibus
3098 918 3114 940 ,
3152 875 3240 928 sed
3265 875 3326 927 iis
3353 886 3469 927 tan-

1966 978 2071 1022 tum
2094 969 2182 1040 qui
2216 967 2355 1037 apud
2385 966 2667 1021 Catholicas
2690 975 2807 1021 sunt
2835 966 3029 1031 renati,
3068 965 3262 1018 etiamsi
3288 973 3460 1032 postea

1964 1060 2015 1112 in
2043 1057 2200 1110 multa
2221 1059 2431 1111 crimina
2447 1073 2731 1125 erroresque
2754 1054 3471 1126 proruperint,indulgemiam

1975 1151 2289 1219 pollicentur.

1978 1265 2104 1319 Item
2132 1273 2257 1319 sunt
2286 1263 2374 1333 qui
2398 1262 2499 1316 hoc
2530 1277 2625 1316 nec
2649 1260 2893 1314 omnibus
2933 1257 3249 1313 habentibus
3297 1254 3475 1325 Bapti-

1908 1357 2094 1411 smatis
2132 1355 2329 1410 Christi
2367 1364 2421 1408 et
2467 1354 2582 1422 ejus
2624 1351 2863 1420 corporis
2908 1356 3333 1411 sacramentum,
3380 1344 3473 1398 sed

1907 1447 2034 1500 solis
2060 1443 2363 1509 Calbolicis,
2382 1442 2622 1512 quamvis
2644 1441 2781 1495 male
2805 1439 3099 1493 viventibus
3127 1436 3475 1506 pollicentur;

1908 1537 2029 1606 quia
2057 1551 2160 1588 non
2203 1535 2320 1588 solo
2350 1540 2685 1587 sacramento
2705 1571 2720 1596 ,
2767 1529 2861 1584 sed
2900 1545 2957 1583 re
2986 1530 3096 1598 ipsa
3120 1526 3477 1581 manducave-

1909 1637 2237 1695 runtcorpus
2276 1624 2508 1687 Christi,
2561 1623 2612 1676 in
2649 1623 2763 1690 ipso
2791 1620 2906 1689 ejus
2932 1633 3155 1687 corpore
3184 1614 3478 1680 constituti,

1909 1719 1976 1773 de
2001 1734 2104 1787 quo
2121 1717 2249 1771 dicit
2276 1715 2581 1785 Apostolus,
2605 1712 2746 1767 Unus
2772 1712 2936 1781 panis,
2955 1726 3109 1762 unum
3134 1724 3318 1777 corpus
3340 1705 3481 1759 multi

1910 1825 2081 1864 sumus
2108 1808 2149 1877 (Ι
2176 1805 2292 1861 Cor.
2327 1821 2358 1860 χ
2384 1847 2399 1872 ,
2436 1805 2526 1872 17)
2552 1822 2565 1857 :
2596 1812 2653 1856 ut
2686 1801 2891 1855 etiamsi
2937 1809 3117 1868 postea
3164 1798 3214 1850 in
3255 1796 3482 1865 aliquam

1914 1900 2155 1953 harresim
2204 1897 2285 1951 vel
2327 1895 2484 1951 etiam
2530 1895 2580 1948 in
2628 1891 2905 1963 gentilium
2952 1887 3305 1942 idololatriam
3351 1884 3482 1953 lapsi

1914 1988 2145 2056 fuerint,
2192 1995 2392 2041 tantum
2424 1984 2546 2054 quia
2588 1985 2640 2036 in
2685 1996 2908 2049 corpore
2951 1977 3168 2041 Christi,
3210 1976 3259 2029 id
3302 1983 3385 2028 est
3428 1974 3480 2026 in

1916 2081 2152 2136 Ecclesia
2193 2077 2451 2133 catholica
2476 2117 2491 2142 ,
2532 2080 2875 2145 sumpserunt
2926 2070 3254 2139 Baptismum
3290 2064 3484 2120 Christi

1916 2184 1969 2228 ct
1998 2172 2447 2227 manducaverunt
2486 2180 2678 2237 corpus
2718 2163 2948 2228 Christi,
2978 2177 3084 2215 non
3109 2160 3405 2214 moriantur
3432 2155 3484 2208 in

1916 2272 2172 2317 aeternum
2192 2302 2206 2325 ,
2259 2259 2353 2315 sed
2385 2259 2543 2312 vitam
2569 2255 2883 2326 quandoque
2910 2259 3300 2320 consequantur
3325 2254 3489 2303 teter-

1918 2370 2069 2417 nam;
2112 2363 2270 2422 atque
2296 2352 2385 2405 illa
2417 2348 2589 2405 omnis
2631 2348 2873 2416 impietas
2901 2353 3095 2414 quanto
3117 2341 3285 2409 major
3308 2337 3485 2401 fuerit,

1920 2462 2024 2500 non
2055 2445 2132 2499 eis
2152 2444 2323 2498 valeat
2352 2442 2415 2496 ad
2439 2442 2787 2496 :nternitatem
2810 2480 2825 2505 ,
2870 2436 2962 2491 sed
2989 2435 3054 2489 ad
3082 2431 3481 2488 diuturnitatem

1924 2534 2445 2606 magnitudinemque
2472 2545 2766 2602 ptenarum.

1922 2649 2143 2707 CAPUT
2183 2647 2323 2703 XXI.
2378 2676 2451 2688 —
2507 2644 2580 2698 De
2617 2644 2695 2697 his
2732 2642 2816 2711 qui
2864 2655 2947 2693 eos
2988 2637 3071 2707 qui
3109 2638 3397 2705 pennanent
3438 2630 3491 2683 in

1994 2738 2245 2795 catholica
2273 2737 2373 2806 ﬁde
2394 2778 2408 2802 ,
2432 2734 2627 2789 etiamsi
2653 2732 2861 2801 pessime
2878 2727 3111 2789 vizerint,
3136 2734 3184 2777 et
3208 2722 3268 2775 ob
3292 2722 3386 2774 hoc
3416 2718 3494 2771 uri

1996 2833 2261 2889 meruerint
2285 2872 2300 2897 ,
2329 2840 2494 2883 tamen
2517 2836 2721 2898 propter
2741 2823 2860 2892 ﬁdei
2886 2819 3268 2891 fundamentum
3293 2813 3497 2868 salvan-

1997 2927 2088 2980 dos
2108 2941 2213 2978 esse
2241 2922 2507 2990 deﬁniunt.

1929 3128 2305 3204 perseveraverit
2333 3141 2486 3194 usque
2522 3123 2575 3175 in
2618 3121 2801 3189 ﬁnem,
2844 3117 2925 3169 hic
2960 3114 3127 3168 salvus
3165 3110 3257 3164 erit
3287 3107 3499 3177 (Matth.

1931 3238 2075 3287 XXIV,
2103 3220 2189 3290 15)
2222 3236 2234 3271 :
2266 3231 2368 3271 non
2397 3214 2496 3269 nisi
2527 3212 2579 3266 in
2608 3208 2843 3264 Ecclesia
2869 3204 3124 3259 catholica
3151 3213 3501 3271 perseveran-

1931 3316 2072 3370 tibus
2096 3356 2111 3380 ,
2160 3288 2402 3381 quamvis
2428 3307 2480 3361 in
2511 3320 2571 3359 ea
2602 3303 2741 3357 male
2771 3298 3069 3354 viventibus
3091 3336 3107 3361 ,
3149 3295 3251 3347 hoc
3280 3288 3503 3360 promit-

1932 3417 2067 3471 tunt,
2212 3403 2383 3473 ignem
2404 3397 2648 3455 videlicet
2668 3389 2931 3447 salvandis
2948 3388 3135 3442 merito
3152 3379 3498 3442 fundamenti,

1934 3500 2000 3555 de
2024 3514 2131 3570 quo
2154 3497 2228 3549 ait
2264 3492 2547 3563 Apostolus
2571 3531 2585 3554 ,
2618 3485 3025 3541 Fundamentum
3052 3479 3182 3532 enim
3207 3475 3346 3529 aliud
3361 3488 3502 3525 nemo

1936 3562 2093 3661 potest
2123 3562 2346 3657 ponere,
2398 3590 2577 3652 pra'ter
2607 3578 2661 3631 id
2706 3573 2841 3647 quod
2883 3571 3095 3641 positum
3134 3576 3245 3629 est,
3273 3562 3408 3633 quod
3435 3569 3506 3614 est

1935 3655 2162 3735 Christus
2181 3676 2351 3730 Iesus.
2381 3673 2441 3728 Si
2459 3672 2569 3739 quis
2597 3677 2761 3721 autem
2790 3662 3006 3731 wdi/icat
3030 3675 3180 3727 super
3198 3655 3503 3727 fundamen-

1938 3782 2043 3823 tum
2097 3770 2190 3821 hoc
2239 3780 2418 3818 aurum
2441 3804 2455 3826 ,
2505 3770 2764 3829 argentum
2784 3797 2798 3820 ,
2831 3751 3023 3822 lapides
3053 3750 3314 3818 pretiosas,
3344 3745 3501 3813 ligna,

1937 3865 2144 3933 fenum,
2183 3858 2457 3926 stipulam,
2500 3850 2890 3919 uniuscujusque
2927 3859 3052 3912 Opus
3086 3835 3507 3905 manifestabitur.

1940 3930 2059 4010 Dies
2092 3954 2222 4008 enim
2264 3947 2568 4011 declarabit;
2606 3943 2843 4013 quoniam
2873 3939 2924 3990 in
2950 3937 3064 4004 igne
3088 3930 3384 3985 revelabitur
3404 3968 3419 3993 ,
3463 3935 3511 3979 et

1940 4047 2331 4115 uniuscujusque
2354 4057 2479 4110 opus
2511 4037 2657 4108 quale
2685 4036 2780 4098 sit,
2826 4032 2955 4101 ignis
2986 4026 3231 4097 probabit.
3282 4022 3342 4075 Si
3370 4019 3525 4087 cujus

1942 4154 2068 4209 opus
2090 4110 2416 4204 permanserit
2441 4128 2576 4199 quod
2605 4120 3044 4195 supera’diﬁcavit,
3072 4113 3348 4169 mercedem
3377 4110 3513 4163 acci-

1943 4232 2042 4301 piet
2073 4244 2090 4280 :
2118 4228 2161 4279 si
2188 4225 2330 4293 cujus
2369 4236 2494 4290 opus
2533 4228 2701 4270 autem
2732 4212 2911 4266 arserit
2930 4251 2945 4275 ,
2985 4208 3226 4260 damnum
3256 4202 3512 4271 patietur;

1942 4289 2050 4391 ipse
2072 4289 2430 4370 autemvsalvus
2451 4312 2570 4373 erit,
2596 4308 2667 4361 sic
2688 4314 2849 4357 tamen
2874 4300 3015 4370 quasi
3036 4313 3123 4367 per
3145 4296 3310 4364 ignem
3334 4291 3377 4359 (Ι
3395 4289 3521 4353 Cor.

1943 4381 2019 4475 ut,
2050 4406 2259 4476 11-15).
2316 4402 2505 4456 Dicunt
2545 4412 2672 4466 ergo
2721 4392 3001 4462 cujuslibet
3036 4388 3158 4441 vitae
3198 4381 3513 4476 catholicum

1942 4467 2299 4557 Christianum
2325 4492 2593 4546 Christum
2643 4485 2836 4539 habere
2866 4482 2916 4535 in
2960 4477 3304 4533 fundamento
3325 4513 3339 4535 ,
3375 4467 3522 4538 quod

1946 4593 2343 4649 fundamentum
2397 4582 2536 4638 nulla
2584 4576 2801 4632 hmrcsis
2842 4572 3003 4627 habet
3043 4584 3071 4623 a
3118 4564 3358 4634 corporis
3400 4560 3517 4627 ejus

1946 4685 2148 4739 unitate
2190 4677 2426 4749 praecisa.
2476 4674 2547 4727 Et
2572 4671 2691 4725 ideo
2721 4674 2935 4737 propter
2963 4662 3064 4716 hoc
3092 4657 3518 4714 fundamentum,

1948 4775 2153 4832 etiamsi
2185 4748 2337 4826 mala:
2359 4769 2479 4822 vita:
2502 4764 2659 4819 fuerit
2679 4758 2971 4816 catholicus
2991 4751 3350 4815 Christianus,
3376 4748 3523 4800 velut

1949 4867 2035 4938 qui
2057 4858 2552 4934 superzedilicaverit
2583 4855 2721 4924 ligna
2749 4894 2763 4918 ,
2794 4850 2970 4905 fenum
2992 4888 3006 4910 ,
3037 4844 3307 4912 stipulam,
3335 4846 3523 4908 putant

1950 4928 2069 5014 eum
2097 4928 2298 5010 salvum
2326 4950 2443 5006 fieri
2470 4963 2562 5019 per
2591 4946 2787 5015 ignem,
2814 4940 2864 4995 id
2889 4947 2992 5005 est,
3024 4944 3143 5007 post
3169 4947 3353 5003 [uenas
3380 4928 3523 5000 ignis.

1949 5051 2090 5105 illius
2117 5044 2363 5111 liberari,
2408 5054 2513 5112 quo
2553 5039 2672 5108 igne
2699 5036 2751 5089 in
2784 5033 2970 5087 ultimo
3007 5028 3206 5099 judicio
3235 5023 3522 5095 punientur

1952 5140 2074 5196 mali
2105 5138 2199 5209 (a).

1953 5272 2176 5332 CAPUT
2210 5268 2377 5325 XXII.
2409 5295 2483 5306 —-
2518 5262 2599 5317 De
2628 5262 2704 5314 his
2729 5258 2815 5329 qui
2840 5262 3015 5328 putant
3044 5268 3102 5305 ea
3130 5247 3341 5301 crimina
3362 5285 3375 5308 ,
3416 5253 3533 5311 qua)

2024 5366 2153 5419 inter
2172 5362 2595 5427 eleemosynarum
2615 5366 2769 5422 opera
2793 5346 3184 5402 committuntur,
3210 5336 3277 5389 ad
3306 5334 3522 5386 danunt-

2027 5455 2176 5508 tionis
2198 5451 2449 5523 judicium
2472 5462 2572 5499 non
2600 5441 2785 5497 vocari.

2026 5584 2269 5655 Comperi
2311 5581 2469 5635 etiam
2512 5573 2764 5644 quosdam
2806 5578 2989 5637 putare
3027 5580 3119 5619 eos
3167 5555 3535 5619 tantummon

2020 5762 2091 5823 (ιι)
2122 5757 2251 5810 Couf.
2291 5752 2522 5811 mcbirid.
2548 5765 2595 5800 n.
2626 5748 2701 5809 18,
2723 5746 2874 5801 initio.
