3960 6480
538 337 641 395 735

539 465 754 507 arsuros
793 449 933 505 illius
969 448 1261 504 mternitate
1304 446 1539 517 supplicii
1568 487 1583 511 ,
1623 446 1712 515 qui
1744 460 1836 513 pro
1868 441 2095 511 peccatis

537 540 649 594 suis
672 540 845 594 facere
868 539 1052 607 dignas
1076 538 1438 607 eleemosyuas
1468 536 1737 604 negligunt
1757 574 1772 599 ,
1797 534 1941 601 juxta
1973 531 2098 585 illud

538 629 765 697 apostoli
791 628 970 683 Jacobi
1004 646 1015 680 :
1042 628 1300 681 Iudicium
1325 637 1488 679 autent
1525 628 1631 679 sine
1656 622 1995 677 misericordia
2022 620 2098 673 illi

536 723 620 786 qui
671 736 768 773 non
800 719 916 788 fecit
968 719 1357 772 misericordiam
1385 717 1582 782 (Jacobi
1606 730 1642 769 ιι
1666 755 1679 779 ,
1707 714 1818 783 15).
1851 713 1949 779 Qui
1975 725 2099 781 ergo

542 809 742 872 fecerit,
784 810 1053 878 inquiunt,
1086 810 1321 878 quamvis
1349 824 1522 861 mores
1552 808 1603 861 in
1634 806 1820 861 melius
1848 820 1951 858 non
1980 820 2099 857 mu-

540 900 728 952 taverit
746 940 759 963 ,
811 899 905 953 sed
932 900 1069 954 inter
1109 900 1249 968 ipsas
1276 914 1397 953 suas
1420 900 1783 969 cleemosynas
1808 896 2006 951 nefarie
2037 908 2099 948 ac

534 989 777 1056 nequiter
805 989 988 1043 vixerit
1015 1032 1030 1054 ,
1076 989 1327 1057 judicium
1365 989 1437 1042 illi
1476 1004 1595 1042 cum
1620 986 1977 1042 misericordia
2007 983 2096 1037 fu-

534 1086 709 1131 turum
736 1086 849 1141 est,
894 1086 1062 1132 utaut
1097 1079 1237 1131 nulla
1287 1077 1623 1131 damnatione
1662 1077 1962 1145 plectatur,
2009 1081 2099 1126 aut

533 1176 652 1235 post
676 1168 884 1236 aliquod
918 1177 1123 1236 tempus
1152 1169 1262 1222 sive
1290 1183 1504 1236 parvum
1528 1209 1541 1229 ,
1571 1168 1682 1219 sive
1710 1165 1994 1234 prolixum,
2030 1162 2097 1214 ab

532 1257 620 1311 illa
658 1257 993 1312 damnatione
1020 1259 1288 1312 liberetur.
1338 1257 1457 1311 Ideo
1481 1256 1715 1311 Judicem
1748 1256 1916 1323 ipsum
1944 1254 2091 1306 vivo-

530 1363 647 1401 rum
673 1357 827 1418 atque
857 1356 1180 1401 mortuorum
1207 1348 1438 1401 noluisse
1463 1347 1764 1401 existimant
1789 1344 1925 1398 aliud
1955 1359 2097 1399 com-

530 1453 826 1493 memorare
864 1454 921 1492 se
947 1453 1067 1493 esse
1093 1438 1353 1491 dicturum
1379 1479 1394 1502 ,
1431 1438 1542 1490 sive
1568 1436 1766 1490 dextris
1796 1434 1983 1503 quibus
2014 1442 2094 1487 est

534 1528 695 1579 vitam
736 1528 953 1582 daturus
996 1538 1284 1590 mternam,
1335 1528 1445 1579 sive
1490 1525 1715 1578 sinistris
1742 1539 1873 1592 quos
1898 1531 2095 1577 :cteruo

530 1616 788 1685 supplicio
829 1618 1171 1672 damnaturus
1226 1617 1444 1687 (Matth.
1488 1632 1630 1681 xxv,
1672 1618 1740 1671 '55
1782 1614 1951 1687 sqq.),
1991 1615 2093 1669 nisi

529 1707 891 1777 eleemosynas
939 1708 1049 1763 sive
1095 1708 1297 1773 factas,
1348 1708 1458 1762 sive
1506 1723 1609 1761 non
1651 1708 1831 1762 factas.
1889 1708 1967 1761 Ad
1994 1707 2095 1761 hoc

528 1797 789 1865 pertinere
821 1798 967 1851 aiunt
998 1807 1052 1853 et
1079 1799 1129 1852 in
1170 1799 1407 1853 oratione
1438 1799 1708 1853 Dominiea
1737 1797 2091 1867 quotidianam

529 1887 936 1955 postulationem
968 1905 978 1939 :
1010 1888 1219 1941 Dimitte
1259 1890 1399 1941 nobis
1438 1890 1601 1942 debita
1641 1899 1844 1953 nostra,
1892 1890 2017 1941 sicut
2046 1897 2091 1941 et

528 1993 619 2030 nos
648 1978 941 2030 dimittimus
968 1979 1267 2033 debitoribus
1301 1982 1481 2053 nostris
1520 1979 1630 2051 (Id.
1662 1996 1708 2032 γι
1732 2022 1745 2043 ,
1778 1979 1886 2049 12).
1933 1979 2092 2046 Quis-

525 2067 642 2135 quis
666 2067 807 2121 enim
830 2068 902 2121 illi
929 2069 1016 2138 qui
1044 2070 1095 2122 in
1120 2086 1239 2123 eum
1260 2072 1513 2140 peccavit,
1535 2071 1749 2123 dimittit
1772 2070 2091 2139 ignoscendo

528 2167 798 2225 peccatum
825 2200 841 2224 ,
890 2162 1071 2229 procul
1116 2161 1276 2216 dubio
1318 2163 1707 2232 eleemosynam
1748 2162 1889 2215 facit.
1922 2163 2087 2228 Quam

525 2262 637 2300 rem
669 2249 920 2303 Dominus
950 2251 1025 2304 sic
1065 2251 1176 2319 ipse
1201 2251 1617 2317 commendavit,
1668 2260 1723 2304 ut
1762 2252 1958 2305 diceret
1989 2268 2001 2305 ε
2031 2251 2090 2305 Si

523 2339 655 2391 enim
699 2341 984 2395 aimiseritis
1026 2352 1229 2412 peccata
1266 2344 1581 2407 hominibus,
1628 2343 1839 2395 dimittet
1882 2342 2017 2395 vobis
2042 2350 2089 2395 et

526 2426 681 2482 Pater
720 2440 874 2484 uester
910 2442 1110 2500 peccata
1150 2444 1307 2486 vestra
1333 2450 1351 2487 :
1384 2435 1428 2486 si
1470 2444 1633 2487 autem
1674 2451 1772 2487 non
1800 2434 2087 2486 dimiseritis

528 2516 832 2582 hominibus,
869 2537 1025 2590 neque
1052 2521 1205 2575 Pater
1231 2532 1388 2576 vester
1412 2524 1497 2591 qui
1517 2526 1567 2575 in
1591 2522 1727 2577 caelis
1753 2534 1845 2587 est,
1878 2523 2090 2576 dimittet

524 2605 661 2660 vobis
691 2606 873 2677 (Ibid.,
908 2611 992 2671 M,
1027 2612 1136 2679 15).
1173 2612 1310 2680 Ergo
1348 2620 1401 2665 et
1432 2612 1497 2665 ad
1538 2612 1636 2666 hoc
1662 2628 1826 2682 genus
1854 2613 2088 2667 eleemo-

524 2710 773 2766 synarum
805 2700 1032 2766 pertinet
1070 2702 1209 2770 quod
1246 2704 1318 2755 ait
1345 2704 1619 2771 apostolus
1653 2704 1915 2770 Iacobus,
1940 2706 2086 2775 judi-

523 2785 663 2839 cium
721 2787 949 2842 futurum
997 2790 1112 2844 sine
1162 2792 1520 2846 misericordia
1568 2795 1617 2847 ei
1664 2795 1755 2864 qui
1814 2812 1917 2851 non
1966 2796 2091 2851 fecit

521 2876 959 2931 misericordiam.
992 2880 1098 2933 Nec
1130 2880 1263 2935 dixit
1302 2883 1571 2949 Dominus,
1606 2885 1867 2955 inquiunt,
1900 2902 2086 2956 magna

521 2966 603 3021 vel
626 2982 819 3034 parva;
870 2967 1002 3034 sed,
1045 2967 1270 3023 Dimittet
1313 2972 1446 3026 vobis
1483 2973 1637 3027 Pater
1685 2985 1841 3029 uester
1888 2986 2090 3045 peccata

520 3065 716 3122 vestra,
760 3058 805 3111 si
846 3068 892 3111 et
934 3076 1018 3114 vos
1056 3061 1341 3115 dimiseritis
1388 3064 1687 3118 hominibus.
1739 3067 1815 3120 Ac
1857 3082 1950 3135 per
1987 3067 2089 3121 hoc

522 3157 705 3216 putant
732 3151 890 3203 etiam
916 3151 993 3205 eis
1020 3153 1109 3221 qui
1132 3153 1335 3222 perdite
1364 3155 1608 3221 vixerint,
1638 3157 1811 3213 donec
1837 3158 2089 3213 claudant

521 3238 661 3293 diem
705 3239 826 3293 vita:
867 3239 1022 3310 hujus
1068 3252 1361 3298 extremum
1387 3287 1402 3312 ,
1452 3262 1547 3315 per
1590 3246 1725 3302 hanc
1768 3250 2083 3316 orationem,

520 3328 923 3399 qualiacumque
942 3340 993 3385 et
1009 3343 1431 3405 quantacumque
1454 3335 1679 3404 iuerint,
1709 3341 1884 3392 omnia
1911 3341 2086 3408 quoti-

521 3420 608 3475 die
633 3433 846 3491 peccata
871 3426 1063 3482 dimitti
1089 3470 1105 3494 ,
1147 3430 1283 3483 sicut
1312 3431 1422 3499 ipsa
1451 3432 1685 3501 quotidie
1726 3434 2087 3502 frequentatur

521 3514 722 3579 oratio,
756 3516 800 3567 si
825 3515 927 3571 hoc
956 3520 1317 3574 tantummodo
1342 3522 1607 3577 custodire
1633 3523 1969 3577 meminerint
1988 3566 2001 3590 ,
2030 3532 2087 3578 ut

520 3603 731 3670 quando
754 3606 819 3659 ab
844 3608 921 3660 eis
955 3609 1159 3662 veniam
1189 3620 1370 3678 petunt
1393 3653 1408 3676 ,
1435 3612 1522 3680 qui
1549 3628 1641 3665 eos
1668 3622 1885 3681 peccato
1912 3614 2084 3681 quali-

518 3706 744 3762 cumque
772 3695 1051 3764 lzeserunt,
1080 3714 1143 3753 ex
1171 3700 1331 3753 corde
1359 3684 1646 3755 dimiitant.
1693 3702 1824 3755 Cum
1854 3704 1918 3755 ad
1964 3704 2077 3757 hate

519 3784 717 3849 omnia,
746 3785 853 3840 Deo
877 3785 1124 3853 donante,
1156 3790 1499 3858 respondero,
1533 3790 1663 3845 liber
1692 3791 1789 3845 iste
1816 3792 2069 3846 clauden-

518 3870 617 3924 dus
642 3880 723 3925 est
744 3873 840 3942 (a).

517 3959 743 4015 CAPUT
793 3962 1275 4020 XXlll.—Contra
1330 3967 1611 4037 Opinionem
1663 3985 1833 4023 eorum
1873 3970 1956 4038 qui
2000 3971 2080 4022 di-

584 4062 737 4119 cunt,
769 4070 858 4107 nec
893 4055 1111 4124 diaboli,
1139 4074 1226 4110 nec
1266 4058 1522 4111 hominum
1564 4059 1806 4113 mulorum
1848 4068 2083 4130 perpetua

583 4144 752 4212 futura
779 4146 1045 4215 supplicia.

585 4255 662 4309 Ac
693 4256 916 4325 primum
944 4259 1106 4327 quaeri
1135 4266 1343 4328 Oportet
1369 4269 1526 4329 atque
1551 4262 1817 4329 cognosci,
1850 4278 1945 4316 cur
1973 4262 2080 4317 Ec-

515 4344 676 4397 clesia
710 4344 848 4400 ferre
893 4350 1186 4416 nequiverit
1213 4349 1483 4404 hominum
1512 4350 1937 4419 disputationem,
1965 4354 2080 4406 dia-

512 4434 636 4488 bolo
678 4436 835 4489 etiam
881 4447 998 4505 post
1022 4440 1276 4493 maximas
1317 4451 1369 4495 et
1410 4441 1833 4499 diuturnissimas
1862 4460 2076 4513 poenas,

511 4526 875 4593 purgationem
936 4527 1019 4581 vel
1070 4530 1441 4600 indulgentiam
1493 4533 1848 4600 pollicentem.
1899 4534 2081 4604 Neque

507 4618 648 4669 enim
693 4626 772 4671 tot
810 4620 976 4673 sancti
1002 4628 1055 4674 et
1098 4625 1261 4677 sacris
1290 4624 1553 4678 veteribus
1590 4639 1652 4679 ac
1694 4626 1841 4679 novis
1870 4627 2081 4682 Litteris

506 4709 719 4774 eruditi,
748 4712 1139 4767 inundationem
1166 4722 1221 4768 et
1249 4716 1393 4785 regni
1421 4718 1674 4771 caelorum
1704 4718 2077 4774 beatitudinem

516 4808 634 4867 post
673 4801 1077 4872 qualiacumque
1106 4813 1158 4858 et
1187 4816 1611 4877 quantacumque
1638 4810 1919 4878 supplicia,
1948 4827 2078 4880 qua-

505 4889 869 4961 libuscumque
911 4903 963 4947 et
1012 4898 1448 4967 quantiscumque
1495 4900 1694 4969 angelis
1738 4900 2072 4955 inviderunt:

504 4980 598 5033 sed
646 4982 817 5049 potius
862 4984 1105 5037 viderunt
1152 4986 1383 5040 divinam
1439 4992 1644 5043 vacuari
1690 4992 1771 5045 vel
1819 4991 2072 5047 inlirmari

504 5085 607 5123 non
658 5084 812 5139 posse
854 5074 1165 5126 sententiam
1191 5115 1205 5139 ,
1251 5092 1409 5144 quam
1457 5094 1514 5133 se
1548 5080 1795 5133 Dominus
1834 5098 2075 5150 praenun-

505 5163 649 5217 tiavit
675 5164 725 5217 in
750 5163 949 5233 judicio
976 5165 1296 5232 prolaturum
1327 5176 1484 5237 atque
1510 5170 1793 5237 dicturum,
1825 5172 2074 5226 Discedite

503 5273 533 5307 a
554 5272 650 5320 me,
683 5256 953 5323 maledicti,
975 5258 1026 5309 in
1049 5258 1210 5327 ignem
1239 5269 1498 5325 wternum,
1518 5263 1604 5331 qui
1635 5274 1836 5331 paratus
1863 5275 1931 5317 est
1956 5268 2070 5318 dia-

501 5348 613 5400 bolo
639 5357 684 5401 et
709 5348 898 5419 angelis
918 5351 1025 5418 ejus
1043 5349 1251 5419 (Matth.
1282 5367 1403 5417 xxv,
1428 5352 1540 5424 41).
1569 5354 1655 5407 Sic
1675 5355 1865 5424 quippe
1889 5368 2071 5411 osten-

499 5436 575 5489 dit
598 5447 798 5492 teterno
833 5440 950 5508 igne
987 5439 1250 5494 diabolum
1276 5450 1327 5496 et
1352 5444 1565 5511 angelos
1602 5443 1715 5513 ejus
1745 5460 1975 5501 arsuros.
2008 5450 2071 5503 lit

497 5527 635 5592 quod
662 5530 915 5598 scriptum
957 5539 1039 5585 est
1068 5531 1117 5584 in
1156 5532 1492 5604 Apocalypsi,
1519 5535 1762 5589 Diabolus
1801 5538 1883 5607 qui
1913 5540 2067 5593 sedu-

494 5618 630 5666 crbat
656 5618 959 5680 eos,-missus
980 5628 1051 5672 est
1077 5619 1128 5673 in
1166 5632 1396 5691 stagnum
1426 5625 1554 5693 ignis
1593 5636 1637 5680 et
1666 5626 1939 5697 sulphuris,
1968 5646 2065 5697 quo

556 5747 625 5804 (tt)
660 5746 785 5795 (Ioui.
809 5749 1038 5799 Endtit‘id.
1076 5765 1157 5802 nn.
1190 5754 1259 5814 l9,
1288 5755 1362 5806 20.

1581 332 1667 387 DE
1691 330 2006 385 ClVlTATE
2050 328 2177 391 DEI,
2218 329 2253 383 S
2315 330 2669 387 AUGUSTINI
3677 334 3761 391 τ’δῦ

2206 450 2250 495 et
2280 442 2431 496 bestia
2458 453 2503 497 et
2529 443 2978 513 pseudopmphela;
3007 451 3050 497 et
3072 444 3431 497 cruciabuntnr
3460 445 3541 497 die
3564 460 3622 498 ac
3644 460 3765 501 nocte

2202 530 2255 584 in
2278 533 2463 585 scutula
2481 541 2774 588 sweutorum
2798 532 2975 603 (Apoc.
3000 551 3086 599 xx,
3109 535 3163 600 9,
3188 533 3297 607 10).
3321 535 3479 602 Quod
3502 535 3575 590 ibi
3592 536 3766 593 dictum

2202 630 2283 677 est
2305 662 2320 687 ,
2350 630 2632 687 azternum;
2659 623 2745 677 hic
2781 624 2977 678 dictum
3007 633 3089 679 est
3111 666 3125 687 ,
3150 626 3206 677 in
3230 624 3424 679 mula
3454 626 3765 697 mulorum:

2202 714 2393 783 quibus
2420 715 2596 769 verbis
2626 715 2753 768 nihil
2779 716 3048 784 Scriptura
3090 715 3265 769 divina
3312 716 3619 785 signiﬁcare
3652 732 3764 771 con-

2200 807 2391 869 suevit,
2421 806 2523 860 nisi
2565 805 2705 874 quod
2748 806 2906 860 ﬁnem
2932 821 3035 860 non
3085 806 3244 860 habet
3284 807 3569 875 temporis.
3593 808 3761 872 Quam-

2200 898 2382 951 obrem
2410 911 2625 964 prorsus
2653 911 2753 951 nec
2779 897 2880 950 alia
2900 911 3076 961 causa,
3096 912 3194 951 nec
3208 897 3409 965 justior
3437 907 3597 966 atque
3616 900 3768 951 mani-

2202 986 2382 1041 festior
2408 986 2630 1040 inveniri
2662 995 2863 1054 potest,
2890 1002 2986 1040 cur
3014 987 3289 1041 verissima
3324 987 3531 1055 pietate
3552 996 3765 1041 teneatur

2200 1076 2362 1130 ﬁxum
2391 1085 2446 1131 et
2486 1075 2755 1131 immobile
2778 1117 2793 1141 ,
2838 1076 3040 1130 nullum
3081 1091 3387 1147 regressum
3419 1076 3490 1130 ad
3535 1078 3762 1143 justitiam

2199 1168 2465 1236 vitamque
2507 1176 2807 1221 sanctorum
2834 1167 3099 1222 diabolum
3129 1176 3184 1221 et
3223 1168 3452 1237 angelos
3483 1168 3598 1237 ejus
3636 1168 3767 1224 habi-

2199 1266 2365 1324 turos,
2389 1258 2485 1311 nisi
2508 1258 2627 1327 quia
2648 1258 2935 1327 Scriptura,
2957 1273 3075 1327 qua:
3094 1259 3367 1313 neminem
3387 1257 3552 1324 fallit,
3566 1260 3682 1313 dicit
3701 1262 3768 1312 cis

2197 1348 2361 1403 Deum
2390 1361 2493 1402 non
2543 1349 2843 1417 pepercisse
2887 1347 2968 1418 (ll
2997 1346 3139 1403 Petr.
3176 1364 3236 1416 ιι,
3267 1350 3303 1403 Δ
3325 1346 3367 1419 ),
3400 1357 3460 1404 et
3510 1349 3587 1402 sic
3610 1350 3667 1403 ab
3685 1350 3767 1403 illo

2196 1451 2317 1492 esse
2343 1436 2553 1491 interim
2578 1437 2984 1506 praedamnatos,
3007 1444 3067 1490 ut
3089 1437 3399 1492 carceribus
3427 1438 3664 1507 caliginis
3692 1440 3764 1492 in-

2198 1526 2292 1580 feri
2321 1528 2336 1557 ¹
2367 1527 2557 1581 retrusi
2605 1526 2937 1581 traderentur
2961 1526 3246 1595 servandi,
3274 1538 3442 1597 atque
3474 1529 3651 1583 ultimo
3685 1532 3760 1599 ju-

2196 1617 2334 1672 dicio
2354 1618 2623 1687 puniendi,
2650 1619 2861 1689 quando
2882 1634 2973 1673 eos
2992 1629 3225 1674 :eternus
3252 1620 3395 1689 ignis
3420 1622 3662 1691 accipiet,
3685 1624 3762 1677 ubi

2195 1710 2565 1765 cruciabuntnr
2591 1710 2646 1764 in
2676 1712 2867 1766 smcula
2906 1712 3243 1766 saeculorum.
3288 1712 3453 1778 Quod
3502 1715 3549 1769 si
3586 1716 3650 1767 ita
3674 1724 3759 1779 est,

2194 1800 2459 1870 quomodo
2482 1802 2549 1856 ab
2573 1800 2727 1870 hujus
2753 1801 3046 1856 :eternitate
3072 1816 3268 1870 parum,
3298 1803 3388 1856 vel
3415 1804 3668 1869 universi,
3688 1806 3759 1858 vel

2193 1892 2403 1960 quidam
2431 1891 2673 1948 homines
2701 1902 2821 1961 post
2844 1893 3229 1963 quantumlibet
3259 1895 3527 1962 temporis
3562 1896 3756 1949 subtra-

2195 1982 2405 2047 hentur,
2428 1998 2490 2038 ac
2515 2000 2621 2039 non
2648 1984 2826 2038 statim
2853 1984 3189 2039 enervabitur
3216 1984 3375 2051 ﬁdes,
3410 2000 3519 2054 qua
3549 1986 3761 2039 creditur

2192 2075 2568 2144 sempiternum
2597 2075 2897 2130 daemonum
2925 2075 3156 2131 futurum
3186 2091 3310 2132 esse
3337 2077 3687 2146 supplicium?
3709 2078 3756 2132 Si

2192 2167 2329 2221 enim
2348 2167 2537 2236 quibus
2564 2167 2785 2235 dicetur,
2803 2168 3054 2224 Discedite
3074 2186 3106 2222 a
3128 2185 3225 2234 me,
3240 2169 3522 2235 maledicti,
3544 2171 3593 2221 in
3616 2170 3758 2237 ignem

2191 2268 2449 2322 wternum,
2476 2258 2561 2326 qui
2586 2266 2789 2328 paratus
2814 2267 2885 2313 est
2905 2259 3104 2314 diabolo
3129 2270 3174 2313 et
3202 2260 3399 2330 angelis
3426 2262 3539 2329 ejus
3565 2260 3759 2327 (Matth-

2192 2364 2319 2417 xxv,
2349 2349 2462 2419 41),
2507 2351 2588 2405 vel
2629 2352 2858 2407 universi
2885 2352 2967 2407 vel
2996 2353 3159 2422 aliqui
3192 2368 3380 2408 eorum
3415 2369 3523 2407 non
3553 2369 3743 2422 semper

2193 2440 2261 2493 ibi
2290 2450 2441 2495 erunt
2465 2458 2479 2505 ;
2511 2442 2635 2511 quid
2663 2457 2834 2497 causa}
2864 2451 2945 2497 est
2970 2458 3065 2497 cur
3090 2442 3339 2498 diabolus
3364 2452 3421 2497 et
3450 2446 3621 2512 angeli
3656 2446 3755 2514 ejus

2190 2548 2401 2602 semper
2427 2534 2498 2587 ibi
2528 2532 2685 2588 futuri
2730 2548 2849 2589 esse
2888 2534 3209 2589 credantur?
3236 2550 3303 2587 an
3336 2532 3481 2588 forte
3533 2536 3621 2588 Dei
3645 2551 3752 2590 sen-

2194 2624 2373 2685 tentia,
2397 2639 2513 2693 qua:
2540 2624 2589 2677 in
2613 2623 2779 2678 malos
2798 2632 2853 2678 et
2870 2625 3089 2693 angelos
3108 2634 3162 2678 et
3181 2623 3431 2677 homines
3454 2624 3750 2692 proferetur.

2192 2714 2244 2767 in
2271 2714 2488 2783 angelos
2528 2730 2652 2769 vera
2683 2716 2800 2780 erit,
2833 2715 2886 2768 in
2917 2714 3157 2768 homines
3184 2713 3360 2768 falsa?
3385 2714 3461 2768 Ita
3492 2715 3640 2782 plane
3665 2714 3751 2766 hoc

2192 2804 2332 2869 erit,
2360 2804 2403 2858 si
2432 2818 2537 2858 non
2577 2804 2715 2873 quod
2757 2804 2894 2858 Deus
2935 2803 3086 2867 dixit,
3117 2801 3212 2857 sed
3252 2803 3398 2872 quod
3438 2804 3751 2873 suspicantur

2192 2893 2431 2947 homines
2460 2895 2575 2963 plus
2601 2894 2814 2949 valebit.
2838 2894 2987 2959 Quod
3017 2894 3129 2948 ﬁeri
3161 2894 3281 2962 quia
3309 2908 3419 2947 non
3446 2904 3633 2963 potest,
3659 2910 3750 2947 non

2190 2986 2545 3053 argumentari
2579 2986 2832 3040 adversus
2860 2986 3048 3050 Deum,
3079 2986 3171 3040 sed
3198 2984 3384 3039 divino
3409 2988 3616 3057 potius,
3640 2987 3750 3040 dum

2193 3085 2398 3145 tempus
2435 3086 2538 3143 est,
2565 3077 2761 3131 debent
2786 3093 2972 3146 parere
3000 3086 3287 3147 praecepto.
3317 3080 3409 3147 qui
3442 3079 3749 3148 sempiterno

2195 3168 2414 3236 cupiunt
2458 3184 2639 3223 carere
2682 3170 2959 3238 supplicio.
2994 3169 3195 3224 Deinde
3218 3172 3380 3238 quale
3408 3180 3491 3225 est
3516 3180 3748 3224 :eternum

2190 3258 2503 3327 supplicium
2546 3274 2642 3327 pro
2672 3260 2793 3327 igne
2838 3259 3068 3314 diuturni
3092 3262 3353 3329 temporis
3392 3262 3746 3326 existimare’,

2190 3360 2244 3404 et
2291 3350 2452 3402 vitam
2497 3359 2749 3404 :rternam
2781 3351 2999 3405 credere
3037 3352 3151 3406 sine
3195 3352 3338 3421 ﬁne,
3371 3367 3493 3405 cum
3530 3352 3747 3406 Christus

2189 3438 2374 3492 eodem
2422 3439 2535 3508 ipso
2576 3439 2690 3493 loco
2711 3480 2724 3503 ,
2755 3440 2805 3493 in
2829 3455 2926 3493 una
2952 3440 3240 3509 eademque
3278 3442 3544 3495 sententia
3576 3441 3747 3495 dixerit

2190 3537 2469 3596 utrumque
2516 3530 2859 3598 complexus,
2912 3528 3000 3584 Sic
3026 3531 3164 3583 ibunt
3213 3532 3295 3583 isti
3340 3532 3396 3583 in
3446 3532 3732 3598 supplicium

2188 3631 2466 3687 wternum;
2498 3623 2627 3691 justi
2663 3630 2828 3674 autem
2848 3662 2865 3688 ,
2896 3623 2948 3675 in
2978 3624 3126 3675 vitam
3145 3632 3385 3676 retentam
3413 3623 3583 3691 (Ibid.
3614 3624 3743 3691 ιδῃ

2186 3711 2242 3766 Si
2293 3721 2571 3780 utrumque
2609 3721 2886 3779 aeternum,
2931 3710 3169 3783 profecto
3193 3721 3286 3766 aut
3322 3722 3604 3783 utrumque
3629 3727 3732 3766 cum

2187 3802 2291 3858 ﬁne
2332 3802 2677 3869 diuturnum,
2729 3812 2821 3857 aut
2861 3813 3139 3872 utrumque
3179 3803 3296 3858 sine
3351 3804 3456 3857 ﬁne
3505 3812 3733 3873 perpetu-

2186 3911 2274 3948 um
2294 3894 2449 3949 debet
2468 3894 2705 3965 intelligi.
2729 3894 2830 3949 Par
2848 3894 2955 3964 pari
2986 3895 3125 3949 enim
3146 3894 3310 3949 relata
3332 3906 3478 3962 sunt,
3502 3896 3619 3950 hinc
3636 3909 3742 3964 sup-

2188 3988 2397 4056 plicium
2426 3997 2703 4053 aeternum,
2734 3986 2862 4042 inde
2895 3987 3001 4041 vita
3030 3995 3248 4042 aeterna.
3280 3987 3468 4043 Dicere
3501 3997 3664 4042 autem
3691 3986 3738 4039 in

2186 4079 2287 4133 hoc
2313 4094 2419 4133 uno
2442 4079 2735 4148 eodemque
2764 4094 2923 4133 sensu
2948 4119 2963 4145 ,
2990 4078 3107 4132 Vita
3141 4086 3340 4132 :eterna
3366 4081 3482 4134 sine
3510 4080 3605 4133 ﬁne
3628 4079 3729 4139 erit,

2186 4171 2501 4240 supplicium
2534 4178 2791 4225 aeternum
2832 4170 2990 4224 ﬁnem
3034 4168 3284 4235 habebit,
3327 4170 3545 4224 multum
3574 4170 3734 4223 absur-

2185 4261 2309 4315 dum
2334 4270 2436 4316 est.
2466 4259 2639 4325 Unde,
2679 4261 2798 4330 quia
2820 4261 2926 4315 vita
2954 4269 3151 4315 asterna
3182 4270 3486 4315 sanctorum
3517 4261 3624 4314 sine
3647 4260 3733 4311 ﬁne

2184 4351 2303 4416 erit,
2334 4351 2650 4419 supplicium
2677 4366 2887 4420 quoque
2914 4359 3170 4405 aeternum
3198 4350 3396 4420 quibus
3420 4352 3523 4406 erit
3544 4392 3559 4415 ,
3588 4349 3727 4404 ﬁnem

2187 4440 2367 4508 procul
2402 4440 2564 4495 dubio
2590 4455 2695 4494 non
2727 4440 2960 4495 habebit.

2182 4551 2407 4607 CAPUT
2444 4548 2923 4606 XXIV.—Contra
2965 4566 3137 4603 eorum
3176 4566 3418 4617 sensum,
3455 4551 3540 4621 qui
3579 4551 3626 4605 in
3657 4551 3733 4619 ju-

2254 4642 2384 4696 dicio
2414 4641 2507 4695 Dei
2532 4642 2759 4696 omnibus
2805 4643 2903 4696 reis
2930 4650 3133 4712 propter
3156 4650 3447 4696 sanctorum
3475 4658 3634 4713 preces
3654 4656 3734 4711 pu-

2254 4744 2360 4789 tant
2388 4751 2492 4789 esse
2517 4734 2839 4805 parcendum.

2254 4848 2304 4901 1.
2346 4846 2457 4901 Hoc
2484 4856 2656 4900 autem
2680 4856 2733 4901 et
2752 4843 3004 4902 adversus
3029 4859 3122 4901 eos
3140 4845 3303 4909 valet.
3329 4846 3418 4915 qui
3445 4860 3566 4901 suas
3589 4860 3732 4915 agen-

2182 4946 2260 4993 tes
2289 4952 2475 4991 causas
2501 4944 2680 4991 contra
2706 4935 2798 4989 Dei
2820 4936 2999 4991 venire
3027 4937 3207 5002 verba,
3232 4936 3375 4991 velut
3400 4936 3732 4993 misericordia

2183 5030 2382 5100 majore
2411 5039 2704 5095 conantur;
2737 5038 2795 5084 ut
2820 5031 2939 5087 ideo
2959 5029 3204 5086 videlicet
3228 5047 3355 5087 vera
3388 5034 3514 5099 sint,
3544 5032 3651 5102 quia
3679 5043 3730 5081 ea

2180 5138 2295 5191 qua:
2321 5121 2451 5175 dixit
2476 5121 2715 5176 homines
2743 5136 2858 5176 esse
2884 5137 3152 5191 passuros,
3181 5123 3285 5190 pati
3308 5123 3453 5192 digni
3479 5131 3613 5187 sunt,
3644 5136 3728 5173 non

2181 5214 2300 5282 quia
2338 5214 2541 5282 passuri
2572 5222 2713 5267 sunt.
2745 5214 2968 5269 Donabit
2998 5216 3138 5268 enim
3170 5229 3265 5269 eos
3289 5257 3303 5279 ,
3338 5216 3602 5286 inquiunt,
3631 5229 3729 5282 pre-

2179 5306 2328 5359 cibus
2383 5314 2689 5360 sanctorum
2736 5322 2987 5372 suorum,
3027 5308 3186 5362 etiam
3231 5316 3359 5363 tunc
3402 5318 3545 5363 tanto
3584 5307 3725 5375 magis

2179 5396 2437 5449 orantium
2465 5410 2559 5463 pro
2586 5395 2810 5449 inimicis
2839 5397 2968 5458 suis,
3018 5407 3216 5465 quanto
3245 5407 3372 5452 sunt
3409 5399 3585 5466 utique
3624 5408 3725 5447 san-

2176 5488 2388 5553 ctiores,
2420 5502 2709 5557 eorumque
2726 5487 2992 5543 efﬁcacior
3011 5498 3092 5544 est
3118 5490 3309 5555 oratio,
3337 5499 3390 5544 et
3414 5490 3721 5544 exauditionc

2240 5642 2256 5671 ι
2283 5641 2355 5686 sic
2374 5647 2477 5688 Mss.
2505 5640 2617 5688 [aditi
2637 5653 2768 5699 vero,
2792 5639 2984 5699 inferni.

2238 5703 2256 5731 ³
2280 5706 2351 5747 Fr.
2381 5708 2431 5748 et
2465 5708 2592 5772 inv...
2625 5713 2716 5751 non
2738 5697 3030 5753 existimare.
3061 5704 3220 5763 Abest,
3248 5716 3359 5763 non,
3383 5704 3440 5751 ali
3469 5701 3599 5751 editis
3625 5697 3714 5747 aliis

2180 5769 2231 5811 et
2255 5769 2602 5824 manuscriptis.
