3896 6382
473 382 583 440 203

473 505 606 558 cium
633 499 728 556 sibi
756 496 1026 552 manduca!
1056 501 1101 548 et
1137 492 1277 548 bibit.
1311 491 1354 563 (l
1383 490 1501 547 Cor.
1534 508 1604 556 xx,
1638 489 1728 556 ‘28,
1762 487 1874 560 9.9.)
1910 486 2062 557 Quod

474 603 653 660 autem
685 591 743 646 ﬁt
774 605 868 662 per
894 603 1053 643 omne
1083 597 1311 656 tempus,
1345 598 1449 655 quo
1480 584 1531 638 in
1574 582 1808 638 Ecclesia
1839 581 2064 636 salubri-

473 696 559 752 ter
587 684 931 742 constitutum
962 689 1063 747 est,
1094 688 1152 735 ut
1177 679 1243 734 ad
1288 693 1481 755 nomen
1521 676 1714 733 Christi
1747 674 2063 730 accedentes

472 777 980 833 catechumenorum
1007 771 1202 844 gradus
1226 769 1515 840 excipiat‘;
1540 767 1642 824 hoc
1664 767 1722 820 ﬁt
1745 766 1910 820 multo
1934 763 2061 819 dili-

468 868 684 940 gentius
713 875 768 922 et
791 865 1074 921 instantius
1100 863 1184 919 his
1210 861 1420 930 diebus,
1467 859 1661 930 quibus
1684 856 2062 929 Competentes

469 970 750 1029 vocantur,
785 974 907 1015 cum
938 956 1006 1012 ad
1040 953 1436 1033 percipiendum
1457 952 1786 1028 Baptismum
1826 965 1920 1005 sua
1961 965 2060 1004 no-

465 1055 616 1110 mina
653 1054 764 1123 jam
793 1052 1076 1108 dederunt.

540 1143 771 1200 CAPUT
793 1142 905 1198 VH.
927 1171 998 1182 ——
1020 1141 1105 1196 10.
1134 1139 1288 1211 Virgo
1316 1154 1429 1213 qua:
1454 1139 1678 1194 nesciens
1701 1137 1872 1208 nupsit
1896 1135 2060 1190 alieno

468 1239 601 1307 uiro,
635 1254 701 1292 an
715 1236 965 1292 censenda
990 1235 1056 1290 sit
1085 1233 1335 1286 adultera.
1367 1230 1723 1302 Apostolorum
1753 1228 1981 1299 exemplo
2015 1235 2062 1281 et

469 1332 651 1388 litteris
688 1331 763 1385 nil
794 1329 969 1404 juvari
1012 1328 1097 1399 qui
1148 1328 1318 1381 volunt
1344 1324 1675 1397 baptizandos
1701 1323 1764 1376 de
1788 1322 1897 1375 sola
1921 1322 2060 1391 ﬁde,

468 1422 748 1494 baptizatos
778 1436 891 1475 vero
931 1420 992 1474 de
1021 1419 1245 1473 moribus
1276 1415 1644 1470 admonendos.
1676 1413 1812 1482 Quid
1859 1413 1936 1477 si,
1981 1412 2063 1467 in-

465 1515 658 1596 quiunt
677 1556 691 1581 ,
720 1514 872 1584 virgo
916 1512 1164 1568 nesciens
1207 1510 1323 1565 viro
1352 1508 1598 1579 nupserit
1627 1506 1844 1562 alieno?
1875 1505 1986 1561 Hoc
2015 1505 2063 1560 si

464 1618 682 1676 semper
709 1605 944 1671 nesciat,
972 1617 1241 1673 nunquam
1291 1615 1356 1656 ex
1405 1599 1506 1656 hoc
1536 1597 1640 1653 erit
1679 1597 1918 1652 adultera
1959 1613 1973 1650 :
2015 1595 2062 1650 si

466 1705 645 1752 autem
673 1697 837 1760 sciat,
866 1695 977 1765 jam
1018 1709 1085 1749 ex
1128 1693 1231 1748 hoc
1273 1707 1392 1747 esse
1424 1690 1682 1760 incipiet,
1715 1704 1780 1760 ex
1806 1704 1911 1758 quo
1939 1702 2062 1744 cum

467 1788 644 1842 alieno
669 1787 786 1841 viro
813 1787 988 1842 sciens
1010 1783 1302 1839 cubaverit.
1326 1782 1476 1836 Sicut
1497 1781 1549 1834 in
1565 1779 1687 1848 jure
1713 1777 2056 1850 praediorum,

465 1878 668 1936 tamdiu
698 1879 923 1950 quisque
951 1878 1106 1933 bona:
1131 1875 1256 1932 ﬁdei
1279 1889 1559 1946 possessor
1587 1873 1890 1928 rectissime
1921 1870 2059 1927 dici-

467 1980 574 2037 tur,
607 1971 860 2043 quamdiu
902 1986 961 2025 se
1010 1969 1287 2040 possidere
1335 1968 1545 2038 ignorat
1595 1965 1829 2020 alienum
1873 1983 1887 2018 :
1933 1979 2055 2020 cum

467 2082 597 2124 vero
643 2067 854 2129 scierit,
886 2079 986 2119 nec
1033 2065 1100 2120 ab
1139 2064 1314 2118 aliena
1355 2060 1700 2131 possessione
1739 2058 2060 2125 recesserit,

463 2167 594 2214 tunc
619 2159 774 2213 malae
803 2156 923 2211 ﬁdei
954 2154 1285 2226 perhibetur,
1319 2161 1443 2207 tunc
1471 2151 1612 2222 justo
1644 2151 1875 2222 injustus
1902 2165 2062 2206 voca-

464 2258 574 2304 tur.
623 2248 775 2303 Absit
813 2261 943 2316 ergo
993 2254 1051 2300 ut
1090 2259 1252 2299 sensu
1297 2243 1456 2314 plane
1494 2257 1601 2298 non
1647 2243 1915 2308 humano,
1965 2243 2062 2298 sed

462 2339 624 2417 plane
662 2351 802 2396 vano
847 2337 926 2392 sic
976 2335 1252 2391 doleamus
1299 2349 1421 2388 cum
1453 2333 1649 2406 flagitia
1695 2334 2058 2406 corriguntur,

464 2440 720 2501 tanquam
770 2427 1038 2484 connubia
1088 2425 1453 2480 dirimantur:
1488 2425 1720 2478 niaxime
1759 2424 1812 2477 in
1845 2424 2062 2480 civitate

463 2521 561 2575 Dei
587 2518 778 2586 nostri,
803 2519 857 2571 in
883 2524 1066 2572 monte
1095 2524 1283 2572 sancto
1307 2515 1426 2585 ejus
1454 2513 1623 2586 (Psal.
1658 2530 1801 2570 vatt
1820 2557 1834 2582 ,
1860 2515 1928 2582 2,
1965 2514 2059 2587 5),

462 2609 571 2667 hoc
598 2618 681 2666 est
709 2611 762 2665 in
794 2607 1032 2664 Ecclesia
1051 2649 1067 2675 ,
1097 2607 1189 2662 ubi
1219 2607 1522 2676 nuptiarum
1544 2622 1650 2662 non
1683 2607 1855 2661 solum
1878 2607 2062 2672 vincu-

463 2703 614 2772 lum,
641 2718 827 2759 vcrum
873 2701 1034 2780 etiam
1079 2708 1474 2754 sacramentum
1519 2699 1591 2753 ita
1631 2699 2059 2768 commendatur,

463 2804 525 2856 ut
548 2812 657 2853 non
680 2797 837 2854 liceat
863 2795 979 2849 viro
1011 2808 1230 2850 uxorem
1259 2807 1409 2847 suam
1454 2792 1609 2846 alteri
1641 2792 1884 2856 tradere;
1918 2793 2062 2864 quod

463 2889 521 2944 in
553 2887 828 2958 republica
869 2895 995 2942 tunc
1037 2874 1279 2939 Romana
1299 2924 1314 2948 ,
1347 2898 1454 2938 non
1481 2883 1656 2938 solum
1693 2882 1915 2939 minime
1945 2885 2062 2938 cul-

462 2979 732 3050 pabiliter,
766 2992 950 3032 verum
991 2977 1152 3034 etiam
1183 2974 1521 3030 laudabiliter
1549 2973 1683 3030 Cato
1712 2973 1907 3031 fecisse
1939 2991 2061 3046 pcr-

462 3069 679 3130 hibetur
725 3067 1022 3140 (Plutarch.
1093 3069 1146 3122 in
1190 3065 1376 3122 Catone
1423 3067 1660 3138 minore).
1707 3067 1890 3137 Neque
1936 3067 2063 3124 hinc

463 3159 664 3216 diutius
703 3158 863 3215 modo
888 3157 1163 3228 disputare
1203 3171 1340 3228 opus
1368 3165 1452 3212 est
1471 3198 1486 3224 ,
1514 3171 1636 3212 cum
1665 3165 1720 3212 et
1746 3157 1822 3211 illi
1867 3156 2063 3229 quibus

463 3250 768 3324 respondeo
798 3266 903 3304 non
933 3249 1164 3304 audeant
1189 3248 1495 3314 afﬁrmare,
1540 3247 1750 3304 nullum
1793 3247 1898 3304 hoc
1941 3263 2062 3304 esse

464 3352 778 3419 peccatum,
810 3356 987 3411 neque
1027 3348 1226 3411 negent
1274 3355 1395 3396 esse
1442 3338 1799 3407 adulterium,
1846 3356 1914 3396 ne
1960 3341 2061 3412 ipsi

463 3434 692 3490 Domino
719 3443 1012 3504 sanctoque
1034 3432 1326 3502 Evangelio
1352 3440 1535 3502 aperte
1560 3433 1946 3487 convincantur
1965 3434 2062 3488 ob-

462 3526 673 3582 sistere.
709 3524 817 3584 Sed
843 3541 966 3580 cum
996 3524 1074 3579 eis
1096 3523 1273 3594 placet
1299 3523 1529 3592 primum
1559 3521 1918 3578 admittendos
1940 3538 2060 3580 esse

461 3618 600 3674 tales
629 3616 696 3670 ad
726 3614 1128 3684 percipiendum
1173 3613 1427 3682 Baptismi
1459 3621 1854 3670 sacramentum
1898 3623 1953 3672 et
1989 3615 2060 3672 ad

459 3705 795 3766 Dominicam
821 3718 1060 3760 mensam
1083 3744 1097 3768 ,
1122 3703 1332 3757 etiamsi
1359 3704 1747 3760 correctionem
1773 3719 1909 3762 voce
1939 3723 2057 3763 ma-

461 3798 812 3862 nifestissima
845 3795 1247 3854 recusaverint;
1280 3794 1389 3850 imo
1415 3809 1542 3849 vero
1571 3794 1706 3850 nihil
1731 3810 1826 3851 eos
1863 3797 1930 3854 de
1957 3798 2060 3856 hac

459 3908 522 3952 re
549 3903 772 3964 prorsus
797 3884 1074 3944 admoneri
1104 3892 1355 3955 oportere
1374 3925 1388 3950 ,
1414 3885 1508 3940 sed
1537 3894 1723 3956 postea
1758 3886 1969 3955 doceri;
2003 3898 2060 3946 ut

461 3984 510 4044 si
571 3980 822 4054 praecepti
870 3976 1298 4034 observationem
1352 3978 1683 4048 receperint,
1737 3979 2058 4052 culpamque

460 4073 827 4140 correxerint,
853 4071 1152 4127 habeantur
1179 4069 1234 4125 in
1261 4069 1470 4137 tritico;
1502 4070 1550 4126 si
1590 4080 1770 4128 autem
1811 4081 2054 4130 contem-

461 4168 671 4241 pserint
687 4209 704 4236 ,
723 4166 862 4226 inter
891 4165 1094 4221 zizania
1122 4163 1418 4224 tolerentur
1438 4161 1598 4219 :satis
1627 4164 1918 4222 ostendunt
1947 4182 2058 4238 non

462 4275 526 4318 se
561 4257 787 4320 crimina
816 4257 924 4314 ista
954 4253 1272 4322 defendere,
1313 4262 1406 4308 aut
1431 4253 1582 4324 quasi
1625 4254 1760 4311 levia
1800 4257 1885 4318 vel
1912 4258 2058 4316 nulla

461 4353 572 4414 sint
617 4365 794 4424 agere.
839 4348 973 4416 Quis
1002 4347 1145 4404 enim
1176 4345 1496 4403 adulterium
1541 4345 1696 4404 bonae
1747 4348 1863 4420 spei
1907 4349 2056 4414 chri-

459 4445 666 4512 manus
689 4441 897 4500 nullum
927 4454 1022 4498 seu
1050 4453 1274 4512 parvum
1301 4437 1508 4495 crimen
1531 4439 1840 4496 existimet?

533 4538 622 4594 11.
654 4535 908 4594 Ordinem
940 4543 1118 4589 tamen
1163 4547 1271 4604 quo
1299 4529 1417 4588 haec
1441 4532 1497 4588 in
1525 4531 1645 4588 aliis
1670 4533 1755 4587 vel
1783 4533 2056 4606 corrigam.

458 4639 547 4703 tur
570 4628 655 4686 vel
684 4628 942 4692 terantur,
967 4624 1036 4688 de
1073 4623 1368 4694 Scripturis
1393 4624 1594 4682 sanctis
1621 4639 1680 4688 se
1708 4625 1946 4696 proferre
1969 4642 2057 4686 ar.

458 4722 747 4790 bitrantur,
774 4731 900 4774 cum
942 4715 1127 4776 dicunt
1169 4713 1458 4786 Apostolos
1505 4714 1584 4774 sic
1626 4715 1838 4786 egisse;
1888 4726 1944 4781 et
1985 4719 2056 4792 de

459 4812 678 4886 Litteris
715 4823 904 4886 eorum
951 4805 1198 4880 quadam
1243 4805 1550 4863 testimonia
1600 4808 1912 4882 proferunt,
1963 4813 2054 4870 ubi

458 4903 800 4976 reperiuntur
855 4899 1003 4974 prius
1062 4897 1364 4958 insinuasse
1413 4897 1714 4956 doctrinam
1775 4899 1940 4970 ﬁdei,
1989 4917 2054 4962 ac

459 4997 655 5060 deinde
673 5010 884 5058 morum
913 4990 1198 5052 tradidisse
1228 4999 1514 5062 praecepta.
1538 4992 1716 5062 Atque
1739 4991 1866 5052 hinc
1894 4994 2052 5052 intel.

598 5089 821 5155 volunt,
868 5084 996 5150 ﬁdei
1039 5081 1407 5147 tantummodo
1443 5083 1684 5155 regulam
1719 5084 2051 5156 baptizandis

459 5197 582 5244 esse
609 5178 984 5240 insinuandam
1010 5177 1055 5243 ',
1084 5183 1271 5247 postea
1293 5189 1424 5232 vero
1445 5175 1556 5245 jam
1582 5175 1862 5247 baptizatis
1888 5180 2051 5238 etiam

459 5275 582 5332 vitae
626 5275 680 5328 in
719 5270 913 5338 melius
957 5267 1224 5326 mutandae
1268 5275 1532 5340 praecepta
1562 5267 1820 5326 tradenda
1853 5290 1868 5325 :
1899 5274 2050 5344 quasi

461 5362 1052 5438 aliquasApostolorum
1077 5359 1344 5431 Epistolas
1364 5359 1540 5430 legant
1555 5357 1622 5415 ad
1645 5374 1739 5416 eos
1767 5362 1855 5432 qui
1880 5361 2052 5436 bapti-

461 5461 621 5526 zandi
660 5464 785 5518 sunt
821 5456 974 5513 datas
997 5495 1013 5522 ,
1045 5454 1136 5512 ubi
1160 5453 1227 5510 de
1257 5452 1370 5510 sola
1395 5453 1499 5509 ﬁde
1527 5453 1967 5526 diSputaverunt;
1995 5464 2050 5514 et

466 5554 598 5616 alias
623 5551 693 5614 ad
712 5549 1008 5621 baptizatos
1027 5590 1042 5616 ,
1060 5543 1266 5619 quibus
1294 5555 1560 5620 praecepta
1588 5547 1657 5605 de
1680 5549 1834 5604 malis
1851 5565 2049 5607 caven-

525 5713 548 5745 ³
577 5712 716 5770 Editi,
733 5709 987 5773 accipiant.
1007 5709 1294 5758 Concinnius
1315 5717 1442 5768 Mss,
1465 5705 1712 5773 excipiat;
1736 5709 1842 5772 ipse
1861 5709 2049 5761 scilicet

461 5773 641 5838 gradus
681 5771 1138 5822 catechumenon
1186 5784 1273 5820 eos
1306 5773 1390 5832 qui
1435 5771 1492 5820 ad
1538 5771 1707 5823 Chr'mi
1749 5785 1930 5826 nomen
1965 5785 2047 5825 ac-

805 5901 862 5948 At
881 5894 1018 5958 editi,
1053 5892 1388 5949 summm.

1440 373 1529 431 DE
1568 371 1725 429 FIDE
1766 368 1856 426 ET
1895 365 2255 440 ornamus,
2298 371 2355 429 s.
2399 373 2774 434 AUGUSTINI
3218 395 3220 398 μ
3639 388 3733 448 ,οι

2175 494 2257 551 dis
2301 495 2561 567 bonisque
2600 491 2940 549 instituendis
2965 491 3203 552 moribus
3231 493 3584 554 continentur.
3614 496 3727 560 Cum

2176 587 2334 657 igitur
2355 600 2450 643 eos
2474 585 2540 641 ad
2565 585 2898 641 Christianos
2919 584 3032 655 jam
3070 585 3364 656 baptizatos
3393 587 3597 646 dedisse
3627 591 3726 649 Lit-

2174 685 2318 734 teras
2347 685 2590 747 constet,
2629 672 2725 733 ραν
2751 686 2980 752 utroque
3024 693 3273 735 sermone
3309 689 3566 737 contexta:
3594 698 3726 755 sunt,

2174 778 2229 826 et
2253 785 2318 826 eo
2355 770 2558 826 scilicet
2586 769 2676 842 qui
2705 769 2770 824 ad
2801 770 2994 836 ﬁdem,
3030 776 3085 825 et
3119 783 3183 826 eo
3219 769 3310 842 qui
3353 770 3419 826 ad
3457 771 3609 828 vitam
3649 776 3729 832 bo-

2174 878 2298 918 nam
2338 862 2605 938 pertinet?
2643 863 2723 918 An
2765 862 2903 918 forte
2943 862 3052 934 jam
3095 862 3272 938 placet
3331 871 3389 917 ut
3430 862 3728 934 baptizandis

2173 963 2458 1027 utrumque
2497 971 2602 1010 non
2653 955 2872 1022 demus,
2899 965 2953 1011 et
2994 955 3270 1025 baptizatis
3312 963 3584 1028 utrumque
3623 961 3728 1015 red-

2173 1047 2405 1106 damus?
2452 1047 2606 1120 Quod
2670 1049 2717 1103 si
2768 1047 2998 1104 absurde
3051 1046 3264 1116 dicitur,
3321 1062 3448 1120 ergo
3499 1048 3728 1108 fateantur

2173 1140 2459 1212 Apostolos
2511 1139 2809 1196 doctrinam
2868 1154 3021 1195 suam
3072 1155 3142 1196 ex
3205 1148 3432 1211 utroque
3475 1139 3727 1212 perlectam

2173 1236 2286 1291 suis
2312 1233 2562 1303 Epistolis
2588 1232 2876 1300 indidisse;
2909 1231 3003 1288 sed
3029 1241 3310 1306 propterea
3336 1234 3636 1306 plerumque
3661 1237 3728 1296 in-

2171 1326 2415 1381 sinuasse
2438 1325 2588 1397 prius
2610 1324 2791 1390 ﬁdem,
2818 1339 2879 1379 ac
2901 1323 3096 1380 deinde
3123 1323 3264 1395 quod
3285 1324 3351 1380 ad
3378 1325 3538 1380 vitam
3559 1325 3726 1385 bonam

2171 1417 2406 1490 pertinet
2430 1417 2752 1488 subjecisse,
2783 1415 2904 1485 quia
2929 1425 2983 1470 et
3015 1415 3068 1472 in
3090 1413 3306 1471 homine
3337 1417 3452 1486 ipso
3484 1417 3580 1472 nisi
3609 1433 3726 1494 prae-

2171 1509 2328 1566 cedat
2365 1509 2498 1565 ﬁdes
2521 1550 2536 1576 ,
2564 1509 2672 1564 vita
2713 1509 2853 1564 bona
2898 1507 3048 1580 sequi
3088 1522 3196 1564 non
3240 1509 3454 1580 poterit.
3489 1508 3726 1580 Quidquid

2171 1604 2316 1664 enim
2341 1603 2505 1659 homo
2527 1602 2692 1659 veluti
2713 1609 2860 1658 recte
2885 1600 3108 1669 fecerit,
3138 1599 3241 1656 nisi
3270 1601 3337 1678 ad
3362 1601 3607 1674 pietatem
3632 1617 3730 1673 qua:

2169 1700 2242 1776 ad
2280 1699 2450 1758 Deum
2490 1705 2600 1762 cst,
2641 1696 2924 1762 referatur,
2963 1704 3169 1752 reetum
3218 1693 3325 1749 dici
3367 1709 3479 1750 non
3527 1705 3727 1766 oportet.

2171 1792 2324 1866 Quod
2355 1791 2400 1846 si
2429 1790 2815 1850 arbitrarentur
2850 1787 3011 1862 aliqui
3052 1786 3199 1842 stulti
3242 1795 3298 1846 et
3331 1787 3492 1844 nimis
3532 1787 3731 1860 imperiti

2170 1883 2552 1958 Apostolorum
2583 1881 2846 1954 Epistolas
2876 1879 2944 1934 ad
2966 1880 3380 1940 catechumenos
3409 1880 3590 1948 datas,
3626 1898 3731 1954 pro-

2169 1977 2314 2035 fecto
2344 1977 2506 2033 etiam
2540 1976 2643 2048 ipsi
2683 1974 2994 2039 faterentur,
3030 1971 3269 2033 nondum
3313 1973 3591 2046 baptizatis
3618 1989 3731 2052 pra.

2170 2079 2326 2141 cepta
2355 2083 2568 2126 morum
2615 2067 2703 2138 qui
2744 2065 2870 2123 ﬁdei
2911 2074 3242 2138 congruant,
3276 2065 3435 2122 simul
3481 2081 3595 2122 cum
3632 2066 3733 2124 ﬁdei

2174 2165 2376 2236 regulis
2404 2161 2698 2218 intimanda
2717 2177 2730 2214 :
2747 2159 2850 2216 nisi
2875 2160 3013 2216 forte
3037 2159 3105 2216 ad
3118 2159 3255 2216 hanc
3267 2160 3636 2216 necessitatem
3654 2175 3732 2217 sua

2173 2274 2273 2316 nos
2324 2257 2412 2313 isti
2451 2255 2811 2328 disputatione
2848 2254 3209 2326 compellunt,
3253 2261 3312 2310 ut
3337 2255 3539 2326 primas
3582 2262 3734 2328 partes

2176 2349 2536 2421 Epistolarum
2558 2347 2971 2419 apostolicarum
3001 2348 3090 2402 ubi
3118 2347 3184 2402 de
3208 2347 3313 2402 fide
3340 2347 3643 2419 loquuntur,
3663 2362 3737 2407 ca-

2171 2443 2503 2506 techumenis
2523 2440 2776 2512 legendas
2799 2440 3008 2507 velint;
3040 2440 3362 2510 posteriores
3390 2449 3570 2511 autem
3591 2439 3735 2496 ﬁdeli-

2170 2539 2273 2598 bus
2294 2578 2310 2605 ,
2355 2537 2446 2598 ubi
2483 2536 2594 2606 iam
2639 2533 2945 2604 praecipitur
2982 2533 3432 2604 quemadmodum
3480 2533 3736 2590 Christiani

2169 2631 2352 2692 vivere
2379 2629 2629 2686 debeant.
2653 2626 2808 2695 Quod
2834 2625 2878 2681 si
2897 2626 3268 2682 stultissimum
3289 2635 3371 2682 est
3398 2625 3609 2694 dicere;
3636 2625 3736 2682 nul-

2171 2721 2285 2782 lum
2310 2735 2436 2791 ergo
2458 2720 2839 2776 documentum
2866 2725 2950 2772 est
2969 2716 3128 2786 hujus
3154 2715 3418 2786 opinionis
3445 2733 3517 2776 ex
3545 2717 3736 2788 Episto-

2170 2813 2236 2868 lis
2261 2812 2639 2884 Apostolorum
2661 2851 2676 2874 ,
2705 2824 2801 2864 cur
2823 2807 2944 2864 ideo
2968 2807 3291 2866 arbitremur
3315 2808 3658 2878 baptizandos
3681 2807 3737 2863 de

2171 2905 2287 2962 sola
2315 2904 2424 2960 ﬁde
2443 2945 2458 2969 ,
2487 2903 2784 2972 baptizatos
2805 2909 2984 2960 autem
3009 2898 3077 2956 de
3103 2899 3341 2958 moribus
3366 2899 3734 2966 admonendos,

2167 2997 2294 3067 quia
2317 2996 2393 3058 illi
2419 2995 2604 3065 primis
2627 2992 2866 3064 partibus
2894 2992 3216 3048 Litterarum
3244 3005 3466 3050 suarum
3493 3007 3738 3048 commen-

2167 3092 2431 3151 daverunt
2452 3088 2611 3145 ﬁdem
2631 3130 2648 3155 ,
2678 3097 2741 3144 ac
2762 3095 2949 3157 postea
2976 3093 3365 3155 consequenter
3394 3094 3458 3140 ut
3485 3086 3616 3143 bene
3634 3100 3662 3140 a
3684 3084 3738 3140 ll-

2169 3186 2378 3242 delibus
2404 3183 2675 3240 viveretur
2715 3179 2913 3243 hortati
2954 3185 3099 3234 sunt.
3140 3177 3394 3246 Quamvis
3445 3178 3588 3234 enim
3628 3174 3737 3233 illud

2170 3280 2348 3349 prius,
2381 3278 2484 3332 hoc
2512 3274 2779 3346 posterius
2799 3313 2820 3338 ,
2855 3271 3154 3340 saepissime
3191 3278 3370 3325 tamen
3401 3285 3511 3328 una
3537 3277 3738 3326 contex-

2167 3371 2316 3426 tione
2362 3368 2628 3426 sermonis
2676 3375 2960 3434 utrumque
3007 3363 3448 3431 catechumenis,
3479 3374 3736 3434 utrumque

2170 3461 2419 3517 ﬁdelibus
2443 3499 2460 3527 ,
2488 3467 2773 3526 utrumque
2808 3455 3139 3526 baptizandis
3158 3498 3174 3523 ,
3207 3464 3497 3527 utrumque
3525 3455 3738 3527 baptiza-

2165 3556 2236 3612 tis
2255 3594 2273 3621 ,
2300 3556 2412 3609 sive
2431 3560 2491 3608 ut
2514 3552 2868 3618 instruantur,
2891 3550 3005 3606 sive
3031 3565 3098 3608 ne
3121 3549 3532 3619 obliviscantur,
3559 3551 3668 3606 sive
3689 3554 3738 3603 ut

2165 3645 2537 3718 proﬁteantur,
2562 3644 2675 3699 sive
2693 3651 2752 3698 ut
2770 3641 3174 3706 conﬁrmentur,
3197 3643 3444 3699 doctrina
3473 3643 3734 3701 sanissima

2164 3750 2222 3798 et
2246 3738 2653 3810 diligentissima
2697 3733 3094 3806 praedicandum
3139 3743 3244 3790 est.
3288 3736 3551 3806 Epistolae
3580 3736 3736 3804 itaque

2163 3833 2345 3896 Petri,
2377 3829 2628 3900 Epistolas
2653 3826 2872 3885 Joannis
2894 3865 2910 3892 ,
2937 3825 3007 3881 de
3025 3824 3218 3896 quibus
3236 3825 3483 3895 quaedam
3510 3828 3735 3886 testimo-

2161 3929 2252 3984 nia
2281 3930 2739 3989 commemorant,
2768 3920 2964 3977 addant
2993 3927 3048 3976 et
3077 3918 3226 3974 Pauli
3258 3925 3312 3976 et
3336 3919 3572 3976 aliorum
3611 3920 3735 3988 Apo-

2163 4021 2460 4085 stolorum;
2489 4033 2552 4073 ea
2581 4017 2789 4072 ratione
2812 4011 3183 4082 accipiendum
3221 4020 3307 4070 est
3331 4011 3478 4082 quod
3505 4013 3734 4070 adverte-

2163 4120 2289 4170 runt
2310 4113 2457 4183 prius
2475 4111 2546 4166 de
2571 4109 2677 4165 ﬁde
2703 4123 2768 4163 ac
2797 4113 2979 4178 postea
3009 4105 3077 4162 de
3102 4104 3344 4162 moribus
3371 4103 3482 4166 dici
3502 4146 3522 4175 ,
3551 4119 3703 4178 quam
3719 4143 3734 4171 ,

2163 4205 2265 4261 nisi
2287 4205 2440 4260 fallor
2463 4205 2504 4271 ί,
2533 4200 2869 4273 apertissime
2895 4197 3144 4269 exposui.

2235 4294 2460 4353 CAPUT
2482 4291 2789 4349 γωδ-12.
2805 4292 2850 4346 Α
2867 4289 3020 4345 Petro
3049 4305 3154 4348 non
3175 4287 3444 4357 sola/idea,
3459 4289 3550 4347 sed
3576 4299 3621 4347 et
3639 4302 3730 4358 pte-

2161 4389 2372 4446 nitentia
2393 4386 2710 4458 baptizandis
2736 4383 3030 4454 praedicata.
3065 4380 3371 4441 Ptenitetuia
3395 4381 3608 4448 indicta,
3648 4394 3736 4436 non

2159 4483 2318 4539 notius
2338 4479 2683 4549 inﬁdelitatis,
2712 4477 2802 4532 sed
2826 4475 2940 4529 uiue
2969 4475 3148 4530 ueteris
3173 4473 3432 4530 mutanda
3455 4475 3512 4530 in
3546 4487 3731 4528 novant.

2159 4575 2270 4632 Sed
2331 4575 2386 4629 in
2441 4571 2663 4628 Actibus
2716 4567 3098 4638 Apostolorum
3165 4566 3389 4634 Petrus,
3466 4565 3732 4636 inquiunt,

2159 4670 2239 4726 sic
2266 4668 2530 4724 allocutus
2553 4671 2636 4719 est
2673 4663 2794 4718 illos
2817 4661 2908 4731 qui
2934 4661 3100 4717 verbo
3125 4659 3308 4716 audito
3334 4658 3588 4728 baptizati
3625 4662 3736 4714 sunt

2159 4778 2268 4820 uno
2295 4761 2384 4818 die
2406 4760 2507 4815 tria
2532 4757 2697 4814 millia
2715 4797 2732 4824 ,
2763 4765 2824 4812 ut
2849 4755 2927 4811 eis
2950 4756 3120 4811 solam
3159 4752 3342 4818 ﬁdem,
3382 4767 3487 4822 qua
3513 4751 3568 4807 in
3593 4747 3735 4808 Chri-

2158 4866 2301 4914 stum
2329 4853 2638 4918 crederent,
2669 4848 3004 4920 praedicaret.
3027 4846 3128 4916 Qui
3154 4861 3278 4902 cum
3296 4844 3580 4910 dixissent,
3611 4839 3733 4908 Quid

2160 4947 2442 5023 faciemus?
2466 4943 2743 5015 respondit
2765 4943 2872 5009 eis,
2902 4941 3047 5011 Agite
3087 4938 3431 5010 penitentiam
3447 4978 3464 5006 ,
3505 4946 3552 4992 et
3577 4932 3730 5005 bapti-

2157 5052 2300 5099 zetur
2322 5038 2661 5110 unusquisque
2684 5044 2903 5090 uestrum
2925 5034 2980 5088 in
2999 5033 3198 5086 nomine
3216 5030 3428 5088 Domini
3451 5030 3580 5086 Iesu
3599 5025 3733 5084 CM-

2159 5137 2223 5193 sti
2249 5137 2302 5189 in
2321 5133 2663 5189 remissionem
2684 5137 3004 5199 peccatorum
3021 5167 3036 5193 ,
3059 5134 3107 5180 et
3128 5125 3384 5196 accipietis
3403 5125 3595 5179 danunt
3619 5119 3733 5192 Spi-

2157 5231 2285 5284 ritus
2307 5225 2485 5282 sancti.
2509 5226 2618 5280 Cur
2643 5238 2769 5292 ergo
2792 5235 2900 5274 non
2927 5219 3209 5274 advertunt
3232 5222 3374 5287 quod
3402 5217 3605 5272 dictum
3635 5221 3727 5274 est.

2157 5321 2304 5392 Agite
2329 5316 2708 5389 paenitentiam?
2736 5313 2809 5368 lbi
2832 5320 2914 5367 est
2942 5311 3085 5366 enim
3104 5309 3227 5365 vitae
3249 5309 3446 5368 veteris
3474 5304 3729 5378 expolia-

2089 5437 2091 5439 ί
2156 5415 2265 5480 tio,
2297 5418 2359 5466 ut
2392 5423 2528 5465 nova
2573 5407 2860 5462 induantur
2886 5403 2976 5474 qui
3016 5402 3372 5473 baptizantur.
3413 5397 3514 5456 Cui
3559 5405 3726 5453 autem

2155 5505 2423 5560 fructuosa
2449 5509 2531 5558 est
2552 5498 2866 5572 poenitentia
2889 5538 2902 5562 ,
2928 5510 3046 5566 quas
3071 5494 3247 5565 agitur
3271 5493 3337 5548 de
3363 5490 3591 5546 mortuis
3609 5499 3728 5558 ope-

2155 5599 2303 5653 ribus
2324 5639 2339 5663 ,
2367 5596 2411 5650 si
2445 5596 2497 5648 in
2535 5591 2792 5646 adulterio
2830 5595 3131 5669 perseveret
3160 5586 3382 5655 aliisque
3413 5581 3726 5645 sceleribus,

2155 5690 2346 5762 quibus
2372 5687 2586 5744 dilectio
2616 5683 2798 5739 mundi
2828 5682 2986 5752 hujus
3016 5678 3344 5735 inmittitur?

2219 5826 2408 5900 inditi,
2431 5821 2578 5900 quod,
2595 5820 2694 5875 nisi
2723 5818 2882 5886 fauor.
2900 5826 2956 5874 At
2976 5825 3104 5888 uss,
3127 5830 3295 5885 W‘
3323 5807 3600 5894 ,ίεςίαιιοη
3615 5804 3728 5861 sub.

2156 5897 2284 5959 audi,
2308 5897 2563 5945 rationem.
