3960 6502
187 361 338 421 757

196 480 324 534 Dei
351 479 579 547 dignior,
605 479 712 549 jam
739 480 937 536 nullum
956 479 1258 536 habentium
1281 475 1494 531 Omnino
1523 483 1809 544 peccatum.

193 571 341 626 Cur
371 587 500 640 ergo
530 572 711 626 eadem
742 573 1124 640 perfectissima
1171 571 1449 625 sanctitate
1469 610 1484 634 ,
1531 577 1583 620 et
1625 575 1813 620 cuncta

199 662 524 728 impetrare
580 665 879 718 valentibus
930 663 1287 718 mundissimis
1331 671 1384 716 et
1430 658 1813 714 misericordis-

202 755 385 808 simis
416 755 682 824 precibus,
711 755 867 809 etiam
896 771 991 824 pro
1016 754 1214 824 angelis
1235 767 1338 807 non
1361 751 1602 811 orabunt,
1626 749 1814 818 quibus

205 855 457 912 paratus
502 854 583 898 cst
612 845 746 914 ignis
777 854 1025 911 aeternus,
1074 854 1130 898 ut
1158 845 1294 898 Deus
1319 841 1632 897 sententiam
1663 855 1811 894 suam

213 936 483 1003 mitiget,
540 945 593 989 et
625 936 864 991 reﬂectat
890 936 941 990 in
984 936 1173 990 melius
1205 977 1219 1001 ,
1253 948 1448 1002 eosque
1476 933 1542 985 ab
1563 932 1652 984 illo
1697 931 1814 998 igne

216 1026 397 1080 faciat
425 1027 664 1080 alienos?
695 1029 774 1081 An
801 1028 901 1081 erit
923 1027 1141 1081 forsitan
1181 1026 1476 1095 quisquam,
1507 1024 1593 1093 qui
1631 1031 1684 1076 et
1712 1021 1814 1077 hoc

215 1115 471 1170 futurum
495 1131 614 1172 esse
639 1126 956 1186 praesumat,
988 1116 1256 1170 afﬁrmans
1285 1116 1439 1169 etiam
1469 1124 1679 1168 sanctos
1705 1114 1811 1166 An-

215 1207 384 1273 gelos
413 1206 569 1260 simul
596 1221 716 1260 cum
747 1208 944 1260 sanctis
969 1206 1286 1268 hominibus,
1317 1205 1404 1274 qui
1435 1213 1556 1257 tunc
1583 1203 1814 1271 arquales

217 1306 392 1350 erunt
412 1297 631 1366 Angelis
654 1297 764 1361 Dei,
797 1312 894 1366 pro
926 1295 1240 1350 damnandis
1268 1303 1318 1349 et
1341 1295 1538 1363 angelis
1559 1303 1613 1348 et
1643 1293 1814 1346 homi-

219 1391 394 1446 nibus
439 1399 705 1456 oraturos,
735 1401 792 1444 ut
819 1389 1181 1445 misericordia
1213 1404 1315 1442 non
1359 1388 1644 1456 patiantur,
1673 1385 1812 1454 quod

220 1481 462 1536 veritate
491 1490 762 1535 merentur
787 1481 936 1551 pati?
963 1479 1114 1546 Quod
1143 1494 1300 1532 nemo
1339 1493 1482 1531 sana:
1513 1477 1632 1532 ﬁdei
1659 1477 1810 1542 dixit,

219 1587 394 1626 nemo
425 1571 664 1625 dicturus
689 1580 788 1626 est.
819 1570 1027 1640 Alioqui
1056 1569 1195 1623 nulla
1240 1583 1397 1624 causa
1429 1577 1540 1633 est,
1581 1582 1676 1620 cur
1709 1581 1814 1620 non

221 1665 394 1719 etiam
424 1679 565 1718 nunc
595 1679 691 1732 pro
716 1663 928 1718 diabolo
957 1673 1010 1718 ct
1037 1663 1239 1732 angelis
1267 1663 1380 1732 ejus
1408 1671 1524 1716 oret
1551 1661 1810 1725 Ecclesia,

229 1769 402 1822 quam
448 1754 696 1823 Magister
726 1754 864 1808 Deus
895 1767 988 1822 pro
1033 1753 1258 1806 inimicis
1297 1753 1405 1806 suis
1444 1752 1600 1819 jussit
1640 1766 1810 1805 orare.

230 1843 369 1898 Hmc
414 1843 780 1911 igitur-causa,
826 1859 926 1913 qua
958 1843 1015 1897 ﬁt
1057 1853 1113 1896 ιιι
1145 1859 1282 1897 nunc
1313 1843 1545 1897 Ecclesia
1573 1858 1675 1897 non
1701 1851 1817 1897 oret

224 1948 333 2002 pro
354 1934 510 1988 malis
549 1935 768 2003 angelis,
801 1949 933 2003 quos
961 1949 1086 1987 suos
1108 1949 1226 1989 esse
1250 1935 1396 1992 novit
1437 1935 1696 1998 inimicos,
1729 1949 1815 1990 ea-

223 2024 355 2081 dem
389 2026 500 2092 ipsa
542 2039 700 2078 causa
745 2033 844 2088 est,
891 2041 992 2095 qua
1023 2026 1114 2080 ﬁet
1141 2035 1198 2080 ut
1247 2027 1300 2080 in
1329 2027 1420 2081 illo
1451 2037 1576 2082 tunc
1619 2027 1815 2097 judicio

223 2115 394 2169 etiam
423 2129 518 2184 pro
544 2114 842 2169 hominibus
861 2123 1062 2170 mterno
1091 2117 1210 2186 igne
1235 2117 1550 2180 cruciandis,
1581 2117 1816 2187 quamvis

224 2206 468 2276 perfecta
490 2207 556 2261 sit
583 2208 880 2274 sanctitate,
902 2224 1005 2263 non
1041 2218 1177 2263 oret.
1210 2210 1356 2264 Nunc
1377 2211 1517 2265 enim
1538 2221 1815 2280 propterea

223 2311 335 2365 pro
363 2297 444 2351 eis
476 2307 610 2358 orat,
645 2312 782 2367 quos
805 2298 852 2350 in
885 2313 1080 2366 genere
1110 2299 1339 2354 humano
1371 2300 1528 2354 habet
1553 2301 1812 2366 inimicos,

225 2387 356 2456 quia
407 2397 614 2458 tempus
657 2399 739 2442 est
787 2390 1114 2458 paenitentia:
1164 2392 1464 2446 fructuosae.
1516 2392 1646 2446 Nam
1690 2393 1814 2459 quid

233 2478 474 2532 maxime
503 2494 597 2548 pro
621 2479 700 2533 eis
725 2490 859 2541 orat,
890 2480 992 2534 nisi
1017 2490 1072 2533 ut
1098 2482 1179 2534 det
1208 2482 1311 2536 illis
1339 2482 1494 2546 Deus,
1521 2483 1657 2536 sicut
1685 2483 1813 2536 dicit

224 2571 542 2639 Apostolus,
587 2572 922 2640 paenitentiam
945 2614 958 2634 ,
1009 2582 1054 2626 ct
1095 2575 1386 2642 resipiscam
1427 2576 1488 2628 de
1524 2576 1710 2629 diaboli
1736 2577 1815 2629 la-

227 2661 393 2729 queis,
421 2677 452 2712 a
475 2677 570 2730 quo
591 2661 772 2729 captiui
792 2670 1018 2715 tenentur
1040 2665 1313 2716 secundum
1336 2666 1494 2730 ipsius
1515 2667 1816 2719 voluntatem

229 2749 251 2818 (
276 2749 318 2804 ll
340 2749 476 2805 Tim.
506 2765 560 2812 ιι,
601 2749 691 2813 25,
718 2751 786 2804 26
806 2751 865 2820 )‘?
889 2752 1122 2821 Denique
1143 2753 1274 2807 side
1294 2754 1554 2822 aliquibus
1579 2756 1647 2808 ita
1670 2765 1813 2809 certa

227 2847 411 2904 esset,
444 2847 499 2892 ut
543 2841 628 2908 qui
657 2841 762 2893 sint
791 2840 899 2905 illi,
933 2841 1094 2894 etiam
1124 2852 1306 2897 nosset
1332 2885 1346 2908 ,
1379 2845 1464 2912 qui
1492 2845 1614 2898 licet
1644 2845 1816 2900 adhuc

234 2929 292 2982 in
339 2927 441 2982 hac
480 2929 582 2982 vita
605 2929 710 2982 sint
750 2931 1056 2997 constituti,
1089 2940 1264 2986 tamen
1295 2933 1649 3002 przedestinati
1693 2945 1817 2989 sunt

236 3019 294 3073 in
335 3027 592 3073 teternum
621 3020 790 3089 ignem
815 3021 892 3075 ire
916 3037 1034 3075 cum
1061 3021 1308 3088 diabolo;
1343 3033 1446 3076 tam
1478 3039 1573 3093 pro
1600 3025 1679 3079 eis
1707 3040 1811 3080 non

232 3119 459 3176 oraret,
501 3126 654 3178 quam
684 3126 783 3165 nec
822 3127 918 3181 pro
947 3113 1082 3182 ipso.
1109 3112 1212 3168 Sed
1241 3115 1358 3182 quia
1386 3114 1451 3169 de
1493 3116 1634 3170 nullo
1671 3126 1813 3171 certa

233 3211 338 3267 est,
361 3210 473 3256 orat
499 3217 594 3271 pro
609 3202 852 3257 omnibus
867 3202 1117 3258 duntaxat
1138 3203 1436 3260 hominibus
1459 3206 1682 3261 inimicis
1706 3207 1817 3263 suis

234 3293 290 3348 in
319 3293 420 3347 hoc
455 3307 676 3362 corpore
715 3294 1011 3349 consumtis
1046 3311 1059 3347 :
1100 3310 1198 3349 nec
1221 3303 1395 3351 tamen
1427 3311 1524 3365 pro
1570 3298 1816 3352 omnibus

238 3382 539 3438 exauditur.
568 3383 672 3438 Pro
702 3385 782 3438 his
802 3385 941 3438 enim
966 3385 1094 3440 solis
1121 3387 1434 3454 exauditur,
1463 3388 1571 3456 qui,
1599 3390 1699 3444 etsi
1722 3389 1812 3444 ad-

236 3482 516 3528 versantur
545 3474 810 3539 Ecclesizn,
854 3475 922 3528 ita
966 3486 1088 3529 sunt
1117 3485 1290 3530 tamen
1317 3478 1673 3548 praedestinati
1694 3521 1710 3544 ,
1758 3488 1816 3534 ut

169 3603 178 3610 .
244 3578 341 3632 pro
371 3564 451 3617 eis
476 3564 787 3618 exaudiatur
815 3565 1074 3628 Ecclesia,
1105 3577 1158 3620 et
1187 3567 1276 3620 ﬁlii
1305 3568 1603 3622 efficiantur
1625 3569 1812 3624 Eccle-

236 3655 352 3709 siae.
383 3655 441 3709 Si
465 3655 551 3723 qui
581 3664 754 3709 autem
782 3671 946 3725 usque
972 3656 1038 3710 ad
1067 3666 1290 3712 mortem
1319 3657 1582 3712 habebunt
1608 3660 1814 3714 cerim-

238 3748 541 3818 ptrnitens,
573 3763 670 3802 nec
714 3763 778 3802 ex
826 3749 1052 3804 inimicis
1097 3759 1472 3804 convertentur
1530 3751 1580 3804 in
1635 3752 1808 3817 ﬁlios,

240 3838 495 3906 numquid
517 3837 625 3907 jam
659 3854 753 3908 pro
781 3839 876 3900 eis,
909 3839 958 3892 id
989 3848 1089 3901 est,
1119 3855 1215 3910 pro
1238 3841 1419 3894 talium
1445 3840 1812 3897 defunctorum

241 3931 542 4000 spiritibus,
575 3940 694 3984 orat
721 3930 996 3985 Ecclesia?
1037 3931 1172 3998 Quid
1213 3932 1311 3993 ita,
1342 3933 1439 3985 nisi
1466 3933 1585 4000 quia
1621 3933 1729 4002 jam
1760 3935 1811 3988 in

243 4032 391 4092 parte
421 4022 613 4076 diaboli
641 4030 974 4090 computatur
1011 4023 1120 4092 qui,
1165 4022 1289 4077 dum
1309 4032 1447 4078 esset
1495 4023 1545 4077 in
1571 4038 1809 4093 corpore,

243 4130 348 4170 non
378 4124 462 4170 est
489 4115 773 4169 translatus
797 4115 847 4168 in
877 4114 1185 4168 Christum?

311 4207 368 4259 2.
399 4205 596 4260 Eadem
642 4208 816 4276 itaque
859 4221 1017 4261 causa
1047 4215 1128 4261 est
1149 4247 1164 4272 ,
1196 4220 1291 4260 cur
1330 4221 1434 4259 non
1478 4215 1660 4260 oretur
1689 4215 1814 4262 tunc

245 4312 340 4367 pro
369 4297 668 4352 hominibus
686 4307 887 4352 πίοι-[ιο
916 4299 1036 4368 igne
1066 4297 1361 4366 puniendis,
1385 4313 1501 4366 qum
1526 4312 1682 4350 causa
1708 4307 1811 4364 est,

246 4397 303 4442 ut
328 4403 502 4457 neque
526 4403 684 4453 nunc,
717 4403 890 4458 neque
917 4397 1038 4441 tunc
1067 4397 1246 4442 oretur
1271 4401 1367 4454 pro
1393 4387 1592 4456 angelis
1627 4387 1811 4443 malis:

247 4496 365 4550 qure
393 4481 571 4534 itidem
599 4496 754 4534 causa
783 4489 865 4535 est
887 4521 902 4541 ,
931 4490 987 4534 ut
1025 4480 1263 4550 quamvis
1304 4493 1400 4547 pro
1448 4478 1747 4533 hominibus
1772 4481 1812 4544 ί,

249 4582 424 4625 tamen
453 4574 559 4639 jam
587 4585 686 4625 nec
707 4586 846 4625 nunc
875 4579 1056 4624 oretur
1085 4586 1180 4640 pro
1205 4569 1503 4622 inﬁdelibus
1531 4569 1814 4637 impiisque

247 4664 510 4717 defunctis
529 4666 571 4715 ¹.
602 4663 729 4717 Nam
759 4679 855 4732 pro
877 4663 1136 4718 defunctis
1164 4661 1472 4731 quibusdam
1495 4700 1508 4723 ,
1543 4661 1622 4713 vel
1656 4661 1817 4727 ipsius

313 4797 328 4826 ¹
357 4795 473 4843 Fditi
496 4803 632 4866 post,
653 4807 762 4866 _pro
805 4792 1084 4866 hominibus,
1125 4793 1318 4866 addunt,
1354 4804 1481 4866 nunc
1522 4789 1634 4866 viris
1656 4797 1817 4866 oretur

248 4856 388 4906 etiam
409 4853 548 4919 malis
576 4869 592 4904 :
617 4853 874 4919 glossema,
909 4855 1033 4919 quod
1057 4868 1082 4900 a
1105 4855 1356 4919 veteribus
1379 4853 1512 4901 libris
1535 4853 1690 4919 abest.

310 4921 330 4948 ²
368 4925 462 4966 Hoc
482 4918 586 4967 loco
610 4914 792 4966 inserta
815 4914 999 4964 sunt—in
1023 4915 1194 4963 Erasmi
1221 4915 1432 4961 editione
1450 4914 1682 4974 quzedaut,
1709 4925 1819 4973 qua?

250 4979 447 5028 minime
470 4981 779 5040 reperiuntur
820 4979 864 5025 in
889 4975 993 5024 aliis
1014 4975 1148 5040 libris
1186 4988 1362 5040 neque
1385 4987 1492 5021 cum
1531 4974 1823 5040 anteceden-

252 5041 380 5086 tibus
404 5047 459 5102 et
493 5033 904 5102 subsequentibus
932 5037 1094 5102 verbis
1120 5033 1538 5102 _satis_'coh_:_ct_'ent
1579 5048 1590 5082 :
1635 5033 1821 5082 scilicet

254 5109 374 5162 post,
399 5094 674 5162 impiismte'
693 5099 944 5162 delunctis,
969 5099 1036 5146 sic
1059 5097 1204 5144 habet
1229 5094 1510 5162 illaeditiq:
1545 5114 1566 5139 ι
1598 5103 1708 5142 Nam
1728 5111 1744 5162 ι
1765 5109 1818 5142 ro

251 5155 488 5224 defunctis
509 5155 808 5224 quihusdam,
850 5159 941 5224 vel
963 5162 1110 5224 ipsius
1147 5157 1390 5224 Feci-esus,
1409 5155 1487 5224 vel
1511 5156 1822 5224 quorumdam

255 5221 437 5288 piorluu
454 5219 708 5288 exauditur
731 5225 881 5288 (ratio
903 5219 1027 5282 ejus,
1049 5220 1160 5268 licet
1176 5221 1256 5281 qui
1281 5219 1705 5288 it_1_chr_isto-rena‘ti
1728 5231 1821 5288 non

255 5278 374 5330 adeo
395 5285 459 5333 ita
480 5285 604 5333 male
628 5285 836 5332 vixerint
860 5285 905 5330 in
930 5278 1162 5343 corpore,
1187 5278 1240 5329 ut
1265 5279 1342 5328 tali
1381 5278 1702 5343 misericordia
1734 5278 1820 5343 ba:

257 5345 459 5393 beantur
493 5345 692 5404 indigni,
728 5357 821 5392 nec
856 5345 1001 5393 iidem
1029 5339 1105 5391 ’διο
1146 5344 1291 5397 bene.
1319 5347 1371 5388 ιη
1395 5341 1696 5404 inveniamur
1731 5339 1820 5404 1³ῗῆ

257 5407 580 5456 misericordia
595 5400 697 5454 non
736 5418 906 5464 egere.
946 5404 1084 5452 'I'ales
1108 5407 1248 5451 etiam
1287 5408 1474 5464 constat
1510 5409 1621 5448 ante.
1661 5400 1823 5460 judicii

258 5466 387 5516 diem
417 5483 504 5530 per
531 5483 540 5528 ι
561 5481 694 5515 muas
719 5463 1026 5530 temporales,
1044 5478 1163 5526 quas
1181 5476 1344 5530 eorum
1363 5463 1560 5530 spiritus
1580 5467 1823 5530 patiuntur

260 5523 482 5592 Purgatus
509 5523 722 5592 receptis
742 5523 1041 5592 corporibus,
1063 5523 1266 5592 :agterni
1293 5524 1418 5583 ignis
1453 5523 1697 5592 suppliciis
1731 5535 1823 5592 non

260 5582 736 5658 tradendos._Qnod_si
758 5582 940 5658 ita'cst,
962 5587 1073 5658 quid
1097 5582 1350 5658 dicendiun
1369 5592 1456 5658 .est
1473 5583 1532 5658 de
1554 5582 1748 5658 bisqui
1777 5583 1823 5658 in

261 5654 396 5704 simili
420 5655 514 5701 vita
541 5643 846 5699 inveniuntur
875 5643 1027 5697 indie
1045 5647 1225 5709 judicii,
1249 5645 1291 5694 id
1312 5651 1544 5709 c_st,quos_
1556 5643 1821 5703 hujusmodi

262 5713 364 5764 dies
409 5713 491 5762 ille.
516 5714 738 5760 viventes
771 5711 1024 5762 invenerit.
1047 5705 1174 5757 ἐιιιιι
1214 5706 1416 5776 quodun
1439 5705 1579 5776 modo
1603 5717 1822 5776 uuomo-

263 5785 422 5826 tnentvi
445 5775 706 5824 moriantur
743 5778 792 5820 et
815 5777 1086 5832 resurgant,
1108 5778 1158 5818 et
1195 5783 1284 5818 non
1309 5769 1371 5816 sit
1407 5769 1628 5827 Spatium,
1666 5773 1716 5812 ut
1737 5777 1820 5825 pro

1404 361 1599 418 LIBER
1644 355 2004 412 VICESIMUS
2033 356 2296 416 PRIMUS.

3375 365 3481 424 738

1923 470 2174 526 Ecclesiae
2193 513 2207 535 ,
2239 473 2321 526 vel
2365 475 2712 544 quorumdam
2741 475 2950 547 piorum
2976 477 3255 533 exauditur
3275 480 3476 537 oratio:

1919 561 2012 614 sed
2060 577 2156 629 pro
2200 563 2282 618 his
2309 580 2530 633 quorum
2561 566 2612 620 iu
2655 567 2866 622 Christo
2905 578 3335 638 regeneratorum
3378 586 3478 625 nec

1920 667 2089 722 usque
2115 654 2246 709 adeo
2290 658 2392 710 vita
2426 659 2476 712 in
2521 675 2742 728 corpore
2788 661 2927 716 male
2970 671 3117 732 gesta
3146 673 3258 729 est,
3307 674 3367 718 ut
3390 664 3482 718 tali

1908 743 2272 800 misericordia
2290 748 2584 816 iudicentur
2603 751 2742 822 digni
2765 766 2867 806 non
2887 768 3026 820 esse,
3051 769 3146 809 nec
3167 769 3332 826 usque
3351 757 3484 811 adeo

1917 835 2072 902 bene,
2097 847 2152 892 ut
2174 840 2328 894 talem
2351 843 2760 898 misericordiam
2783 846 3114 914 reperiantur
3131 849 3481 904 necessariam

1919 940 2022 979 non
2056 926 2269 983 habere.
2301 929 2446 985 Sicut
2474 933 2631 986 etiam
2662 933 2792 988 facta
2820 936 3203 990 resurrectione
3245 946 3481 992 mortuo-

1918 1032 2033 1070 rum
2065 1033 2168 1072 non
2199 1019 2422 1075 deerunt
2445 1024 2636 1092 quibus
2662 1035 2782 1094 post
2822 1042 3025 1094 pmnas,
3056 1043 3187 1097 quas
3215 1030 3481 1096 patiuntur

1918 1108 2133 1176 spiritus
2157 1121 2504 1178 mortuorum,
2553 1115 2880 1183 impertiatur
2899 1119 3262 1173 misericordia
3283 1161 3298 1184 ,
3327 1129 3386 1174 ut
3427 1120 3481 1174 in

1917 1196 2090 1266 ignem
2119 1215 2222 1254 non
2250 1203 2522 1258 mittantur
2565 1215 2842 1261 mternum.
2872 1208 3051 1279 Neque
3089 1211 3228 1264 enim
3259 1211 3326 1266 de
3366 1213 3482 1280 qui-

1918 1287 2136 1344 busdam
2169 1295 2425 1348 veraciter
2452 1294 2738 1363 diceretur,
2765 1299 2904 1367 quod
2943 1315 3046 1353 non
3087 1301 3164 1354 eis
3183 1302 3483 1356 remittatur

1917 1395 2086 1449 neque
2124 1383 2174 1436 in
2223 1384 2320 1439 hoc
2359 1387 2574 1450 sarculo,
2615 1405 2785 1458 neque
2827 1390 2879 1444 in
2924 1391 3099 1446 futuro
3143 1391 3349 1464 (Matth.
3381 1410 3478 1459 xu,

1917 1470 2041 1539 52),
2070 1473 2166 1526 nisi
2206 1485 2383 1529 essent
2407 1477 2618 1544 quibus,
2644 1481 2742 1532 etsi
2779 1495 2882 1534 non
2915 1481 2968 1535 in
3002 1481 3102 1536 isto
3124 1524 3139 1548 ,
3194 1493 3367 1538 tamen
3397 1500 3484 1539 rc-

1917 1561 2153 1616 mittetur
2196 1565 2247 1618 in
2297 1565 2491 1622 futuro.
2528 1568 2630 1623 Sed
2675 1584 2795 1624 cum
2837 1571 3035 1625 dictum
3063 1571 3271 1627 fuerita
3297 1573 3482 1628 Judice

1917 1652 2153 1706 vivorum
2184 1665 2338 1723 atque
2375 1667 2725 1724 mortuorum,
2768 1659 2976 1726 Venite,
3023 1662 3262 1716 benedicti
3310 1661 3482 1716 Patris

1917 1745 2033 1809 mei,
2075 1747 2318 1813 possidete
2362 1758 2593 1817 paratum
2637 1751 2771 1804 vobis
2810 1767 3016 1821 regnum
3058 1769 3090 1804 a
3132 1754 3482 1806 constitutione

1917 1835 2092 1887 mundi
2119 1850 2138 1888 :
2161 1845 2214 1890 et
2241 1837 2358 1891 aliis
2377 1853 2407 1892 e
2434 1841 2722 1906 contrario,
2747 1839 2999 1894 Discedite
3022 1857 3053 1893 a
3077 1858 3175 1906 me,
3207 1842 3475 1905 maledicti,

1916 1924 1970 1978 in
1998 1927 2161 1995 ignem
2184 1939 2423 1983 internum
2441 1971 2456 1995 ,
2490 1932 2575 2000 qui
2601 1942 2808 2000 paratus
2831 1943 2900 1987 est
2925 1933 3126 1987 diabolo
3149 1975 3162 1998 ,
3204 1944 3250 1987 et
3292 1935 3482 2004 angelis

1919 2017 2061 2086 ejus;
2087 2027 2134 2071 et
2145 2061 2158 2083 ,
2189 2018 2340 2073 Ibunt
2370 2022 2451 2074 isti
2477 2023 2528 2074 in
2557 2025 2857 2092 supplicium
2883 2034 3141 2083 talentum.
3165 2026 3292 2095 justi
3316 2036 3482 2080 autem

1917 2107 1969 2158 in
2010 2109 2158 2161 vitam
2199 2119 2436 2163 mternam
2475 2111 2601 2176 (Id.
2650 2129 2791 2178 xxv,
2843 2115 2945 2179 54,
2991 2116 3078 2179 41,
3108 2113 3256 2184 46);
3307 2115 3482 2171 nimia:

1919 2203 2342 2269 prmsumptionis
2383 2213 2466 2258 est
2492 2204 2667 2259 dicere
2691 2247 2705 2267 ,
2733 2205 2976 2275 cuiquam
3006 2221 3188 2274 eorum
3227 2215 3481 2261 aeternum

1918 2293 2229 2361 supplicium
2269 2310 2374 2352 non
2412 2295 2676 2360 futurum,
2727 2312 2862 2367 quos
2893 2299 3028 2353 Deus
3067 2299 3232 2352 ituros
3277 2300 3328 2352 in
3358 2288 3489 2366 sup-

1918 2383 2131 2450 plicium
2175 2384 2310 2439 dixit
2338 2396 2624 2447 aeternum,
2668 2398 2726 2442 ut
2755 2403 2850 2456 per
2873 2388 3029 2456 hujus
3059 2389 3484 2458 praesumptionis

1919 2478 2310 2543 persuasionem
2342 2479 2533 2543 facere,
2563 2490 2619 2534 ut
2642 2481 2708 2536 de
2748 2481 2857 2550 ipsa
2887 2495 3095 2551 quoque
3132 2479 3238 2535 vita
3276 2480 3363 2536 vel
3392 2481 3484 2536 dc-

1919 2578 2160 2635 spcretur
2183 2572 2262 2625 vel
2289 2571 2556 2626 dubitetur
2577 2581 2797 2627 mterna.

1991 2660 2041 2712 5.
2083 2659 2247 2714 Nemo
2273 2662 2448 2730 itaque
2489 2664 2565 2716 sic
2603 2663 2855 2731 intelligat
2881 2662 3144 2716 Psalmum
3183 2672 3484 2726 canentem,

1922 2749 2182 2820 Nimtquid
2216 2755 2528 2808 obliviscetur
2563 2757 2786 2809 misereri
2816 2755 2949 2809 Deus
2971 2797 2986 2821 ,
3017 2764 3104 2808 aut
3133 2755 3397 2810 continebit
3431 2757 3486 2810 in

1917 2843 1996 2895 ira
2019 2861 2111 2896 sua
2151 2845 2493 2900 miserationes
2533 2864 2649 2900 suas
2685 2848 2703 2915 (
2723 2847 2866 2902 Psal.
2899 2864 3080 2910 Lxxvt,
3111 2849 3253 2917 10)?
3293 2857 3349 2902 ut
3373 2847 3488 2918 opi-

1918 2942 2074 2987 netur
2110 2935 2178 2989 de
2209 2934 2506 2991 hominibus
2547 2938 2700 2992 bonis
2737 2953 2914 2992 veram
2936 2981 2950 3004 ,
2977 2939 3043 2991 de
3071 2939 3223 2991 malis
3267 2939 3447 2992 falsam
3468 2980 3483 3000 ,

1917 3031 2008 3076 aut
2035 3024 2102 3077 de
2127 3024 2278 3079 bonis
2308 3027 2608 3081 hominibus
2637 3037 2689 3080 et
2732 3028 2885 3082 malis
2927 3028 3130 3097 angelis
3169 3043 3348 3081 veram
3369 3068 3384 3093 ,
3415 3029 3484 3083 de

1918 3114 2073 3168 malis
2113 3125 2288 3169 autem
2328 3116 2628 3171 hominibus
2672 3117 2852 3171 falsam
2885 3117 2973 3171 Dei
3003 3133 3122 3172 esse
3145 3117 3482 3171 sententiam.

1920 3204 2030 3259 Hoc
2061 3206 2200 3259 enim
2232 3207 2370 3274 quod
2401 3208 2472 3261 ait
2519 3207 2794 3269 Psalmus,
2843 3209 2908 3262 ad
2938 3223 3061 3262 vasa
3107 3207 3487 3263 misericordis

1919 3299 2164 3363 pertinet,
2189 3307 2243 3351 ct
2271 3297 2335 3352 ad
2368 3299 2502 3352 ﬁlios
2529 3300 2912 3368 promissionis,
2942 3315 3169 3370 quorum
3210 3309 3323 3352 erat
3348 3313 3486 3352 unus

1916 3388 2073 3443 etiam
2099 3389 2210 3458 ipse
2234 3389 2493 3456 Propheta
2517 3406 2530 3452 ;
2560 3388 2648 3459 qui
2675 3405 2792 3445 cum
2821 3391 3058 3455 dixisset,
3091 3391 3351 3459 Numquid
3370 3389 3490 3444 obli-

1916 3479 2130 3531 viscetur
2170 3479 2393 3532 misereri
2423 3477 2555 3532 Deus
2575 3521 2587 3542 ,
2621 3489 2708 3532 aut
2738 3480 3004 3533 continebit
3031 3482 3083 3534 in
3113 3481 3190 3533 ira
3217 3497 3309 3533 sua
3333 3480 3485 3532 mise-

1915 3570 2132 3624 rationes
2173 3571 2330 3624 suas?
2354 3571 2604 3624 continuo
2625 3572 2866 3638 subjecit,
2902 3571 2965 3625 Et
2993 3572 3118 3634 dixi,
3150 3571 3302 3624 Nunc
3327 3572 3484 3639 coepi,

1917 3661 2030 3715 [nec
2049 3671 2120 3714 est
2139 3663 2417 3715 immutatio
2443 3663 2659 3716 dextera:
2672 3663 2874 3716 Επειεὶ
2904 3662 3059 3732 (Ibid.
3091 3662 3200 3731 H).
3231 3663 3490 3731 Exposuit

1917 3753 2151 3822 profecto
2179 3753 2302 3823 quid
2347 3753 2569 3816 dixerit,
2605 3753 2866 3822 Numquid
2903 3755 3164 3808 continebit
3206 3755 3256 3806 in
3287 3755 3363 3806 ira
3392 3769 3485 3806 sua

1917 3842 2260 3896 miserationes
2293 3845 2448 3897 suas?
2494 3843 2573 3896 lra
2619 3843 2759 3896 enim
2785 3843 2876 3898 Dei
2906 3853 2989 3897 est
3034 3845 3194 3898 etiam
3243 3843 3338 3898 ista
3378 3843 3487 3898 vita

1923 3934 2184 3998 mortalis,
2216 3934 2304 3988 ubi
2335 3934 2494 3988 homo
2519 3935 2734 3989 vanitati
2761 3935 2948 3990 similis
2975 3935 3143 3990 factus
3167 3945 3266 3997 est,
3299 3945 3348 3990 et
3374 3935 3490 3989 dics

1917 4023 2032 4093 ejus
2057 4025 2199 4078 velut
2222 4025 2407 4078 umbra
2439 4035 2757 4093 prtctereunt
2786 4025 2953 4097 (Psal.
2981 4043 3160 4091 chtu,
3189 4028 3266 4095 4).
3301 4027 3354 4080 In
3381 4042 3485 4095 qua

1919 4124 2093 4168 tamen
2139 4115 2214 4168 ira
2258 4131 2360 4169 non
2401 4115 2732 4170 obliviscitur
2760 4117 2997 4170 misereri
3028 4117 3164 4170 Deus
3189 4158 3204 4181 ,
3252 4115 3491 4169 faciendo

1918 4205 2083 4258 solem
2118 4219 2270 4257 suum
2302 4204 2428 4257 oriri
2467 4219 2625 4272 super
2651 4205 2817 4259 bonos
2843 4214 2893 4259 et
2923 4205 3118 4264 malos,
3169 4215 3218 4258 et
3259 4205 3492 4274 pluendo

1919 4309 2078 4362 super
2118 4295 2288 4363 justos
2329 4304 2383 4348 et
2413 4294 2674 4364 injustas;
2705 4309 2765 4348 ac
2805 4296 2881 4349 sic
2924 4310 3027 4348 non
3058 4296 3292 4348 continet
3331 4296 3382 4348 in
3413 4295 3490 4349 ira

1919 4399 2012 4439 sua
2043 4385 2410 4438 miserationes
2438 4399 2560 4438 suas
2590 4384 2798 4454 (Matth.
2846 4401 2898 4448 v,
2927 4384 3050 4451 45):
3083 4386 3412 4452 maximeque
3438 4385 3490 4437 in

1919 4489 1983 4529 eo
2010 4474 2146 4544 quod
2172 4475 2430 4542 expressit
2454 4475 2539 4528 hic
2565 4474 2802 4528 Psalmus
2823 4516 2838 4539 ,
2865 4474 3113 4538 dicendo,
3150 4473 3302 4527 Nunc
3329 4474 3490 4542 ccepi,

1922 4565 2027 4618 lucc
2064 4573 2134 4617 est
2164 4564 2443 4616 immutatio
2489 4564 2707 4617 dextera:
2731 4562 2937 4617 Επειεί
2958 4583 2974 4622 :
3020 4565 3268 4632 quoniam
3313 4564 3364 4615 in
3394 4562 3492 4618 hac

1922 4654 2040 4724 ipsa‘
2063 4653 2507 4706 aerumnosissima
2534 4653 2659 4716 vita,
2689 4668 2805 4722 qum
2834 4653 2908 4706 ira
2940 4653 3033 4707 Dei
3058 4661 3160 4714 est,
3188 4668 3312 4706 vasa
3336 4653 3494 4707 mise-

1921 4743 2162 4799 ricordia:
2183 4751 2350 4797 mutat
2370 4745 2420 4796 in
2445 4745 2653 4804 melius,
2678 4744 2917 4813 quamvis
2937 4743 3108 4797 adhuc
3128 4745 3182 4796 in
3202 4743 3356 4811 hujus
3375 4759 3496 4796 cor-

1921 4835 2179 4904 ruptionis
2209 4834 2416 4888 miseria
2439 4844 2648 4889 maneat
2672 4835 2746 4888 ira
2776 4834 2908 4904 ejus,
2939 4835 3056 4904 quia
3079 4849 3177 4889 nec
3204 4835 3253 4887 in
3283 4835 3392 4903 ipsa
3419 4835 3495 4887 ira

1922 4940 2016 4979 sua
2043 4925 2276 4977 continet
2315 4925 2682 4978 miserationes
2705 4939 2847 4977 suas.
2881 4924 3012 4977 Cum
3043 4939 3170 4992 ergo
3202 4924 3304 4977 isto
3334 4923 3492 4977 modo

1924 5015 2251 5082 compleatur
2279 5013 2437 5068 divini
2471 5015 2613 5068 illius
2654 5015 2843 5068 cantici
2875 5015 3069 5068 veritas
3089 5055 3104 5079 ,
3139 5030 3244 5069 non
3271 5024 3348 5068 est
3378 5029 3495 5068 eam

1925 5118 2142 5160 necesse
2172 5103 2329 5156 etiam
2383 5105 2491 5157 illic
2537 5105 2774 5174 intelligi,
2803 5105 2891 5158 ubi
2920 5120 3024 5159 non
3064 5105 3387 5174 pertinentes
3431 5101 3498 5155 ad

1926 5196 2194 5250 civitatem
2240 5194 2331 5248 Dei
2377 5196 2702 5264 sempiterno
2747 5195 3004 5265 supplicio
3044 5195 3344 5264 punientur.
3393 5190 3498 5245 Sed

1929 5336 2002 5384 eis
2023 5335 2104 5381 aut
2140 5327 2291 5375 oratio
2321 5335 2591 5377 sanctorum
2626 5329 2771 5389 possit
2796 5327 2963 5382 audiri,
2989 5331 3078 5389 aut
3095 5336 3261 5389 eorum
3285 5328 3398 5389 ante
3417 5322 3497 5383 ju-

1927 5383 2100 5445 dicium
2139 5389 2390 5446 temmrali
2433 5402 2570 5450 [anna
2619 5383 2848 5450 purgari?
2883 5385 3113 5450 Numquid
3153 5383 3342 5432 dicendi
3380 5390 3502 5450 sunt

1929 5444 2111 5506 aeterno
2131 5451 2230 5516 igni
2247 5444 2253 5446 ’
2270 5444 2509 5516 nunquam
2531 5444 2806 5516 absolvendi
2832 5448 2957 5516 tradi
2978 5444 3118 5507 posse
3142 5452 3362 5516 tempore
3374 5444 3502 5516 judi-

1927 5504 1988 5568 cii
2005 5555 2016 5575 ,
2044 5504 2220 5577 quibus
2239 5504 2397 5577 vitam'
2409 5511 2554 5560 talem
2579 5512 2745 5577 egisse
2763 5504 3085 5577 concedimus,
3109 5514 3162 5554 ut
3181 5504 3357 5577 siante
3379 5504 3504 5565 judi-

1927 5569 2248 5628 cium'mortui
2291 5580 2474 5629 essent,
2499 5579 2612 5630 tem;
2632 5569 2748 5617 orali
2780 5569 3379 5630 supplicioaesanctornm
3401 5578 3506 5613 ora-

1930 5626 2136 5689 tionibus
2154 5626 2498 5684 mandarentur
2513 5634 2536 5680 γ
2561 5626 2710 5691 Ipsius
2731 5626 2909 5691 quippe
2934 5628 3152 5678 Ecclesia!
3171 5626 3504 5691 velquqrnm-

1928 5687 2036 5749 dam
2062 5699 2244 5759 piorum
2263 5694 2514 5744 exauditur
2530 5687 2700 5751 oratio,
2727 5687 2919 5752 s'cd'fro
2935 5691 3010 5738 his
3024 5701 3227 5752 quorum
3253 5689 3301 5736 in
3324 5687 3507 5738 Christo

1930 5765 2348 5822 regeneratorum,
2382 5771 2403 5798 1
2435 5762 2528 5802 (⁵10.
