3926 6386
591 248 692 305 759

585 363 775 431 quibus
794 362 966 431 placet
986 361 1137 417 istam
1157 366 1470 413 sententiam
1492 373 1657 425 usque
1675 356 1739 409 ad
1762 356 1849 409 illa
1874 356 2152 424 impiorum

584 463 845 510 tormenta
877 452 1212 522 protendere,
1242 450 1428 504 saltem
1457 450 1534 502 sic
1562 448 1852 515 intelligant
1877 489 1890 510 ,
1922 458 1975 501 ut
2004 488 2018 512 ,
2044 463 2157 500 nta-

585 556 743 600 nente
776 546 824 599 in
854 546 931 600 eis
973 546 1047 597 ira
1077 543 1203 605 Dei,
1234 557 1349 611 qua:
1389 541 1440 594 in
1491 552 1691 593 aeterno
1713 550 1795 592 est
1826 539 2156 606 pronuntiata

582 638 869 706 supplicio,
915 651 1022 691 non
1045 636 1313 689 contineat
1340 635 1475 687 Deus
1504 633 1554 685 in
1587 632 1683 685 hac
1707 632 1780 685 ira
1812 646 1905 684 sua
1939 630 2155 685 misera-

582 732 754 783 tioues
783 743 904 781 suas
924 767 937 791 ,
972 737 1023 781 ct
1054 726 1209 780 faciat
1236 740 1329 779 eos
1356 741 1460 777 non
1484 733 1622 777 tanta
1649 731 1839 791 quanta
1869 721 2011 789 digni
2035 728 2157 773 sunt

583 835 860 891 ptenarum
897 821 1171 872 atrocitate
1209 817 1467 880 cruciari;
1502 830 1603 869 non
1644 823 1699 868 ut
1742 829 1834 868 eas
1862 828 2044 883 pinnas
2074 814 2158 868 vel

583 927 849 979 nunquam
889 912 1146 975 subeant,
1188 910 1271 962 vel
1314 907 1595 976 aliquando
1622 907 1825 971 ﬁniant,
1856 906 1949 959 scd
1970 915 2027 958 ut
2066 919 2157 959 eas

580 1004 817 1058 mitiores
841 1018 998 1072 quam
1029 1002 1215 1056 merita
1247 1010 1367 1055 sunt
1391 1015 1573 1055 eorum
1600 998 1932 1066 levioresque
1953 996 2153 1065 patian-

581 1104 683 1147 tur.
710 1092 798 1147 Sic
824 1094 964 1147 enim
987 1102 1041 1147 et
1063 1094 1140 1147 ira
1168 1093 1258 1146 Dei
1283 1091 1533 1150 manebit,
1558 1090 1683 1143 etin
1709 1090 1819 1157 ipsa
1839 1088 1913 1141 ira
1937 1103 2029 1141 sua
2055 1088 2156 1140 mi-

579 1186 876 1238 serationes
898 1198 1020 1238 suas
1042 1198 1144 1237 non
1166 1182 1474 1237 continebit.
1498 1180 1646 1246 Quod
1673 1180 1885 1248 quidem
1910 1194 2015 1232 non
2039 1177 2157 1232 ideo

578 1276 857 1342 confirmo,
885 1276 1133 1344 quoniam
1164 1290 1267 1328 non
1298 1275 1507 1327 resisto.

648 1366 702 1419 4.
740 1366 1002 1419 Cmterum
1033 1380 1127 1420 eos
1156 1364 1245 1431 qui
1275 1374 1461 1435 putant
1488 1363 1763 1416 minaciter
1790 1361 1965 1430 potius
1999 1376 2155 1429 quam

576 1456 835 1509 veraciter
860 1454 1077 1517 dictum,
1112 1454 1360 1507 Discedite
1384 1471 1415 1505 a
1457 1470 1565 1517 me,
1598 1452 1871 1517 maledicti,
1911 1455 1963 1505 in
1992 1452 2155 1521 ignem

572 1554 840 1606 aternum;
853 1542 1084 1605 et,1bunt
1097 1543 1176 1596 isti
1192 1544 1242 1594 in
1255 1542 1557 1611 supplicium
1568 1552 1803 1595 aeternum
1815 1542 1831 1611 (
1842 1540 2151 1604 illattluxv,

575 1635 663 1697 41,
687 1634 755 1687 46
775 1635 826 1701 );
854 1643 907 1686 ct
926 1675 940 1696 ,
969 1632 1336 1686 Cruciabuntur
1360 1632 1411 1685 in
1437 1630 1625 1684 swcula
1649 1632 1948 1683 stvculoruin
1972 1630 2151 1703 (Apoc.

579 1739 675 1785 xx,
711 1724 838 1793 10),
869 1734 921 1777 ct
940 1762 955 1789 ,
999 1722 1189 1775 Vermis
1210 1738 1379 1775 eorum
1406 1740 1506 1775 non
1542 1723 1797 1787 morietur,
1830 1732 1875 1775 et
1904 1722 2032 1792 ignis
2057 1739 2155 1777 non

574 1814 917 1883 exstinguetur
939 1811 1093 1880 (lsai.
1119 1827 1257 1875 Lm,
1279 1811 1399 1878 24),
1422 1823 1475 1865 et
1493 1820 1683 1865 cattcra
1704 1811 2024 1879 hujusmodi,
2050 1828 2155 1867 non

578 1912 684 1955 tam
705 1916 825 1970 ego,
852 1917 1011 1971 quam
1040 1903 1151 1971 ipsa
1178 1902 1447 1970 Scriptura
1475 1901 1649 1953 divina
1673 1901 1974 1969 planissime
1999 1910 2155 1971 atque

575 1997 883 2066 plenissime
922 1996 1191 2065 redarguit
1234 2011 1296 2049 ac
1335 1994 1551 2050 refellit.
1599 1994 1842 2048 Ninivita:
1881 1994 2072 2063 quippe
2100 1996 2153 2049 in

575 2088 675 2140 hac
712 2088 813 2139 vita
843 2095 1065 2155 egerunt
1098 2085 1460 2154 paenitentiam
1508 2083 1694 2153 (Jona:
1722 2100 1797 2149 ιιι,
1827 2085 1926 2153 7);
1954 2094 2008 2138 et
2036 2084 2155 2139 ideo

573 2178 896 2232 fructuosam
921 2218 936 2242 ,
981 2178 1124 2232 velut
1165 2178 1215 2231 in
1248 2177 1349 2230 ltoc
1394 2190 1523 2245 agro
1559 2176 1881 2229 seminantes
1903 2215 1918 2239 ,
1968 2176 2018 2228 in
2048 2190 2154 2245 quo

574 2270 713 2324 Deus
737 2271 902 2325 voluit
925 2285 1045 2326 cum
1077 2269 1323 2339 lacrymis
1348 2268 1622 2330 seminari,
1653 2267 1792 2336 quod
1824 2276 2003 2336 postea
2032 2284 2150 2322 cum

572 2360 750 2413 Iustitia
779 2370 1067 2413 meteretur
1100 2358 1118 2428 (
1142 2358 1280 2412 Psal.
1307 2373 1470 2423 cxxv,
1498 2356 1552 2428 6)
1575 2374 1588 2409 :
1618 2367 1670 2411 et
1698 2366 1871 2412 tamen
1898 2358 2016 2427 quis
2058 2374 2151 2414 ne-

568 2452 732 2519 gabit,
765 2451 904 2519 quod
937 2451 1190 2503 Dominus
1236 2449 1498 2517 praedixit,
1533 2450 1584 2502 in
1612 2449 1691 2502 eis
1721 2449 1881 2503 fuisse
1911 2450 2149 2518 comple-

572 2550 704 2603 tum,
739 2542 838 2594 nisi
872 2555 1055 2608 parum
1087 2540 1346 2601 advertat,
1369 2538 1815 2607 quemadmodum
1847 2550 2150 2608 peccatores

564 2632 705 2686 Deus
726 2648 829 2683 non
851 2631 1018 2685 solum
1041 2630 1223 2694 iratus,
1244 2644 1423 2683 verum
1445 2630 1603 2683 etiam
1626 2631 1905 2685 miseratus
1922 2631 2149 2684 evertat?

562 2722 883 2777 Evertuntur
905 2722 1047 2777 enim
1078 2730 1378 2790 peccatores
1418 2721 1624 2775 duobus
1644 2720 1815 2775 modis
1836 2762 1851 2787 ,
1878 2731 1967 2776 aut
2010 2724 2149 2777 sicut

561 2813 872 2878 Sodomitas,
892 2824 949 2866 ut
970 2828 1064 2882 pro
1087 2816 1312 2881 peccatis
1337 2812 1447 2865 suis
1464 2811 1560 2881 ipsi
1583 2813 1822 2867 homines
1842 2814 2142 2882 puniantur,

566 2914 660 2957 aut
685 2904 820 2957 sicut
859 2902 1123 2967 Ninivitze,
1172 2909 1231 2955 ut
1273 2902 1383 2969 ipsa
1424 2901 1693 2955 hominum
1722 2911 1934 2970 peccata
1976 2904 2145 2972 paeni-

557 2994 717 3048 tendo
757 2994 1124 3047 destruantur.
1172 2991 1389 3045 Factum
1434 3000 1518 3045 est
1556 3006 1683 3062 ergo
1726 2992 1865 3061 quod
1899 2994 2143 3061 przndixit

565 3085 735 3138 Deus:
766 3099 954 3138 eversa
982 3092 1064 3137 est
1088 3082 1277 3137 Ninive
1304 3098 1422 3151 quze
1452 3083 1589 3136 mala
1619 3092 1753 3149 erat,
1775 3093 1828 3137 ct
1852 3084 1987 3139 bona
2014 3086 2141 3139 a-di-

555 3173 707 3227 ticata
733 3183 815 3228 est
844 3189 960 3243 qua:
990 3188 1096 3227 non
1124 3182 1259 3227 erat.
1287 3172 1559 3227 Stantibus
1578 3173 1720 3226 enim
1748 3172 2010 3227 moenibus
2052 3183 2136 3227 at-

559 3280 667 3333 que
688 3264 951 3330 domibus,
977 3278 1159 3317 eversa
1179 3274 1260 3317 est
1280 3264 1465 3317 civitas
1486 3264 1536 3315 in
1556 3263 1769 3331 perditis
1786 3264 2020 3319 moribus
2036 3262 2132 3335 (a).

556 3356 633 3408 Ac
662 3355 739 3408 sic
762 3356 1003 3422 quamvis
1024 3354 1285 3422 Pr0pheta
1314 3354 1471 3409 fuerit
1498 3354 1859 3421 eontristatus,
1887 3356 2006 3424 quia
2029 3372 2131 3410 non

552 3453 639 3498 cst
685 3445 881 3499 factum
930 3445 1070 3513 quod
1097 3446 1170 3498 illi
1198 3444 1441 3499 homines
1480 3446 1765 3499 timuerunt
1791 3446 1880 3499 illo
1906 3446 2133 3518 prophe-

551 3544 697 3589 tante
744 3545 1027 3588 venturum
1063 3532 1347 3603 (Jonwtv,
1380 3536 1555 3605 1-5):
1606 3536 1799 3589 factum
1844 3547 1926 3591 est
1954 3547 2129 3593 tamen

548 3623 691 3691 quod
740 3624 911 3677 fuerat
959 3623 1067 3676 Deo
1118 3625 1432 3691 prmsciente
1482 3626 1823 3693 praedictum;
1878 3630 2127 3696 quoniam

548 3722 772 3766 noverat
800 3715 887 3782 qui
938 3713 1180 3782 praedixit
1201 3753 1217 3778 ,
1251 3716 1515 3783 quomodo
1546 3716 1595 3768 in
1640 3717 1832 3770 melius
1857 3729 1999 3773 esset
2022 3720 2127 3775 im-

550 3803 825 3871 piendum.

616 3895 669 3947 5.
716 3894 779 3947 Ut
808 3905 982 3949 autem
1011 3894 1253 3948 noverint
1284 3895 1366 3949 isti
1393 3896 1443 3948 in
1472 3911 1778 3964 perversum
1828 3901 2127 3957 misericor-

546 3984 644 4037 des
691 3999 798 4053 quo
836 3984 1098 4053 pertineat
1137 3986 1276 4053 quod
1314 3987 1565 4055 scriptum
1595 3997 1709 4055 est,
1760 3991 1922 4056 Quam
1966 3996 2123 4048 multa

544 4073 814 4126 multitudo
863 4073 1139 4127 dulcedinis
1182 4083 1280 4128 tua:
1301 4115 1317 4141 ,
1350 4074 1565 4130 Domi-ie
1587 4120 1602 4143 ,
1628 4096 1778 4149 quam
1821 4083 2123 4138 abscondisti

543 4162 825 4216 timentibus
870 4163 952 4217 te!
998 4164 1173 4234 legant
1199 4164 1338 4234 quod
1362 4168 1617 4235 sequitur,
1675 4173 1926 4241 perfecisti
1952 4186 2118 4228 autem

541 4255 855 4321 sperantibus
880 4256 933 4307 in
987 4264 1033 4307 te
1084 4253 1266 4323 (Paul.
1294 4272 1421 4320 xxx,
1452 4256 1522 4311 20
1544 4258 1585 4326 ).
1609 4258 1745 4326 Quid
1766 4271 1866 4328 est,
1896 4264 2119 4319 Abscon-

542 4344 661 4397 disti
702 4346 1007 4411 timentibus,
1073 4348 1326 4417 perfecisti
1366 4350 1703 4417 sperantibus,
1749 4353 1848 4407 nisi
1870 4355 1989 4424 quia
2015 4356 2118 4411 illis

538 4436 631 4503 qui
680 4436 871 4490 timore
901 4452 1177 4506 pinnarum
1223 4453 1372 4493 suam
1395 4440 1578 4494 volunt
1621 4441 1878 4510 justitiam
1923 4447 2117 4502 consti-

541 4536 690 4578 tuere
711 4542 831 4593 qua:
855 4527 906 4579 in
932 4527 1046 4595 lege
1066 4536 1167 4593 est,
1195 4543 1299 4582 non
1326 4539 1405 4582 est
1424 4529 1624 4598 justitia
1638 4531 1729 4586 Dei
1749 4532 1917 4588 dulcis
1941 4536 2111 4605 (Rom.

542 4633 598 4684 χ)
629 4616 707 4685 5),
732 4617 855 4685 quia
880 4619 1123 4672 nesciunt
1145 4619 1290 4672 eam?
1308 4618 1422 4673 Non
1446 4621 1585 4674 enim
1607 4632 1948 4691 gustaverunt
1971 4642 2109 4684 eam.

539 4705 594 4758 In
618 4722 676 4760 sc
705 4721 934 4775 namque
958 4719 1194 4776 sperant,
1223 4709 1396 4763 nonin
1425 4710 1573 4780 ipso:
1600 4722 1655 4767 et
1681 4713 1798 4769 ideo
1813 4716 1892 4770 eis
1916 4718 2112 4773 abcon-

535 4798 676 4851 ditur
704 4798 987 4853 multitudo
1017 4798 1313 4854 dulcedinis
1343 4802 1470 4867 Dei;
1498 4804 1745 4872 quoniam
1784 4806 1969 4862 timent
1995 4812 2111 4879 qui-

534 4886 657 4940 dem
700 4888 887 4954 Deum,
919 4890 1011 4943 scd
1055 4891 1143 4943 illo
1187 4892 1376 4945 timore
1423 4894 1635 4961 servili,
1662 4896 1752 4965 qui
1796 4913 1900 4951 non
1950 4902 2105 4955 estin

531 4977 811 5044 charitate,
840 4979 959 5046 quia
987 4978 1216 5047 perfecta
1245 4980 1475 5035 cbaritas
1502 4985 1647 5039 foras
1674 4987 1835 5041 mittit
1862 4990 2103 5046 timorem

530 5069 575 5139 (l
590 5066 747 5124 Joan.
779 5085 852 5134 tv,
876 5069 986 5139 18).
1011 5069 1135 5125 ldeo
1148 5073 1483 5140 sperantibus
1508 5075 1556 5128 in
1573 5091 1693 5129 emn
1714 5079 2105 5145 perlicitdulce-

530 5160 706 5213 dinem
723 5175 894 5220 suam,
918 5160 1220 5229 inspirando
1237 5162 1315 5217 eis
1330 5162 1636 5219 cltaritatem
1655 5180 1826 5231 suam,
1847 5180 1900 5222 ut
1916 5170 2103 5228 timore

528 5260 697 5315 casto,
726 5266 832 5303 non
856 5267 1013 5321 quem
1036 5251 1267 5306 Charitas
1287 5253 1427 5308 foras
1449 5256 1625 5319 mittit,
1647 5259 1737 5312 sed
1760 5274 2101 5326 permanente

526 5339 575 5391 in
633 5342 882 5393 satculum
910 5344 1088 5396 saeculi
1116 5342 1284 5413 (Psal.
1312 5361 1455 5411 xvnt,
1484 5347 1590 5417 lO),
1620 5362 1737 5401 cum
1789 5350 2095 5421 gloriantur,

524 5430 577 5483 ιιι
612 5431 833 5486 Domino
857 5434 1385 5503 glorientur.Justitia
1407 5440 1597 5513 quippe
1613 5442 1698 5496 Dei
1727 5441 1965 5500 Christus
1993 5458 2092 5515 est,

587 5629 658 5689 (α)
694 5631 822 5682 Couf.
848 5638 1007 5685 Enarr.
1030 5636 1148 5686 t‘sal.
1176 5656 1220 5699 1.,
1244 5655 1292 5689 ιι.
1336 5645 1404 5692 ιι.

1660 243 1745 298 DE
1784 242 2102 297 CIVITATE
2143 244 2273 311 DEI,
2315 245 2372 299 S.
2416 246 2771 301 AUCUSTINI
3664 264 3733 320 τη]

2266 360 2353 428 qui
2395 362 2557 429 factus
2578 372 2649 415 est
2692 363 2851 430 nobis,
2876 365 3013 419 sicut
3037 366 3160 421 dicit
3181 369 3455 438 Apostolus
3472 412 3486 438 ,
3512 382 3699 440 aptatia
3717 402 3736 433 ιι

2263 447 2393 514 Deo,
2415 460 2461 504 et
2478 453 2678 521 justitia
2701 469 2721 517 ;
2745 467 2789 507 et
2811 458 3159 525 sanctiﬁcatio,
3178 470 3222 512 et
3234 462 3496 530 redemptio
3516 480 3530 517 :
3549 478 3593 519 ut
3617 486 3737 537 quin-

2265 540 2533 593 admodum
2577 543 2815 612 scriptum
2851 555 2923 598 est
2941 588 2956 608 ,
2989 546 3088 612 Qui
3110 549 3374 618 gloriatur,
3398 553 3449 605 in
3469 552 3647 611 Domino
3662 560 3740 628 glo.

2263 631 2417 684 rietur
2444 634 2483 703 (l
2500 633 2615 688 Cor.
2642 651 2679 701 ι,
2712 637 2780 691 50
2795 649 2839 690 ει
2857 640 2913 693 51
2930 640 2965 708 ).
2999 640 3140 695 Hanc
3153 642 3247 697 Dei
3263 644 3524 713 justitiam,
3543 663 3664 719 quam
3678 653 3741 707 do-

2264 725 2531 791 natgratia
2548 725 2664 781 sine
2689 729 2910 795 meritis,
2934 732 3174 785 nesciunt
3201 733 3277 787 illi
3305 735 3389 803 qui
3410 741 3740 806 suamjustitiam

2267 813 2447 867 volunt
2469 818 2809 884 constituere,
2838 831 2889 874 et
2917 822 3035 876 ideo
3052 821 3272 892 justitia:
3292 825 3403 892 Dei,
3430 830 3551 896 quod
3568 831 3741 891 Cltristts

2262 914 2363 964 est,
2393 921 2498 959 non
2528 918 2651 962 sunt
2678 910 2897 978 subjecti
2921 912 3108 981 (Rom.
3136 930 3191 979 χ,
3221 916 3300 986 5).
3324 917 3376 969 ln
3400 933 3493 986 qua
3511 919 3670 988 justitia
3688 936 3741 978 est

2265 995 2428 1049 multa
2459 997 2737 1054 multitudo
2760 999 3055 1056 dulcedinis
3074 1004 3198 1068 Dei,
3221 1016 3431 1075 propter
3454 1024 3587 1077 quam
3610 1012 3741 1068 dicitur

2264 1086 2314 1138 in
2340 1087 2569 1152 Psalmo,
2603 1090 2827 1156 Gustate,
2855 1103 2901 1146 et
2929 1095 3089 1149 videte
3115 1113 3270 1165 quant
3295 1099 3452 1153 dulcis
3479 1113 3539 1154 est
3563 1102 3741 1160 Donum

2265 1178 2448 1247 (Psal.
2481 1197 2665 1248 χχχιιι,
2692 1184 2783 1253 9).
2818 1186 2882 1239 Ει
2911 1187 3045 1241 hanc
3078 1189 3297 1257 quidem
3344 1192 3394 1243 in
3448 1191 3534 1246 hac
3575 1198 3740 1264 peregri.

2261 1272 2473 1327 natione
2497 1287 2787 1344 gustantes,
2811 1294 2915 1333 non
2938 1282 3004 1333 ad
3030 1283 3331 1338 satietatem
3356 1296 3610 1354 sumentes,
3628 1292 3726 1344 esuri

2263 1376 2379 1415 mus
2409 1379 2523 1417 eam
2572 1367 2745 1433 potius
2771 1383 2834 1422 ac
2858 1370 3065 1425 sitinms
3085 1412 3099 1434 ,
3126 1385 3179 1426 ut
3210 1390 3271 1427 ea
3300 1386 3471 1443 postea
3493 1389 3738 1444 saturemur,

2260 1467 2383 1506 cum
2427 1454 2723 1510 videbimus
2770 1474 2888 1512 eum
2931 1462 3086 1516 sicuti
3114 1475 3198 1517 est
3230 1465 3453 1531 (lJoan.
3479 1484 3545 1533 ιιι,
3583 1469 3679 1535 2,),
3705 1486 3738 1526 et

2261 1543 2564 1613 intplebitur
2590 1549 2729 1616 quod
2759 1552 3012 1620 scriptum
3049 1562 3167 1621 est,
3204 1555 3493 1623 Saturabor,
3518 1575 3609 1611 cuin
3629 1564 3738 1612 mi.

2261 1636 2520 1703 festubitur
2568 1639 2735 1707 gloria
2780 1651 2865 1695 tua
2909 1642 3097 1715 (l'sal.
3156 1663 3282 1707 xvt,
3332 1648 3449 1717 15).
3502 1649 3563 1703 Ita
3600 1653 3739 1719 perlicit

2259 1724 2503 1781 Christus
2542 1731 2761 1785 multam
2791 1734 3185 1791 multitudinem
3230 1738 3517 1794 dulcedinis
3541 1756 3624 1795 sua:
3654 1758 3739 1812 spe-

2260 1818 2499 1874 rantibus
2522 1821 2574 1873 in
2595 1823 2913 1879 eum.Porro
2931 1836 3106 1881 autem
3127 1828 3173 1882 si
3195 1844 3337 1895 eam,
3360 1847 3503 1900 quam
3523 1833 3581 1886 illi
3599 1845 3738 1902 putant,

2259 1905 2588 1963 dulcedinem
2610 1926 2756 1966 suam
2776 1913 2913 1969 Deus
2933 1916 3211 1973 abscondit
3234 1920 3521 1976 timentibus
3533 1938 3627 1976 eum
3644 1926 3736 1993 qua'

2261 2014 2364 2050 non
2394 2008 2475 2053 est
2496 2000 2683 2068 impios
2707 2002 3070 2071 damnaturus,
3101 2017 3159 2061 ut
3185 2008 3289 2063 hoc
3310 2011 3575 2066 nescientes
3590 2015 3737 2069 etdam-

2258 2089 2373 2142 nari
2417 2090 2662 2146 timentes
2706 2104 2849 2149 recte
2879 2098 3094 2162 vivant,
3147 2114 3213 2153 ac
3236 2100 3316 2154 sic
3341 2103 3525 2169 possint
3561 2119 3649 2157 esse
3679 2106 3737 2172 qui

2257 2191 2412 2235 orent
2432 2198 2527 2251 pro
2552 2200 2657 2240 non
2680 2198 2826 2241 recte
2853 2189 3185 2255 viventibus;
3212 2193 3466 2259 quomodo
3482 2212 3578 2248 cam
3596 2196 3736 2264 perﬁcit

2257 2274 2593 2340 sperantibus
2624 2276 2677 2329 in
2706 2293 2824 2332 eum
2843 2320 2857 2344 ,
2884 2282 3351 2350 quandoquidem,
3375 2285 3498 2338 sicut
3518 2287 3733 2350 somniant,

2258 2379 2353 2431 per
2379 2365 2517 2421 hanc
2542 2367 2873 2426 dulcedinem
2913 2388 3017 2427 non
3046 2373 3397 2430 damnaturus
3439 2386 3512 2431 est
3546 2392 3648 2443 eos,
3679 2379 3734 2447 qui

2257 2475 2361 2513 non
2391 2472 2606 2530 sperant
2637 2463 2688 2517 in
2713 2465 2878 2518 eum?
2904 2465 2994 2520 llla
3034 2467 3197 2536 igitur
3226 2468 3342 2536 ejus
3377 2469 3575 2524 dulcedo
3590 2486 3734 2537 quam.

2257 2561 2342 2606 tur
2365 2569 2523 2622 quam
2556 2555 2760 2623 perlicit
2788 2558 3125 2625 sperantibus
3151 2560 3208 2613 in
3235 2576 3378 2622 eum,
3405 2578 3501 2615 non
3523 2578 3644 2631 quam
3663 2578 3734 2630 per-

2254 2645 2413 2699 ﬁcere
2468 2656 2680 2714 putatur
2738 2650 3209 2705 contemnentibus
3250 2662 3306 2706 et
3347 2653 3733 2721 blasphemantibus

2252 2750 2396 2789 cum.
2430 2735 2643 2791 Frustra
2682 2738 2858 2808 itaque
2882 2742 3041 2795 homo
3067 2753 3194 2809 post
3224 2743 3326 2798 hoc
3365 2759 3539 2814 corpus
3564 2745 3730 2815 inquirit,

2250 2824 2391 2893 quod
2420 2826 2472 2879 in
2512 2826 2613 2881 hoc
2637 2843 2860 2897 corpore
2885 2831 2985 2884 sibi
3007 2845 3325 2900 comparare
3351 2836 3557 2903 neglexit
3572 2838 3606 2886 '.

2317 2918 2372 2972 6.
2414 2917 2544 2973 Illud
2584 2936 2795 2989 quoque
2820 2923 3198 2991 apostolicum,
3228 2924 3471 2980 Conclusit
3502 2927 3607 2980 enin.
3636 2925 3730 2980 Dm

2246 3026 2417 3063 omnes
2449 3011 2501 3063 in
2548 3013 2860 3079 inﬁdelitate,
2898 3024 2953 3067 ut
2973 3017 3202 3070 omnium
3232 3018 3535 3072 misereatur:
3554 3018 3728 3071 nonideo

2244 3097 2440 3168 dictum
2464 3109 2564 3165 est;
2595 3102 2733 3172 quod
2760 3104 3021 3159 neminem
3045 3106 3115 3161 sit
3140 3108 3502 3163 damnaturus:
3522 3108 3596 3163 sed
3618 3123 3727 3177 supe-

2243 3189 2353 3243 rius
2378 3201 2598 3259 apparet
2635 3194 2777 3248 unde
2820 3195 2890 3249 sit
2931 3196 3157 3251 dictum.
3187 3198 3319 3253 Nam
3357 3216 3469 3253 cum
3505 3200 3559 3252 de
3587 3198 3726 3253 ludatis

2241 3289 2422 3348 postea
2453 3282 2734 3337 credituris
2762 3286 3043 3353 Apostolus
3073 3287 3385 3356 loqueretur
3408 3289 3467 3342 ad
3494 3288 3660 3351 Genta,
3680 3286 3724 3340 ad

2237 3387 2368 3439 quas
2416 3373 2598 3442 utique
2636 3375 2745 3444 jam
2796 3378 3072 3433 credentes
3112 3381 3475 3436 conscribebat
3513 3381 3721 3448 epistols:

2236 3461 2380 3517 Sicut
2403 3466 2533 3519 enim
2568 3482 2654 3521 cos
2673 3509 2687 3533 ,
2721 3468 2903 3538 inquit,
2938 3470 3214 3541 aliquando
3237 3490 3337 3527 non
3361 3475 3604 3528 credidistis
3620 3472 3720 3536 Dm,

2233 3571 2367 3608 nunc
2392 3567 2555 3610 autem
2593 3561 2984 3615 misericordiam
3028 3566 3286 3618 consecuti
3312 3569 3420 3619 estis
3442 3566 3610 3619 illorum
3633 3566 3649 3595 ³
3666 3566 3721 3617 in.

2231 3640 2559 3706 credulitate;
2587 3644 2658 3696 sic
2681 3654 2727 3697 et
2754 3646 2808 3699 lii
2832 3662 2965 3699 nunc
2993 3664 3093 3700 non
3116 3650 3430 3704 crediderunt
3452 3652 3498 3702 in
3516 3660 3642 3702 vestra
3659 3649 3721 3700 sui

2230 3734 2523 3800 sericordia,
2547 3746 2602 3788 ut
2628 3747 2674 3788 et
2694 3738 2791 3804 ipsi
2814 3739 3211 3793 misericordiam
3236 3753 3573 3811 consequantur
3593 3740 3715 3806 (Rata.

2229 3840 2302 3889 SI,
2321 3828 2413 3894 3i,
2427 3826 2536 3899 52).
2564 3829 2758 3885 Deinde
2778 3831 3019 3903 subjecit,
3036 3833 3175 3889 unde
3196 3835 3280 3889 isti
3300 3836 3392 3888 sibi
3414 3834 3604 3888 errando
3616 3833 3716 3885 blan-

2227 3918 2463 3984 diuntur,
2510 3931 2667 3992 atque
2695 3925 2785 3987 ait,
2814 3924 3067 3978 Conclusit
3095 3928 3229 3979 enim
3262 3926 3310 3979 ι)
3341 3945 3398 3979 us
3432 3942 3580 3979 omnes
3601 3927 3639 3976 in
3660 3924 3713 3975 ιη.

2227 4012 2483 4079 ﬁdelitate,
2518 4024 2570 4066 ut
2595 4017 2814 4069 omnium
2843 4018 3154 4072 misereatur.
3186 4019 3329 4086 Quos
3357 4033 3549 4081 omnes,
3575 4016 3648 4069 nisi
3668 4014 3713 4065 de

2226 4104 2415 4170 quibus
2447 4104 2759 4173 loquebatur
2780 4149 2795 4171 ,
2829 4116 3072 4178 tanquam
3102 4109 3319 4174 dicens,
3352 4119 3401 4163 et
3425 4124 3505 4162 vos
3537 4119 3579 4161 et
3603 4104 3710 4157 illos?

2227 4195 2365 4248 Deus
2393 4210 2519 4265 ergo
2558 4208 2609 4250 et
2638 4196 2872 4253 Gentiles
2911 4210 2965 4254 et
2992 4201 3205 4255 Judseos
3228 4244 3243 4266 ,
3274 4186 3399 4270 quos
3441 4198 3650 4269 prmscivit
3670 4206 3707 4247 ct

2225 4287 2618 4353 prtedestinavit
2644 4292 2943 4346 conformes
2969 4293 2992 4323 ⁸
3019 4296 3260 4365 imaginis
3280 4295 3392 4349 Filii
3415 4295 3485 4347 sui
3508 4295 3523 4361 (
3537 4292 3603 4343 Id.
3626 4304 3703 4347 ιω.

2221 4378 2289 4433 29
2314 4376 2364 4448 ),
2407 4396 2592 4435 omnes
2633 4381 2683 4434 in
2742 4382 3049 4439 infidelitate
3086 4386 3377 4440 conclusit:
3407 4395 3459 4438 ttt
3483 4383 3537 4436 de
3566 4378 3706 4432 amari-

2221 4474 2401 4528 tudine
2418 4473 2734 4529 inlidelitatis
2754 4491 2862 4529 sua:
2885 4479 3184 4545 paenitendo
3204 4479 3419 4541 confusi,
3445 4488 3492 4532 et
3507 4476 3561 4528 ad
3573 4473 3702 4527 dulce-

2218 4564 2394 4619 dinem
2415 4565 2791 4620 misericordia:
2817 4568 2904 4621 Dei
2926 4569 3190 4623 credendo
3215 4570 3461 4629 conversi,
3480 4568 3700 4621 clauim-nt

2217 4656 2345 4710 illud
2366 4657 2415 4709 in
2440 4657 2668 4722 l’salmo,
2704 4658 2867 4721 Quam
2900 4660 3057 4713 multa
3081 4661 3341 4713 multitudo
3366 4657 3598 4712 dulcedinis
3614 4664 3694 4705 tm.

2214 4745 2448 4812 Domine,
2469 4764 2617 4817 quam
2637 4748 2937 4802 abscondisti
2959 4752 3235 4804 timentibus
3261 4762 3321 4811 te,
3346 4747 3562 4817 perfecisti
3577 4754 3695 4795 autem

2212 4840 2545 4908 sperantibus,
2566 4858 2671 4895 non
2693 4847 2743 4896 in
2770 4858 2847 4904 se,
2866 4842 2957 4898 sed
2982 4844 3033 4896 in
3058 4854 3104 4897 te
3117 4845 3138 4899 !
3160 4844 3394 4898 Omnium
3420 4844 3565 4910 itaque
3578 4836 3691 4889 ause

2211 4942 2358 4986 retur
2386 4949 2630 4987 vasorum
2657 4935 3052 4990 misericordiae.
3092 4937 3225 5005 Quid
3252 4945 3330 4991 est
3353 4977 3367 4997 ,
3395 4927 3619 4987 omnium?
3646 4924 3689 4977 El

2210 5038 2394 5078 eorum
2420 5025 2622 5079 scilicet
2649 5040 2780 5095 quos
2807 5041 2875 5080 ex
2904 5026 3154 5082 Gentibus
3173 5069 3186 5091 ,
3239 5037 3292 5081 et
3329 5042 3491 5080 eorum
3524 5032 3685 5090 quase!

2207 5116 2404 5171 Judmis
2421 5116 2827 5184 praedestinavit,
2850 5118 3073 5185 vocavit,
3092 5118 3401 5187 justiticavit,
3416 5110 3683 5184 gloriﬁcavil;

2270 5284 2286 5347 ε
2320 5282 2425 5347 Sola
2447 5282 2592 5333 editio
2614 5290 2740 5342 Lov.,
2760 5283 2871 5345 quia
2899 5299 2915 5339 :
2939 5286 3095 5335 minus
3110 5287 3252 5334 bene.
3470 5342 3478 5347 _
3561 5340 3569 5347 ,

2267 5346 2286 5374 ί
2314 5344 2426 5391 \‘ind
2474 5354 2571 5410 Ant.
2612 5353 2663 5393 et
2687 5334 2784 5410 Eli;
2802 5334 2999 5410 fnestra
3042 5334 3357 5410 itaque
3381 5342 3538 5410 positus
3556 5340 3593 5386 in

2203 5406 2727 5475 corpore,.occultorum
2748 5406 3040 5466 iudiciorum
3071 5405 3157 5459 Dei
3181 5408 3270 5458 sibi
3302 5406 3488 5457 notitiam
3505 5405 3677 5459 armum

2238 5475 2464 5516 rwsunut.

2202 5482 2521 5591 ργξδιῖἶῖῧῖἱη
2535 5527 2741 5578 illorum.
2767 5531 2927 5590 Abest,
2949 5531 3017 5590 in,
3034 5543 3061 5579 a
3082 5529 3406 5591 manuscriptis.

2262 5588 2284 5619 ι
2318 5592 2398 5637 llic
2422 5576 3438 5656 saluati;summa}amatum
3458 5579 3615 5649 Epistch
3630 5576 3672 5625 εκι

2206 5659 2448 5710 Romanos,
2467 5668 2527 5702 vn
2546 5688 2558 5712 ,
2586 5654 2659 5713 :29,
2686 5654 2937 5715 prseterire
2958 5654 3080 5705 solet
3102 5658 3379 5718 augustiuus.
