3926 6386
160 332 282 389 741

159 480 296 520 non
327 470 614 523 omnium
637 470 927 536 hominum,
960 470 1050 526 sed
1074 467 1293 526 istorum
1315 472 1546 533 omnium
1569 471 1828 525 neminem

162 558 618 616 damnaturus.

164 686 464 744 CAPUT
527 692 691 746 XXV.
716 722 784 731 —-
826 694 903 747 An
938 694 991 746 hi
1015 696 1099 764 qui
1144 698 1272 748 inter
1310 696 1567 749 luercticos
1592 695 1829 764 baptizati

251 790 432 845 sunt,
476 793 532 836 c.’
557 786 823 838 deteriores
850 796 1020 854 postea
1050 788 1179 841 male
1210 789 1414 841 vivendo
1440 790 1561 859 facti
1590 797 1727 855 sunt,
1754 798 1830 849 vel

259 872 326 925 hi
352 875 469 942 qui
507 875 648 944 apud
694 876 975 931 Catholicos
1005 880 1164 931 renati
1208 880 1278 932 ad
1324 881 1537 933 Itwreses
1569 889 1655 931 aut
1698 880 1829 932 schi-

254 974 475 1017 smata
510 966 812 1019 transierunt
837 1006 855 1035 ,
896 968 972 1020 vel
997 968 1050 1020 lii
1072 969 1155 1037 qui
1184 986 1215 1020 a
1246 969 1514 1023 Cat/iolicis
1535 970 1674 1039 apud
1702 985 1826 1037 quos

250 1056 464 1109 renati
503 1066 640 1122 sunt,
672 1074 773 1111 non
796 1059 1094 1123 recedentes,
1122 1060 1386 1114 criminose
1407 1063 1569 1115 vivere
1598 1062 1823 1132 perstite-

250 1155 406 1197 runt
434 1186 453 1211 ,
497 1147 691 1216 possint
726 1148 986 1218 privilegio
1014 1150 1460 1205 Sacramentorum
1489 1153 1824 1215 remissionem

251 1237 483 1289 (ειετηὶ
514 1254 721 1307 sperare
749 1240 1005 1309 supplicii.

255 1368 285 1421 i
304 1407 321 1420 .
361 1368 502 1423 Sed
520 1369 631 1439 jam
654 1370 1067 1440 respondeamus
1091 1372 1247 1426 etiam
1272 1372 1397 1438 illis,
1420 1373 1507 1443 qui
1526 1388 1628 1428 non
1650 1374 1820 1428 solum

171 1456 439 1513 diabolo
495 1469 551 1514 et
576 1461 776 1529 angelis
814 1461 960 1530 ejus,
1001 1463 1136 1515 sicut
1166 1477 1265 1517 nec
1303 1463 1425 1527 isti,
1458 1463 1550 1517 sed
1583 1479 1650 1518 ne
1694 1464 1822 1533 ipsis

170 1549 441 1617 quidem
502 1550 752 1604 omnibus
797 1551 1097 1606 hominibus
1128 1553 1491 1608 liberationem
1528 1554 1596 1607 ab
1622 1564 1822 1609 :eterno

171 1638 320 1707 igne
357 1641 736 1708 promittunt;
770 1656 953 1695 verum
1001 1643 1079 1696 eis
1108 1651 1310 1696 tantum
1355 1643 1445 1712 qui
1482 1642 1678 1698 Christi
1721 1644 1821 1698 Ba-

175 1729 489 1797 ptismate
518 1730 748 1784 ablutiet
770 1732 1008 1802 corporis
1027 1732 1141 1800 ejus
1161 1741 1214 1786 et
1236 1732 1508 1802 sanguinis
1536 1733 1819 1803 participes

180 1819 335 1875 iacti
366 1830 541 1887 sunt,
567 1824 964 1892 quomodolibet
996 1826 1242 1892 vixerint,
1272 1826 1324 1879 in
1348 1841 1681 1897 quacumque
1706 1827 1817 1881 ha:-

178 1914 301 1966 resi
356 1914 460 1968 vel
516 1915 784 1985 impietate
833 1916 1029 1971 fuerint
1077 1919 1177 1990 (τι).
1228 1918 1334 1974 Sed
1377 1920 1689 1975 contradicit
1737 1921 1814 1975 eis

181 2005 547 2074 Apostolus,
578 2006 761 2063 dicens
787 2026 800 2061 :
823 2008 1096 2081 Manifesta
1122 2022 1286 2062 autem
1305 2019 1421 2063 sunt
1447 2028 1599 2080 opera
1628 2012 1814 2079 carnis,

181 2112 312 2164 qua:
343 2106 487 2151 sunt
534 2102 802 2169 fornicatio
826 2142 841 2166 ,
889 2102 1209 2155 immunditia
1232 2143 1248 2167 ,
1292 2103 1416 2156 luxu
1446 2104 1496 2155 ia
1519 2145 1535 2171 ,
1568 2103 1818 2157 idolorum

180 2188 431 2241 servitus
452 2228 471 2253 ,
501 2192 767 2258 veneﬁcia,
804 2192 1097 2258 inimicitiis,
1150 2194 1505 2256 contentiones,
1541 2196 1817 2248 (emutatio-

183 2297 309 2345 nes,
342 2283 737 2351 animositates,
770 2272 1119 2350 dissensiones,
1144 2286 1378 2352 luereses,
1409 2287 1631 2352 incidite,
1664 2288 1818 2341 ebrie-

183 2381 352 2435 tates,
393 2379 819 2440 comessationes,
853 2386 899 2430 et
922 2376 1000 2430 his
1023 2378 1211 2431 similia
1230 2395 1247 2430 :
1276 2394 1387 2446 quae
1415 2380 1633 2447 praedico
1658 2381 1814 2444 vobis,

186 2465 328 2516 sicut
360 2466 606 2533 praedixi
622 2508 637 2531 ,
671 2468 906 2535 quoniam
927 2470 1013 2537 qui
1029 2470 1150 2522 talia
1172 2478 1347 2540 agunt,
1373 2487 1577 2540 regnum
1606 2470 1701 2524 Dei
1717 2489 1816 2525 non

186 2556 563 2621 possidebunt
589 2555 785 2633 (Galat.
818 2575 870 2625 v,
900 2559 1086 2627 19,-?!
1112 2562 1150 2630 ).
1184 2561 1307 2615 Haec
1335 2562 1573 2630 profecto
1600 2571 1814 2631 aposto-

192 2645 299 2700 lica
330 2648 491 2701 falsa
520 2657 601 2703 est
629 2652 913 2716 sententia,
946 2652 990 2705 si
1023 2653 1154 2707 tales
1184 2662 1303 2722 post
1332 2654 1658 2723 quantalibet
1686 2665 1815 2710 lem-

196 2750 339 2803 pora
373 2737 602 2791 liberati
634 2754 853 2808 regnum
888 2740 982 2794 Dei
1030 2742 1394 2810 possidebunt.
1425 2742 1529 2798 Sed
1567 2746 1814 2813 quoniam

202 2823 346 2877 falsa
383 2842 502 2879 non
532 2836 634 2889 est,
670 2828 908 2896 profecto
934 2845 1153 2899 regnum
1189 2833 1277 2886 Dei
1308 2848 1411 2885 non
1440 2832 1811 2901 possidebunt.

204 2915 278 2969 Et
306 2917 357 2971 si
472 2920 621 2987 regni
654 2920 741 2973 Dei
764 2923 1097 2990 possessione
1117 2938 1386 2993 nunquam
1410 2931 1585 2987 erunt,
1615 2936 1816 2980 aiterno

208 3009 495 3078 supplicio
526 3011 878 3065 tenebuntur:
912 3015 1160 3082 quoniam
1184 3030 1288 3067 non
1315 3023 1396 3069 est
1418 3015 1565 3071 locus
1588 3017 1812 3082 medius,

208 3101 303 3153 ubi
337 3117 455 3156 non
481 3103 552 3157 sit
573 3102 626 3155 in
654 3103 931 3172 supplicio,
956 3105 1046 3174 qui
1068 3105 1161 3159 illo
1182 3120 1287 3159 non
1313 3105 1473 3160 fuerit
1497 3107 1814 3163 constitutus

211 3191 266 3244 in
296 3208 507 3262 regno.

283 3281 344 3336 Ξ.
367 3282 733 3350 Quamobrem
755 3284 894 3355 quod
910 3286 983 3340 ait
1007 3285 1259 3340 Dominus
1278 3286 1453 3351 Iesus,
1472 3287 1571 3341 Hic
1582 3298 1652 3342 est
1670 3290 1814 3357 panis

214 3370 302 3439 qui
324 3371 394 3423 de
425 3372 554 3424 caelo
577 3372 846 3439 descendit,
874 3382 928 3426 ut
952 3374 996 3427 si
1029 3375 1138 3443 quis
1173 3391 1235 3429 ex
1271 3376 1382 3443 ipso
1410 3375 1810 3443 manducauerit,

214 3477 321 3514 non
349 3462 627 3515 moriatur.
657 3462 765 3533 Ego
789 3480 900 3517 sum
926 3466 1072 3535 panis
1092 3466 1248 3533 vivus,
1279 3467 1364 3537 qui
1385 3466 1448 3521 de
1464 3468 1587 3521 caelo
1607 3468 1813 3522 descen-

216 3550 268 3602 di
291 3568 310 3616 ;
334 3553 381 3605 si
401 3554 518 3619 quis
543 3556 912 3610 manducauerit
937 3571 1000 3609 ea:
1025 3556 1120 3609 hoc
1144 3574 1275 3627 pane
1292 3598 1308 3623 ,
1339 3559 1465 3611 vivet
1489 3559 1541 3611 in
1573 3568 1813 3613 internum

216 3641 414 3710 (Joan.
450 3658 524 3707 vr,
556 3645 765 3715 50-52),
804 3647 1070 3716 quomodo
1108 3648 1177 3702 sit
1205 3650 1601 3719 accipiendum,
1626 3652 1813 3705 merito

215 3734 513 3801 quaeritur.
545 3735 610 3787 Et
642 3736 709 3789 ab
746 3737 858 3791 istis
890 3738 1101 3807 quidem
1139 3739 1327 3808 quibus
1354 3755 1491 3794 nunc
1519 3741 1810 3810 responde-

218 3821 387 3885 mus,
442 3822 585 3876 hunc
626 3825 952 3881 intellectum
988 3828 1232 3883 auferunt
1277 3830 1351 3883 illi
1389 3831 1578 3899 quibus
1620 3831 1813 3887 deinde

216 3909 665 3978 respondendum
696 3924 774 3967 est
806 3932 818 3967 :
849 3915 901 3968 hi
928 3928 1051 3970 sunt
1070 3926 1243 3973 autem
1266 3920 1354 3987 qui
1376 3919 1511 3975 hanc
1540 3920 1811 3975 liberatio-

221 4015 376 4064 nem,
443 4015 547 4054 nec
583 4003 825 4057 omnibus
862 4004 1174 4061 habentibus
1210 4019 1594 4063 sacramentum
1632 4010 1811 4079 Bapti-

222 4092 421 4145 smatis
456 4101 511 4144 ct
540 4093 776 4160 corporis
800 4092 1016 4159 Christi,
1039 4095 1130 4149 sed
1157 4097 1285 4150 solis
1301 4096 1606 4163 Catholicis,
1630 4114 1814 4167 quam-

226 4184 308 4236 vis
344 4182 493 4236 male
522 4184 848 4250 viventibus,
879 4186 1191 4254 pollicentur
1219 4205 1232 4240 :
1262 4190 1380 4256 quia
1423 4204 1525 4243 non
1561 4191 1705 4249 solo,
1736 4190 1815 4243 in-

227 4274 443 4342 quinnt,
467 4285 819 4341 sacramento,
842 4277 933 4331 sed
950 4293 1008 4332 re
1026 4278 1133 4347 ipsa
1154 4279 1598 4334 manducaverunt
1620 4296 1814 4350 corpus

231 4362 466 4429 Christi,
495 4364 546 4417 in
592 4366 705 4432 ipso
747 4367 949 4421 scilicet
990 4368 1105 4437 ejus
1139 4384 1362 4438 corpore
1400 4370 1667 4423 constituti
1702 4388 1714 4424 :
1748 4370 1814 4425 de

236 4468 344 4521 quo
370 4468 600 4522 corpore
630 4456 704 4508 ait
731 4455 1039 4525 Apostolus,
1074 4457 1218 4512 Unus
1252 4460 1417 4527 panis,
1454 4476 1609 4512 unum
1634 4476 1815 4529 corpus

239 4544 383 4596 multi
410 4560 585 4597 sumus
632 4545 676 4613 (l
699 4544 815 4599 Cor.
844 4562 902 4612 ι,
932 4547 1044 4617 17).
1076 4547 1177 4615 Qui
1205 4563 1332 4617 ergo
1359 4557 1441 4602 est
1472 4549 1523 4602 in
1551 4549 1665 4618 ejus
1693 4564 1813 4603 cor-

241 4634 382 4699 poris
404 4633 625 4699 unitate,
650 4635 703 4689 id
729 4646 829 4701 est,
860 4637 912 4691 in
934 4636 1354 4693 Christianorum
1377 4654 1629 4710 compage
1650 4656 1815 4695 mem-

241 4724 481 4791 brorum,
512 4726 665 4795 cujus
686 4730 924 4797 corporis
954 4739 1343 4784 sacramentum
1367 4730 1549 4784 ﬁdeles
1574 4746 1814 4785 commu-

244 4816 480 4871 nicantes
522 4816 591 4871 de
631 4819 784 4873 altari
820 4834 1032 4876 sumere
1070 4830 1491 4887 consueverunt,
1533 4822 1645 4891 ipse
1691 4838 1815 4877 vere

245 4905 498 4962 dicendus
543 4916 625 4963 est
665 4910 982 4965 manducare
1024 4926 1215 4980 c0rpus
1267 4911 1497 4978 Christi,
1541 4923 1593 4966 et
1635 4912 1814 4967 bibere

245 5000 552 5067 sanguinem
600 5001 818 5056 Christi.
848 5003 927 5058 Ac
963 5019 1058 5073 per
1078 5003 1185 5059 hoc
1218 5005 1451 5059 hmretici
1478 5014 1529 5060 et
1556 5005 1813 5059 schisma-

247 5089 330 5141 tici
371 5090 438 5144 ab
477 5091 636 5161 hujus
677 5094 874 5149 unitate
894 5096 1136 5165 corporis
1159 5096 1388 5164 separati
1416 5104 1638 5165 possunt
1678 5096 1813 5150 idem

250 5180 519 5247 percipere
548 5193 934 5238 sacramentum
954 5226 968 5249 ,
1001 5185 1095 5240 sed
1119 5200 1223 5239 non
1252 5185 1352 5239 sibi
1380 5186 1525 5251 utile,
1558 5186 1663 5240 imo
1691 5201 1817 5240 vero

251 5268 401 5323 etiam
428 5272 668 5336 noxium,
696 5292 800 5343 quo
824 5276 1127 5345 judicentur
1153 5279 1385 5348 gravius,
1408 5294 1563 5349 quam
1594 5278 1678 5333 vel
1706 5287 1815 5332 tar-

254 5360 363 5418 dius
383 5365 691 5422 liberentur.
722 5368 836 5424 Non
869 5379 991 5425 sunt
1013 5372 1209 5441 quippe
1234 5372 1286 5425 in
1311 5386 1375 5427 eo
1405 5371 1613 5427 vincula
1648 5370 1810 5442 pacis,

255 5456 383 5521 quod
414 5459 504 5513 illo
526 5461 843 5529 exprimitur
866 5472 1218 5518 sacramento.

323 5546 370 5599 5.
408 5550 510 5604 Sed
541 5567 725 5607 rursus
762 5553 922 5608 etiam
958 5555 1045 5608 isti
1074 5556 1162 5626 qui
1192 5565 1336 5611 recte
1364 5556 1677 5626 intelligunt,
1710 5570 1813 5609 non

317 5722 382 5783 (α)
418 5726 526 5775 \ide
553 5726 635 5776 lib.
661 5727 723 5777 de
742 5727 837 5777 Fid.
865 5736 914 5778 et
930 5735 1071 5789 Oper.

1412 335 1610 390 LIBER
1654 331 1760 385 για
1772 328 2011 384 εδιιιυδ
2051 329 2322 388 PRIMUS.

3399 349 3499 407 7‘9.

1938 447 2217 505 dicendum
2273 467 2391 508 esse
2444 470 2564 509 eum
2621 456 2936 514 manducare
2967 463 2982 491 ¹
3026 475 3217 533 corpus
3265 463 3498 533 Christi,

1934 540 2020 606 qui
2050 539 2100 592 in
2128 557 2348 610 corpore
2376 559 2477 597 non
2504 555 2583 598 est
2604 545 2833 615 Christi,
2865 565 2968 604 non
3008 562 3152 608 recte
3192 557 3502 622 promittunt

1936 631 2010 682 cis
2034 632 2119 699 qui
2151 632 2231 685 vel
2261 634 2311 688 in
2340 633 2605 705 haeresim,
2636 639 2717 692 vel
2744 640 2901 695 etiam
2935 642 2987 696 in
3013 646 3285 712 gentilium
3311 664 3499 718 super-

1933 720 2218 786 stitionem,
2256 739 2321 777 ex
2351 726 2487 780 illius
2512 730 2747 796 corporis
2778 733 2973 786 unitate
3003 734 3267 802 labuntur,
3301 738 3498 792 libera-

1934 811 2125 866 tionem
2155 816 2468 885 qnandoquc
2494 819 2563 872 ab
2586 821 2768 875 aeterni
2812 823 2929 891 igne
2949 826 3208 894 supplicii.
3239 827 3493 897 Primum,

1933 902 2055 970 quia
2080 903 2279 958 debent
2304 906 2599 974 attendere,
2628 926 2781 979 quam
2808 912 2878 965 sit
2921 913 3247 969 intolerabile
3277 926 3433 986 atque
3465 934 3495 971 a

1930 1008 2057 1047 sana
2082 994 2316 1050 doctrina
2340 999 2498 1053 nimis
2522 1000 2750 1065 devium,
2777 1014 2833 1058 ut
2857 1006 3005 1059 multi
3025 1022 3087 1061 ac
3117 1023 3251 1077 pene
3276 1025 3492 1076 omnes,

1929 1083 2015 1150 qui
2039 1082 2268 1139 hmrcses
2296 1086 2483 1157 impias
2509 1090 2857 1147 condiderunt
2882 1104 3135 1150 exeuntes
3161 1096 3225 1152 de
3240 1098 3493 1154 catholica

1928 1171 2185 1241 Ecclesia,
2216 1185 2269 1229 et
2296 1176 2416 1232 laeti
2444 1189 2566 1234 sunt
2590 1180 2977 1251 haeresiarchm,
3002 1187 3247 1242 meliores
3264 1189 3495 1245 habeant

1927 1277 2133 1330 causas,
2164 1281 2318 1335 quam
2350 1268 2400 1322 hi
2430 1271 2517 1338 qui
2540 1288 2805 1342 nunquam
2835 1274 3046 1330 fuerunt
3072 1278 3348 1347 catholici,
3371 1296 3491 1335 cum

1926 1353 1976 1408 in
2022 1370 2203 1409 eorum
2245 1357 2461 1427 laqueos
2497 1362 2834 1429 incidissent;
2867 1365 2910 1420 si
2952 1366 3070 1419 illos
3110 1367 3492 1426 haeresiarchas

1925 1446 2025 1501 hoc
2057 1447 2182 1503 facit
2207 1450 2415 1505 liberari
2440 1468 2471 1506 a
2502 1456 2756 1525 supplicio
2785 1459 3126 1527 sempiterno,
3155 1464 3293 1531 quod
3320 1464 3370 1517 in
3399 1480 3489 1519 ca-

1927 1539 2114 1595 tholica
2140 1542 2374 1598 Ecclesia
2398 1544 2644 1614 haptizati
2673 1559 2824 1616 sunt,
2852 1559 2906 1605 et
2948 1565 3334 1608 sacramentum
3373 1571 3490 1611 cor-

1924 1630 2068 1698 poris
2094 1631 2289 1685 (Zbristi
2334 1634 2384 1687 in
2416 1650 2542 1689 vero
2568 1638 2760 1692 Christi
2790 1654 3013 1709 corpore
3059 1643 3302 1711 primitus
3340 1659 3491 1700 accc-

1923 1732 2114 1789 perunt
2144 1739 2157 1774 :
2197 1738 2316 1777 cum
2358 1726 2507 1793 pejor
2528 1728 2707 1797 utique
2736 1730 2805 1783 sit
2832 1729 3070 1784 desertor
3095 1731 3213 1787 ﬁdei
3234 1743 3287 1787 et
3306 1750 3368 1788 cx
3399 1735 3490 1790 de-

1922 1822 2126 1866 sertore
2164 1824 2493 1884 oppugnator
2513 1816 2626 1885 ejus
2653 1817 2900 1882 cﬂ‘ectus,
2925 1835 3079 1888 quam
3127 1820 3213 1876 ille
3252 1824 3339 1891 qui
3383 1839 3488 1879 non

1921 1902 2154 1957 deseruit
2174 1919 2327 1973 quam
2352 1921 2621 1976 nunquam
2644 1909 2826 1961 tenuit.
2855 1910 3052 1964 Deinde
3071 1912 3191 1979 quia
3218 1922 3270 1965 et
3297 1912 3381 1967 his
3406 1929 3486 1969 oc-

1921 1994 2086 2046 currit
2110 1996 2393 2063 Apostolus
2421 1996 2605 2049 eadem
2641 1998 2800 2051 verba
2842 1999 3143 2067 proferens,
3174 2009 3227 2054 et
3268 2017 3489 2059 enume-

1920 2082 2171 2137 ratis'illis
2192 2086 2365 2139 carnis
2389 2087 2636 2154 Operibus
2677 2087 2862 2141 eadem
2897 2090 3118 2143 veritate
3160 2091 3485 2159 prazdicens,

1923 2175 2171 2242 Quoniam
2207 2177 2292 2247 qui
2318 2178 2438 2231 talia
2463 2188 2650 2248 agunt,
2679 2196 2883 2250 regnum
2912 2181 3007 2235 Dei
3043 2200 3142 2236 non
3172 2184 3490 2253 possidebunt

1921 2263 2111 2336 (Colat.
2140 2283 2192 2333 ν,
2220 2266 2334 2337 ‘21).

1989 2357 2042 2410 4.
2085 2356 2235 2411 Unde
2262 2372 2360 2412 nec
2398 2358 2470 2412 illi
2507 2358 2557 2412 in
2587 2359 2805 2429 perditis
2829 2370 2883 2415 et
2908 2360 3292 2419 damnabilibus
3321 2367 3487 2419 mori-

1920 2448 2017 2502 bus
2045 2450 2238 2504 debent
2264 2465 2382 2504 esse
2408 2451 2613 2516 securi,
2646 2453 2731 2521 qui
2780 2469 2942 2522 usque
2982 2454 3032 2507 in
3077 2454 3233 2509 ﬁnem
3271 2457 3484 2525 quidem

1920 2540 2062 2593 velut
2081 2540 2132 2593 in
2155 2542 2527 2595 communione
2556 2541 2809 2596 Ecclesim
2831 2543 3103 2597 catholica:
3125 2558 3484 2614 perseverant,

1920 2629 2184 2685 intuentes
2208 2631 2350 2699 quod
2375 2632 2571 2685 dictum
2595 2641 2696 2698 est,
2724 2632 2825 2698 Qui
2858 2635 3231 2701 perseveraverit
3259 2653 3412 2705 usque
3435 2638 3486 2690 in

1918 2720 2089 2787 liuent,
2118 2720 2197 2773 hic
2218 2721 2388 2773 salvus
2416 2722 2506 2774 erit
2528 2720 2738 2793 (Matth.
2768 2738 2821 2785 ιι,
2849 2722 2975 2793 22);
3005 2730 3058 2776 et
3089 2739 3182 2792 per
3220 2725 3341 2779 vita:
3387 2728 3487 2781 iui-

1918 2809 2196 2877 quitatem,
2233 2811 2399 2879 ipsam
2426 2811 2547 2865 vita:
2565 2812 2847 2881 justitiam,
2880 2812 3018 2881 quod
3037 2813 3114 2867 eis
3129 2814 3367 2870 Christus
3383 2826 3485 2885 est,

1917 2902 2184 2967 deserunt,
2215 2904 2326 2958 sive
2352 2903 2679 2968 fornicando,
2712 2905 2821 2958 sive
2849 2906 2980 2959 alias
3011 2906 3365 2962 immunditias
3388 2909 3486 2963 ﬁa-

1916 2995 2181 3064 gitiorum,
2211 3011 2340 3064 quas
2363 3011 2460 3050 nec
2480 2996 2765 3064 Apostolus
2794 2998 3091 3065 exprimere
3115 2998 3299 3064 voluit,
3317 3000 3367 3052 in
3388 3016 3487 3055 suo

1917 3100 2140 3153 Corpore
2174 3085 2551 3153 perpetrando,
2603 3086 2713 3139 sive
2752 3086 3075 3154 turpitudine
3120 3089 3340 3142 luxuriae
3386 3089 3487 3143 dif-

1917 3175 2148 3240 tlncndo,
2177 3176 2287 3230 sive
2320 3175 2517 3245 aliquid
2556 3176 2697 3230 aliud
2723 3191 2905 3231 eorum
2954 3176 3159 3245 agendo
3195 3176 3261 3232 de
3294 3178 3487 3247 quibus

1917 3270 2008 3334 ait,
2042 3268 2291 3334 Quoniam
2314 3270 2397 3337 qui
2423 3269 2545 3322 talia
2567 3278 2744 3339 agunt,
2777 3285 2987 3339 regnum
3019 3269 3108 3323 Dei
3136 3287 3235 3324 non
3272 3270 3487 3336 posside-

1915 3360 2056 3414 bunt.
2088 3362 2164 3414 Ac
2188 3376 2283 3430 per
2310 3360 2411 3414 hoc
2444 3361 2759 3429 quicumque
2785 3369 2946 3430 agunt
2970 3361 3114 3425 talia,
3140 3361 3238 3414 nisi
3271 3362 3322 3415 in
3344 3376 3487 3416 sem-

1917 3454 2123 3520 piterno
2150 3452 2407 3521 supplicio
2432 3467 2536 3505 non
2558 3461 2707 3505 erunt
2727 3492 2742 3517 ,
2770 3453 2888 3520 quia
2936 3453 2988 3505 in
3026 3451 3117 3505 Dei
3162 3467 3327 3521 regno
3363 3466 3483 3505 esse

1917 3562 2024 3599 non
2049 3552 2314 3613 poterunt.
2342 3543 2396 3596 In
2430 3543 2510 3595 his
2530 3543 2669 3596 enim
2708 3541 3097 3611 perseverando
3118 3557 3283 3611 usque
3311 3543 3361 3596 in
3389 3542 3488 3595 hu-

1913 3639 2000 3707 jus
2023 3638 2144 3691 vita:
2172 3636 2363 3700 ﬁnem,
2398 3651 2503 3689 non
2538 3637 2718 3703 utique
2761 3633 2967 3688 dicendi
3013 3645 3135 3687 sunt
3180 3636 3231 3687 in
3275 3634 3487 3690 Christo

1916 3741 2290 3797 perseverasse
2318 3741 2482 3795 usque
2515 3726 2566 3779 in
2611 3725 2766 3778 ﬁnem
2793 3742 2806 3777 :
2839 3725 2959 3792 quia
2990 3725 3042 3777 in
3068 3723 3277 3778 Christo
3302 3739 3486 3795 perse-

1915 3831 2123 3885 verare,
2152 3828 2232 3873 est
2261 3820 2311 3872 in
2338 3819 2452 3886 ejus
2476 3816 2576 3870 ﬁde
2606 3831 2964 3886 perseverare.
2982 3816 3107 3882 Qum
3130 3815 3275 3883 ﬁdes,
3298 3826 3484 3870 uteam

1915 3911 2099 3968 deﬁnit
2124 3910 2260 3965 idem
2282 3910 2570 3978 apostolus,
2593 3925 2681 3978 per
2700 3907 3014 3960 dilectionem
3040 3916 3276 3975 operatur
3292 3903 3484 3975 (Galat.

1916 4022 1969 4072 v,
1996 4004 2073 4069 6).
2102 4002 2316 4055 Dilectio
2343 4010 2539 4062 autem.
2567 4000 2703 4053 sicut
2727 3999 2837 4067 ipse
2866 3998 2988 4051 alibi
3012 3998 3158 4063 dicit,
3180 4000 3368 4050 malum
3388 4014 3487 4050 non

1916 4104 2153 4167 aperatur
2204 4094 2245 4167 (I
2276 4093 2392 4148 Cor.
2424 4108 2536 4155 xm,
2564 4093 2632 4156 «ις
2665 4090 2814 4143 Rom.
2851 4106 2967 4153 xm,
2998 4090 3107 4157 i0).
3134 4089 3243 4143 Nec
3261 4090 3344 4143 isti
3362 4104 3491 4158 ergo

1917 4189 2123 4245 dicendi
2151 4197 2273 4241 sunt
2295 4186 2612 4238 manducare
2643 4198 2834 4251 corpus
2860 4181 3058 4235 Christi
3082 4197 3095 4245 ;
3125 4181 3369 4249 quoniam
3392 4194 3490 4233 nec

1918 4283 1969 4337 in
1994 4280 2245 4334 membris
2267 4275 2603 4345 computandi
2625 4282 2748 4327 sunt
2772 4272 2988 4326 Christi.
3012 4272 3079 4326 Ut
3104 4272 3243 4325 enim
3280 4271 3379 4324 alia
3412 4280 3488 4324 ta-

1917 4388 2087 4437 ceam,
2120 4386 2222 4424 non
2257 4377 2476 4437 possunt
2511 4365 2663 4419 simul
2691 4378 2808 4417 esse
2850 4372 2903 4417 et
2934 4362 3168 4415 membra
3191 4360 3407 4423 Christi,
3436 4372 3490 4414 et

1919 4465 2153 4521 membra
2183 4461 2477 4517 meretricis
2527 4458 2567 4530 (1
2595 4455 2713 4512 Cor.
2742 4455 2950 4523 v1.15).
2986 4453 3221 4522 Denique
3259 4452 3370 4520 ipse
3404 4451 3490 4503 di-

1918 4576 2065 4625 cens,
2097 4558 2195 4625 Qui
2220 4556 2491 4610 manducet
2511 4568 2711 4605 carnem
2740 4564 2919 4609 meam,
2952 4556 2998 4599 et
3038 4544 3155 4599 bibit
3198 4543 3490 4612 sanguinem

1919 4667 2101 4712 meum,
2134 4650 2185 4701 in
2208 4664 2285 4700 me
2314 4655 2499 4707 manet,
2522 4652 2567 4697 et
2597 4658 2686 4713 ego
2708 4641 2761 4693 in
2790 4655 2845 4691 eo
2877 4636 3053 4706 (Joan.
3078 4651 3152 4700 vt,
3182 4634 3294 4704 57);
3318 4642 3493 4687 ostcn-

1918 4744 1994 4797 dit
2021 4740 2143 4811 quid
2171 4740 2239 4793 sit
2269 4753 2373 4791 non
2402 4740 2731 4789 sacramento
2754 4738 2925 4793 tenus,
2949 4727 3041 4781 sed
3070 4741 3127 4780 re
3155 4740 3274 4778 vera
3297 4737 3493 4791 corpus
3582 4728 3589 4735 ‘

1919 4834 2091 4888 Christ
2114 4828 2469 4891 imanducare,
2490 4833 2543 4878 et
2567 4822 2679 4889 ejus
2701 4820 3010 4889 sanguinem
3033 4816 3213 4871 bibere
3242 4830 3255 4866 :
3286 4813 3386 4867 hoc
3409 4820 3491 4866 est

1921 4927 2059 4980 enim
2098 4924 2161 4977 in.
2181 4920 2391 4976 Christo
2440 4930 2677 4978 manere,
2705 4920 2768 4966 ut
2806 4911 2856 4964 in
2887 4909 2980 4962 illo
3010 4916 3219 4962 maneat
3247 4913 3301 4958 et
3333 4902 3489 4957 Chri-

1920 5029 2054 5073 stus.
2079 5016 2168 5071 Sic
2195 5014 2338 5068 enim
2368 5013 2469 5065 hoc
2506 5007 2656 5069 dixit,
2700 5013 2946 5071 tanquam
2988 4999 3211 5061 diceret,
3248 4995 3345 5062 Qui
3385 5008 3490 5047 non

1921 5110 1972 5164 in
2000 5124 2084 5163 me
2109 5113 2305 5164 manet.
2337 5101 2467 5157 etin
2497 5111 2600 5169 quo
2634 5111 2731 5166 ego
2760 5108 2864 5147 non
2901 5105 3109 5151 maneo,
3135 5103 3238 5141 non
3268 5100 3326 5139 se
3348 5084 3488 5137 dicat

1920 5210 2011 5255 aut
2047 5198 2312 5254 existimet
2363 5190 2684 5247 manducare
2734 5197 2927 5253 corpus
2968 5194 3164 5239 meum,
3192 5184 3284 5229 aut
3308 5173 3491 5228 bibere

1921 5291 2227 5361 sanguinem
2259 5299 2454 5340 meum.
2492 5281 2606 5336 Non
2640 5279 2814 5347 itaque
2841 5278 3055 5328 manent
3076 5269 3127 5321 in
3149 5262 3489 5363 (inrisui-qui

1923 5352 2176 5437 nonvsunt
2199 5377 2433 5433 membra
2455 5374 2590 5443 ejus.
2612 5370 2726 5423 Non
2746 5373 2868 5421 sunt
2887 5371 3060 5416 autem
3079 5354 3317 5452 membra
3338 5352 3490 5452 Chri-

1921 5476 2004 5538 sti,
2038 5473 2127 5543 qui
2156 5487 2213 5525 sc
2244 5469 2438 5523 faciunt
2466 5441 2698 5519 membra
2738 5451 3056 5515 meretricis,
3079 5446 3177 5501 nisi
3205 5444 3397 5497 malum
3429 5441 3491 5494 il-

1984 5605 1998 5634 ¹
2038 5599 2169 5648 \‘iud.
2200 5608 2294 5647 Am.
2316 5602 2407 5651 Fin,
2434 5604 2527 5641 non
2545 5585 2801 5651 dicendum
2818 5594 2925 5632 eum
2945 5575 3278 5651 manducare;
3296 5567 3492 5651 omissa,

1920 5639 2169 5714 esseda-1;:
2200 5639 2361 5716 ἓὲὲὲόῖ
2377 5639 2483 5703 non
2507 5647 2762 5701 dicendum
2804 5656 2905 5696 esse
2926 5639 3253 5697 manducare;
3295 5639 3473 5683 omisso

1923 5738 2046 5776 eum
