3960 6484
554 362 656 419 743

554 473 643 527 lud
675 467 975 542 pmnitendo
1002 480 1119 522 csse
1145 461 1461 527 destiterint,
1490 470 1542 515 et
1580 461 1644 514 ad
1677 461 1778 515 hoc
1801 462 1997 516 bonum
2036 474 2120 513 re-

553 563 923 618 conciliatione
946 557 1221 613 redierint.

554 674 777 732 CAPUT
814 670 1077 727 XXVl.——
1101 668 1235 735 Quid
1263 668 1325 721 sit
1354 668 1404 719 in
1428 666 1752 735 fundamento
1781 665 1959 718 habere
1982 663 2123 718 Clari-

623 774 791 828 stum,
836 770 882 815 et
925 760 1098 830 quibus
1141 758 1447 827 spondentur
1492 755 1626 809 salus
1672 758 1817 822 quasi
1857 770 1945 825 per
1990 752 2120 823 ignis

622 861 872 905 usturam.

625 942 676 993 1.
718 939 823 993 Sed
866 938 1089 999 habent,
1132 936 1410 1005 inquiunt,
1451 932 1735 989 Christiani
1774 930 2019 987 catholici
2066 933 2119 985 in

555 1032 895 1086 fundamento
920 1029 1187 1084 Christum
1210 1070 1225 1094 ,
1252 1043 1280 1080 a
1316 1028 1463 1094 cujus
1494 1025 1694 1079 unitate
1738 1040 1841 1078 non
1883 1037 2121 1078 recesse-

554 1133 697 1191 runt,
744 1124 953 1178 tametsi
1010 1122 1132 1176 huic
1184 1120 1524 1174 fundamento
1570 1117 2123 1187 supermdificaverunt

555 1215 843 1284 quamlibet
871 1214 1153 1282 pessimam
1175 1212 1354 1274 vitam,
1380 1211 1521 1264 velut
1545 1210 1705 1279 ligna,
1736 1208 1933 1269 fenum,
1952 1207 2120 1275 stipu-

555 1306 659 1359 lam
699 1306 738 1376 (Ι
774 1304 890 1360 Cor.
932 1320 1009 1370 ιιι,
1048 1304 1136 1369 Η,
1184 1302 1271 1372 l2)
1303 1321 1314 1355 :
1349 1310 1489 1356 recta
1538 1302 1712 1368 itaque
1762 1298 1894 1353 ﬁdes
1943 1299 1984 1362 ί,
2029 1311 2124 1366 per

556 1412 714 1466 quam
740 1395 981 1449 Christus
1009 1404 1088 1447 est
1114 1392 1533 1457 fundamentum,
1565 1389 1806 1459 quamvis
1826 1403 1944 1442 cum
1972 1387 2123 1441 dam-

557 1500 647 1549 no,
671 1486 917 1554 quoniam
948 1484 1033 1538 illa
1062 1500 1177 1553 qua:
1208 1481 1621 1550 superaedificata
1652 1490 1774 1534 sunt
1803 1486 2119 1541 exurentur,

558 1585 733 1631 tamen
763 1575 954 1644 poterit
992 1589 1082 1629 eos
1116 1573 1430 1643 quandoque
1473 1572 1539 1624 ab
1586 1571 1722 1625 illius
1761 1568 1895 1637 ignis
1937 1581 2123 1638 perpe-

558 1668 744 1721 tuitate
771 1667 992 1721 salvare.
1024 1663 1362 1733 Respondeat
1390 1663 1467 1717 eis
1496 1662 1727 1717 breviter
1751 1659 2018 1730 apostolus
2042 1657 2125 1713 Ja-

559 1758 722 1812 cobus
761 1773 773 1808 :
808 1755 869 1809 Si
895 1758 1003 1825 quis
1033 1755 1164 1807 dicat
1194 1770 1246 1807 se
1272 1754 1421 1822 [idem
1442 1752 1639 1819 habere,
1664 1767 1814 1822 opera
1838 1758 2125 1803 autemnon

563 1846 761 1907 habeat,
791 1844 1031 1913 numquid
1062 1843 1241 1914 poterit
1283 1842 1409 1911 ﬁdes
1446 1842 1640 1896 salvare
1675 1857 1787 1894 eum
1827 1838 2029 1911 (Jacobi
2066 1854 2122 1903 ιι,

558 1932 675 2007 il)?
705 1934 773 1988 Et
806 1937 923 2003 quis
966 1945 1065 1998 est,
1116 1935 1377 2002 inquiunt,
1427 1933 1492 1987 dc
1534 1948 1637 2002 quo
1681 1932 1809 1987 dicit
1850 1933 2125 2001 apostolus

558 2026 772 2091 Paulus,
810 2022 930 2092 Ipse
962 2034 1127 2077 autem
1167 2025 1332 2077 salvus
1376 2024 1485 2089 erit,
1529 2025 1599 2077 sic
1638 2034 1801 2077 tamen
1845 2024 1989 2094 quasi
2038 2042 2127 2095 per

556 2116 722 2184 ignem
755 2114 795 2183 (Ι
822 2112 939 2168 Cor.
965 2113 1183 2185 "1,15)?
1207 2112 1376 2168 Simul
1404 2113 1521 2183 quis
1541 2113 1638 2167 iste
1667 2114 2122 2183 sit,inquiramus:

559 2206 699 2260 hunc
721 2214 894 2260 tamen
920 2221 1022 2259 non
1066 2220 1205 2269 esse,
1250 2206 1604 2259 certissimum
1648 2214 1748 2270 est,
1792 2222 1857 2261 ne
1901 2206 2125 2262 duorum

557 2297 931 2365 Apostolorum
962 2296 1250 2350 sententias
1276 2296 1548 2350 mittamus
1585 2296 1636 2349 in
1680 2296 1867 2361 rixam,
1903 2298 1947 2351 si
1988 2313 2126 2353 unus

559 2387 707 2452 dicit,
740 2388 955 2440 Etiamsi
988 2389 1122 2441 mala
1153 2402 1313 2455 Opera
1339 2388 1456 2457 quis
1483 2387 1742 2453 habuerit,
1762 2388 1981 2442 salvabit
2002 2405 2122 2443 eum

560 2477 689 2530 fides
716 2492 811 2545 per
841 2477 1010 2545 ignem
1037 2492 1051 2541 ;
1084 2478 1217 2530 alius
1240 2487 1436 2543 autem,
1478 2477 1532 2531 Si
1573 2492 1730 2545 opera
1772 2494 1873 2531 non
1910 2478 2121 2546 habeat,

557 2570 807 2640 numquid
834 2572 1021 2639 poterit
1049 2570 1177 2623 fides
1208 2571 1414 2624 salvare
1450 2570 1610 2624 eum?

623 2662 678 2715 2.
721 2662 1049 2715 Inveniemus
1076 2677 1203 2730 ergo
1232 2663 1348 2730 quis
1379 2662 1541 2729 possit
1569 2661 1761 2715 salvari
1797 2678 1891 2730 per
1927 2661 2123 2730 ignem,

554 2752 600 2804 si
624 2749 768 2820 prius
793 2750 1148 2805 invenerimus
1177 2751 1300 2819 quid
1331 2751 1400 2803 sit
1444 2750 1639 2805 habere
1679 2752 1730 2804 in
1780 2751 2123 2806 fundamento

554 2840 840 2896 Christum.
882 2840 1033 2907 Quod
1076 2848 1133 2894 ut
1166 2840 1231 2894 de
1277 2841 1387 2908 ipsa
1429 2841 1772 2896 similitudine
1810 2843 2122 2912 quantocius

552 2930 1070 2987 advertamuszNihil
1097 2932 1147 2984 in
1165 2929 1387 2984 mdificio
1410 2932 1731 2999 prmponitttr
1758 2932 2118 2997 fundamento;

552 3022 786 3092 quisquis
814 3022 987 3090 itaque
1014 3022 1090 3075 sic
1112 3020 1267 3075 habet
1289 3021 1339 3074 in
1366 3021 1524 3075 corde
1550 3019 1838 3086 Christum,
1868 3032 1924 3075 ut
1942 3025 1986 3077 ei
2018 3034 2122 3076 ter-

552 3126 681 3166 rena
707 3122 761 3166 et
798 3112 1101 3182 temporalia
1132 3127 1229 3167 nec
1253 3127 1314 3167 ea
1341 3128 1458 3184 qua:
1490 3113 1625 3166 licita
1654 3122 1776 3167 sunt
1804 3124 1959 3182 atque
1995 3130 2122 3170 con-

550 3219 699 3259 cessa
726 3213 1017 3274 prteponat,
1043 3204 1438 3259 fundamentum
1470 3206 1627 3259 habet
1655 3204 1938 3261 Christum.
1958 3208 2010 3263 Si
2029 3225 2121 3263 au-

551 3303 656 3348 tem
690 3296 965 3364 praeponit,
986 3296 1083 3349 etsi
1116 3296 1361 3350 videatur
1382 3296 1578 3351 habere
1608 3296 2117 3367 fidemChristi,non

552 3395 633 3441 est
680 3396 853 3440 tamen
894 3387 945 3441 in
996 3402 1060 3441 eo
1106 3388 1502 3443 fundamentum
1553 3389 1813 3454 Christus,
1858 3392 1940 3445 cui
1995 3392 2118 3446 talia

551 3486 927 3546 prmponuntur
969 3495 981 3531 :
1024 3487 1221 3547 quanto
1266 3479 1451 3547 magis,
1485 3478 1528 3532 si
1572 3479 1817 3533 salutaria
1857 3490 2118 3550 prmcepla

548 3585 579 3623 c
613 3580 892 3624 ntemnens
920 3571 1213 3623 committat
1238 3570 1436 3635 illicita,
1457 3586 1561 3623 non
1590 3572 1942 3640 prmposuisse
1964 3572 2118 3625 Chri-

549 3668 709 3725 stum,
738 3659 829 3713 scd
862 3660 1216 3729 postposuisse
1243 3660 1589 3725 convincitur,
1619 3677 1776 3729 quem
1816 3662 2117 3730 posthabuit

432 3798 455 3820 ,
547 3751 655 3817 imp
690 3758 891 3803 rantcm
924 3751 1034 3803 sive
1078 3751 1474 3817 concedentem,
1510 3753 1634 3805 dum
1666 3764 1847 3806 contra
1875 3754 1989 3821 ejus
2016 3757 2116 3808 im-

546 3849 724 3908 perata
768 3841 878 3894 sive
920 3856 1168 3893 concessa
1218 3858 1363 3894 suam
1421 3859 1515 3911 per
1554 3842 1745 3912 flagitia
1786 3844 1982 3915 delegit
2023 3862 2115 3900 cx-

546 3930 690 3999 plere
718 3929 1025 3983 libidinem?
1046 3930 1100 3985 Si
1128 3932 1243 3999 quis
1274 3934 1447 4000 itaque
1475 3934 1793 3987 Christianus
1815 3934 1983 4004 diligit
2011 3952 2113 3990 mc-

544 4020 810 4081 rctricem,
838 4019 991 4088 eique
1018 4020 1293 4074 adhaerens
1332 4038 1492 4075 unum
1516 4037 1706 4091 corpus
1738 4025 1965 4079 efficitur
1994 4026 2106 4092 (Id.

543 4125 613 4175 v1,
648 4107 758 4180 16),
786 4109 891 4178 jam
925 4110 974 4164 in
1016 4110 1358 4166 fundamento
1394 4128 1498 4166 non
1536 4102 1691 4169 liabet
1719 4115 2010 4171 Christum.
2052 4117 2109 4173 Si

540 4201 659 4269 quis
698 4210 871 4254 autem
901 4200 1069 4270 diligit
1094 4218 1310 4256 uxorem
1342 4219 1514 4269 suam,
1555 4206 1597 4257 si
1630 4206 1914 4260 secundum
1950 4207 2109 4262 Chri-

540 4301 679 4346 stum
708 4291 919 4362 (Ephes.
950 4310 1003 4359 v,
1031 4296 1146 4362 25),
1178 4297 1296 4364 quis
1345 4297 1391 4349 ei
1428 4296 1629 4351 dubitet
1670 4298 1720 4351 in
1765 4298 2108 4356 fundamento

538 4398 657 4437 esse
681 4383 991 4438 Christum?
1028 4384 1082 4440 Si
1116 4402 1243 4440 vero
1281 4387 1569 4441 secundum
1612 4388 1712 4443 hoc
1745 4391 2016 4457 saeculum,
2061 4392 2106 4446 si

538 4475 839 4537 carnaliter,
867 4475 909 4528 si
942 4475 991 4527 in
1039 4476 1223 4530 tnorho
1263 4479 1831 4546 concupiscentiarum,
1881 4482 2015 4535 sicut
2052 4491 2106 4537 et

539 4573 722 4631 gentes
748 4580 863 4634 qnte
890 4566 1131 4634 ignorant
1167 4566 1329 4620 Deum
1357 4567 1396 4638 (Ι
1432 4568 1603 4622 Thess.
1630 4584 1701 4633 tv,
1731 4571 1809 4638 5),
1832 4571 1986 4623 etiam
2005 4572 2104 4626 hoc

537 4655 824 4708 secundum
856 4658 1059 4712 veniam
1092 4658 1333 4711 concedit
1376 4660 1675 4727 Apostolus,
1707 4661 1812 4716 imo
1847 4677 1940 4730 per
1963 4665 2104 4731 Apo-

536 4744 726 4797 stolum
751 4743 1009 4799 Christus.
1041 4748 1217 4801 Potest
1239 4764 1365 4817 ergo
1388 4758 1440 4803 et
1470 4750 1567 4804 iste
1590 4751 1783 4807 habere
1823 4754 1875 4805 in
1914 4753 2101 4809 funda-

535 4845 713 4889 mento
733 4836 1020 4891 Christum.
1052 4840 1107 4893 Si
1137 4842 1276 4893 enim
1312 4843 1358 4897 ci
1387 4842 1515 4895 nihil
1547 4844 1664 4897 talis
1690 4846 1982 4899 affectionis
2006 4862 2101 4900 vo-

534 4926 851 4995 luptatisque
887 4938 1192 4997 przeponat,
1234 4934 1473 4999 quamvis
1510 4935 1897 5001 supera-dificet
1937 4937 2092 5004 ligna,

533 5014 731 5079 fenum,
758 5017 1028 5086 stipulam,
1056 5018 1297 5073 Christus
1326 5028 1407 5074 est
1437 5022 1852 5084 fundamentum.
1882 5039 2096 5093 propter

532 5103 633 5159 hoc
667 5104 842 5159 salvus
880 5107 979 5159 erit
1005 5122 1099 5175 per
1126 5109 1318 5177 ignem.
1349 5110 1572 5165 Delicias
1598 5114 1791 5183 quippe
1820 5116 2092 5183 hujusmo-

529 5198 579 5251 di
608 5199 627 5228 ¹
670 5214 981 5268 amoresque
1028 5209 1298 5262 terrenos,
1354 5214 1566 5271 propter
1604 5207 1927 5274 conjngalem
1973 5207 2091 5274 qui-

530 5288 648 5343 dem
678 5291 918 5359 copulam
950 5308 1053 5346 non
1082 5293 1427 5361 damnabiles,
1461 5296 1810 5351 tribulationis
1842 5298 1973 5367 ignis
1993 5314 2089 5352 ex-

526 5390 641 5432 uret
672 5380 769 5433 :ad
794 5398 949 5450 quem
974 5383 1144 5452 ignem
1169 5387 1429 5453 pertinent
1471 5396 1523 5439 et
1549 5387 1817 5451 orbitates,
1850 5397 1903 5442 et
1942 5405 2089 5458 qua:-

527 5484 748 5539 cnmqnc
774 5474 1095 5529 calamitates
1140 5491 1254 5545 qua:
1296 5477 1540 5531 auferunt
1576 5478 1707 5534 hcce.
1746 5480 1823 5534 Ac
1858 5496 1951 5550 per
1989 5482 2089 5537 hoc

586 5618 711 5691 if":
740 5625 944 5691 ,CHDV-i
988 5621 1112 5683 ﬁdes
1148 5632 1234 5675 est.
1272 5629 1529 5686 Redundat,
1568 5636 1653 5691 est,
1688 5643 1778 5682 nec
1810 5631 2015 5684 habetur
2038 5635 2085 5682 in

522 5683 863 5739 manuscripts,

585 5737 603 5763 ¹
639 5736 719 5784 ιιιιι
736 5736 800 5787 es
826 5752 946 5804 Mss,
974 5746 1115 5807 Itujtts
1135 5749 1322 5797 mundi.

1570 344 1654 399 DE
1695 343 2009 399 CIVITATE
2050 343 2179 411 DEI,
2222 344 2277 398 S.
2323 344 2681 402 AUCUSTINI

3690 350 3777 407 7H

2231 461 2278 515 ei
2302 462 2390 531 qui
2421 462 2718 529 :edificavit,
2747 464 2848 519 erit
2885 464 3162 520 mdiflcatio
3206 466 3309 520 ista
3344 465 3634 547 damposa;
3675 471 3777 538 quia

2227 568 2332 610 non
2356 558 2566 613 habebit
2590 560 2728 629 quod
2754 560 3209 629 supermdificavit,
3237 570 3293 615 et
3312 563 3781 617 eorumamissiooe

2227 648 2566 715 cruciahitur,
2599 651 2788 719 quibus
2808 650 3031 705 fruendo
3054 652 3231 721 utique
3254 651 3565 706 lmtabatur.
3581 652 3681 706 Sed
3705 670 3783 722 per

2228 740 2366 795 hunc
2393 743 2563 811 ignem
2588 742 2764 797 salvus
2790 743 2892 798 erit
2929 743 3118 797 merito
3153 743 3515 806 fundamenti,
3547 745 3663 813 quia
3699 747 3781 798 etsi

2227 842 2400 886 utrum
2431 833 2499 899 id,
2525 849 2590 886 an
2626 833 2892 888 Christum
2933 836 3131 889 habere
3165 834 3372 901 mallet,
3401 849 3432 887 a
3468 846 3783 902 persecutore

2227 932 2629 989 proponeretur,
2656 923 2781 977 illud
2813 923 3023 978 Christo
3061 938 3164 977 non
3200 934 3627 992 prteponeretur.
3672 924 3785 979 Vide

2228 1010 2279 1063 in
2312 1012 2549 1080 Apostoli
2580 1014 2753 1067 verbis
2790 1013 3055 1067 hominem
3092 1013 3455 1067 :edificantem
3489 1030 3645 1083 super
3680 1015 3785 1069 fun-

2225 1101 2528 1157 damentum
2560 1104 2575 1135 ¹
2627 1120 2813 1159 aurum
2838 1146 2852 1171 ,
2883 1116 3158 1176 argentum
3187 1149 3201 1171 ,
3240 1107 3457 1176 lapides
3504 1110 3784 1175 pretiosos:

2231 1192 2334 1256 Qui
2355 1194 2461 1247 sine
2481 1211 2637 1248 uxore
2662 1204 2751 1259 est,
2776 1197 2961 1265 inquit,
2989 1197 3169 1267 cegitttt
3204 1212 3322 1266 qua:
3366 1207 3491 1249 sunt
3533 1196 3643 1260 Dei,
3683 1216 3789 1265 quo.

2227 1286 2375 1337 modo
2401 1287 2593 1354 placeat
2632 1284 2757 1339 Deo.
2786 1285 2919 1340 Vide
2947 1286 3107 1339 alium
3146 1285 3515 1340 mdifieantem
3551 1286 3701 1355 ligna,
3726 1288 3790 1340 fec

2228 1394 2376 1444 num,
2400 1378 2649 1447 stipulam
2684 1397 2696 1431 :
2725 1379 2826 1446 Qui
2845 1390 3012 1433 autem
3039 1380 3364 1432 matrimonio
3376 1381 3597 1450 junctus
3619 1390 3701 1443 est,
3723 1381 3792 1433 ἱιιο

2227 1472 2358 1540 quit,
2390 1472 2569 1540 cogitat
2593 1487 2704 1537 qute
2740 1479 2855 1525 sunt
2893 1471 3085 1531 mundi,
3130 1472 3384 1541 quomodo
3428 1470 3627 1539 placeat
3660 1473 3791 1523 uxori

2231 1563 2272 1633 (1
2322 1561 2439 1616 Cor.
2469 1578 2561 1628 vn,
2610 1562 2699 1629 3‘2,
2745 1564 2859 1631 53).
2915 1562 3320 1632 Uuiuscujusque
3363 1578 3501 1632 Opus
3539 1564 3562 1593 ³
3602 1564 3791 1629 aurife-

2228 1654 2437 1710 stnbitur
2467 1670 2485 1707 :
2513 1654 2618 1707 dies
2640 1655 2768 1707 enim
2790 1652 3094 1715 declarabit;
3132 1652 3249 1707 dies
3289 1652 3478 1720 utique
3516 1652 3790 1705 tribulatio-

2229 1748 2311 1802 nis
2342 1746 2363 1778 ³
2406 1764 2417 1798 :
2459 1747 2693 1815 quoniam
2737 1747 2791 1800 in
2845 1747 2978 1816 igne,
3025 1747 3213 1815 inquit,
3252 1746 3564 1799 revelabin
3589 1746 3691 1816 (Id.
3721 1762 3788 1811 ut,

2230 1836 2343 1907 15).
2372 1837 2622 1891 Eamdem
2667 1836 3061 1891 tribulationem
3096 1838 3269 1906 ignem
3298 1846 3481 1900 vocat,
3522 1838 3653 1890 sicut
3681 1837 3789 1891 alibi

2231 1930 2440 1998 legitur,
2477 1927 2605 1981 Vasa
2642 1928 2788 1997 ﬁguli
2826 1927 3002 1998 probat
3044 1928 3248 1996 fortium,
3281 1937 3335 1981 et
3379 1928 3611 1981 homines
3643 1930 3791 1996 justas

2230 2022 2432 2073 tentatio
2456 2019 2790 2073 tribulationis
2813 2019 2996 2089 (Eccli.
3027 2034 3195 2083 xxv",
3228 2017 3307 2089 6).
3348 2018 3442 2083 Et,
3478 2018 3790 2089 Uniuscttjss-

2227 2127 2322 2182 que
2346 2128 2472 2178 opus
2499 2111 2647 2179 quale
2674 2111 2759 2175 sit,
2786 2111 2916 2180 ignis
2942 2110 3184 2180 probabit.
3228 2111 3292 2166 Si
3336 2112 3493 2181 cujus
3538 2128 3657 2179 opus
3686 2127 3789 2179 pcr-

2231 2202 2469 2256 mauserit
2494 2201 2794 2271 (permanet
2832 2201 2973 2255 enim
3008 2201 3147 2271 quod
3184 2202 3415 2271 quisque
3455 2203 3647 2270 cogitat
3685 2217 3790 2270 qua:

2229 2303 2352 2347 sunt
2383 2294 2496 2359 Dei,
2524 2292 2788 2362 quomodo
2818 2292 3018 2361 placeat
3056 2290 3205 2360 Deo),
3246 2292 3387 2363 quod
3427 2294 3789 2361 supertzdiﬁcs-

2228 2385 2316 2450 vit,
2342 2383 2617 2437 mercedem
2636 2384 2844 2453 accipiet
2876 2398 2895 2436 :
2916 2381 2966 2436 id
2997 2390 3097 2447 est,
3121 2382 3263 2437 unde
3287 2383 3570 2452 cogitavit,
3594 2383 3690 2437 hoc
3713 2399 3788 2437 su-

2227 2484 2357 2529 met.
2391 2474 2450 2527 Si
2474 2476 2622 2543 cujus
2660 2483 2836 2528 autem
2881 2490 3010 2544 opus
3043 2476 3241 2538 arserit,
3269 2475 3519 2528 damnum
3548 2476 3785 2544 patietur:

2227 2567 2475 2636 quoniam
2497 2567 2636 2636 quod
2658 2567 2933 2632 dilexerat,
2960 2581 3061 2620 non
3092 2565 3330 2621 habebit.
3364 2566 3491 2637 Ipse
3510 2579 3670 2620 autem
3700 2570 3787 2621 sui.

2226 2675 2315 2712 uus
2342 2659 2472 2721 erit;
2501 2659 2620 2727 quia
2646 2659 2790 2712 nulla
2830 2674 2950 2713 eum
2990 2658 3261 2713 tribulatio
3310 2659 3379 2714 ab
3432 2660 3580 2714 illius
3620 2659 3787 2713 funda-

2226 2749 2389 2802 menti
2423 2749 2707 2803 stabilitate
2749 2748 2912 2803 movit
2940 2767 2953 2801 :
2984 2749 3055 2802 sic
3082 2759 3246 2803 tamen
3282 2750 3432 2818 quasi
3463 2766 3561 2817 per
3579 2751 3730 2819 igneus
3749 2750 3784 2821 (l

2227 2841 2341 2895 Cor.
2366 2858 2444 2908 ut,
2476 2842 2691 2911 13-15).
2724 2841 2873 2909 Quod
2899 2842 3036 2895 enim
3061 2842 3177 2895 sine
3204 2842 3462 2896 illiciente
3488 2856 3665 2896 amore
3688 2856 3783 2895 non

2226 2933 2428 2998 habuit,
2472 2934 2585 2989 sine
2615 2944 2799 2989 urente
2833 2933 3018 2988 dolore
3056 2950 3159 2988 non
3200 2934 3396 3002 perdit.
3438 2933 3603 2999 Ecce,
3636 2951 3783 3004 quan.

2227 3033 2333 3077 tum
2358 3024 2482 3077 mihi
2517 3024 2743 3089 videtur.
2785 3025 3028 3079 inventus
3067 3036 3147 3079 est
3174 3026 3329 3094 ignis,
3356 3025 3447 3094 qui
3481 3026 3781 3080 nullumeoo

2222 3130 2338 3169 rum
2386 3116 2630 3182 damnet,
2667 3116 2761 3171 sed
2799 3131 2961 3171 unum
3005 3115 3155 3180 ditet,
3197 3115 3427 3169 alterum
3474 3114 3780 3174 damnifieet,

2222 3208 2405 3263 ambos
2435 3208 2639 3277 probet.

2295 3300 2349 3353 5.
2374 3299 2429 3352 Si
2470 3308 2643 3352 autem
2674 3298 2845 3367 ignem
2870 3297 3013 3351 illum
3047 3297 3148 3351 isto
3172 3296 3289 3351 loco
3317 3296 3645 3352 voluerimus
3662 3296 3781 3351 acci-

2222 3404 2367 3459 pere,
2396 3390 2462 3443 de
2488 3405 2592 3459 quo
2617 3390 2868 3443 Dominus
2901 3389 3041 3442 dicet
3067 3389 3317 3454 sinistris,
3348 3389 3607 3443 Discedite
3629 3406 3661 3441 α
3691 3406 3776 3451 uir,

2221 3480 2491 3544 maledicti,
2522 3481 2573 3532 in
2602 3480 2764 3549 ignem
2783 3488 3024 3533 aeternum
3067 3478 3277 3550 (Matth.
3306 3494 3438 3541 xxv,
3495 3480 3557 3533 41
3580 3480 3599 3549 )
3620 3496 3633 3544 ;
3658 3478 3775 3531 utin

2219 3572 2298 3624 eis
2344 3571 2502 3623 etiam
2535 3571 2616 3623 isti
2657 3585 2777 3625 esse
2822 3569 3127 3634 credantur,
3180 3569 3270 3636 qui
3328 3569 3600 3623 :edifieant
3636 3583 3778 3636 super

2220 3660 2612 3714 fundamentum
2641 3659 2797 3729 ligna,
2825 3656 3021 3724 fenum,
3065 3658 3337 3727 stipulam,
3374 3674 3577 3726 eosque
3605 3674 3666 3713 ex
3697 3658 3775 3710 illo

2220 3755 2337 3822 igne
2361 3764 2474 3821 post
2506 3763 2709 3821 tempus
2726 3767 2822 3821 pro
2844 3752 2999 3807 malis
3023 3752 3225 3807 meritis
3260 3752 3586 3819 impertitum
3606 3752 3773 3804 liberet

2218 3842 2338 3895 honi
2372 3844 2613 3896 meritum
2636 3842 2959 3895 fundamenti
2987 3860 2999 3894 :
3024 3841 3147 3910 quid
3174 3841 3556 3895 arbitrabimur
3575 3840 3768 3894 dextros

2215 3935 2407 4002 quibus
2431 3933 2652 3996 dicetur,
2688 3931 2877 3998 Venite,
2911 3933 3152 3985 benedicti
3201 3931 3370 3984 Patris
3396 3934 3515 3996 mei,
3544 3931 3769 4001 possidete

2216 4034 2446 4093 paratum
2477 4025 2609 4078 vobis
2643 4041 2847 4095 regnum
2876 4024 2894 4095 (
2922 4023 3083 4087 Ibid.,
3111 4024 3180 4078 54
3204 4024 3221 4092 )
3247 4064 3261 4084 ,
3294 4023 3396 4076 nisi
3419 4039 3515 4076 eos
3539 4024 3625 4091 qui
3650 4020 3767 4073 ardi-

2214 4116 2502 4171 ficaverunt
2552 4132 2709 4185 super
2757 4117 3152 4171 fundamentum
3208 4132 3432 4178 aurum,
3482 4124 3757 4185 argentum,

2213 4208 2413 4275 lapides
2440 4207 2733 4277 pretiosos?
2752 4208 2854 4264 Sed
2897 4208 2949 4261 in
2973 4208 3119 4261 illum
3143 4208 3337 4276 ignem,
3367 4207 3436 4260 de
3458 4221 3563 4276 quo
3581 4206 3757 4259 dictum

2211 4312 2310 4365 est,
2342 4302 2412 4354 sic
2438 4311 2600 4353 tamen
2628 4302 2769 4370 quasi
2797 4317 2884 4369 per
2907 4302 3091 4371 ignem,
3124 4301 3165 4353 si
3195 4300 3295 4353 hoc
3329 4299 3490 4352 modo
3515 4308 3595 4351 est
3617 4296 3755 4349 intel-

2210 4391 2473 4460 ligendus,
2507 4393 2715 4461 utrique
2736 4392 2975 4444 mittendi
3004 4399 3148 4453 sunt,
3177 4402 3231 4443 et
3269 4389 3444 4443 dextri
3474 4389 3679 4446 scilicet.
3707 4394 3754 4439 et

2207 4482 2425 4536 sinistri.
2460 4484 2552 4535 Illo
2596 4484 2789 4551 quippe
2831 4483 2951 4551 igne
2994 4482 3202 4549 utrique
3228 4480 3488 4547 probandi
3516 4488 3647 4537 sunt,
3692 4476 3751 4529 de

2204 4588 2310 4641 quo
2331 4572 2524 4625 dictum
2556 4582 2656 4636 est,
2692 4571 2810 4625 Dies
2836 4572 2966 4625 enim
2994 4569 3288 4636 declarabit,
3318 4572 3554 4638 quoniam
3582 4571 3628 4621 in
3655 4568 3752 4636 igne

2204 4666 2516 4731 revelabitur,
2537 4676 2581 4718 et
2602 4666 2991 4734 uniuscujusque
3016 4680 3140 4733 opus
3167 4665 3315 4732 quale
3335 4664 3419 4723 sit,
3446 4666 3573 4732 ignis
3592 4660 3751 4729 proba-

2202 4756 2269 4808 bit
2299 4755 2348 4827 (Ι
2376 4756 2490 4809 Cor.
2539 4772 2615 4819 ιιι,
2649 4757 2757 4822 15).
2788 4757 2840 4809 Si
2866 4772 2992 4824 ergo
3021 4765 3309 4824 utrumque
3339 4755 3582 4823 probabit
3609 4753 3745 4821 ignis.

2202 4856 2257 4900 ut
2284 4847 2326 4900 si
2358 4847 2507 4914 cujus
2532 4862 2667 4914 Opus
2698 4847 3068 4914 permanserit,
3094 4845 3142 4897 id
3195 4853 3297 4910 est,
3329 4860 3436 4897 non
3468 4844 3619 4897 fuerit
3646 4842 3746 4909 igne

2199 4946 2588 5006 consumptum,
2634 4937 2772 5006 quod
2811 4935 3269 5005 superardificavit,
3303 4937 3600 4990 mercedem
3624 4933 3745 4987 aecio

2201 5031 2341 5098 piat;
2372 5031 2415 5083 si
2445 5030 2595 5097 cujus
2623 5038 2796 5082 autem
2819 5044 2953 5096 opus
2978 5029 3186 5091 arserit,
3221 5028 3479 5081 damnum
3506 5028 3741 5096 patiatur:

2200 5122 2437 5191 profecto
2466 5137 2569 5175 non
2616 5132 2698 5175 est
2742 5122 2853 5190 ipse
2883 5129 3111 5175 aeternus
3155 5121 3246 5173 illc
3300 5121 3458 5189 ignis.
3506 5121 3559 5174 In
3615 5119 3739 5171 illum

2195 5214 2335 5268 enim
2356 5214 2452 5268 soli
2497 5214 2693 5267 sinistri
2744 5212 3027 5267 novissima
3051 5220 3105 5266 et
3146 5222 3399 5280 perpetua
3430 5211 3742 5266 damnatione

2256 5390 2271 5419 ¹
2307 5387 2437 5448 Editi,
2464 5400 2609 5449 super
2651 5387 3010 5449 ftmdamcntum
3052 5385 3159 5437 hoc.
3184 5388 3351 5447 abest,
3383 5386 3488 5447 hoc,
3535 5400 3562 5435 a
3596 5394 3737 5432 annu-

2191 5452 2391 5499 scribtis.

2411 5510 2543 5570 editi,
2570 5511 2823 5559 vctcribus
2840 5507 2978 5557 libris
2999 5506 3365 5568 dissentientes,
3402 5510 3590 5563 addunt.
3613 5506 3732 5571 cum

2189 5571 2266 5622 sit.
2310 5579 2495 5619 Necnon
2518 5567 2927 5633 r’eontinuopost,
2972 5571 3369 5633 mnifestabitur,
3414 5574 3601 5625 habent,
3643 5567 3731 5633 ώζε

2190 5633 2315 5681 enim
2342 5632 2525 5681 nomini
2548 5630 2847 5682 declarabit:
2871 5646 2967 5693 quo
2991 5630 3231 5689 loeo'vox,
3254 5634 3457 5690 nomini,
3482 5647 3572 5681 non
3607 5637 3672 5677 est
3689 5630 3726 5673 in

2191 5695 2519 5754 manuscriptis
2543 5708 2633 5743 nec
2673 5696 2720 5741 in
2753 5707 2911 5755 grreco
2935 5702 3072 5743 textu
3102 5694 3320 5755 Apostoli.

2258 5757 2274 5785 ³
2302 5755 2426 5801 \‘ind.
2452 5765 2543 5802 Αω.
2573 5764 2621 5803 et
2643 5762 2735 5813 tir.,
2760 5754 2865 5804 rm
2890 5755 3048 5817 utith
3070 5754 3173 5817 ira;
3193 5755 3297 5807 dies
3322 5755 3630 5809 tribulationis.
