3960 6484
566 356 668 416 717

634 472 832 543 3.λὸοά
879 472 1033 539 herle,
1064 466 1203 539 quod
1247 465 1333 523 isti
1381 466 1569 537 dignas
1611 478 1706 533 pro
1741 458 1970 535 poematis
1994 471 2145 513 com-

572 566 1175 633 .nouenteleemosynas
1202 573 1325 617 esse
1367 556 1638 614 faciendas
1668 572 1682 607 :
1707 554 1958 625 quoniam
1993 549 2041 607 si
2062 549 2148 605 di-

571 665 756 718 cereut
808 654 1221 725 qualescumque
1253 652 1622 718 eleemosynas
1686 660 1781 712 pro
1823 640 2051 711 peccatis
2097 645 2154 693 et

570 746 889 821 quotidianis
928 751 983 798 et
1041 742 1246 812 magnis
1313 748 1368 795 et
1417 745 1837 808 quantacumque
1888 731 2151 786 scelerum

573 837 954 895 consuetudine
972 832 1388 890 misericordiam
1419 844 1573 901 posse
1594 828 1879 897 impetrare
1899 823 2151 885 divinam.

575 945 629 987 ttt
650 947 710 989 ea
741 929 1041 1002 quotidiana
1063 925 1305 982 remissio
1330 930 1656 993 sequeretur,
1683 917 1926 974 viderent
1952 930 2064 970 rem
2088 928 2152 968 se

572 1024 753 1078 dicere
778 1020 1058 1076 absurdam
1083 1026 1243 1090 atque
1280 1015 1577 1071 ridiculam.
1612 1011 1701 1067 Sic
1734 1010 1876 1065 enim
1902 1020 2157 1078 cogeren-

576 1124 661 1169 tur
699 1112 850 1168 fateri
886 1111 996 1165 fieri
1015 1123 1189 1181 posse.
1216 1116 1276 1162 ut
1316 1103 1750 1175 opulentissimus
1776 1103 1937 1154 homo
1965 1098 2156 1153 decem

579 1203 869 1260 nummulis
925 1201 1127 1255 diurnis
1184 1199 1236 1253 in
1281 1191 1944 1266 eleemosynasimpensis.
1983 1188 2157 1245 homi-

581 1294 739 1358 cidia.
761 1304 816 1349 et
842 1290 1119 1353 adulteria,
1142 1298 1198 1345 et
1216 1288 1413 1344 nefaria
1430 1302 1651 1357 quicque
1682 1285 1815 1338 facta
1847 1281 2154 1347 redimeret.

580 1387 735 1457 Quod
779 1385 826 1442 si
865 1383 1301 1440 absurdissimum
1329 1391 1379 1436 et
1412 1376 1808 1433 insanissimum
1836 1383 1917 1429 est
1943 1373 2158 1429 dicere:

581 1478 822 1551 profecto
850 1477 893 1531 si
935 1482 1222 1547 quaeratur,
1245 1488 1364 1544 quae
1402 1471 1577 1535 digna:
1616 1469 1720 1523 sint
1770 1482 1865 1536 pro
1918 1465 2154 1537 peccatis

581 1572 967 1642 elecmosynze,
992 1566 1060 1622 de
1087 1566 1278 1636 quibus
1326 1565 1484 1618 etiam
1510 1560 1700 1615 Christi
1749 1573 2044 1629 przecursor
2073 1557 2162 1611 ille

581 1660 811 1724 dicebat,
842 1657 1016 1713 Facite
1041 1672 1157 1727 ergo
1181 1660 1376 1727 fructus
1398 1653 1574 1724 dignos
1602 1650 1900 1721 pmnitentia:
1943 1648 2160 1717 (Matth.

582 1766 661 1818 ut,
683 1749 795 1821 8);
825 1749 1005 1821 procul
1038 1747 1201 1802 dubio
1224 1762 1329 1801 non
1362 1744 1698 1800 invenientur
1719 1759 1808 1797 ras
1830 1743 2023 1809 facere,
2072 1742 2161 1813 qui

584 1841 746 1895 vitam
771 1854 920 1894 suam
969 1852 1135 1906 usque
1178 1834 1242 1889 ad
1270 1843 1492 1890 mortem
1517 1833 1939 1904 quotidianarum
1987 1833 2164 1887 crimi—

584 1940 713 1985 num
737 1928 1133 2000 perpetralione
1160 1925 1467 1982 confodiunt
1482 1924 1576 1995 (a).
1593 1924 1848 1989 Primum,
1865 1924 1983 1994 quia
1999 1924 2049 1978 in
2066 1940 2165 1979 au-

593 2020 827 2079 fcreudis
855 2019 1013 2075 rebus
1059 2019 1248 2076 alienis
1291 2015 1447 2087 longe
1470 2016 1619 2086 plura
1650 2015 1923 2085 diripiunt,
1955 2032 2019 2070 ex
2045 2014 2164 2085 qui-

587 2113 687 2167 bus
713 2111 994 2182 perexigua
1027 2107 1347 2181 pauperibus
1372 2105 1675 2178 largiendo,
1703 2106 1968 2161 Christum
2000 2120 2061 2160 se
2098 2105 2164 2163 ad

587 2202 687 2257 hoc
713 2217 929 2271 pascere
948 2200 1280 2264 existimant,
1300 2208 1358 2253 ut
1379 2196 1660 2253 licentiam
1683 2196 2077 2252 malefactorem
2096 2196 2166 2251 ab

590 2296 683 2351 illo
725 2309 785 2351 se
808 2294 1027 2357 eruisse,
1060 2290 1144 2346 vel
1166 2290 1402 2361 quotidie
1448 2288 1623 2359 potius
1650 2303 1829 2343 emere
1865 2286 2163 2354 credentes,

586 2386 761 2441 seruri
800 2383 1115 2439 damnabili:
1158 2390 1301 2436 tanta
1340 2379 1695 2435 committant.
1717 2377 1819 2446 Qui
1844 2377 1888 2433 si
1938 2392 2031 2447 pro
2061 2392 2166 2433 uno

589 2474 793 2529 scelere
833 2473 1012 2525 omnia
1051 2486 1144 2524 sua
1192 2470 1569 2525 distribuerent
1615 2465 1972 2537 indigentibus
2000 2482 2167 2521 mem-

587 2566 700 2623 bris
725 2564 945 2626 Christi.
974 2564 1072 2618 nisi
1096 2562 1415 2618 desisterent
1436 2576 1470 2616 a
1514 2560 1704 2615 talibus
1723 2559 1893 2624 factis,
1923 2557 2166 2614 habendo

586 2657 920 2717 charitateut.
951 2671 1070 2724 qua:
1100 2671 1206 2708 non
1248 2663 1354 2723 agit
1374 2668 1655 2724 perperam
1683 2652 1741 2722 (Ι
1769 2650 1887 2709 Cor.
1914 2668 2032 2715 xui.
2064 2651 2163 2724 4),

554 2792 557 2793 ν
589 2746 787 2817 aliquid
813 2747 893 2801 eis
938 2745 1196 2814 prodesse
1224 2759 1327 2798 non
1354 2753 1553 2813 posset.
1578 2742 1678 2809 Qui
1704 2758 1833 2813 ergo
1855 2743 2042 2813 dignas
2071 2757 2166 2810 pro

587 2836 701 2895 suis
720 2836 950 2905 peccatis
976 2834 1339 2905 eleemosynas
1358 2832 1500 2896 facit.
1531 2834 1679 2902 prius
1699 2846 1794 2888 eas
1829 2832 2002 2889 facere
2030 2833 2165 2888 inei-

590 2929 698 2999 piat
719 2929 736 2960 ¹
766 2943 799 2980 a
826 2943 885 2981 se
916 2928 1050 2996 ipso.
1094 2926 1367 2996 Indignum
1391 2934 1474 2981 est
1511 2926 1676 2991 enim,
1702 2926 1836 2980 utin
1862 2940 1920 2981 se
1950 2941 2052 2980 non
2083 2925 2165 2982 fa-

591 3018 699 3075 ciat
722 3018 813 3088 qui
843 3015 965 3071 facit
994 3017 1046 3075 in
1078 3017 1396 3086 proximum,
1416 3030 1535 3071 cum
1561 3015 1739 3072 audiat
1763 3016 2025 3071 dicentem
2055 3017 2162 3071 Do-

591 3112 790 3169 minum
817 3149 834 3174 ,
883 3106 1078 3178 Diliges
1126 3107 1411 3173 proximum
1447 3117 1587 3161 tuum
1635 3117 1872 3178 tanquam
1909 3117 1957 3161 te
2000 3108 2166 3179 ipsum

592 3199 819 3268 (Matth.
870 3216 999 3265 mi,
1051 3198 1178 3270 59).
1224 3198 1459 3268 Itemque
1496 3197 1713 3263 audiat,
1771 3197 2009 3253 Miserere
2067 3208 2167 3254 tua

593 3295 779 3357 animm
800 3294 1001 3363 placens
1028 3291 1134 3346 Deo
1163 3290 1353 3349 (Eccli.
1375 3307 1503 3356 xxx,
1529 3290 1600 3345 ει
1620 3288 1662 3361 ).
1688 3291 1837 3347 Hanc
1861 3292 2163 3365 eleemosy-

597 3398 744 3448 nam,
776 3382 825 3437 id
855 3392 965 3443 est,
993 3392 1049 3437 ut
1075 3383 1183 3437 Deo
1213 3384 1436 3452 placeat.
1465 3397 1568 3437 non
1601 3381 1795 3437 faciens
1816 3383 2006 3438 animae
2031 3397 2159 3450 sua.

592 3474 858 3542 quomodo
876 3474 1061 3545 dignas
1088 3489 1183 3545 pro
1214 3474 1442 3543 peccatis
1463 3474 1573 3533 suis
1593 3473 1959 3546 eleemosynas
1984 3474 2163 3532 facere

589 3563 848 3621 dicendus
883 3566 1013 3619 est?
1052 3565 1131 3619 Ad
1175 3565 1276 3619 hoc
1314 3564 1456 3619 enim
1497 3572 1553 3621 et
1582 3562 1708 3619 illud
1732 3565 1988 3635 scriptum
2032 3574 2162 3622 eat:

592 3654 691 3723 Qui
719 3657 814 3710 sibi
851 3657 1098 3725 malignus
1132 3665 1222 3718 est,
1273 3655 1355 3708 cui
1404 3653 1560 3709 bonus
1596 3653 1690 3708 erit
1739 3652 1863 3724 (Id.
1907 3671 2014 3720 xlv,
2060 3657 2165 3727 5)!

588 3746 868 3800 Orationes
920 3746 1114 3815 quippe
1159 3742 1411 3813 adjuvant
1452 3742 1829 3813 eleemosynm.
1870 3743 1939 3798 Et
1983 3744 2165 3814 utique

591 3835 895 3889 intuendum
922 3847 1003 3889 est
1040 3832 1178 3903 quod
1211 3832 1434 3902 legimus
1462 3849 1475 3884 :
1510 3830 1637 3897 Fili,
1667 3834 1901 3902 peccasti.
1942 3850 2005 3887 ne
2029 3836 2164 3904 adii-

589 3926 693 3979 cias
724 3926 920 3989 iterum,
947 3934 997 3977 et
1031 3924 1093 3978 de
1119 3923 1385 3994 praeteritis
1404 3922 1690 3990 deprecare,
1718 3934 1771 3976 ut
1796 3924 1884 3979 tibi
1907 3924 2165 3979 dimittan-

591 4030 672 4071 tur
715 4014 839 4085 (Id.
881 4031 988 4080 xxi.
1031 4012 1123 4084 ί).
1170 4014 1391 4085 Propter
1436 4013 1535 4069 huc
1559 4030 1686 4084 ergo
1712 4015 2064 4086 eleemosynas
2085 4014 2161 4071 fa-

589 4106 790 4163 cienda:
832 4116 975 4173 stult,
997 4116 1053 4161 ut
1077 4122 1197 4162 cum
1240 4106 1307 4161 de
1335 4107 1616 4178 pneteritis
1646 4108 1876 4176 peccatis
1903 4107 2165 4176 depreca-

590 4182 732 4265 mur,
760 4197 1123 4262 exaudiamur.
1150 4213 1253 4251 non
1282 4206 1339 4252 ut
1372 4196 1424 4251 in
1445 4196 1523 4250 eis
1549 4204 1973 4265 perseverantes.
1994 4197 2164 4255 licen.

589 4289 717 4344 tiam
759 4288 1120 4345 malefaciendi
1162 4304 1261 4344 nos
1302 4304 1395 4359 per
1449 4290 1815 4360 eleemosyuas
1856 4303 2166 4359 comparare

587 4379 889 4436 credamus.

663 4470 714 4523 3.
752 4468 874 4523 Ideo
897 4476 1073 4522 autem
1107 4467 1359 4523 Dominus
1387 4475 1439 4521 et
1463 4465 1673 4521 dextris
1696 4466 2070 4539 eleemosynas
2096 4469 2165 4526 ab

591 4563 671 4616 eis
694 4562 876 4624 tactas,
904 4571 959 4616 et
985 4562 1217 4615 sinistris
1244 4576 1347 4614 non
1376 4561 1540 4613 factas
1560 4575 1619 4615 se
1650 4561 2165 4631 imputaturumcsso

592 4653 853 4722 ραι-(Μὴ,
883 4661 939 4705 ut
960 4652 1082 4705 hinc
1103 4651 1408 4706 ostenderet
1430 4665 1685 4722 quantum
1710 4652 1919 4707 valeant
1936 4654 2162 4710 eleemo-

592 4759 737 4815 syme
763 4743 829 4795 ad
882 4742 1054 4813 priora
1100 4740 1321 4794 delenda
1347 4781 1362 4804 .
1394 4756 1498 4794 nutt
1537 4740 1604 4795 ad
1652 4750 1907 4811 perpetua
1951 4742 2166 4812 impune

590 4834 968 4888 committenda
999 4840 1233 4901 peccata.
1265 4829 1426 4885 Tales
1447 4839 1624 4886 autem
1658 4832 2029 4904 eleemosyuas
2056 4850 2163 4889 non

594 4923 805 4978 dicendi
831 4934 954 4975 sunt
980 4921 1154 4975 facere
1179 4921 1267 4991 qui
1294 4922 1450 4973 vitam
1482 4920 1667 4975 nolunt
1710 4935 1742 4975 a
1781 4923 2169 4981 eottsuetudine

592 5014 858 5068 scelerum
884 5011 935 5064 in
964 5012 1154 5064 melius
1184 5022 1534 5079 commutare.
1574 5010 1707 5076 Quia
1736 5021 1788 5068 et
1812 5011 1867 5071 in
1893 5011 1995 5068 hoc
2019 5012 2163 5084 quod

592 5104 688 5168 ait,
716 5101 932 5171 Quando
960 5101 1049 5179 uni
1093 5118 1155 5155 ea:
1196 5102 1421 5155 ‘ntinintis
1476 5103 1597 5156 meis
1641 5119 1740 5155 non
1783 5104 1967 5172 fecistis
1994 5144 2011 5171 ,
2041 5104 2167 5159 mihi

598 5216 697 5252 non
739 5196 926 5268 fecistis
986 5191 1214 5259 (Matth.
1242 5208 1343 5246 xxv
1371 5230 1387 5255 ,
1431 5192 1503 5247 s5
1536 5193 1555 5262 )
1594 5210 1609 5255 ;
1655 5194 1886 5249 ostendit
1918 5210 2013 5249 eos
2056 5210 2167 5252 non

595 5293 769 5347 facere
816 5291 973 5343 etiam
1029 5285 1239 5356 quando
1269 5298 1333 5338 se
1360 5282 1533 5338 facere
1574 5283 1900 5339 existimant.
1927 5284 1982 5341 Si
2017 5287 2159 5344 enim

594 5382 902 5437 Christiano
956 5375 1208 5433 esurienti
1272 5388 1462 5445 panem
1512 5384 1761 5444 tanquam
1808 5374 2160 5433 Christiano’

595 5476 783 5529 darent
811 5514 826 5539 ,
864 5470 1099 5543 profecto
1149 5467 1247 5524 sibi
1304 5481 1495 5538 panem
1548 5465 1809 5537 justitim,
1859 5468 2000 5540 quod
2048 5471 2162 5542 ipse

654 5632 668 5661 ι
706 5628 870 5676 Plures
1037 5623 1224 5685 incipit.

650 5692 672 5723 ³
704 5692 775 5737 sic
798 5702 970 5736 omnes
987 5695 1089 5735 Mss.
1118 5684 1231 5735 illiti
1258 5701 1390 5743 κατα,
1414 5692 1642 5747 tanquam
1677 5684 1881 5737 rhristo.

649 5749 723 5805 (ω
754 5750 883 5797 «Μ’.
916 5748 999 5796 lib.
1026 5747 1087 5797 22'.
1107 5756 1218 5797 utut
1254 5752 1394 5798 rattst
1437 5749 1652 5811 λοιπὴ-ὴ..
1684 5760 1788 5812 cap.
1812 5748 1891 5798 29.

1612 344 1700 400 DE
1735 338 2068 403 ClVlTA'I‘E
2112 337 2245 405 DEI,
2283 338 2345 393 ὃ.
2382 339 2746 400 Αυουδτιαι

3720 351 3817 407 108

2253 454 2500 516 Christus
2539 469 2665 529 est,
2715 472 3177 535 nonnegarait:
3228 465 3502 536 quoniam
3548 465 3823 534 θέειν).

2251 551 2339 607 eui
2366 551 2556 619 detur,
2596 554 2694 609 sed
2722 569 2830 626 quo
2855 558 3043 612 animo
3064 559 3225 613 detur
3251 597 3272 624 ,
3305 559 3826 635 attendime

2253 641 2524 699 Christum
2552 643 2727 714 diligit
2749 646 2803 700 in
2829 645 3138 703 Christiano
3160 688 3177 712 .
3210 650 3319 705 hoc
3337 652 3537 705 animo
3556 651 3608 706 ei
3630 655 3831 724 porrigit

2254 735 2652 810 eleemosynam
2671 755 2781 810 quo
2798 741 3006 797 accedit
3030 742 3098 797 ad
3119 742 3403 799 Christum
3431 786 3448 810 ,
3480 759 3593 811 non
3613 762 3719 816 quo
3736 751 3836 804 ruit

2258 828 2511 885 recedere
2553 830 2848 900 impunitus
2896 847 2929 886 a
2969 829 3206 888 Christo.
3250 834 3438 889 Tanto
3486 834 3639 890 enim
3688 841 3837 908 magis

2257 920 2482 990 quisque
2509 920 2711 977 deserit
2730 921 3006 978 Christum
3027 965 3043 990 ,
3070 933 3274 994 quanto
3302 926 3487 996 magis
3510 926 3689 995 diligit
3714 930 3835 996 quod

2259 1010 2527 1080 improbat
2543 1012 2813 1067 Christus.
2840 1012 2972 1068 Nam
3002 1015 3129 1086 quid
3147 1016 3409 1087 cuiquam
3437 1016 3691 1086 prodest,
3717 1022 3836 1088 quas]

2260 1099 2575 1171 baptizatur,
2597 1103 2643 1157 si
2671 1117 2779 1158 non
2800 1102 3150 1173 justitiam?
3175 1105 3372 1162 Nonne
3394 1108 3500 1178 qui
3525 1107 3703 1173 dixit.
3742 1109 3840 1163 Nisi

2258 1192 3426 1269 ῃίιηκιυίιαὶιωψοαερίἠα
3488 1198 3843 1265 Sanamem

2261 1284 2467 1341 intrabit
2485 1285 2539 1339 in
2563 1301 2778 1356 regm
2799 1284 3090 1357 υσίμοαη.
3113 1303 3195 1356 ιη,
3223 1288 3285 1362 5)
3311 1306 3330 1355 ;
3362 1291 3494 1361 ipse
3514 1294 3683 1346 etiam
3710 1294 3842 1359 sui,
3872 1274 3877 1279 ’

2265 1374 2385 1430 Nisi
2423 1377 2752 1432 abundaverit
2788 1380 3017 1451 justitia.
3038 1393 3207 1436 uestra
3248 1398 3415 1455 super
3461 1385 3766 1439 Scribarum
3804 1400 3845 1440 et

2265 1464 2670 1535 Plaut-mauu.
2688 1470 3055 1525 noniatrebitis
3072 1472 3128 1526 in
3143 1486 3368 1545 regnum
3378 1476 3641 1529 celarunt
3656 1477 3844 1548 (κιαι.

2263 1573 2333 1624 v,
2358 1558 2431 1614 30
2455 1559 2474 1630 )
2497 1561 2521 1615 Ἰ
2547 1557 2656 1615 Cur
2677 1559 2809 1615 illud
2838 1560 3073 1616 tirnme
3103 1562 3255 1619 multi
3274 1575 3531 1620 currunt
3561 1565 3808 1636 baptizari
3828 1612 3843 1633 .

2264 1660 2320 1707 et
2344 1651 2446 1708 hoc
2460 1668 2563 1708 non
2587 1653 2824 1709 timendo
2844 1669 2950 1709 non
2966 1656 3117 1711 multi
3134 1657 3655 1727 curantjustiiieari
3671 1662 3697 1714 ?
3716 1660 3851 1716 Sicut

2265 1743 3021 1816 ergonondicitfratrisuo,
3054 1744 3847 1817 Fatue,quicumhocdicit,

2260 1852 2374 1895 non
2416 1837 2518 1908 ipsi
2551 1837 2869 1894 fraternitati
2891 1878 2908 1904 ,
2937 1838 3035 1894 sed
3058 1849 3285 1909 peccato
3310 1841 3441 1911 ejus
3470 1842 3721 1900 infensus
3739 1855 3811 1899 est
3834 1863 3849 1910 ;

2266 1928 2499 2000 alioquin
2513 1943 2641 1984 reus
2654 1928 2758 1985 erit
2770 1929 3029 2000 gehenna
3049 1931 3187 2001 ignis
3204 1930 3375 2004 (Ibid.
3386 1973 3402 1999 ,
3421 1933 3527 2004 22)
3554 1951 3571 1988 :
3600 1935 3673 1991 ita
3691 1952 3724 1991 e
3738 1953 3851 1992 con-

2269 2021 2453 2087 trario,
2472 2022 2567 2092 qui
2581 2021 2802 2093 porrigit
2818 2022 3211 2096 eieemosynam
3228 2025 3581 2093 Christiano,
3602 2044 3704 2083 non
3720 2028 3850 2084 Chri-

2268 2114 2444 2169 stiano
2469 2115 2710 2185 porrigit,
2749 2116 2838 2186 qui
2858 2131 2963 2171 non
2985 2117 3038 2171 in
3054 2132 3120 2173 eo
3134 2117 3311 2189 diligit
3326 2118 3646 2185 Christum;
3663 2137 3761 2176 non
3779 2138 3850 2176 au-

2270 2214 2378 2261 tem
2402 2205 2580 2278 diligit
2590 2205 2886 2273 Christum,
2906 2208 2996 2278 qui
3008 2208 3288 2279 justiﬁcari
3306 2222 3545 2267 recusat
3566 2213 3620 2267 in
3635 2213 3846 2269 Christo.

2272 2298 2336 2352 Et
2356 2296 2867 2366 quemadmodumsi
2893 2299 3014 2368 quis
3033 2310 3447 2370 praeoccupatus
3468 2302 3638 2357 fuerit
3654 2304 3749 2361 hoc
3771 2304 3847 2360 de-

2269 2388 2418 2453 licto,
2444 2396 2502 2443 ut
2525 2387 2676 2443 fratri
2703 2403 2802 2443 suo
2821 2390 2983 2455 dicat,
3012 2389 3197 2457 Fatue,
3231 2391 3285 2447 id
3312 2401 3424 2459 est,
3451 2409 3572 2449 non
3604 2395 3724 2465 ejus
3744 2412 3846 2467 per.

2267 2488 2444 2536 catum
2469 2482 2656 2537 volens
2687 2481 2897 2537 auferre
2917 2483 3246 2538 convicietur
3275 2485 3529 2555 injuste;
3575 2504 3755 2558 parum
3776 2501 3844 2545 est

2269 2572 2347 2628 illi
2384 2572 2451 2627 ad
2496 2572 2600 2629 hoc
2642 2572 3011 2629 redimendum
3053 2574 3440 2649 eleemosynas
3492 2577 3681 2635 facere
3708 2623 3721 2643 .
3750 2582 3837 2635 nisi

2268 2665 2429 2721 etiam
2482 2665 2625 2736 quod
2677 2665 2748 2720 ibi
2793 2666 3035 2736 sequitur
3069 2668 3368 2723 remedium
3399 2673 3842 2728 reconciliationis

2269 2743 2541 2825 adjun’gat.
2570 2754 2646 2810 lbi
2673 2756 2815 2811 enirn
2852 2757 3095 2827 sequitur
3124 2774 3139 2812 :
3192 2757 3258 2813 Si
3281 2775 3408 2831 ergo
3450 2760 3619 2828 olera
3643 2765 3660 2795 ³
3684 2780 3843 2817 aluus

2242 2846 2727 2913 amasionum,
2783 2848 2937 2904 eti“
2977 2852 3510 2921 recordatusftteris,
3554 2856 3843 2927 quiafrater

2268 2940 2541 2997 tuth
2559 2940 2753 3012 alio-rid
2773 2942 3041 2997 aduersum
3059 2953 3126 3010 te,
3152 2945 3390 3015 retium
3402 2947 3481 3000 ibi
3510 2965 3698 3003 manus
3716 2960 3840 3003 tua:

2269 3032 2340 3086 ad
2356 3032 2539 3097 altae,
2557 3040 2603 3085 et
2627 3031 2771 3097 vade.
2802 3034 2946 3104 prius
2965 3034 3293 3089 reconciliare
3316 3039 3482 3109 [nstri
3509 3048 3632 3105 tuo,
3663 3050 3713 3095 et
3736 3050 3839 3095 ιω

2269 3122 2468 3177 leniens
2495 3122 2675 3189 οπερ-εδ
2693 3140 2877 3178 mnus
2904 3134 3044 3178 tuum
3067 3124 3251 3197 (Ibit,
3278 3127 3373 3192 23,
3395 3127 3524 3196 24).
3558 3130 3636 3185 Ita
3672 3146 3837 3201 parum

2269 3223 2354 3270 est
2379 3214 2746 3287 eleemosynas
2786 3216 3141 3285 quansasiibet
3178 3216 3359 3273 facere
3383 3234 3489 3289 pro
3518 3235 3837 3292 quocunque

2268 3307 2497 3374 scelere,
2526 3317 2584 3362 et
2612 3307 2665 3362 in
2689 3308 3077 3364 consuetudine
3101 3310 3374 3365 scelerum
3402 3327 3745 3381 pernam.

2339 3398 2395 3453 4.
2422 3396 2606 3454 Oratio
2628 3412 2756 3453 vero
2774 3399 3098 3470 quotidiam,
3126 3414 3287 3471 quam
3307 3401 3505 3457 docuit
3532 3404 3651 3474 ipse
3674 3404 3837 3461 Dani-

2271 3505 2374 3545 nus
2398 3492 2441 3554 ⁸.
2466 3490 2607 3547 unde
2648 3499 2703 3547 et
2750 3491 3023 3547 Demiaica
3070 3493 3418 3561 nominatur,
3459 3496 3612 3551 deiet
3643 3497 3837 3567 quidem

2272 3580 2575 3650 quotidiana
2623 3590 2838 3651 peccata
2865 3622 2884 3649 ,
2913 3597 3037 3661 cum
3092 3584 3332 3653 quotidie
3376 3585 3622 3653 dicitur,

2270 3671 2414 3727 nobis
2435 3672 2600 3727 debita
2626 3682 2797 3727 nostra
2816 3687 2835 3738 ;
2854 3674 3078 3744 atqueid
3103 3675 3245 3745 quod
3269 3676 3524 3747 sequitur
3546 3695 3655 3735 non
3683 3680 3836 3735 scium

2271 3764 2467 3821 dicitur
2490 3805 2509 3831 ,
2538 3764 2632 3820 sed
2656 3765 2817 3820 etiam
2847 3765 2907 3821 ﬁt
2930 3806 2947 3832 ,
2978 3766 3107 3820 sicut
3134 3776 3183 3820 et
3204 3783 3300 3821 nos
3326 3769 3647 3825 dimitti-rus
3665 3772 3837 3826 ddito-

2269 3856 2406 3910 ἠόα
2425 3857 2606 3911 nostris
2624 3855 2739 3926 (ιιι.
2768 3872 2844 3919 vt,
2877 3855 2967 3926 12)
2989 3873 3005 3909 :
3028 3857 3129 3912 sed
3155 3858 3281 3928 quia
3303 3858 3441 3913 ﬁunt
3461 3873 3704 3930 peccata,
3728 3862 3835 3917 ideo

2268 3948 2494 4014 dicitur;
2525 3964 2631 4003 non
2663 3957 2720 4003 ut
2747 3948 2867 4004 ideo
2891 3949 3020 4004 ﬁant
3038 3992 3053 4017 ,
3076 3951 3198 4021 quia
3224 3950 3427 4007 dicitur
3453 3952 3561 4026 (ι).
3590 3955 3691 4011 Per
3715 3955 3834 4011 hanc

2269 4040 2412 4099 enim
2444 4039 2598 4096 nobis
2637 4041 2802 4096 voluit
2823 4040 3067 4098 Salvator
3102 4043 3392 4099 ostendere
3412 4086 3429 4109 ,
3459 4047 3833 4117 quantumlibet

2265 4130 2411 4202 juste
2438 4131 2491 4186 in
2522 4130 2680 4201 hujus
2712 4132 2838 4202 vita,
2875 4132 3105 4203 caligine
3140 4143 3301 4204 atque
3346 4135 3671 4193 inﬁrmitate
3696 4140 3830 4192 viva-

2268 4237 2404 4287 mus.
2425 4236 2531 4277 non
2548 4222 2706 4278 nobis
2722 4222 2911 4278 deesse
2937 4233 3151 4293 peccata
3174 4239 3275 4294 pro
3290 4227 3490 4295 quibus
3515 4228 3832 4285 dimittendis

2267 4312 2561 4368 debeamus
2598 4328 2804 4380 orare.
2846 4314 3371 4386 eteisquiinnos
3418 4328 3829 4389 pecant,utet

2269 4404 2425 4460 nobis
2450 4404 2757 4475 ignoscatur
2781 4445 2797 4470 ,
2828 4405 3125 4475 ignoscere.
3170 4407 3289 4463 Non
3335 4410 3521 4481 itaque
3564 4422 3825 4484 μυριετῆ

2269 4494 2528 4551 Dominus
2544 4493 2640 4561 ait,
2667 4495 2731 4551 Si
2753 4496 3045 4552 dictiset-itis
3068 4509 3274 4567 petente
3298 4500 3610 4569 tonitribus,
3635 4503 3826 4556 dimittet

2268 4587 2826 4643 uebisetPotersester
2853 4597 3058 4656 peccata
3102 4600 3265 4645 uestra
3304 4590 3497 4661 (Ibid,
3536 4594 3664 4664 id),
3692 4594 3823 4649 uide

2269 4677 2371 4733 hac
2394 4678 2634 4735 cratium
2660 4678 2847 4733 conﬁsi
2874 4719 2891 4746 ,
2919 4683 3093 4735 securi
3120 4680 3435 4749 quotidiana
3462 4684 3667 4739 scelera
3698 4685 3819 4739 face.

2267 4787 2470 4838 remus,
2487 4773 2571 4828 vel
2601 4773 2833 4843 potentia
2860 4789 2962 4843 qua
2990 4789 3096 4828 non
3125 4774 3442 4832 timeremus
3468 4777 3733 4833 hominum
3759 4777 3819 4832 le-

2266 4876 2380 4932 ges,
2411 4862 2494 4918 vel
2521 4862 2714 4917 astutia
2728 4878 2831 4933 qna
2854 4863 3000 4933 ipsos
3024 4863 3266 4920 homines
3291 4866 3635 4923 fallercmus:
3662 4869 3746 4923 sed
3770 4875 3816 4920 ut

2271 4968 2368 5023 per
2397 4953 2543 5009 illam
2569 4954 2919 5021 disceremus,
2954 4969 3058 5010 non
3087 4964 3275 5026 putare
3302 4971 3406 5013 nos
3430 4974 3554 5016 esse
3576 4961 3685 5015 sine
3708 4972 3815 5030 pec-

2267 5046 2404 5100 catis
2422 5083 2440 5108 ,
2470 5044 2681 5100 etiamsi
2705 5059 2735 5098 a
2757 5044 3073 5101 criminibus
3096 5060 3340 5103 essemus
3366 5049 3630 5105 immunes
3658 5068 3670 5103 :
3697 5050 3812 5103 sicut

2267 5135 3809 5210 eﬁamLegisveterissacetdotesbocipsumDeudesa-

2265 5227 2482 5283 criﬁeiis
2507 5226 2781 5281 adtuonuit
2804 5268 2820 5294 ,
2856 5243 2975 5303 qua:
2993 5226 3154 5299 jussit
3176 5244 3272 5284 eos
3300 5230 3529 5299 primum
3554 5245 3649 5302 pro
3675 5228 3770 5283 suis
3788 5267 3803 5291 .

2265 5315 2457 5372 deinde
2496 5330 2594 5387 pro
2632 5316 2814 5387 populi
2864 5308 3059 5373 euerte
3108 5317 3341 5388 peccatis
3378 5319 3581 5392 (Leuit.
3608 5335 3686 5374 xu
3710 5357 3726 5383 ,
3748 5317 3801 5377 ες

2267 5405 2424 5461 Hebr.
2452 5421 2527 5462 vn
2558 5445 2575 5473 ,
2616 5406 2687 5462 27
2713 5407 2755 5477 ).
2787 5405 2918 5462 Nam
2954 5417 3010 5462 et
3034 5408 3145 5477 ipsa
3176 5409 3335 5463 verba
3368 5411 3500 5464 tanti
3527 5409 3737 5480 Hagistri
3757 5416 3799 5461 et

2264 5499 2474 5558 Domini
2496 5501 2667 5557 nostri
2687 5498 2967 5571 vigilanter
2996 5499 3245 5555 intuenda
3264 5511 3407 5557 sunt.
3429 5500 3547 5558 Non
3567 5502 3697 5558 enim
3717 5498 3794 5563 ait,

2332 5625 2346 5651 ι
2384 5619 2605 5681 t‘lerique
2630 5626 2755 5675 ωδε..
2780 5616 2970 5680 oneres.

2328 5681 2348 5731 ι
2381 5692 2559 5729 (ιιιηιυδ
2581 5686 2708 5735 Mss,
2729 5686 2887 5727 Jews.

2322 5741 2397 5807 (α)
2427 5743 2558 5815 (:onf.
2844 5751 2929 5787 un.
2960 5734 3036 5798 l9,
3064 5734 3142 5788 Ξ).
