3960 6524
139 398 279 455 ’ΝΘ

140 514 232 569 δι
258 509 579 567 diniiscritis
610 520 824 580 peccata
852 507 1174 572 hominibus,
1215 517 1266 562 et
1295 505 1451 560 Pater
1479 515 1654 561 vester
1678 504 1758 559 di-

145 606 361 658 unittet
381 603 533 657 vobis
557 601 963 672 qualiacumque
989 606 1243 670 peccata:
1273 598 1365 652 sed
1393 599 1466 650 ait
1499 637 1516 662 ,
1556 605 1760 667 peccata

137 704 363 748 vestra.
387 693 761 760 Quotidianam
779 693 973 762 quippe
994 691 1286 745 orationem
1317 689 1570 755 docebat,
1604 697 1660 743 et
1677 688 1764 756 ju-

141 786 421 840 stificatis
450 785 628 854 utique
651 783 927 854 discipulis
957 783 1294 852 loquebatur.
1331 781 1465 849 Quid
1505 789 1587 834 est
1609 784 1777 849 ergo,‘

149 887 388 943 peccata
413 885 595 939 vestra,
619 875 718 929 nisi
739 881 955 945 peccata
978 875 1094 929 sine
1121 874 1311 943 quibus
1338 888 1436 926 nec
1464 887 1558 926 vos
1585 871 1757 935 eritis,

144 967 262 1035 qui
289 966 565 1035 iustificati
595 975 648 1019 et
682 965 992 1019 sanctificati
1019 963 1195 1017 estis?
1219 962 1317 1018 Ubi
1343 977 1471 1032 ergo
1504 961 1574 1015 illi
1606 1001 1622 1026 ,
1671 959 1760 1030 qui

152 1071 270 1125 per
334 1057 471 1110 lianc
537 1055 832 1109 orationem
886 1053 1222 1108 occasionem
1287 1049 1760 1120 perpetrandorum

146 1146 422 1216 quotidie
441 1147 700 1201 scelerum
728 1155 977 1216 qumrunt
995 1185 1012 1211 ,
1038 1144 1222 1199 dicunt
1250 1143 1530 1198 Dominum
1560 1140 1763 1211 signifi-

141 1248 330 1292 casse
356 1239 520 1292 etiam
552 1251 741 1306 magna
769 1244 986 1306 peccata
1010 1277 1025 1301 ,
1057 1236 1306 1304 quoniam
1334 1249 1436 1287 non
1462 1233 1599 1287 dixit
1623 1272 1639 1295 ,
1667 1231 1762 1286 Di-

149 1329 353 1383 mittet
378 1328 528 1383 vobis
559 1342 737 1397 parva,
769 1326 862 1382 sed
891 1336 1095 1397 peccata
1121 1335 1284 1380 vestra
1308 1340 1327 1378 :
1356 1324 1427 1379 ibi
1453 1339 1550 1379 nos
1577 1324 1759 1379 cousi-

151 1417 431 1473 derantes
461 1418 708 1488 qualibus
734 1418 1053 1488 loquebatur
1081 1457 1098 1482 ,
1145 1425 1200 1471 et
1219 1409 1496 1474 audientes
1522 1415 1720 1469 dictum
1741 1456 1760 1480 ,

153 1520 382 1577 peccata
408 1518 570 1562 uestra
592 1549 608 1573 ,
654 1509 786 1563 nihil
819 1507 963 1563 aliud
989 1508 1246 1563 debemus
1269 1508 1574 1561 existimare
1599 1523 1761 1576 quam

163 1615 364 1667 parva,
392 1599 644 1668 quoniam
689 1599 870 1654 talium
913 1599 1028 1669 jam
1073 1613 1176 1653 non
1223 1608 1375 1654 erant
1414 1610 1626 1668 magna.
1657 1598 1762 1654 Ve-

155 1702 476 1746 rumtamen
507 1701 612 1746 nec
638 1692 750 1761 ipsa
781 1706 992 1761 magna,
1022 1705 1052 1746 a
1082 1690 1272 1760 quibus
1299 1693 1515 1745 omnino
1544 1692 1762 1746 mutatis

159 1782 224 1847 in
254 1783 450 1836 melius
480 1783 714 1836 moribus
744 1781 1099 1837 recedendum
1121 1789 1224 1846 est,
1248 1780 1584 1836 dimittuntur
1603 1796 1763 1836 orau-

155 1873 342 1938 tibus,
373 1873 476 1928 nisi
501 1872 592 1927 fiat
615 1872 758 1942 quod
783 1873 853 1926 ibi
874 1872 1089 1934 dicitur,
1120 1873 1248 1926 sicut
1273 1883 1321 1927 et
1343 1889 1433 1926 nos
1461 1873 1760 1925 dimittimus

155 1965 484 2018 debitoribus
507 1965 710 2020 nostris.
741 1963 795 2019 Si
817 1964 959 2018 enim
983 1963 1202 2018 minima
1227 1972 1465 2033 peccata,
1488 1963 1604 2018 sine
1637 1963 1760 2033 qui-

164 2057 279 2111 bus
307 2072 416 2116 non
443 2065 527 2110 est
551 2057 712 2110 etiam
743 2056 847 2109 vita
873 2055 1158 2124 justorum,
1182 2055 1335 2110 aliter
1360 2071 1462 2110 non
1483 2055 1758 2108 remittun-

166 2155 265 2201 tur
285 2165 301 2201 :
323 2157 530 2217 quanto
551 2147 722 2216 magis
749 2147 931 2201 multis
954 2155 1008 2202 et
1034 2147 1238 2215 magnis
1264 2147 1575 2202 criminibus
1607 2147 1759 2202 invo-

158 2238 316 2301 luti,
363 2238 576 2293 etiamsi
621 2253 683 2293 ea
717 2248 1030 2308 perpetrare
1072 2238 1180 2308 jam
1231 2237 1513 2300 desinant,
1561 2238 1758 2292 nullam

159 2329 563 2402 indulgentiam
595 2339 995 2399 consequuntur
1017 2370 1034 2394 ,
1075 2330 1117 2383 si
1144 2329 1212 2384 ad
1239 2329 1614 2384 remittendum
1641 2330 1762 2385 aliis

157 2423 315 2494 quod
346 2424 400 2477 in
428 2437 523 2476 eos
548 2422 774 2492 quisque
801 2420 1126 2491 peccaverit,
1157 2421 1511 2476 inexorabiles
1540 2420 1759 2487 fuerint,

166 2532 300 2572 cum
324 2515 470 2570 dicat
488 2516 743 2570 Dominus
763 2555 778 2578 ,
821 2514 879 2568 Si
922 2522 1087 2568 autem
1115 2529 1214 2566 non
1235 2513 1523 2567 dimiseritis
1549 2513 1766 2566 homini-

161 2609 260 2663 his
279 2610 323 2674 ί,
348 2625 509 2677 neque
536 2607 696 2661 Pater
721 2617 880 2662 vester
909 2606 1121 2659 dimittet
1147 2606 1282 2660 vobis
1315 2605 1522 2677 (Matth.
1546 2621 1620 2671 vi,
1647 2605 1762 2674 15)?

164 2699 253 2754 Ad
282 2699 390 2755 hoc
421 2700 564 2754 enim
596 2699 740 2754 valet
765 2697 906 2768 qmd
929 2698 1088 2752 etiam
1119 2695 1349 2751 Jacobus
1370 2695 1642 2765 apostolus
1665 2695 1760 2760 ait,

163 2793 436 2862 judicium
465 2791 698 2846 futurum
727 2791 844 2846 sine
874 2790 1236 2846 misericordia
1267 2790 1338 2844 illi
1370 2789 1460 2860 qui
1500 2803 1605 2842 non
1641 2788 1764 2844 fecit

168 2883 607 2940 misericordiam
646 2880 870 2955 (Jacobi
899 2899 958 2947 tt,
988 2883 1056 2938 15
1079 2881 1120 2954 ).
1165 2882 1360 2938 Venire
1385 2883 1580 2951 quippe
1599 2880 1764 2938 debet

166 2975 223 3030 in
261 2983 501 3029 mentem
542 2974 703 3028 etiam
741 2988 930 3028 servus
958 2974 1048 3028 ille
1077 3013 1094 3039 ,
1135 2973 1222 3028 cui
1251 2973 1475 3028 debitori
1510 2971 1762 3027 domins

167 3068 324 3137 ejus'
349 3066 612 3122 relaxavit
635 3065 820 3122 decem
849 3066 1010 3119 millia
1034 3065 1392 3129 talentorum;
1432 3079 1554 3133 quia
1579 3072 1765 3134 postea

167 3159 336 3227 jussit
367 3165 424 3210 ut
463 3156 712 3212 redderet
735 3198 750 3221 ,
804 3156 926 3226 quia
971 3156 1085 3224 ipse
1114 3171 1222 3210 non
1244 3154 1494 3210 misertus
1518 3164 1600 3209 est
1627 3169 1762 3208 con-

170 3250 322 3306 servi
351 3248 472 3315 sui,
495 3249 584 3320 qui
614 3249 664 3304 ei
689 3247 921 3304 debellat
967 3255 1180 3303 centum
1230 3246 1480 3302 denarios
1529 3245 1760 3319 (Hattli.

169 3355 327 3403 xvm,
359 3338 432 3394 23
457 3338 614 3412 ειμι).
647 3339 700 3392 Ιιι
731 3338 812 3394 his
839 3354 968 3408 ergo
995 3338 1082 3408 qui
1117 3338 1212 3393 filii
1239 3347 1363 3392 sunt
1394 3339 1763 3409 promissionis

172 3442 230 3487 et
259 3446 385 3484 vasa
410 3431 816 3496 misericordiae,
847 3430 991 3486 valet
1013 3431 1156 3501 quod
1183 3431 1258 3484 ait
1292 3431 1433 3486 idem
1463 3432 1760 3501 apostolus,

175 3532 578 3592 consequenter
599 3522 924 3593 adiungens.
960 3522 1350 3592 Superexsuttat
1371 3533 1536 3576 autem
1566 3524 1763 3578 miscri-

178 3613 364 3666 cordia
396 3612 599 3683 judicio
624 3612 644 3643 ³
687 3610 906 3683 (Jacobi
926 3628 983 3676 ιι,
1017 3613 1084 3667 l3
1109 3611 1428 3684 ).Quoniam
1457 3623 1510 3668 et
1539 3613 1612 3668 illi
1633 3613 1762 3682 juSIi

173 3706 269 3777 qui
298 3716 445 3760 tanta
483 3705 766 3761 sanctitate
809 3705 1094 3772 vixerunt,
1140 3716 1198 3758 ut
1223 3705 1358 3760 alios
1381 3720 1592 3775 quoque
1611 3708 1762 3761 ,reci-

176 3799 331 3870 piant
361 3799 412 3852 in
433 3797 772 3859 tabernacula
793 3805 990 3853 aiter-na
1010 3838 1028 3864 ,
1073 3798 1266 3867 quibus
1305 3798 1460 3852 amici
1486 3798 1609 3853 facti
1636 3807 1767 3852 sunt

177 3888 250 3944 de
276 3904 581 3943 mammona
609 3888 898 3960 iniquitatis
917 3887 1066 3957 (Lac.
1099 3903 1210 3949 xw,
1227 3888 1307 3957 9),
1330 3897 1386 3942 ut
1412 3888 1761 3954 talesessent,

178 3979 548 4035 misericordia
579 3980 785 4034 liberati
809 3988 933 4034 sunt
957 3980 1024 4034 ab
1052 3994 1118 4034 eo
1143 3980 1231 4049 qui
1250 3979 1764 4050 jnstiiicatimpimn,

180 4071 456 4140 imputans
482 4071 784 4126 mercedem
816 4069 1109 4126 secundum
1138 4070 1363 4139 gratiam
1391 4110 1406 4134 ,
1433 4086 1539 4124 non
1569 4085 1763 4125 secun-

178 4163 312 4218 dum
333 4161 592 4218 debitum.
614 4161 668 4216 In
694 4177 877 4217 eorum
893 4161 1089 4232 quippe
1100 4174 1322 4215 numero
1349 4169 1433 4216 est
1456 4161 1763 4230 Apostolus,

181 4257 273 4328 qui
302 4255 466 4311 dicit:
520 4255 924 4311 Misericordiam
967 4263 1264 4308 consecutus
1309 4269 1421 4307 sunt
1443 4291 1459 4317 ,
1511 4261 1568 4306 ut
1599 4253 1766 4322 ﬁdelis

182 4364 343 4401 essent
366 4346 409 4418 (l
436 4345 553 4400 Cor.
586 4362 680 4412 vn,
709 4345 826 4416 25).

256 4439 312 4493 5.
363 4439 440 4492 11ιί
474 4449 650 4492 autem
675 4438 764 4507 qui
801 4436 1129 4506 recipiuntur
1155 4450 1185 4488 a
1214 4434 1405 4488 talibus
1432 4434 1482 4488 in
1515 4433 1765 4487 taberna-

183 4531 304 4586 cula
334 4542 555 4593 aeterna,
588 4529 858 4584 fatendum
887 4538 969 4583 est
995 4527 1136 4597 quod
1159 4542 1264 4581 non
1287 4527 1392 4579 sint
1424 4525 1504 4578 his
1531 4525 1766 4579 moribus

185 4621 394 4693 ιιι-ιιιόὶιί
417 4662 432 4686 .
475 4631 533 4675 ιιι
578 4623 658 4675 eis
687 4619 974 4674 liberandis
1015 4619 1130 4672 sine
1168 4616 1422 4687 sull'ragio
1459 4625 1764 4670 sanctorum

186 4729 284 4768 sua
316 4712 486 4782 possit
519 4713 626 4766 vita
660 4711 902 4765 sufficere
931 4751 948 4774 ,
986 4725 1050 4764 ac
1077 4724 1172 4778 per
1211 4709 1312 4762 hoc
1347 4706 1514 4760 multo
1539 4705 1766 4775 amplius

189 4807 240 4859 in
271 4805 352 4860 eis
380 4803 772 4872 superexsultat
807 4801 1172 4856 misericordia
1195 4799 1416 4870 judicio.
1447 4797 1556 4852 Nec
1588 4808 1764 4852 tamen

189 4895 314 4949 ideo
354 4893 616 4963 putandus
652 4902 733 4947 est
771 4892 1050 4962 quisquam
1085 4889 1526 4944 sceleratissimus
1565 4903 1767 4956 nequa-

187 5002 348 5056 quam
379 4986 486 5038 vita
512 4985 593 5038 vel
619 4984 756 5038 bona
802 4982 885 5038 vel
911 4981 1270 5036 tolerabiliore
1300 4988 1530 5033 mutatus
1549 5020 1566 5044 ,
1600 4977 1766 5048 recipi

191 5080 242 5132 in
275 5076 618 5132 tabernacula
647 5085 880 5140 aaterna,
912 5074 1164 5142 quoniam
1209 5071 1494 5126 obsecutus
1521 5076 1602 5124 est
1637 5085 1767 5124 san-

187 5171 288 5226 ctis
317 5170 386 5223 de
402 5182 703 5222 mammona
729 5165 1042 5238 iniquitatis,
1072 5164 1122 5217 id
1147 5171 1230 5217 est
1249 5204 1263 5225 ,
1291 5162 1361 5217 de
1391 5161 1611 5232 pecunia
1633 5201 1650 5228 ,
1682 5160 1766 5215 vel

187 5259 386 5314 divitiis
411 5302 428 5325 ,
470 5274 588 5329 qua:
631 5258 769 5312 male
812 5257 1020 5310 fuerant
1061 5254 1370 5323 acquisitze;
1420 5260 1511 5306 aut
1552 5251 1762 5305 etiamsi

189 5351 347 5417 bene,
377 5365 485 5406 non
514 5359 693 5404 tamen
715 5348 884 5413 veris,
910 5345 1005 5402 sed
1029 5360 1161 5416 quas
1187 5345 1437 5414 iniquitas
1473 5351 1621 5413 putat
1645 5357 1767 5397 esse

248 5550 276 5620 ι,
303 5548 388 5620 uie
409 5547 459 5596 ia
489 5546 636 5596 editis
666 5543 883 5603 additur,
927 5548 1158 5604 peccata;
1191 5539 1321 5604 quod
1357 5540 1500 5590 abest
1539 5547 1570 5588 ι
1603 5548 1770 5588 manu-

187 5617 392 5670 scriptis.

251 5673 270 5741 Ῐ
294 5671 509 5741 539.3“.-
536 5674 590 5717 Αί
608 5666 748 5741 edi“;
770 5663 1150 5741 ίῖοηῖθῖυὲξνὲξῖ

251 5731 270 5762 ³
305 5731 442 5784 Fditi,
466 5721 798 5798 supereagaltat
819 5725 1153 5798 mrkordia
1449 5727 1768 5798 alteravete-

187 5787 1080 5902 ἰ¹¹ιέ¹¹ιέ¹ὶ¹ῗὲἴ¹ἒ¹ίιῖῗν¹2ε¹ἓ¹ιῖἓᾟεέἓξ¹⁵⁰
1101 5792 1426 5837 mm”
1463 5792 1542 5835 e"
1584 5795 1765 5846 3W”

206 5867 232 5900 ‘t
318 5870 347 5900 tt
367 5865 427 5900 tt'
479 5870 491 5898 t
775 5866 793 5899 ι
835 5861 845 5872 ⁸
999 5884 1012 5898 .

1347 391 1541 447 LIBER
1584 389 1947 447 VlGESlMUS
1985 389 2256 447 PRIMUS.

3333 391 3438 448 750

1870 503 2103 569 divitias,
2120 503 2371 573 quoniam
2393 503 2688 575 nescitqua:
2709 503 2817 576 sint
2839 517 2978 558 verm
3004 502 3222 570 divitiae,
3248 503 3441 576 quibus

1872 594 1948 649 illi
1975 571 2284 660 abundant,
2317 596 2404 664 qui
2433 604 2486 649 et
2504 571 2638 649 alios
2663 571 2929 665 recipiunt
2952 595 3004 648 in
3033 605 3230 649 :etcrna
3256 571 3436 651 taber-

1870 685 2077 739 nacula.
2109 685 2206 740 Est
2233 685 2407 755 itaque
2422 686 2633 756 quidam
2651 687 2773 739 vita:
2794 685 3003 747 modus.
3022 700 3120 739 nec
3142 695 3245 740 tam
3264 686 3439 751 malai,

1871 784 1930 830 ut
1955 775 2036 830 his
2059 775 2150 846 qui
2174 790 2290 829 eam
2318 776 2498 830 vivunt
2533 776 2575 842 ί,
2617 775 2745 829 nihil
2776 776 2942 845 prosit
2967 774 3032 830 ad
3055 776 3438 844 capessendum

1870 882 2093 938 regnum
2146 868 2407 922 caelorum
2447 867 2663 937 largitas
2700 868 3162 938 eleemosynarum
3189 909 3206 935 ,
3253 869 3447 938 quibus

1868 958 2028 1013 etiam
2052 958 2318 1029 iustorum
2347 968 2674 1014 sustentatur
2697 958 2871 1028 inopia
2893 1000 2907 1023 ,
2930 968 2983 1014 et
3010 961 3140 1013 ﬁunt
3168 960 3324 1014 amici
3353 961 3444 1030 qui

1870 1047 1924 1103 in
1953 1047 2290 1104 tabernacula
2315 1057 2511 1103 aeterna
2544 1050 2871 1118 suscipiant;
2909 1064 3009 1103 nec
3037 1057 3143 1103 tam
3167 1049 3318 1104 bona:
3339 1091 3354 1114 ,
3386 1060 3444 1104 ιιι

1868 1139 1935 1194 ad
1983 1149 2183 1195 tantam
2221 1139 2600 1195 beatitudinem
2629 1139 3023 1208 adipiscendam
3052 1140 3129 1194 eis
3161 1141 3270 1209 ipsa
3299 1141 3447 1194 suffi-

1868 1232 1992 1299 ciat,
2024 1232 2125 1286 nisi
2147 1247 2332 1286 eorum
2360 1233 2565 1287 meritis
2585 1246 2721 1303 quos
2750 1231 2950 1286 amicos
2991 1231 3250 1298 fecerint,
3283 1232 3444 1288 mise-

1868 1322 2150 1377 ricordiam
2190 1331 2606 1391 consequantur.
2638 1321 2858 1393 (Mirari
2876 1329 3053 1377 autem
3087 1321 3235 1376 soleo
3277 1321 3442 1376 etiam

1866 1412 2005 1482 apud
2049 1412 2322 1482 Virgilium
2368 1413 2522 1468 istam
2565 1412 2777 1468 Domini
2821 1411 3042 1482 reperiri
3072 1412 3391 1468 sententiam
3422 1452 3444 1476 ,

1867 1505 1956 1560 ubi
1985 1505 2058 1559 ait
2081 1525 2095 1558 :
2130 1504 2309 1558 Facite
2335 1506 2470 1558 vobis
2490 1505 2679 1559 amicos
2707 1505 2770 1558 de
2795 1520 3082 1558 uiantmona
3121 1504 3402 1571 iniquitatis
3424 1546 3442 1569 ,

1867 1604 1922 1649 ut
1944 1605 1991 1649 et
2019 1597 2118 1664 ipsi
2144 1596 2390 1666 recipiant
2413 1611 2500 1649 vos
2529 1596 2582 1649 in
2602 1594 2923 1649 tabernacula
2939 1605 3130 1649 eterna
3153 1593 3306 1666 (Luc.
3329 1611 3448 1659 XVI.

1866 1686 1944 1757 9).
1985 1685 2152 1755 Cujus
2181 1696 2262 1741 est
2289 1695 2344 1741 et
2373 1685 2461 1740 illa
2489 1685 2779 1750 simillima,
2822 1684 2922 1750 Qui
2942 1686 3118 1754 recipit
3142 1685 3446 1755 prapltetans

1865 1779 1917 1832 in
1946 1779 2146 1832 nomine
2171 1778 2428 1848 propheta
2453 1817 2469 1843 ,
2499 1775 2774 1831 mercedem
2813 1775 3071 1846 prapltetat
3106 1776 3350 1845 accipiet,
3393 1785 3445 1831 et

1862 1871 1950 1939 qui
1971 1869 2148 1936 recipit
2169 1870 2367 1937 justum
2387 1868 2439 1921 in
2466 1868 2665 1922 nomine
2684 1867 2829 1939 iusti,
2853 1869 3126 1922 mercedem
3142 1867 3276 1938 justi
3295 1867 3437 1921 acci-

1866 1962 1966 2031 piet
1995 1962 2013 2031 (
2043 1962 2227 2016 Matth.
2255 1977 2310 2028 ι,
2339 1962 2399 2016 tl
2433 1960 2478 2031 ).
2502 1959 2633 2016 Nam
2663 1976 2782 2016 cum
2809 1960 3016 2031 Elysios
3038 1975 3255 2030 campos
3280 1968 3437 2030 poeta

1867 2054 1957 2109 ille
1977 2054 2324 2119 describeret,
2347 2053 2434 2108 ubi
2453 2062 2636 2124 putant
2657 2052 2896 2108 habitare
2917 2054 3123 2107 animas
3143 2053 3444 2120 beatorum,

1867 2162 1971 2201 non
1999 2145 2171 2200 solum
2194 2145 2264 2198 ibi
2288 2146 2463 2214 posuit
2487 2160 2602 2208 eos,
2634 2144 2724 2215 qui
2745 2143 2974 2214 propriis
2994 2144 3200 2198 meritis
3223 2144 3291 2199 ad
3321 2144 3440 2200 illas

1865 2230 2019 2286 sedes
2046 2230 2322 2309 pervenire
2351 2237 2657 2300 potuerunt,
2685 2229 2779 2284 sed
2797 2228 3015 2299 adjecit,
3037 2237 3200 2300 atque
3229 2229 3305 2284 ait
3332 2270 3349 2294 ,

1925 2362 2112 2424 Quique
2129 2363 2205 2411 sui
2223 2374 2464 2412 memores
2479 2361 2600 2424 alios
2623 2360 2788 2424 fecere
2810 2361 3046 2424 merendo
3067 2375 3084 2424 ;

2479 2399 3203 2488 ξ’ἷηὲΰῗιιῐῖὲῗυὲῖῖῖὠι.)

1867 2523 1920 2580 id
1940 2534 2025 2580 est
2049 2567 2064 2590 ,
2092 2527 2179 2595 qui
2211 2535 2620 2596 promerucrunt
2647 2527 2779 2581 alios
2797 2568 2814 2592 ,
2844 2541 3044 2598 eosque
3063 2527 3145 2582 sui
3177 2541 3444 2583 memores

1868 2615 2223 2686 promerendo
2246 2617 2505 2671 fecerunt.
2527 2616 2752 2671 Prorsus
2775 2627 3024 2687 tanquam
3041 2617 3118 2672 eis
3138 2617 3439 2683 dicerent'.

1867 2707 2008 2777 quod
2036 2707 2402 2778 frequentatur
2421 2724 2514 2762 ore
2529 2708 2848 2772 Christiano,
2878 2724 2997 2763 cum
3031 2723 3090 2764 se
3109 2708 3299 2780 cuique
3325 2723 3450 2763 san-

1868 2810 2078 2857 ctorum
2103 2800 2316 2855 humilis
2343 2801 2568 2871 quisque
2597 2801 2954 2864 commendat,
2984 2809 3037 2856 ct
3069 2799 3219 2865 dicit,
3251 2791 3450 2856 Memor

1869 2895 1972 2948 mei
2001 2903 2153 2949 esto:
2184 2904 2342 2964 atque
2355 2903 2412 2946 ιιι
2440 2893 2492 2950 id
2513 2907 2636 2948 esse
2652 2893 2840 2962 possit,
2858 2893 3210 2961 promerendo
3234 2891 3445 2962 efticit.)

1869 2985 1974 3041 Sed
2016 2985 2137 3056 quis
2183 2984 2283 3040 iste
2320 2985 2389 3039 sit
2422 2984 2646 3046 modus,
2676 2993 2730 3037 et
2768 3000 2887 3053 qua:
2914 2985 3018 3037 sint
3050 2983 3160 3051 ipsa
3188 2989 3404 3055 peccata
3427 3024 3444 3047 ,

1869 3094 1988 3148 qua:
2015 3078 2084 3133 ita
2114 3077 2412 3147 impediunt
2436 3075 2837 3146 perventionem
2873 3075 2935 3130 ad
2971 3090 3190 3145 regnum
3221 3075 3313 3129 Dei
3343 3115 3358 3137 ,
3390 3085 3448 3128 ut

1869 3181 2046 3225 tamen
2078 3180 2380 3226 sanctorum
2399 3168 2692 3224 amicorum
2723 3167 2930 3222 meritis
2959 3167 3244 3236 impetrent
3272 3165 3448 3220 indul-

1869 3268 2122 3333 gentiam,
2149 3262 2517 3320 difﬁciilituum
2545 3270 2628 3317 est
2656 3261 2913 3326 invenire,
2934 3259 3447 3331 periculosissimum

1867 3355 2114 3412 definire.
2165 3355 2278 3424 Ego
2315 3364 2463 3411 certe
2505 3370 2673 3425 usque
2709 3354 2774 3409 ad
2805 3354 2906 3410 hoc
2939 3363 3149 3424 tempus
3168 3369 3291 3409 cum
3321 3353 3446 3409 inde

1868 3456 2186 3516 satagerem,
2211 3445 2277 3499 ad
2304 3459 2488 3500 eorum
2517 3443 2816 3515 indaginem
2832 3443 3110 3514 pervenire
3137 3458 3244 3498 non
3271 3443 3442 3513 potui.

1869 3537 1937 3592 Et
1964 3536 2208 3591 fortassis
2235 3546 2515 3606 propterea
2545 3535 2746 3601 latent,
2781 3550 2848 3591 ne
2869 3533 3104 3589 studium
3133 3533 3444 3602 proficiendi

1868 3627 1936 3683 ad
1964 3627 2142 3682 omnia
2168 3635 2388 3698 peccata
2411 3625 2644 3681 cavenda
2676 3626 2956 3696 pigrescat.
2988 3624 3247 3693 Quoniam
3270 3625 3314 3679 si
3342 3625 3451 3680 scio

1870 3731 2054 3776 rentur
2089 3736 2210 3790 qua:
2233 3720 2318 3775 vel
2346 3719 2521 3790 qualia
2545 3719 2651 3773 sint
2679 3718 2872 3774 delicta
2896 3758 2914 3786 ,
2947 3731 3044 3788 pro
3067 3718 3262 3788 quibus
3284 3719 3446 3772 etiam

1871 3812 2303 3882 permanentibus
2329 3827 2428 3866 nec
2455 3809 2696 3880 profectu
2727 3809 2846 3865 vitae
2884 3809 3117 3864 melioris
3151 3807 3453 3878 absumptis

1871 3904 2184 3958 intercessio
2213 3905 2278 3957 sit
2309 3902 2621 3974 inquirenda
2664 3910 2719 3958 et
2759 3901 3019 3972 Speranda
3043 3901 3346 3972 justorum,
3370 3901 3450 3956 eis

1871 4012 2058 4052 secura
2105 4013 2164 4052 se
2191 3997 2502 4051 obvolvcrct
2532 3998 2759 4051 humana
2801 3995 3054 4065 segnities
3081 4035 3098 4060 ,
3148 4011 3246 4050 nec
3272 3994 3448 4050 evolvi

1871 4091 2066 4145 talibus
2085 4090 2494 4160 implicatnentis
2522 4090 2681 4144 ullius
2701 4089 2910 4144 virtutis
2937 4087 3276 4158 expeditione
3295 4103 3455 4142 cura-

1872 4190 1955 4236 ret
1986 4221 2002 4245 ,
2033 4180 2127 4234 scd
2156 4179 2523 4236 tantummodo
2543 4188 2809 4248 qurereret
2832 4179 3058 4232 aliorum
3086 4180 3290 4233 meritis
3320 4179 3452 4234 lihe—

1871 4271 2000 4336 rari,
2029 4286 2164 4340 quos
2198 4271 2400 4325 amicos
2419 4271 2520 4326 sibi
2542 4271 2612 4326 de
2649 4285 2951 4324 mammona
2973 4269 3266 4340 iniquitatis
3305 4270 3452 4324 elec-

1872 4378 2213 4433 mOsyuarum
2267 4362 2547 4430 largitione
2595 4361 2616 4393 ³
2657 4363 2892 4417 fecisset.
2937 4361 3091 4417 Nunc
3137 4377 3267 4417 vero
3317 4361 3446 4416 dum

1870 4454 2096 4508 venialis
2140 4452 2433 4521 iniquitatis
2463 4493 2478 4514 .
2515 4451 2725 4506 etiamsi
2767 4459 3074 4521 perseveret
3101 4491 3120 4517 ,
3178 4453 3454 4520 ignoratur

1875 4545 2063 4599 modus
2087 4585 2101 4605 .
2141 4543 2380 4612 profecto
2422 4554 2477 4598 et
2525 4543 2759 4596 studimn
2790 4542 2843 4596 in
2884 4542 3106 4597 meliora
3137 4542 3451 4612 proficiendi

1873 4637 2098 4691 orationi
2127 4636 2373 4690 instando
2403 4635 2424 4667 δ
2452 4636 2764 4714 vigilantius
2786 4634 3069 4690 adhibetur
3091 4675 3109 4702 ,
3141 4644 3195 4688 et
3222 4633 3452 4689 faciendi

1872 4728 1941 4784 de
1994 4743 2293 4782 mammona
2340 4727 2634 4797 iniquitatis
2675 4734 2890 4782 sanctos
2931 4725 3135 4780 amicos
3163 4739 3292 4780 cura
3340 4740 3446 4780 non

1873 4818 2161 4886 spernitur.

1945 4913 1998 4962 ιε.
2042 4908 2236 4962 Verum
2268 4907 2364 4961 ista
2386 4906 2626 4960 liberatio
2653 4921 2771 4974 qua:
2796 4903 2854 4958 fit
2881 4905 2992 4959 sive
3018 4905 3130 4958 suis
3153 4904 3455 4974 quibusque

1873 4999 2202 5053 orationibus
2223 5040 2238 5063 ,
2269 4999 2381 5053 sive
2410 4996 2862 5052 intercedentibus
2894 4995 3093 5051 sanctis
3115 5036 3133 5062 ,
3164 4995 3214 5050 id
3255 4995 3364 5065 agit
3397 5003 3455 5049 ut

1873 5089 1926 5144 in
1956 5091 2128 5160 ignem
2160 5089 2379 5159 quisque
2404 5104 2506 5142 non
2534 5088 2770 5141 mittatur
2790 5096 3049 5142 :eternum
3078 5104 3091 5140 :
3117 5101 3220 5142 non
3252 5094 3310 5141 ut
3331 5100 3453 5140 cum

1873 5182 2031 5237 fuerit
2080 5182 2308 5247 missus,
2355 5189 2477 5252 post
2526 5189 3012 5251 quantumcumque
3062 5188 3269 5247 tempus
3327 5175 3453 5232 inde

1873 5283 2109 5328 eruatur.
2138 5272 2268 5327 Nam
2295 5283 2350 5327 et
2379 5272 2452 5326 illi
2472 5271 2560 5338 qui
2581 5279 2772 5343 putant
2789 5271 2866 5325 sic
2890 5267 3285 5338 intelligendum
3309 5279 3454 5333 esse,

1874 5366 2016 5436 quod
2062 5366 2316 5435 scriptum
2358 5374 2472 5432 est,
2521 5362 2712 5418 afl‘crre
2761 5373 2959 5418 terram
3005 5359 3195 5412 bonam
3232 5358 3453 5412 uberem

1876 5457 2102 5514 fructum
2123 5501 2138 5525 ,
2176 5460 2331 5512 aliam
2380 5458 2641 5512 tricenum
2664 5495 2680 5521 ,
2701 5455 2860 5508 aliam
2911 5467 3266 5520 sexagenum,
3293 5451 3454 5504 aliam

1909 5655 1920 5665 ε
1939 5597 1955 5628 ι
1991 5601 2100 5665 hev.
2126 5593 2210 5658 qui
2227 5605 2288 5643 ea
2308 5591 2482 5642 nm.
2505 5589 2622 5638 aditi
2640 5586 2720 5636 alii
2741 5599 2853 5636 cum
2875 5585 3231 5646 manuscﬂptis,
3253 5581 3458 5648 quietu-

1874 5664 2061 5767 τιἯὼ
2083 5727 2255 5765 omnes
2275 5721 2382 5762 Mss.
2410 5718 2464 5761 Αι
2487 5710 2624 5771 editi,
2649 5706 2849 5759 diceret.

1941 5773 2461 5840 ἰηωνίανσίιὲεεο
3034 5829 3046 5840 .
3130 5827 3175 5840 -.

1941 5841 1963 5872 δ
1999 5840 2130 5887 Vind.
2159 5828 2258 5886 A'm.
2279 5828 2331 5886 et
2354 5834 2519 5898 plures
2540 5831 2871 5896 mantica’ipti,
2888 5829 3076 5882 orando
3097 5835 3140 5882 et
3156 5828 3393 5881 instando.
