3926 6386
623 287 719 342 731

622 406 903 453 ccntctmm
923 394 1132 468 (Matth.
1168 409 1285 460 sttt,
1315 394 1407 461 8):
1440 401 1497 446 ut
1545 393 1711 445 sancti
1744 405 1838 460 pro
1867 404 2080 445 suorum
2106 388 2193 443 di-

626 490 873 543 versitate
900 492 1242 549 meritorum,
1270 484 1355 537 alii
1394 485 1621 537 tricenos
1653 482 1892 535 homines
1932 480 2191 547 liberent,

622 580 711 633 alii
738 592 1029 648 sexagenos
1050 618 1064 641 ,
1097 576 1183 630 alii
1209 562 1498 631 centenos:
1532 571 1632 626 hoc
1671 572 1721 625 in
1743 570 2023 640 diejndicii
2046 569 2193 624 futu-

532 710 551 731 ρ
624 685 738 723 rum
788 668 1041 737 suspicari
1086 666 1295 729 solent,
1324 681 1427 721 non
1469 673 1589 733 post
1628 662 1902 732 judicium.
1930 662 2041 727 Qua
2076 661 2193 729 opi-

530 794 551 826 ε,
625 764 782 815 ιιίοιιρ
812 760 1023 828 quidant
1052 775 1171 814 cum
1200 756 1403 813 videret
1429 742 1672 810 homines
1701 753 2063 824 impuniuiti-m
2095 750 2194 804 sibi

624 851 1023 921 perversissime
1064 849 1376 918 pollicentes
1397 887 1412 910 ,
1442 862 1507 899 eo
1528 844 1665 916 quod
1695 857 1880 898 ontnes
1909 842 2009 894 isto
2037 839 2195 893 modo

620 941 686 997 ad
719 942 1083 995 liberationem
1102 940 1376 1009 pertinere
1408 952 1560 1007 posse
1584 934 1879 998 videantur,
1908 931 2193 1001 elegantis-

620 1032 755 1087 sintc
782 1030 1117 1099 respondisse
1146 1016 1471 1099 perhibetur,
1501 1028 1634 1081 bene
1662 1026 1835 1095 potius
1855 1036 1972 1077 esse
2006 1022 2195 1075 viven-

618 1123 744 1176 dum
765 1162 779 1186 ,
813 1130 869 1175 ut
898 1123 1033 1174 inter
1062 1134 1173 1174 eos
1212 1119 1437 1189 quisque
1478 1115 1790 1186 reperiatur,
1821 1112 1911 1183 qui
1948 1124 2043 1182 pro
2077 1110 2195 1164 aliis

620 1213 964 1267 intercessuri
996 1220 1117 1265 sunt
1147 1210 1473 1274 liberandis;
1507 1224 1573 1261 ne
1610 1216 1715 1260 tam
1764 1196 1912 1274 pauci
1963 1201 2069 1256 sint
2091 1244 2105 1268 ,
2139 1211 2195 1256 ut

616 1304 723 1358 cito
748 1303 813 1358 ad
836 1316 1114 1358 numerum
1135 1315 1288 1356 suum
1317 1301 1402 1354 vel
1428 1298 1711 1361 triceuum,
1738 1296 1815 1351 vel
1842 1308 2191 1365 sexagenum,

1679 280 1766 333 ne
1804 277 2123 361 emrer
2165 277 2296 344 DEI.
2334 276 2394 333 s.
2438 277 2803 336 AUGUS‘I‘INI
3114 334 3121 337 _
3676 296 3744 354 πεῖ

2296 391 2381 445 vel
2407 400 2693 455 centenum
2737 406 3053 464 unoquoque
3092 408 3272 451 eorum
3312 401 3748 469 perveniente,mm

2300 492 2611 537 remaneant
2635 484 2722 552 qui
2749 482 2991 554 eruijam
3026 484 3091 539 de
3132 489 3303 555 poenis
3349 492 3535 547 illorum
3574 495 3747 555 interces-

2296 570 2448 628 sione
2479 562 2583 625 non
2617 574 2846 642 possint,
2876 584 2929 628 et
2972 576 3027 629 in
3066 576 3140 632 eis
3175 577 3457 635 inveniatur
3482 586 3666 655 quisquis
3688 594 3748 646 siti

2289 676 2443 730 spem
2488 661 2865 719 fructusalieni
2909 667 3203 721 temeritate
3242 672 3503 727 vanissima
3544 678 3750 746 pollicetur.

2300 751 2421 805 llzec
2474 770 2559 807 me
2607 754 2944 824 respondisse
2992 756 3093 811 illis
3126 759 3521 833 sulTeccrit,qui
3566 783 3749 825 samum

2298 842 2616 898 Litterarum
2633 886 2661 911 .,
2693 862 3157 916 quas-communes
3185 849 3462 920 habemus,
3486 860 3749 917 auctoritatem

2298 952 2400 990 non
2431 928 2730 1006 spernunt,
2762 938 2853 991 sed
2895 956 2987 993 eas
3013 942 3151 997 male
3196 944 3539 1015 intelligendo,
3563 966 3645 1005 non
3664 959 3752 1020 quod

2298 1026 2401 1080 illa:
2441 1027 2762 1097 loquuntur,
2788 1027 2879 1082 sed
2926 1030 3031 1085 hoc
3057 1032 3231 1099 potius
3269 1044 3442 1102 putant
3468 1036 3653 1096 futurum
3679 1058 3753 1100 esse

2298 1117 2437 1186 quod
2468 1119 2565 1187 ipsi
2598 1119 2779 1173 volunt
2802 1117 2901 1191 (lt).
2935 1121 3042 1176 Hac
3072 1123 3249 1193 itaque
3272 1130 3579 1195 responsione
3596 1136 3754 1201 Militi,

2302 1210 2495 1265 librutn
2517 1252 2532 1277 ,
2563 1212 2697 1266 sicut
2725 1206 3105 1282 promisimus,
3132 1218 3484 1275 tenninamus.

2361 1322 2434 1385 (α)
2466 1322 2598 1374 Couf.
2787 1324 2890 1386 ιε),
2902 1340 2979 1389 λιι..
2994 1328 3071 1377 15.

616 1450 3755 1485 M

1028 1534 1504 1645 LIBER
1590 1521 2433 1638 VIGESIMUS
2505 1523 3296 1639 SECUNDUS
3345 1534 3460 1651 (α),

616 1751 686 1797 De
708 1744 804 1794 line
824 1744 993 1793 debito
1008 1742 1213 1793 civitatis
1232 1740 1335 1797 Dei,
1353 1739 1444 1787 hoc
1462 1743 1537 1786 est
1558 1736 1621 1783 de
1644 1742 1827 1803 eterna
1846 1728 2078 1801 felicitate
2100 1739 2166 1776 sai

677 1806 833 1869 qualis
860 1804 1036 1855 1btura
1069 1805 1149 1854 sit.
1193 1809 1312 1851 Tum
1348 1802 1475 1849 dicto
1516 1797 1633 1861 quid
1670 1802 1827 1845 acturi
1870 1800 1968 1842 sint
2004 1804 2054 1840 ιιι
2080 1801 2166 1848 eor

2207 1732 2388 1799 :torum.
2402 1724 2677 1799 scisti-uitur
2698 1726 2819 1776 ﬁdes
2838 1731 3213 1802 ream-recitatis
3241 1746 3495 1798 corpu-um,
3518 1748 3560 1789 et
3574 1742 3757 1804 expiatio

2207 1788 2363 1837 aribus
2399 1788 2746 1840 animalibus
2770 1798 2925 1853 atque
3310 1800 3496 1861 sanctis,
3533 1812 3756 1866 opstat-ai-

681 1878 837 1919 natur.

2053 1953 2423 2012 θθζὶὶῢὲεειδϐθ

626 2098 876 2158 "CAPUT
913 2095 1195 2153 PRIMUM.
1221 2123 1293 2135 —
1334 2092 1410 2146 De
1448 2088 1731 2144 conditione
1767 2081 2071 2155 Angelanmt
2112 2084 2158 2129 et

1266 2183 1544 2237 hominum.

687 2306 737 2359 Ι.
770 2304 916 2358 Sicut
959 2302 1010 2355 in
1039 2299 1279 2370 proximo
1325 2297 1460 2351 libro
1493 2292 1768 2363 superiore
1816 2285 2186 2357 promisimus,

616 2398 715 2451 iste
759 2396 913 2462 hujus
961 2393 1120 2447 totius
1179 2388 1355 2461 operis
1402 2388 1616 2441 ultimus
1666 2380 2070 2452 disputationem
2120 2375 2189 2430 de

613 2484 959 2540 eiviuitis‘Dci
988 2494 1183 2537 a-terna
1229 2477 1552 2534 beatitudine
1581 2472 1889 2528 continebit.
1920 2470 2048 2537 Qum
2078 2482 2184 2521 non

616 2584 829 2647 propter
857 2576 1027 2631 (etatis
1056 2590 1149 2643 per
1173 2572 1332 2627 multa
1361 2570 1554 2624 sa‘cula
1586 2564 1981 2634 longitudinem,
2006 2570 2185 2614 tamen

611 2670 1049 2739 quandocumque
1068 2662 1380 2727 Tmientlam,
1405 2658 1714 2716 alternltatis
1742 2670 1933 2711 nomen
1957 2653 2181 2721 accepit;

610 2761 703 2815 sed
731 2757 1175 2829 quemadmodum
1202 2756 1455 2825 scriptum
1486 2760 1567 2807 εει
1592 2752 1643 2805 ἰιι
1672 2747 1995 2817 Evangelio,’
2023 2743 2185 2814 Regni

609 2853 718 2919 ejus
756 2867 853 2903 non
884 2849 976 2901 crit
1020 2848 1135 2915 ﬁnis
1156 2845 1302 2916 (Luc.
1335 2860 1372 2909 I,
1543 2842 1652 2897 Nec
1698 2842 1768 2895 ita
1813 2848 1870 2892 ιιι
1900 2838 2017 2892 aliis
2063 2849 2182 2889 Inn-

598 2940 793 2995 .riendo
838 2938 1251 3003 decedentibus,
1292 2934 1410 2989 aliis
1464 2930 1869 2987 succedentibus
1920 2924 2181 2990 oriende,

612 3031 817 3100 species
850 3032 991 3084 in-ea
1021 3026 1388 3097 perpetuitatis
1415 3031 1704 3094 appareat,
1737 3021 1873 3074 sicut
1914 3018 1963 3072 in
1982 3017 2182 3071 arbore

608 3139 729 3189 qua:
760 3117 1191 3189 perenni‘l'ronde
1216 3117 1457 3180 vestitur,
1491 3113 1675 3169 eadem
1704 3110 1915 3165 videtur
1942 3106 2181 3160 *virilitas

609 3228 956 3282 permanere,
1006 3210 1132 3265 dum
1189 3208 1490 3263 labentibus
1545 3215 1600 3260 et
1646 3202 1954 3257 cadentibus
2016 3198 2177 3263 foliis,

605 3302 830 3356 subinde
855 3303 955 3355 alia
985 3317 1101 3370 ιιιιςυ
1130 3308 1451 3362 nascuntur,
1486 3296 1673 3350 faciem
1702 3298 2023 3349 conservant
2046 3304 2178 3359 opa-

603 3393 940 3446 eitatis:setl
984 3404 1170 3445 omnes
1218 3391 1271 3444 in
1320 3404 1381 3444 ea
1426 3388 1569 3442 cives
1617 3384 1945 3439 immortales
1984 3390 2174 3446 erant,

601 3480 1013 3551 atlipiscentibus
1058 3490 1110 3534 et
1151 3479 1485 3544 hominibus,
1519 3476 1658 3547 quod
1699 3490 1965 3546 nunquam
2002 3471 2176 3529 sancti

603 3572 789 3643 Angeli
826 3572 1186 3642 perdidt-runt.
1234 3571 1412 3625 Faciet
1442 3570 1541 3625 hoc
1568 3569 1721 3624 Deus
1766 3567 2175 3637 omnipotentis-

598 3664 767 3718 simus
792 3664 908 3734 ejus
932 3660 1195 3717 conditor.
1221 3661 1467 3716 Promisit
1492 3661 1633 3713 cutim
1658 3673 1804 3725 ,znec
1833 3657 2043 3712 mentiri
2076 3672 2173 3727 po-

603 3766 738 3821 test;
765 3767 820 3810 et
864 3756 1055 3826 quibus
1103 3756 1259 3810 [idem
1288 3756 1429 3809 ‘hinc
1469 3769 1679 3824 quoque
1723 3754 1962 3819 faceret,
2010 3753 2174 3807 multa

601 3863 726 3911 sua,
752 3855 807 3901 et
833 3862 936 3899 non
967 3845 1223 3913 promissa
1243 3887 1257 3909 ,
1287 3856 1341 3900 ct
1371 3846 1626 3914 promissa
1650 3846 1758 3913 jam
1790 3846 1931 3899 fecit.

667 3935 725 3991 2.
768 3935 881 4005 ipse
908 3945 990 3990 est
1014 3937 1188 3999 enim,
1219 3936 1305 4006 qui
1346 3936 1398 3991 in
1446 3936 1977 4007 principio'condidit
2016 3951 2175 3992 mon.

598 4027 746 4095 dum,
779 4027 993 4097 plenum
1018 4027 1169 4080 bonis
1196 4027 1440 4081 omnibus
1468 4026 1760 4081 visibilibus
1788 4037 1946 4099 atque
1974 4028 2172 4083 intelli-

598 4118 847 4185 gibilibus
874 4118 1066 4184 rebus,
1101 4117 1153 4171 in
1180 4134 1302 4188 quo
1342 4119 1470 4172 nihil
1514 4119 1706 4174 melius
1740 4119 1963 4173 instituit
2014 4134 2169 4189 quam

598 4209 815 4279 spiritus
837 4251 852 4275 ,
876 4210 1071 4280 quibus
1101 4212 1499 4281 intelligentiam
1525 4211 1691 4275 dedit,
1717 4221 1771 4267 et
1797 4226 1906 4267 sua:
1934 4223 2173 4269 contem-

600 4300 847 4370 plationis
869 4300 1071 4356 habiles
1088 4315 1427 4372 ‘Capacesque
1451 4303 1529 4356 sui
1572 4305 1812 4373 put-stitit
1834 4346 1850 4367 ,
1878 4315 2033 4374 atque
2068 4321 2169 4361 una

596 4392 855 4447 societate
881 4391 1154 4455 devinxit,
1187 4410 1345 4462 quant
1371 4404 1606 4449 sanctam
1646 4407 1698 4450 et
1724 4411 2006 4465 supernam
2035 4396 2171 4452 dici-

599 4498 717 4537 mus
738 4484 1004 4538 civitatem
1030 4526 1046 4551 ,
1078 4486 1128 4538 in
1154 4500 1258 4555 qua
1282 4501 1366 4540 res
1395 4502 1497 4556 qua
1527 4496 1891 4543 sustentcutur
1924 4489 2169 4559 beatique

595 4572 721 4637 sint,
744 4573 881 4629 Deus
902 4575 1015 4644 ipse
1030 4576 1140 4630 illis
1165 4586 1244 4630 est
1268 4617 1283 4641 ,
1317 4586 1561 4647 tanquam
1583 4579 1687 4632 vita
1719 4582 1992 4649 victusque
2016 4595 2167 4634 com-

600 4662 797 4715 munis.
824 4663 922 4731 Qui
948 4665 1171 4719 liberum
1200 4668 1476 4721 arbitrium
1512 4668 1684 4722 eidem
1714 4670 2053 4725 intellectuali
2083 4686 2171 4726 na-

598 4762 728 4805 tura:
756 4754 937 4808 tribuit
962 4756 1066 4809 tale
1084 4797 1099 4821 ,
1127 4765 1183 4809 ut
1208 4756 1251 4810 si
1279 4756 1473 4822 vellet,
1496 4758 1766 4814 desereret
1793 4761 1977 4829 Deum,
1996 4762 2167 4817 beati-

595 4841 827 4897 tudinem
854 4845 1053 4899 scilicet
1092 4861 1239 4900 suam
1260 4888 1277 4913 ,
1308 4848 1562 4903 continuo
1610 4851 1821 4906 miseria
1847 4866 2089 4909 secutura
2122 4855 2164 4910 ί.

593 4931 833 5000 Quicum
874 4937 1143 5004 pnesciret
1170 4940 1387 5008 angelos
1415 4942 1670 5003 quosdam
1717 4959 1813 5013 per
1857 4946 2161 5015 elationem,

594 5041 698 5093 qua
724 5024 823 5095 ipsi
858 5026 957 5081 sibi
985 5027 1049 5080 ad
1073 5027 1279 5085 beatam
1308 5033 1470 5087 vitam
1503 5036 1749 5093 sufficere
1774 5039 1999 5106 vellent,
2034 5045 2164 5100 tanti

598 5117 720 5172 boni
742 5118 1045 5175 desertores
1073 5120 1306 5189 futuros,
1336 5141 1443 5180 non
1466 5129 1544 5182 eis
1563 5130 1761 5185 ademit
1786 5132 1922 5188 hanc
1943 5145 2167 5204 potesta-

595 5220 721 5274 lem,
750 5211 1014 5279 potentius
1039 5221 1093 5267 et
1116 5213 1308 5270 melius
1336 5232 1455 5273 eSse
1487 5218 1732 5290 judicans
1768 5225 1924 5279 etiam
1952 5226 2019 5281 de
2048 5242 2164 5282 ma-

596 5301 660 5355 lis
689 5302 821 5357 bene
842 5303 1015 5359 faeere
1034 5346 1050 5373 ,
1073 5322 1229 5377 quam
1257 5310 1393 5363 mala
1430 5326 1550 5368 esse
1575 5328 1679 5370 non
1709 5315 1886 5373 sinere
1907 5315 2003 5392 (ὸ).
2034 5319 2163 5388 Quae

654 5416 1009 5511 f_jtt_a_plures_e
1028 5440 1280 5511 veteribus
1301 5443 1452 5511 libris.
1479 5447 1590 5497 Fditi
1618 5462 1752 5502 vero.
1777 5456 1827 5499 ut
1856 5452 1900 5502 si
1922 5452 2056 5503 relict
2074 5456 2164 5505 de-

587 5502 1299 5608 ἔζέἷξρρεωᾱιιάὺιακ
1316 5505 1505 5558 scilicet
1532 5521 1686 5570 auaui,
1718 5513 1938 5565 continuo

980 5623 1172 5671 circiter
1191 5625 1375 5677 initium
1395 5632 1506 5679 anui
1531 5632 1639 5683 427,

654 5676 700 5729 Ui
756 5689 844 5728 (Inll
868 5718 879 5729 .
909 5682 992 5729 lib.
1025 5685 1073 5729 ΙΙ
1095 5687 1159 5729 de
1190 5694 1305 5729 Gen-
1335 5692 1391 5729 ml
1419 5692 1500 5729 litt
1534 5727 1541 5729 Α
1579 5710 1607 5729 ιι

650 5676 720 5731 (ιν)
756 5676 879 5729 mnf.
909 5682 992 5732 ιιι».
1025 5685 1073 5734 ιι
1095 5687 1159 5735 de
1190 5694 1305 5737 Gen.
1335 5692 1392 5738 ad
1416 5676 1639 5752 iiiiﬁif
1665 5697 1722 5745 te
1744 5707 1789 5746 et
1815 5713 1951 5763 stum.

2290 2074 2508 2129 omnino
2535 2077 2677 2133 nulla
2701 2089 2882 2135 essent
2904 2122 2921 2145 .
2952 2082 3055 2138 nisi
3080 2092 3273 2140 natura
3296 2088 3563 2157 mutabilis,
3584 2098 3749 2162 quamvis

2295 2164 2462 2235 bona,
2491 2178 2546 2223 et
2568 2186 2599 2225 a
2624 2184 2831 2228 summo
2876 2174 2987 2229 Deo
3025 2185 3189 2247 atque
3228 2178 3600 2239 incommutabili
3634 2185 3753 2251 bono,

2296 2260 2385 2329 qui
2417 2260 2553 2315 bona
2579 2265 2759 2320 omnia
2784 2268 3053 2335 condidit,
3077 2270 3318 2326 instituta
3335 2314 3349 2337 ,
3375 2277 3602 2344 peccando
3620 2296 3664 2335 ea
3693 2285 3755 2338 sibi

2296 2351 2396 2422 ipsi
2436 2354 2670 2411 fecisset.
2701 2358 2818 2425 Quo
2862 2362 3023 2417 etiam
3067 2376 3293 2433 peccato
3328 2381 3420 2421 suo
3460 2376 3574 2426 teste
3607 2377 3754 2429 comin-

2295 2445 2447 2512 citur,
2482 2447 2673 2504 bonam
2715 2452 2982 2509 conditam
3024 2471 3085 2512 se
3127 2473 3252 2514 esse
3289 2471 3528 2517 naturam.
3562 2464 3644 2519 ΙΨιεὶ
3664 2470 3754 2521 enim

2295 2553 2540 2608 magnum
2562 2549 2616 2594 et
2632 2542 2758 2610 ipsa
2782 2585 2797 2608 ,
2831 2544 2955 2600 licet
2974 2562 3079 2602 non
3108 2550 3315 2620 aequale
3332 2552 3576 2609 Conditori
3593 2598 3604 2622 ,
3622 2556 3753 2613 boum

2293 2637 2470 2695 esset,
2499 2630 2739 2700 profecto
2760 2633 2997 2691 'desertio
3020 2638 3115 2693 Dei
3142 2650 3386 2712 tanquam
3410 2644 3590 2701 luminis
3606 2650 3663 2701 sui
3685 2665 3753 2702 ma-

2294 2717 2402 2773 lum
2442 2720 2559 2789 ejus
2586 2736 2706 2777 esse
2729 2739 2834 2779 non
2858 2737 3038 2795 posset
3062 2728 3161 2802 (α).
3185 2731 3315 2787 Nam
3337 2735 3464 2790 sicut
3486 2738 3651 2791 cmeitas
3666 2740 3754 2793 ocuft

2292 2810 2474 2865 vitium
2502 2820 2620 2879 est,
2648 2824 2701 2869 et
2740 2816 2880 2871 idem
2921 2819 3091 2889 ipsum
3131 2823 3329 2879 indicat
3357 2826 3420 2880 ad
3462 2827 3607 2883 lumen
3630 2830 3752 2883 viden-

2288 2899 2414 2954 dum
2457 2903 2669 2958 oculum
2709 2921 2829 2963 esse
2870 2921 3113 2966 creatum
3139 2955 3156 2979 ,
3188 2929 3252 2969 ac
3290 2930 3383 2986 per
3416 2918 3506 2974 hoc
3538 2920 3658 2975 etiam
3679 2921 3752 2991 ipso

2289 2992 2879 3053 vitiosuoeseellentins
2894 3003 3195 3058 ostenditur
3203 3010 3408 3063 ceteris
3424 3010 3630 3066 membris
3642 3026 3753 3067 mea»

2287 3083 2440 3139 brum
2466 3100 2629 3157 capax
2657 3088 3013 3158 luminis(non
3032 3097 3179 3151 enim
3205 3099 3305 3153 alia
3333 3116 3479 3155 causa
3498 3112 3611 3158 esset
3628 3104 3750 3159 vitium

2285 3176 2404 3247 ejus
2430 3192 2618 3235 carere
2640 3180 2863 3255 lumine)
2898 3200 2913 3239 :
2943 3186 3013 3240 ita
3043 3198 3234 3244 natura
3264 3208 3379 3262 qua:
3402 3193 3629 3250 fruebatur
3653 3196 3747 3259 Deo,

2284 3270 2537 3338 Optimam
2574 3286 2639 3328 se
2679 3273 2975 3332 institutam
3005 3278 3164 3335 docet
3199 3283 3358 3338 etiam
3398 3282 3505 3354 ipso
3538 3286 3749 3356 vitio,qw

2288 3361 2409 3416 ideo
2450 3364 2644 3420 misera
2691 3373 2966 3439 est,~quia
3010 3387 3116 3427 non
3165 3374 3353 3431 fruitur
3379 3376 3507 3443 Deo;
3540 3378 3609 3449 qui
3627 3393 3745 3433 casui:

2282 3453 2592 3521 angelorum
2631 3458 2988 3515 voluntarium
3012 3464 3308 3531 justissima
3340 3483 3482 3537 pugna
3503 3469 3747 3539 sempitem

2283 3543 2605 3602 infelicitatis
2627 3548 2913 3606 obstrinxit
2930 3593 2947 3620 ,
2968 3566 3129 3625 atque
3151 3556 3211 3611 in
3237 3550 3521 3614 eosummo
3543 3561 3649 3615 bono
3666 3574 3744 3628 per-

2285 3638 2620 3695 manentibus
2636 3642 2850 3698 «cteris
2872 3685 2888 3709 ,
2921 3653 2979 3700 ut
3002 3645 3069 3700 de
3088 3661 3187 3703 sua
3216 3650 3331 3705 sine
3353 3650 3452 3706 line
3478 3650 3747 3720 pernimium

2283 3731 2419 3784 certi
2450 3741 2661 3800 essent,
2694 3743 2949 3807 tanquam
2979 3738 3144 3809 ipsius
3170 3745 3435 3812 praemium
3461 3741 3745 3814 permansianis

2279 3821 2445 3878 dedit.
2479 3824 2579 3891 Qui
2610 3825 2733 3882 fecit
2760 3828 3030 3888 hominem
3059 3833 3235 3903 ipsum
3281 3837 3431 3891 etiam
3470 3846 3632 3893 rectum
3663 3849 3743 3889 cum

2281 3913 2471 3970 eodem
2502 3916 2671 3973 libero
2699 3919 2919 3976 arbitrio
2942 3964 2957 3987 ,
2985 3933 3257 3982 terrenum
3282 3929 3477 4000 quidem
3496 3925 3742 3991 animalch

2278 4006 2417 4061 θωίο
2457 4007 2702 4079 ἀίειιιπη,
2752 4012 2797 4066 εἰ
2854 4026 2959 4068 suo
3011 4018 3309 4075 cohaereret
3363 4017 3741 4075 auctori:th

2278 4097 2550 4167 similiter,
2574 4100 2621 4155 si
2652 4117 2773 4156 eum
2805 4102 3078 4162 desereret
3097 4150 3113 4175 ,
3157 4121 3415 4174 secutura,
3440 4112 3583 4182 qualis
3602 4118 3742 4163 natura

2280 4188 2581 4258 ltujnsmodi
2614 4196 2943 4252 conveniret.
2972 4197 3140 4266 Quem
3167 4202 3405 4257 similiter
3425 4218 3529 4257 cum
3560 4198 3741 4271 prevari-

2276 4283 2487 4338 catione
2533 4282 2663 4354 legis
2702 4286 2793 4341 Dei
2842 4304 2937 4358 per
2975 4290 3066 4345 Dei
3110 4292 3452 4348 desertionem
3491 4302 3737 4364 peccaturum

2277 4389 2397 4431 esse
2429 4378 2700 4445 praenitet
2725 4420 2741 4445 ,
2774 4395 2873 4436 nec
2905 4381 2977 4436 illi
3020 4384 3218 4440 ademit
3258 4386 3407 4441 liberi
3442 4385 3606 4440 arbitrii
3636 4390 3737 4450 pote.

2276 4475 2489 4533 s'tatcm,
2515 4470 2672 4524 simul
2705 4472 3003 4540 pnevidens
3028 4514 3043 4539 ,
3073 4477 3200 4546 quid
3226 4476 3344 4531 boni
3370 4477 3433 4533 de
3452 4476 3567 4532 malo
3588 4475 3737 4544 ejuses

2280 4569 2363 4613 set
2413 4561 2526 4629 ipse
2586 4562 2851 4628 facturus,
2882 4566 2973 4636 qui
3009 4566 3076 4621 de
3120 4571 3326 4624 mortali
3361 4569 3576 4640 progenie
3604 4565 3734 4620 merito

2270 4651 2518 4721 justeque
2546 4651 2793 4709 damnata
2824 4665 3025 4712 tantum
3056 4659 3302 4729 pupulum
3343 4660 3490 4730 gratia
3523 4673 3597 4712 sua
3627 4654 3730 4709 colli-

2275 4742 2350 4812 git
2370 4783 2387 4806 ,
2414 4752 2470 4797 ut
2501 4743 2624 4799 inde
2651 4748 2926 4816 suppleat,
2953 4758 3007 4803 et
3035 4749 3292 4806 instauret
3313 4761 3495 4823 partem
3516 4763 3608 4819 qua!
3633 4747 3728 4812 lapsa

2274 4844 2357 4890 est
2376 4837 2687 4908 angelorum
2709 4856 2723 4903 ;
2749 4852 2811 4895 ac
2838 4842 2915 4896 sic
2955 4843 3043 4897 illa
3067 4842 3255 4898 dilecta
3292 4854 3346 4900 et
3382 4858 3572 4914 superna
3602 4839 3727 4894 citius

2275 4941 2383 4980 non
2423 4927 2693 4983 fraudetur
2728 4945 2945 4985 suorum
2995 4948 3214 4990 numero
3253 4936 3462 5001 civium,
3486 4934 3588 5004 quin
3618 4932 3726 4984 etiam

2273 5016 2511 5074 fortassis
2538 5028 2591 5075 et
2620 5021 2866 5078 uberiore
2891 5025 3098 5080 laetetur
3126 5026 3215 5098 (ι).
3477 5020 3480 5022 ⁷
3516 5024 3531 5031 ”

2272 5128 2498 5196 CAPUT
2522 5131 2739 5189 l|.—De
2760 5145 2948 5190 (eterna
2974 5136 3070 5192 Dei
3089 5149 3133 5192 et
3159 5137 3515 5193 incommtabili
3530 5134 3723 5188 voluntate.

2298 5308 2305 5313 .
2343 5264 2397 5317 l.
2434 5263 2595 5319 llulta
2625 5266 2770 5321 enim
2802 5266 2932 5323 ﬁunt
2951 5269 3161 5339 quidem
3189 5285 3220 5325 a
3248 5270 3389 5325 malis
3410 5276 3565 5325 contra
3591 5260 3721 5315 *ἀπ’

2272 5362 2433 5411 tatem
2467 5355 2558 5411 Dei
2585 5373 2600 5411 :
2629 5358 2723 5413 sed
2746 5368 2904 5414 tanta:
2930 5372 3013 5415 est
3041 5361 3131 5418 ille
3154 5362 3409 5433 sapientia
3428 5367 3638 5426 tantaque
3655 5351 3720 5403 vir-

2272 5445 2439 5516 llllll.
2469 5454 2531 5503 ut
2571 5448 2628 5505 in
2682 5465 2778 5506 eos
2819 5451 2996 5507 exitus
3036 5453 3147 5510 sive
3188 5453 3490 5523 lines,qaos
3524 5448 3653 5503 bona
3683 5448 3718 5493 et

2330 5642 2425 5715 (ᾳ)
2442 5644 2540 5715 vid.
2563 5643 2817 5715 εἴηὼς-Η..
2843 5659 2895 5697 n.
2918 5646 2971 5697 4.

2336 5707 2404 5768 go)
2443 5708 2576 5755 ιιιιει..
2600 5720 2651 5756 n.
2680 5707 2730 5759 θ.
