  <div class='ocr_page' id='page_1' title='image "/cluster/home/n/w/nwhite01/storage/ocr_20150623/40-41/uva.x000217726/1078.png"; bbox 0 0 3960 6538; ppageno 0'>
   <div class='ocr_carea' id='block_1_1' title="bbox 82 414 181 468">
    <p class='ocr_par' dir='ltr' id='par_1_1' title="bbox 82 414 181 468">
     <span class='ocr_line' id='line_1_1' title="bbox 82 414 181 468; baseline 0.01 -1"><span class='ocrx_word' id='word_1_1' title='bbox 82 414 181 468; x_wconf 71' lang='lat'><strong>755</strong></span> 
     </span>
    </p>
   </div>
   <div class='ocr_carea' id='block_1_2' title="bbox 85 525 1674 605">
    <p class='ocr_par' dir='ltr' id='par_1_2' title="bbox 85 525 1674 605">
     <span class='ocr_line' id='line_1_2' title="bbox 85 525 1674 605; baseline -0.002 -23"><span class='ocrx_word' id='word_1_2' title='bbox 85 536 252 598; x_wconf 55' lang='lat' dir='ltr'><strong>iustos</strong></span> <span class='ocrx_word' id='word_1_3' title='bbox 278 526 398 605; x_wconf 86' lang='lat' dir='ltr'><strong>ipse</strong></span> <span class='ocrx_word' id='word_1_4' title='bbox 440 529 712 598; x_wconf 66' lang='lat' dir='ltr'><strong>prmscivit</strong></span> <span class='ocrx_word' id='word_1_5' title='bbox 735 570 757 596; x_wconf 12' lang='lat' dir='ltr'><strong>,i</strong></span> <span class='ocrx_word' id='word_1_6' title='bbox 781 529 999 585; x_wconf 79' lang='lat' dir='ltr'><strong>tendant</strong></span> <span class='ocrx_word' id='word_1_7' title='bbox 1019 527 1196 584; x_wconf 83' lang='lat' dir='ltr'><strong>omnia</strong></span> <span class='ocrx_word' id='word_1_8' title='bbox 1222 569 1236 593; x_wconf 90' lang='lat'><strong>,</strong></span> <span class='ocrx_word' id='word_1_9' title='bbox 1267 544 1384 598; x_wconf 80' lang='lat' dir='ltr'><strong>qua:</strong></span> <span class='ocrx_word' id='word_1_10' title='bbox 1422 525 1674 581; x_wconf 83' lang='lat' dir='ltr'><strong>voluntati</strong></span> 
     </span>
    </p>
   </div>
   <div class='ocr_carea' id='block_1_3' title="bbox 86 618 1682 690">
    <p class='ocr_par' dir='ltr' id='par_1_3' title="bbox 86 618 1682 690">
     <span class='ocr_line' id='line_1_3' title="bbox 86 618 1682 690; baseline -0.003 -15"><span class='ocrx_word' id='word_1_11' title='bbox 86 623 197 689; x_wconf 84' lang='lat' dir='ltr'><strong>ejus</strong></span> <span class='ocrx_word' id='word_1_12' title='bbox 220 620 494 674; x_wconf 79' lang='lat' dir='ltr'><strong>videntur</strong></span> <span class='ocrx_word' id='word_1_13' title='bbox 524 621 776 676; x_wconf 82' lang='lat' dir='ltr'><strong>advorsa.</strong></span> <span class='ocrx_word' id='word_1_14' title='bbox 796 622 877 676; x_wconf 77' lang='lat' dir='ltr'><strong>Ac</strong></span> <span class='ocrx_word' id='word_1_15' title='bbox 906 635 999 690; x_wconf 90' lang='lat' dir='ltr'><strong>per</strong></span> <span class='ocrx_word' id='word_1_16' title='bbox 1026 620 1127 675; x_wconf 89' lang='lat' dir='ltr'><strong>hoc</strong></span> <span class='ocrx_word' id='word_1_17' title='bbox 1150 633 1272 673; x_wconf 88' lang='lat' dir='ltr'><strong>cum</strong></span> <span class='ocrx_word' id='word_1_18' title='bbox 1307 618 1447 673; x_wconf 90' lang='lat' dir='ltr'><strong>Deus</strong></span> <span class='ocrx_word' id='word_1_19' title='bbox 1473 626 1682 671; x_wconf 83' lang='lat' dir='ltr'><strong>mutare</strong></span> 
     </span>
    </p>
   </div>
   <div class='ocr_carea' id='block_1_4' title="bbox 89 707 1683 782">
    <p class='ocr_par' dir='ltr' id='par_1_4' title="bbox 89 707 1683 782">
     <span class='ocr_line' id='line_1_4' title="bbox 89 707 1683 782; baseline -0.003 -17"><span class='ocrx_word' id='word_1_20' title='bbox 89 713 279 766; x_wconf 83' lang='lat' dir='ltr'><strong>dicitur</strong></span> <span class='ocrx_word' id='word_1_21' title='bbox 305 712 688 777; x_wconf 72' lang='lat' dir='ltr'><strong>voluntatem,</strong></span> <span class='ocrx_word' id='word_1_22' title='bbox 720 720 778 766; x_wconf 93' lang='lat' dir='ltr'><strong>ut</strong></span> <span class='ocrx_word' id='word_1_23' title='bbox 798 710 992 782; x_wconf 93' lang='lat' dir='ltr'><strong>quibus</strong></span> <span class='ocrx_word' id='word_1_24' title='bbox 1028 709 1168 765; x_wconf 87' lang='lat' dir='ltr'><strong>lenis</strong></span> <span class='ocrx_word' id='word_1_25' title='bbox 1207 717 1324 766; x_wconf 83' lang='lat' dir='ltr'><strong>erat</strong></span> <span class='ocrx_word' id='word_1_26' title='bbox 1344 750 1360 774; x_wconf 94' lang='lat'><strong>,</strong></span> <span class='ocrx_word' id='word_1_27' title='bbox 1388 707 1537 763; x_wconf 87' lang='lat' dir='ltr'><strong>verbi</strong></span> <span class='ocrx_word' id='word_1_28' title='bbox 1561 720 1683 776; x_wconf 67' lang='lat' dir='ltr'><strong>gra-</strong></span> 
     </span>
    </p>
   </div>
   <div class='ocr_carea' id='block_1_5' title="bbox 95 801 1681 873">
    <p class='ocr_par' dir='ltr' id='par_1_5' title="bbox 95 801 1681 873">
     <span class='ocr_line' id='line_1_5' title="bbox 95 801 1681 873; baseline -0.005 -14"><span class='ocrx_word' id='word_1_29' title='bbox 95 806 162 859; x_wconf 88' lang='lat' dir='ltr'><strong>tia</strong></span> <span class='ocrx_word' id='word_1_30' title='bbox 190 844 211 871; x_wconf 93' lang='lat'><strong>,</strong></span> <span class='ocrx_word' id='word_1_31' title='bbox 241 801 521 858; x_wconf 78' lang='lat' dir='ltr'><strong>reddatur</strong></span> <span class='ocrx_word' id='word_1_32' title='bbox 546 803 744 869; x_wconf 91' lang='lat' dir='ltr'><strong>iratus,</strong></span> <span class='ocrx_word' id='word_1_33' title='bbox 771 802 848 861; x_wconf 90' lang='lat' dir='ltr'><strong>illi</strong></span> <span class='ocrx_word' id='word_1_34' title='bbox 869 802 1042 873; x_wconf 91' lang='lat' dir='ltr'><strong>potius</strong></span> <span class='ocrx_word' id='word_1_35' title='bbox 1068 816 1226 871; x_wconf 87' lang='lat' dir='ltr'><strong>quam</strong></span> <span class='ocrx_word' id='word_1_36' title='bbox 1255 802 1369 869; x_wconf 88' lang='lat' dir='ltr'><strong>ipse</strong></span> <span class='ocrx_word' id='word_1_37' title='bbox 1393 806 1681 861; x_wconf 81' lang='lat' dir='ltr'><strong>mutantur,</strong></span> 
     </span>
    </p>
   </div>
   <div class='ocr_carea' id='block_1_6' title="bbox 94 891 1689 966">
    <p class='ocr_par' dir='ltr' id='par_1_6' title="bbox 94 891 1689 966">
     <span class='ocr_line' id='line_1_6' title="bbox 94 891 1689 966; baseline -0.005 -15"><span class='ocrx_word' id='word_1_38' title='bbox 94 907 146 951; x_wconf 90' lang='lat' dir='ltr'><strong>et</strong></span> <span class='ocrx_word' id='word_1_39' title='bbox 168 912 294 952; x_wconf 88' lang='lat' dir='ltr'><strong>eum</strong></span> <span class='ocrx_word' id='word_1_40' title='bbox 325 895 736 966; x_wconf 87' lang='lat' dir='ltr'><strong>quodammodo</strong></span> <span class='ocrx_word' id='word_1_41' title='bbox 762 903 1021 949; x_wconf 81' lang='lat' dir='ltr'><strong>mutatum</strong></span> <span class='ocrx_word' id='word_1_42' title='bbox 1066 895 1121 948; x_wconf 90' lang='lat' dir='ltr'><strong>in</strong></span> <span class='ocrx_word' id='word_1_43' title='bbox 1165 893 1247 947; x_wconf 88' lang='lat' dir='ltr'><strong>his</strong></span> <span class='ocrx_word' id='word_1_44' title='bbox 1272 908 1392 962; x_wconf 66' lang='lat' dir='ltr'><strong>quae</strong></span> <span class='ocrx_word' id='word_1_45' title='bbox 1419 891 1689 962; x_wconf 86' lang='lat' dir='ltr'><strong>patiuntur</strong></span> 
     </span>
    </p>
   </div>
   <div class='ocr_carea' id='block_1_7' title="bbox 97 982 1690 1050">
    <p class='ocr_par' dir='ltr' id='par_1_7' title="bbox 97 982 1690 1050">
     <span class='ocr_line' id='line_1_7' title="bbox 97 982 1690 1050; baseline -0.005 -9"><span class='ocrx_word' id='word_1_46' title='bbox 97 986 380 1043; x_wconf 84' lang='lat' dir='ltr'><strong>inveniunt</strong></span> <span class='ocrx_word' id='word_1_47' title='bbox 405 1002 423 1041; x_wconf 89' lang='lat'><strong>:</strong></span> <span class='ocrx_word' id='word_1_48' title='bbox 454 987 602 1042; x_wconf 81' lang='lat' dir='ltr'><strong>sicut</strong></span> <span class='ocrx_word' id='word_1_49' title='bbox 625 995 859 1040; x_wconf 78' lang='lat' dir='ltr'><strong>mutatur</strong></span> <span class='ocrx_word' id='word_1_50' title='bbox 875 985 957 1040; x_wconf 88' lang='lat' dir='ltr'><strong>sol</strong></span> <span class='ocrx_word' id='word_1_51' title='bbox 984 984 1154 1039; x_wconf 84' lang='lat' dir='ltr'><strong>oculis</strong></span> <span class='ocrx_word' id='word_1_52' title='bbox 1172 982 1440 1048; x_wconf 85' lang='lat' dir='ltr'><strong>sauciatis,</strong></span> <span class='ocrx_word' id='word_1_53' title='bbox 1461 989 1517 1035; x_wconf 92' lang='lat' dir='ltr'><strong>et</strong></span> <span class='ocrx_word' id='word_1_54' title='bbox 1532 994 1690 1050; x_wconf 81' lang='lat' dir='ltr'><strong>asper</strong></span> 
     </span>
    </p>
   </div>
   <div class='ocr_carea' id='block_1_8' title="bbox 98 1069 1692 1147">
    <p class='ocr_par' dir='ltr' id='par_1_8' title="bbox 98 1069 1692 1147">
     <span class='ocr_line' id='line_1_8' title="bbox 98 1069 1692 1147; baseline -0.006 -15"><span class='ocrx_word' id='word_1_55' title='bbox 98 1076 513 1147; x_wconf 84' lang='lat' dir='ltr'><strong>quodammodo</strong></span> <span class='ocrx_word' id='word_1_56' title='bbox 536 1091 601 1131; x_wconf 78' lang='lat' dir='ltr'><strong>ex</strong></span> <span class='ocrx_word' id='word_1_57' title='bbox 621 1076 769 1141; x_wconf 88' lang='lat' dir='ltr'><strong>miti,</strong></span> <span class='ocrx_word' id='word_1_58' title='bbox 797 1083 852 1131; x_wconf 89' lang='lat' dir='ltr'><strong>et</strong></span> <span class='ocrx_word' id='word_1_59' title='bbox 876 1091 941 1130; x_wconf 80' lang='lat' dir='ltr'><strong>ex</strong></span> <span class='ocrx_word' id='word_1_60' title='bbox 961 1073 1259 1130; x_wconf 80' lang='lat' dir='ltr'><strong>delectabili</strong></span> <span class='ocrx_word' id='word_1_61' title='bbox 1289 1070 1543 1126; x_wconf 86' lang='lat' dir='ltr'><strong>molestus</strong></span> <span class='ocrx_word' id='word_1_62' title='bbox 1570 1069 1692 1124; x_wconf 73' lang='grc' dir='ltr'><strong>ειη-</strong></span> 
     </span>
    </p>
   </div>
   <div class='ocr_carea' id='block_1_9' title="bbox 100 1162 1691 1239">
    <p class='ocr_par' dir='ltr' id='par_1_9' title="bbox 100 1162 1691 1239">
     <span class='ocr_line' id='line_1_9' title="bbox 100 1162 1691 1239; baseline -0.007 -12"><span class='ocrx_word' id='word_1_63' title='bbox 100 1170 235 1229; x_wconf 81' lang='lat' dir='ltr'><strong>citur</strong></span> <span class='ocrx_word' id='word_1_64' title='bbox 254 1209 274 1235; x_wconf 94' lang='lat'><strong>,</strong></span> <span class='ocrx_word' id='word_1_65' title='bbox 305 1182 441 1224; x_wconf 84' lang='lat' dir='ltr'><strong>cum</strong></span> <span class='ocrx_word' id='word_1_66' title='bbox 471 1168 589 1239; x_wconf 87' lang='lat' dir='ltr'><strong>ipse</strong></span> <span class='ocrx_word' id='word_1_67' title='bbox 614 1168 753 1238; x_wconf 89' lang='lat' dir='ltr'><strong>apud</strong></span> <span class='ocrx_word' id='word_1_68' title='bbox 775 1183 837 1222; x_wconf 88' lang='lat' dir='ltr'><strong>se</strong></span> <span class='ocrx_word' id='word_1_69' title='bbox 857 1168 1029 1237; x_wconf 83' lang='lat' dir='ltr'><strong>ipsum</strong></span> <span class='ocrx_word' id='word_1_70' title='bbox 1056 1175 1266 1220; x_wconf 85' lang='lat' dir='ltr'><strong>maneat</strong></span> <span class='ocrx_word' id='word_1_71' title='bbox 1294 1165 1432 1218; x_wconf 90' lang='lat' dir='ltr'><strong>idem</strong></span> <span class='ocrx_word' id='word_1_72' title='bbox 1457 1166 1544 1232; x_wconf 91' lang='lat' dir='ltr'><strong>qui</strong></span> <span class='ocrx_word' id='word_1_73' title='bbox 1576 1162 1691 1216; x_wconf 85' lang='lat' dir='ltr'><strong>fuit.</strong></span> 
     </span>
    </p>
   </div>
   <div class='ocr_carea' id='block_1_10' title="bbox 106 1252 1701 1326">
    <p class='ocr_par' dir='ltr' id='par_1_10' title="bbox 106 1252 1701 1326">
     <span class='ocr_line' id='line_1_10' title="bbox 106 1252 1701 1326; baseline -0.006 -11"><span class='ocrx_word' id='word_1_74' title='bbox 106 1260 307 1315; x_wconf 80' lang='lat' dir='ltr'><strong>Dicitur</strong></span> <span class='ocrx_word' id='word_1_75' title='bbox 333 1260 512 1315; x_wconf 86' lang='lat' dir='ltr'><strong>etiam</strong></span> <span class='ocrx_word' id='word_1_76' title='bbox 537 1260 781 1314; x_wconf 78' lang='lat' dir='ltr'><strong>voluntas</strong></span> <span class='ocrx_word' id='word_1_77' title='bbox 815 1259 943 1325; x_wconf 89' lang='lat' dir='ltr'><strong>Dei,</strong></span> <span class='ocrx_word' id='word_1_78' title='bbox 972 1272 1128 1326; x_wconf 89' lang='lat' dir='ltr'><strong>quam</strong></span> <span class='ocrx_word' id='word_1_79' title='bbox 1183 1256 1309 1310; x_wconf 79' lang='lat' dir='ltr'><strong>facit</strong></span> <span class='ocrx_word' id='word_1_80' title='bbox 1356 1256 1409 1309; x_wconf 91' lang='lat' dir='ltr'><strong>in</strong></span> <span class='ocrx_word' id='word_1_81' title='bbox 1445 1252 1701 1309; x_wconf 73' lang='lat' dir='ltr'><strong>cordibus</strong></span> 
     </span>
    </p>
   </div>
   <div class='ocr_carea' id='block_1_11' title="bbox 106 1332 1701 1419">
    <p class='ocr_par' dir='ltr' id='par_1_11' title="bbox 106 1332 1701 1419">
     <span class='ocr_line' id='line_1_11' title="bbox 106 1332 1701 1419; baseline -0.008 -12"><span class='ocrx_word' id='word_1_82' title='bbox 106 1350 485 1407; x_wconf 82' lang='lat' dir='ltr'><strong>obedientium</strong></span> <span class='ocrx_word' id='word_1_83' title='bbox 510 1351 773 1405; x_wconf 80' lang='lat' dir='ltr'><strong>mandatis</strong></span> <span class='ocrx_word' id='word_1_84' title='bbox 808 1351 923 1418; x_wconf 89' lang='lat' dir='ltr'><strong>ejus</strong></span> <span class='ocrx_word' id='word_1_85' title='bbox 941 1390 957 1414; x_wconf 98' lang='lat'><strong>,</strong></span> <span class='ocrx_word' id='word_1_86' title='bbox 983 1350 1052 1402; x_wconf 91' lang='lat' dir='ltr'><strong>de</strong></span> <span class='ocrx_word' id='word_1_87' title='bbox 1087 1363 1187 1419; x_wconf 76' lang='lat' dir='ltr'><strong>qua</strong></span> <span class='ocrx_word' id='word_1_88' title='bbox 1217 1347 1346 1400; x_wconf 87' lang='lat' dir='ltr'><strong>dicit</strong></span> <span class='ocrx_word' id='word_1_89' title='bbox 1375 1332 1701 1414; x_wconf 76' lang='lat' dir='ltr'><strong>Apostolus,</strong></span> 
     </span>
    </p>
   </div>
   <div class='ocr_carea' id='block_1_12' title="bbox 107 1433 1700 1511">
    <p class='ocr_par' dir='ltr' id='par_1_12' title="bbox 107 1433 1700 1511">
     <span class='ocr_line' id='line_1_12' title="bbox 107 1433 1700 1511; baseline -0.008 -14"><span class='ocrx_word' id='word_1_90' title='bbox 107 1441 245 1497; x_wconf 67' lang='lat' dir='ltr'><strong>Data</strong></span> <span class='ocrx_word' id='word_1_91' title='bbox 269 1452 348 1497; x_wconf 80' lang='lat' dir='ltr'><strong>est</strong></span> <span class='ocrx_word' id='word_1_92' title='bbox 377 1443 522 1496; x_wconf 81' lang='lat' dir='ltr'><strong>enim</strong></span> <span class='ocrx_word' id='word_1_93' title='bbox 541 1483 555 1505; x_wconf 93' lang='lat'><strong>,</strong></span> <span class='ocrx_word' id='word_1_94' title='bbox 584 1443 671 1511; x_wconf 84' lang='lat' dir='ltr'><strong>qui</strong></span> <span class='ocrx_word' id='word_1_95' title='bbox 699 1440 1008 1511; x_wconf 78' lang='lat' dir='ltr'><strong>operaturiu</strong></span> <span class='ocrx_word' id='word_1_96' title='bbox 1037 1438 1172 1492; x_wconf 74' lang='lat' dir='ltr'><strong>vobis</strong></span> <span class='ocrx_word' id='word_1_97' title='bbox 1208 1447 1256 1490; x_wconf 82' lang='lat' dir='ltr'><strong>et</strong></span> <span class='ocrx_word' id='word_1_98' title='bbox 1286 1436 1414 1491; x_wconf 76' lang='lat' dir='ltr'><strong>velle</strong></span> <span class='ocrx_word' id='word_1_99' title='bbox 1438 1433 1700 1502; x_wconf 75' lang='lat' dir='ltr'><strong>(Philipp.</strong></span> 
     </span>
    </p>
   </div>
   <div class='ocr_carea' id='block_1_13' title="bbox 112 1525 1708 1601">
    <p class='ocr_par' dir='ltr' id='par_1_13' title="bbox 112 1525 1708 1601">
     <span class='ocr_line' id='line_1_13' title="bbox 112 1525 1708 1601; baseline -0.008 -13"><span class='ocrx_word' id='word_1_100' title='bbox 112 1548 169 1599; x_wconf 81' lang='grc' dir='ltr'>ιι,</span> <span class='ocrx_word' id='word_1_101' title='bbox 197 1532 317 1601; x_wconf 71' lang='grc'><strong>15).</strong></span> <span class='ocrx_word' id='word_1_102' title='bbox 346 1531 512 1591; x_wconf 82' lang='lat' dir='ltr'><strong>Sicut</strong></span> <span class='ocrx_word' id='word_1_103' title='bbox 531 1532 737 1600; x_wconf 85' lang='lat' dir='ltr'><strong>justitia</strong></span> <span class='ocrx_word' id='word_1_104' title='bbox 762 1532 780 1563; x_wconf 74' lang='grc' dir='ltr'><strong>ι</strong></span> <span class='ocrx_word' id='word_1_105' title='bbox 813 1531 926 1593; x_wconf 88' lang='lat' dir='ltr'><strong>Dei,</strong></span> <span class='ocrx_word' id='word_1_106' title='bbox 947 1545 1053 1583; x_wconf 92' lang='lat' dir='ltr'><strong>non</strong></span> <span class='ocrx_word' id='word_1_107' title='bbox 1073 1528 1245 1583; x_wconf 87' lang='lat' dir='ltr'><strong>solum</strong></span> <span class='ocrx_word' id='word_1_108' title='bbox 1271 1542 1373 1596; x_wconf 89' lang='lat' dir='ltr'><strong>qua</strong></span> <span class='ocrx_word' id='word_1_109' title='bbox 1401 1525 1708 1595; x_wconf 84' lang='lat' dir='ltr'><strong>ipsejustus</strong></span> 
     </span>
    </p>
   </div>
   <div class='ocr_carea' id='block_1_14' title="bbox 113 1613 1713 1692">
    <p class='ocr_par' dir='ltr' id='par_1_14' title="bbox 113 1613 1713 1692">
     <span class='ocr_line' id='line_1_14' title="bbox 113 1613 1713 1692; baseline -0.006 -14"><span class='ocrx_word' id='word_1_110' title='bbox 113 1633 192 1678; x_wconf 84' lang='lat' dir='ltr'><strong>est</strong></span> <span class='ocrx_word' id='word_1_111' title='bbox 216 1624 576 1690; x_wconf 41' lang='lat' dir='ltr'><strong>diciturrsed</strong></span> <span class='ocrx_word' id='word_1_112' title='bbox 622 1624 711 1678; x_wconf 84' lang='lat' dir='ltr'><strong>illa</strong></span> <span class='ocrx_word' id='word_1_113' title='bbox 758 1623 921 1678; x_wconf 83' lang='lat' dir='ltr'><strong>etiam</strong></span> <span class='ocrx_word' id='word_1_114' title='bbox 951 1637 1109 1692; x_wconf 86' lang='lat' dir='ltr'><strong>quam</strong></span> <span class='ocrx_word' id='word_1_115' title='bbox 1139 1620 1211 1674; x_wconf 85' lang='lat' dir='ltr'><strong>in.</strong></span> <span class='ocrx_word' id='word_1_116' title='bbox 1234 1618 1475 1683; x_wconf 82' lang='lat' dir='ltr'><strong>homine,</strong></span> <span class='ocrx_word' id='word_1_117' title='bbox 1504 1616 1591 1685; x_wconf 87' lang='lat' dir='ltr'><strong>qui</strong></span> <span class='ocrx_word' id='word_1_118' title='bbox 1636 1613 1713 1668; x_wconf 75' lang='lat' dir='ltr'><strong>alr</strong></span> 
     </span>
    </p>
   </div>
   <div class='ocr_carea' id='block_1_15' title="bbox 116 1712 1724 1783">
    <p class='ocr_par' dir='ltr' id='par_1_15' title="bbox 116 1712 1724 1783">
     <span class='ocr_line' id='line_1_15' title="bbox 116 1712 1724 1783; baseline -0.005 -16"><span class='ocrx_word' id='word_1_119' title='bbox 116 1714 205 1768; x_wconf 86' lang='lat' dir='ltr'><strong>illo</strong></span> <span class='ocrx_word' id='word_1_120' title='bbox 243 1714 608 1783; x_wconf 81' lang='lat' dir='ltr'><strong>justiﬁeatur,</strong></span> <span class='ocrx_word' id='word_1_121' title='bbox 640 1712 766 1768; x_wconf 75' lang='lat' dir='ltr'><strong>facit</strong></span> <span class='ocrx_word' id='word_1_122' title='bbox 795 1729 809 1765; x_wconf 89' lang='lat'><strong>:</strong></span> <span class='ocrx_word' id='word_1_123' title='bbox 839 1712 916 1766; x_wconf 91' lang='lat' dir='ltr'><strong>sic</strong></span> <span class='ocrx_word' id='word_1_124' title='bbox 956 1722 1011 1765; x_wconf 90' lang='lat' dir='ltr'><strong>et</strong></span> <span class='ocrx_word' id='word_1_125' title='bbox 1056 1712 1147 1765; x_wconf 74' lang='lat' dir='ltr'><strong>Iex~</strong></span> <span class='ocrx_word' id='word_1_126' title='bbox 1168 1713 1289 1778; x_wconf 85' lang='lat' dir='ltr'><strong>ejus</strong></span> <span class='ocrx_word' id='word_1_127' title='bbox 1311 1717 1561 1768; x_wconf 78' lang='lat' dir='ltr'><strong>vocatur.</strong></span> <span class='ocrx_word' id='word_1_128' title='bbox 1590 1720 1724 1774; x_wconf 79' lang='lat' dir='ltr'><strong>qua:-</strong></span> 
     </span>
    </p>
   </div>
   <div class='ocr_carea' id='block_1_16' title="bbox 120 1796 1715 1871">
    <p class='ocr_par' dir='ltr' id='par_1_16' title="bbox 120 1796 1715 1871">
     <span class='ocr_line' id='line_1_16' title="bbox 120 1796 1715 1871; baseline -0.003 -15"><span class='ocrx_word' id='word_1_129' title='bbox 120 1804 295 1871; x_wconf 84' lang='lat' dir='ltr'><strong>potius</strong></span> <span class='ocrx_word' id='word_1_130' title='bbox 317 1812 409 1858; x_wconf 73' lang='lat' dir='ltr'><strong>est</strong></span> <span class='ocrx_word' id='word_1_131' title='bbox 434 1804 752 1867; x_wconf 84' lang='lat' dir='ltr'><strong>hominum,</strong></span> <span class='ocrx_word' id='word_1_132' title='bbox 779 1801 873 1856; x_wconf 86' lang='lat' dir='ltr'><strong>sed</strong></span> <span class='ocrx_word' id='word_1_133' title='bbox 896 1802 965 1855; x_wconf 82' lang='lat' dir='ltr'><strong>ab</strong></span> <span class='ocrx_word' id='word_1_134' title='bbox 993 1800 1110 1869; x_wconf 88' lang='lat' dir='ltr'><strong>ipso</strong></span> <span class='ocrx_word' id='word_1_135' title='bbox 1131 1800 1253 1853; x_wconf 83' lang='lat' dir='ltr'><strong>data</strong></span> <span class='ocrx_word' id='word_1_136' title='bbox 1280 1801 1323 1852; x_wconf 81' lang='grc'><strong>².</strong></span> <span class='ocrx_word' id='word_1_137' title='bbox 1371 1797 1502 1853; x_wconf 80' lang='lat' dir='ltr'><strong>Nam</strong></span> <span class='ocrx_word' id='word_1_138' title='bbox 1529 1796 1715 1865; x_wconf 82' lang='lat' dir='ltr'><strong>utique</strong></span> 
     </span>
    </p>
   </div>
   <div class='ocr_carea' id='block_1_17' title="bbox 122 1887 1711 1964">
    <p class='ocr_par' dir='ltr' id='par_1_17' title="bbox 122 1887 1711 1964">
     <span class='ocr_line' id='line_1_17' title="bbox 122 1887 1711 1964; baseline -0.011 -8"><span class='ocrx_word' id='word_1_139' title='bbox 122 1894 369 1955; x_wconf 71' lang='lat' dir='ltr'><strong>homines</strong></span> <span class='ocrx_word' id='word_1_140' title='bbox 395 1904 556 1950; x_wconf 87' lang='lat' dir='ltr'><strong>erant</strong></span> <span class='ocrx_word' id='word_1_141' title='bbox 574 1932 589 1961; x_wconf 84' lang='lat'><strong>,</strong></span> <span class='ocrx_word' id='word_1_142' title='bbox 619 1894 813 1964; x_wconf 87' lang='lat' dir='ltr'><strong>quibus</strong></span> <span class='ocrx_word' id='word_1_143' title='bbox 832 1895 907 1948; x_wconf 88' lang='lat' dir='ltr'><strong>ait</strong></span> <span class='ocrx_word' id='word_1_144' title='bbox 932 1893 1088 1948; x_wconf 82' lang='lat' dir='ltr'><strong>Jesus</strong></span> <span class='ocrx_word' id='word_1_145' title='bbox 1112 1934 1127 1957; x_wconf 95' lang='lat'><strong>,</strong></span> <span class='ocrx_word' id='word_1_146' title='bbox 1166 1890 1237 1946; x_wconf 80' lang='lat' dir='ltr'><strong>In</strong></span> <span class='ocrx_word' id='word_1_147' title='bbox 1262 1893 1369 1963; x_wconf 81' lang='lat' dir='ltr'><strong>tege</strong></span> <span class='ocrx_word' id='word_1_148' title='bbox 1395 1899 1555 1943; x_wconf 83' lang='lat' dir='ltr'><strong>vestra</strong></span> <span class='ocrx_word' id='word_1_149' title='bbox 1588 1887 1711 1941; x_wconf 59' lang='lat' dir='ltr'><strong>seria</strong></span> 
     </span>
    </p>
   </div>
   <div class='ocr_carea' id='block_1_18' title="bbox 126 1981 1713 2058">
    <p class='ocr_par' dir='ltr' id='par_1_18' title="bbox 126 1981 1713 2058">
     <span class='ocr_line' id='line_1_18' title="bbox 126 1981 1713 2058; baseline -0.004 -19"><span class='ocrx_word' id='word_1_150' title='bbox 126 1996 268 2053; x_wconf 79' lang='lat' dir='ltr'><strong>ptum</strong></span> <span class='ocrx_word' id='word_1_151' title='bbox 309 1998 387 2042; x_wconf 86' lang='lat' dir='ltr'><strong>est</strong></span> <span class='ocrx_word' id='word_1_152' title='bbox 418 1985 602 2058; x_wconf 65' lang='lat' dir='ltr'><strong>(Joan.</strong></span> <span class='ocrx_word' id='word_1_153' title='bbox 631 2001 743 2050; x_wconf 74' lang='lat' dir='ltr'><strong>vui,</strong></span> <span class='ocrx_word' id='word_1_154' title='bbox 772 1986 860 2049; x_wconf 80' lang='grc' dir='ltr'><strong>Π)</strong></span> <span class='ocrx_word' id='word_1_155' title='bbox 888 2001 901 2038; x_wconf 91' lang='lat'><strong>:</strong></span> <span class='ocrx_word' id='word_1_156' title='bbox 932 1999 1054 2037; x_wconf 78' lang='lat' dir='ltr'><strong>cum</strong></span> <span class='ocrx_word' id='word_1_157' title='bbox 1106 1984 1214 2038; x_wconf 88' lang='lat' dir='ltr'><strong>alio</strong></span> <span class='ocrx_word' id='word_1_158' title='bbox 1272 1983 1388 2037; x_wconf 91' lang='lat' dir='ltr'><strong>loco</strong></span> <span class='ocrx_word' id='word_1_159' title='bbox 1436 1981 1672 2050; x_wconf 66' lang='lat' dir='ltr'><strong>legamus</strong></span> <span class='ocrx_word' id='word_1_160' title='bbox 1694 2018 1713 2043; x_wconf 88' lang='lat'><strong>,</strong></span> 
     </span>
    </p>
   </div>
   <div class='ocr_carea' id='block_1_19' title="bbox 125 2072 1720 2146">
    <p class='ocr_par' dir='ltr' id='par_1_19' title="bbox 125 2072 1720 2146">
     <span class='ocr_line' id='line_1_19' title="bbox 125 2072 1720 2146; baseline -0.004 -16"><span class='ocrx_word' id='word_1_161' title='bbox 125 2074 230 2130; x_wconf 68' lang='lat' dir='ltr'><strong>La</strong></span> <span class='ocrx_word' id='word_1_162' title='bbox 250 2074 354 2130; x_wconf 78' lang='lat' dir='ltr'><strong>Dei</strong></span> <span class='ocrx_word' id='word_1_163' title='bbox 381 2078 501 2145; x_wconf 83' lang='lat' dir='ltr'><strong>ejus</strong></span> <span class='ocrx_word' id='word_1_164' title='bbox 534 2078 585 2130; x_wconf 83' lang='lat' dir='ltr'><strong>in</strong></span> <span class='ocrx_word' id='word_1_165' title='bbox 612 2076 762 2129; x_wconf 86' lang='lat' dir='ltr'><strong>corde</strong></span> <span class='ocrx_word' id='word_1_166' title='bbox 780 2073 1143 2146; x_wconf 80' lang='lat' dir='ltr'><strong>ipsius.(Psol.</strong></span> <span class='ocrx_word' id='word_1_167' title='bbox 1165 2088 1349 2139; x_wconf 65' lang='lat' dir='ltr'><strong>nam,</strong></span> <span class='ocrx_word' id='word_1_168' title='bbox 1379 2072 1494 2141; x_wconf 73' lang='lat'><strong>5!).</strong></span> <span class='ocrx_word' id='word_1_169' title='bbox 1520 2073 1720 2126; x_wconf 79' lang='lat' dir='ltr'><strong>Secun-</strong></span> 
     </span>
    </p>
   </div>
   <div class='ocr_carea' id='block_1_20' title="bbox 131 2162 1729 2237">
    <p class='ocr_par' dir='ltr' id='par_1_20' title="bbox 131 2162 1729 2237">
     <span class='ocr_line' id='line_1_20' title="bbox 131 2162 1729 2237; baseline -0.004 -17"><span class='ocrx_word' id='word_1_170' title='bbox 131 2170 252 2223; x_wconf 87' lang='lat' dir='ltr'><strong>dum</strong></span> <span class='ocrx_word' id='word_1_171' title='bbox 282 2169 429 2223; x_wconf 86' lang='lat' dir='ltr'><strong>hanc</strong></span> <span class='ocrx_word' id='word_1_172' title='bbox 455 2169 783 2224; x_wconf 87' lang='lat' dir='ltr'><strong>voluntatem</strong></span> <span class='ocrx_word' id='word_1_173' title='bbox 800 2209 815 2229; x_wconf 94' lang='lat'><strong>,</strong></span> <span class='ocrx_word' id='word_1_174' title='bbox 843 2183 1002 2237; x_wconf 82' lang='lat' dir='ltr'><strong>quam</strong></span> <span class='ocrx_word' id='word_1_175' title='bbox 1030 2168 1175 2221; x_wconf 85' lang='lat' dir='ltr'><strong>Deus</strong></span> <span class='ocrx_word' id='word_1_176' title='bbox 1196 2173 1444 2234; x_wconf 82' lang='lat' dir='ltr'><strong>operatur</strong></span> <span class='ocrx_word' id='word_1_177' title='bbox 1472 2163 1524 2217; x_wconf 90' lang='lat' dir='ltr'><strong>in</strong></span> <span class='ocrx_word' id='word_1_178' title='bbox 1548 2162 1729 2216; x_wconf 70' lang='lat' dir='ltr'><strong>humi-</strong></span> 
     </span>
    </p>
   </div>
   <div class='ocr_carea' id='block_1_21' title="bbox 133 2252 1716 2326">
    <p class='ocr_par' dir='ltr' id='par_1_21' title="bbox 133 2252 1716 2326">
     <span class='ocr_line' id='line_1_21' title="bbox 133 2252 1716 2326; baseline -0.003 -15"><span class='ocrx_word' id='word_1_179' title='bbox 133 2258 289 2313; x_wconf 87' lang='lat' dir='ltr'><strong>nibus</strong></span> <span class='ocrx_word' id='word_1_180' title='bbox 309 2298 328 2322; x_wconf 98' lang='lat'><strong>,</strong></span> <span class='ocrx_word' id='word_1_181' title='bbox 353 2259 525 2313; x_wconf 85' lang='lat' dir='ltr'><strong>etiam</strong></span> <span class='ocrx_word' id='word_1_182' title='bbox 570 2257 709 2313; x_wconf 92' lang='lat' dir='ltr'><strong>velle</strong></span> <span class='ocrx_word' id='word_1_183' title='bbox 748 2256 967 2321; x_wconf 73' lang='lat' dir='ltr'><strong>dicitur,</strong></span> <span class='ocrx_word' id='word_1_184' title='bbox 992 2256 1133 2326; x_wconf 86' lang='lat' dir='ltr'><strong>quod</strong></span> <span class='ocrx_word' id='word_1_185' title='bbox 1169 2257 1281 2324; x_wconf 87' lang='lat' dir='ltr'><strong>ipse</strong></span> <span class='ocrx_word' id='word_1_186' title='bbox 1308 2270 1415 2309; x_wconf 85' lang='lat' dir='ltr'><strong>non</strong></span> <span class='ocrx_word' id='word_1_187' title='bbox 1442 2254 1590 2318; x_wconf 85' lang='lat' dir='ltr'><strong>vult,</strong></span> <span class='ocrx_word' id='word_1_188' title='bbox 1622 2252 1716 2307; x_wconf 90' lang='lat' dir='ltr'><strong>sed</strong></span> 
     </span>
    </p>
   </div>
   <div class='ocr_carea' id='block_1_22' title="bbox 137 2343 1733 2415">
    <p class='ocr_par' dir='ltr' id='par_1_22' title="bbox 137 2343 1733 2415">
     <span class='ocr_line' id='line_1_22' title="bbox 137 2343 1733 2415; baseline -0.003 -13"><span class='ocrx_word' id='word_1_189' title='bbox 137 2362 258 2402; x_wconf 86' lang='lat' dir='ltr'><strong>suos</strong></span> <span class='ocrx_word' id='word_1_190' title='bbox 286 2349 340 2403; x_wconf 89' lang='lat' dir='ltr'><strong>id</strong></span> <span class='ocrx_word' id='word_1_191' title='bbox 369 2349 618 2404; x_wconf 80' lang='lat' dir='ltr'><strong>volentes</strong></span> <span class='ocrx_word' id='word_1_192' title='bbox 645 2347 769 2402; x_wconf 80' lang='lat' dir='ltr'><strong>facit</strong></span> <span class='ocrx_word' id='word_1_193' title='bbox 794 2365 808 2401; x_wconf 89' lang='lat'><strong>:</strong></span> <span class='ocrx_word' id='word_1_194' title='bbox 837 2348 976 2401; x_wconf 80' lang='lat' dir='ltr'><strong>sicut</strong></span> <span class='ocrx_word' id='word_1_195' title='bbox 998 2347 1193 2400; x_wconf 87' lang='lat' dir='ltr'><strong>dicitur</strong></span> <span class='ocrx_word' id='word_1_196' title='bbox 1214 2346 1549 2415; x_wconf 74' lang='lat' dir='ltr'><strong>cognovisse,</strong></span> <span class='ocrx_word' id='word_1_197' title='bbox 1577 2343 1733 2413; x_wconf 55' lang='lat' dir='ltr'><strong>quod</strong></span> 
     </span>
    </p>
   </div>
   <div class='ocr_carea' id='block_1_23' title="bbox 137 2437 1732 2519">
    <p class='ocr_par' dir='ltr' id='par_1_23' title="bbox 137 2437 1732 2519">
     <span class='ocr_line' id='line_1_23' title="bbox 137 2437 1732 2519; baseline -0.001 -25"><span class='ocrx_word' id='word_1_198' title='bbox 137 2448 645 2519; x_wconf 31' lang='lat' dir='ltr'><strong>uttcogn0sceretur-</strong></span> <span class='ocrx_word' id='word_1_199' title='bbox 681 2441 803 2497; x_wconf 83' lang='lat' dir='ltr'><strong>feeit</strong></span> <span class='ocrx_word' id='word_1_200' title='bbox 825 2479 841 2504; x_wconf 90' lang='lat'><strong>,</strong></span> <span class='ocrx_word' id='word_1_201' title='bbox 869 2455 901 2494; x_wconf 84' lang='lat' dir='ltr'><strong>a</strong></span> <span class='ocrx_word' id='word_1_202' title='bbox 938 2439 1129 2509; x_wconf 80' lang='lat' dir='ltr'><strong>quibus</strong></span> <span class='ocrx_word' id='word_1_203' title='bbox 1154 2438 1512 2509; x_wconf 78' lang='lat' dir='ltr'><strong>ignorabatur.</strong></span> <span class='ocrx_word' id='word_1_204' title='bbox 1543 2437 1732 2506; x_wconf 78' lang='lat' dir='ltr'><strong>Neque</strong></span> 
     </span>
    </p>
   </div>
   <div class='ocr_carea' id='block_1_24' title="bbox 141 2530 1727 2602">
    <p class='ocr_par' dir='ltr' id='par_1_24' title="bbox 141 2530 1727 2602">
     <span class='ocr_line' id='line_1_24' title="bbox 141 2530 1727 2602; baseline -0.002 -16"><span class='ocrx_word' id='word_1_205' title='bbox 141 2532 279 2587; x_wconf 88' lang='lat' dir='ltr'><strong>enim</strong></span> <span class='ocrx_word' id='word_1_206' title='bbox 333 2532 556 2588; x_wconf 85' lang='lat' dir='ltr'><strong>dicente</strong></span> <span class='ocrx_word' id='word_1_207' title='bbox 601 2533 858 2602; x_wconf 79' lang='lat' dir='ltr'><strong>Apostolo</strong></span> <span class='ocrx_word' id='word_1_208' title='bbox 884 2573 900 2596; x_wconf 94' lang='lat'><strong>,</strong></span> <span class='ocrx_word' id='word_1_209' title='bbox 955 2530 1109 2585; x_wconf 84' lang='lat' dir='ltr'><strong>Nunc</strong></span> <span class='ocrx_word' id='word_1_210' title='bbox 1161 2540 1326 2584; x_wconf 77' lang='lat' dir='ltr'><strong>autem</strong></span> <span class='ocrx_word' id='word_1_211' title='bbox 1374 2538 1727 2601; x_wconf 77' lang='lat' dir='ltr'><strong>cognoscentes</strong></span> 
     </span>
    </p>
   </div>
   <div class='ocr_carea' id='block_1_25' title="bbox 144 2621 1740 2696">
    <p class='ocr_par' dir='ltr' id='par_1_25' title="bbox 144 2621 1740 2696">
     <span class='ocr_line' id='line_1_25' title="bbox 144 2621 1740 2696; baseline -0.004 -16"><span class='ocrx_word' id='word_1_212' title='bbox 144 2622 342 2692; x_wconf 71' lang='lat' dir='ltr'><strong>Deum,</strong></span> <span class='ocrx_word' id='word_1_213' title='bbox 370 2627 481 2680; x_wconf 84' lang='lat' dir='ltr'><strong>imo</strong></span> <span class='ocrx_word' id='word_1_214' title='bbox 522 2627 709 2696; x_wconf 75' lang='lat' dir='ltr'><strong>cogniti</strong></span> <span class='ocrx_word' id='word_1_215' title='bbox 749 2642 783 2677; x_wconf 77' lang='grc' dir='ltr'><em>α</em></span> <span class='ocrx_word' id='word_1_216' title='bbox 817 2624 1147 2694; x_wconf 64' lang='grc' dir='ltr'><strong>υεαιωαιαι.</strong></span> <span class='ocrx_word' id='word_1_217' title='bbox 1171 2638 1247 2687; x_wconf 69' lang='lat' dir='ltr'><strong>tr,</strong></span> <span class='ocrx_word' id='word_1_218' title='bbox 1277 2623 1369 2692; x_wconf 79' lang='lat'><strong>9),</strong></span> <span class='ocrx_word' id='word_1_219' title='bbox 1412 2621 1491 2676; x_wconf 85' lang='lat' dir='ltr'><strong>fas</strong></span> <span class='ocrx_word' id='word_1_220' title='bbox 1541 2630 1623 2675; x_wconf 86' lang='lat' dir='ltr'><strong>est</strong></span> <span class='ocrx_word' id='word_1_221' title='bbox 1670 2630 1740 2675; x_wconf 65' lang='lat' dir='ltr'><strong>ur</strong></span> 
     </span>
    </p>
   </div>
   <div class='ocr_carea' id='block_1_26' title="bbox 145 2713 1728 2786">
    <p class='ocr_par' dir='ltr' id='par_1_26' title="bbox 145 2713 1728 2786">
     <span class='ocr_line' id='line_1_26' title="bbox 145 2713 1728 2786; baseline -0.002 -18"><span class='ocrx_word' id='word_1_222' title='bbox 145 2714 637 2786; x_wconf 74' lang='lat' dir='ltr'><strong>credamus,un</strong></span> <span class='ocrx_word' id='word_1_223' title='bbox 686 2731 778 2770; x_wconf 81' lang='lat' dir='ltr'><strong>eos</strong></span> <span class='ocrx_word' id='word_1_224' title='bbox 821 2725 947 2768; x_wconf 90' lang='lat' dir='ltr'><strong>tunc</strong></span> <span class='ocrx_word' id='word_1_225' title='bbox 988 2713 1297 2783; x_wconf 74' lang='lat' dir='ltr'><strong>cognoverit</strong></span> <span class='ocrx_word' id='word_1_226' title='bbox 1342 2714 1478 2765; x_wconf 83' lang='lat' dir='ltr'><strong>Deus</strong></span> <span class='ocrx_word' id='word_1_227' title='bbox 1525 2726 1728 2778; x_wconf 51' lang='lat' dir='ltr'><strong>pluteo—</strong></span> 
     </span>
    </p>
   </div>
   <div class='ocr_carea' id='block_1_27' title="bbox 148 2801 1724 2875">
    <p class='ocr_par' dir='ltr' id='par_1_27' title="bbox 148 2801 1724 2875">
     <span class='ocr_line' id='line_1_27' title="bbox 148 2801 1724 2875; baseline -0.004 -13"><span class='ocrx_word' id='word_1_228' title='bbox 148 2808 313 2875; x_wconf 73' lang='lat' dir='ltr'><strong>gnitos</strong></span> <span class='ocrx_word' id='word_1_229' title='bbox 337 2818 467 2863; x_wconf 87' lang='lat' dir='ltr'><strong>ante</strong></span> <span class='ocrx_word' id='word_1_230' title='bbox 496 2808 930 2863; x_wconf 79' lang='lat' dir='ltr'><strong>constitutionem</strong></span> <span class='ocrx_word' id='word_1_231' title='bbox 953 2806 1135 2860; x_wconf 84' lang='lat' dir='ltr'><strong>mundi</strong></span> <span class='ocrx_word' id='word_1_232' title='bbox 1161 2805 1203 2875; x_wconf 89' lang='lat' dir='ltr'><strong>(l</strong></span> <span class='ocrx_word' id='word_1_233' title='bbox 1240 2804 1378 2858; x_wconf 82' lang='lat' dir='ltr'><strong>Petr.</strong></span> <span class='ocrx_word' id='word_1_234' title='bbox 1412 2819 1449 2867; x_wconf 87' lang='lat' dir='ltr'><strong>t,</strong></span> <span class='ocrx_word' id='word_1_235' title='bbox 1479 2803 1577 2873; x_wconf 73' lang='lat'><strong>20)</strong></span> <span class='ocrx_word' id='word_1_236' title='bbox 1596 2819 1610 2852; x_wconf 84' lang='lat'><strong>:</strong></span> <span class='ocrx_word' id='word_1_237' title='bbox 1629 2801 1724 2856; x_wconf 89' lang='lat' dir='ltr'><strong>sed</strong></span> 
     </span>
    </p>
   </div>
   <div class='ocr_carea' id='block_1_28' title="bbox 152 2897 1728 2969">
    <p class='ocr_par' dir='ltr' id='par_1_28' title="bbox 152 2897 1728 2969">
     <span class='ocr_line' id='line_1_28' title="bbox 152 2897 1728 2969; baseline -0.001 -20"><span class='ocrx_word' id='word_1_238' title='bbox 152 2906 275 2951; x_wconf 85' lang='lat' dir='ltr'><strong>tunc</strong></span> <span class='ocrx_word' id='word_1_239' title='bbox 298 2900 629 2969; x_wconf 67' lang='lat' dir='ltr'><strong>cognovisse</strong></span> <span class='ocrx_word' id='word_1_240' title='bbox 653 2899 828 2952; x_wconf 88' lang='lat' dir='ltr'><strong>dictus</strong></span> <span class='ocrx_word' id='word_1_241' title='bbox 867 2906 983 2963; x_wconf 89' lang='lat' dir='ltr'><strong>est,</strong></span> <span class='ocrx_word' id='word_1_242' title='bbox 1014 2897 1156 2966; x_wconf 91' lang='lat' dir='ltr'><strong>quod</strong></span> <span class='ocrx_word' id='word_1_243' title='bbox 1178 2909 1303 2950; x_wconf 93' lang='lat' dir='ltr'><strong>tunc</strong></span> <span class='ocrx_word' id='word_1_244' title='bbox 1340 2905 1397 2949; x_wconf 88' lang='lat' dir='ltr'><strong>ut</strong></span> <span class='ocrx_word' id='word_1_245' title='bbox 1437 2908 1728 2964; x_wconf 75' lang='lat' dir='ltr'><strong>cognosce-</strong></span> 
     </span>
    </p>
   </div>
   <div class='ocr_carea' id='block_1_29' title="bbox 152 2984 1729 3054">
    <p class='ocr_par' dir='ltr' id='par_1_29' title="bbox 152 2984 1729 3054">
     <span class='ocr_line' id='line_1_29' title="bbox 152 2984 1729 3054; baseline -0.001 -16"><span class='ocrx_word' id='word_1_246' title='bbox 152 2996 295 3042; x_wconf 87' lang='lat' dir='ltr'><strong>retur</strong></span> <span class='ocrx_word' id='word_1_247' title='bbox 322 2989 531 3043; x_wconf 75' lang='lat' dir='ltr'><strong>effecit.</strong></span> <span class='ocrx_word' id='word_1_248' title='bbox 562 2988 637 3042; x_wconf 93' lang='lat' dir='ltr'><strong>De</strong></span> <span class='ocrx_word' id='word_1_249' title='bbox 679 2987 762 3041; x_wconf 84' lang='lat' dir='ltr'><strong>his</strong></span> <span class='ocrx_word' id='word_1_250' title='bbox 810 2987 1139 3041; x_wconf 91' lang='lat' dir='ltr'><strong>locutionum</strong></span> <span class='ocrx_word' id='word_1_251' title='bbox 1190 2985 1362 3038; x_wconf 89' lang='lat' dir='ltr'><strong>modis</strong></span> <span class='ocrx_word' id='word_1_252' title='bbox 1408 2984 1518 3054; x_wconf 84' lang='lat' dir='ltr'><strong>jam</strong></span> <span class='ocrx_word' id='word_1_253' title='bbox 1574 2992 1630 3038; x_wconf 89' lang='lat' dir='ltr'><strong>et</strong></span> <span class='ocrx_word' id='word_1_254' title='bbox 1676 2984 1729 3036; x_wconf 91' lang='lat' dir='ltr'><strong>in</strong></span> 
     </span>
    </p>
   </div>
   <div class='ocr_carea' id='block_1_30' title="bbox 151 3075 1730 3148">
    <p class='ocr_par' dir='ltr' id='par_1_30' title="bbox 151 3075 1730 3148">
     <span class='ocr_line' id='line_1_30' title="bbox 151 3075 1730 3148; baseline 0.001 -19"><span class='ocrx_word' id='word_1_255' title='bbox 151 3080 520 3147; x_wconf 82' lang='lat' dir='ltr'><strong>superioribus</strong></span> <span class='ocrx_word' id='word_1_256' title='bbox 571 3080 721 3134; x_wconf 83' lang='lat' dir='ltr'><strong>libris</strong></span> <span class='ocrx_word' id='word_1_257' title='bbox 768 3079 984 3134; x_wconf 89' lang='lat' dir='ltr'><strong>memini</strong></span> <span class='ocrx_word' id='word_1_258' title='bbox 1035 3079 1378 3148; x_wconf 82' lang='lat' dir='ltr'><strong>disputatum.</strong></span> <span class='ocrx_word' id='word_1_259' title='bbox 1428 3075 1730 3131; x_wconf 80' lang='lat' dir='ltr'><strong>Secundum</strong></span> 
     </span>
    </p>
   </div>
   <div class='ocr_carea' id='block_1_31' title="bbox 157 3167 1726 3243">
    <p class='ocr_par' dir='ltr' id='par_1_31' title="bbox 157 3167 1726 3243">
     <span class='ocr_line' id='line_1_31' title="bbox 157 3167 1726 3243; baseline -0.001 -20"><span class='ocrx_word' id='word_1_260' title='bbox 157 3170 288 3227; x_wconf 89' lang='lat' dir='ltr'><strong>hanc</strong></span> <span class='ocrx_word' id='word_1_261' title='bbox 313 3188 451 3243; x_wconf 80' lang='lat' dir='ltr'><strong>ergo</strong></span> <span class='ocrx_word' id='word_1_262' title='bbox 472 3175 819 3235; x_wconf 86' lang='lat' dir='ltr'><strong>voluntatem,</strong></span> <span class='ocrx_word' id='word_1_263' title='bbox 846 3188 948 3241; x_wconf 91' lang='lat' dir='ltr'><strong>qua</strong></span> <span class='ocrx_word' id='word_1_264' title='bbox 981 3172 1145 3224; x_wconf 89' lang='lat' dir='ltr'><strong>Deum</strong></span> <span class='ocrx_word' id='word_1_265' title='bbox 1169 3172 1305 3223; x_wconf 88' lang='lat' dir='ltr'><strong>velle</strong></span> <span class='ocrx_word' id='word_1_266' title='bbox 1328 3170 1555 3224; x_wconf 87' lang='lat' dir='ltr'><strong>dicimus</strong></span> <span class='ocrx_word' id='word_1_267' title='bbox 1582 3167 1726 3238; x_wconf 92' lang='lat' dir='ltr'><strong>qttod</strong></span> 
     </span>
    </p>
   </div>
   <div class='ocr_carea' id='block_1_32' title="bbox 157 3261 1735 3334">
    <p class='ocr_par' dir='ltr' id='par_1_32' title="bbox 157 3261 1735 3334">
     <span class='ocr_line' id='line_1_32' title="bbox 157 3261 1735 3334; baseline 0.001 -21"><span class='ocrx_word' id='word_1_268' title='bbox 157 3264 285 3316; x_wconf 84' lang='lat' dir='ltr'><strong>alios</strong></span> <span class='ocrx_word' id='word_1_269' title='bbox 309 3264 482 3319; x_wconf 81' lang='lat' dir='ltr'><strong>efficit</strong></span> <span class='ocrx_word' id='word_1_270' title='bbox 507 3264 645 3319; x_wconf 88' lang='lat' dir='ltr'><strong>velle</strong></span> <span class='ocrx_word' id='word_1_271' title='bbox 668 3305 683 3330; x_wconf 95' lang='lat'><strong>,</strong></span> <span class='ocrx_word' id='word_1_272' title='bbox 713 3280 744 3318; x_wconf 90' lang='lat' dir='ltr'><strong>a</strong></span> <span class='ocrx_word' id='word_1_273' title='bbox 774 3263 969 3334; x_wconf 84' lang='lat' dir='ltr'><strong>quibus</strong></span> <span class='ocrx_word' id='word_1_274' title='bbox 998 3264 1173 3317; x_wconf 85' lang='lat' dir='ltr'><strong>futura</strong></span> <span class='ocrx_word' id='word_1_275' title='bbox 1201 3262 1538 3327; x_wconf 87' lang='lat' dir='ltr'><strong>nesciuntur,</strong></span> <span class='ocrx_word' id='word_1_276' title='bbox 1569 3261 1735 3316; x_wconf 89' lang='lat' dir='ltr'><strong>multa</strong></span> 
     </span>
    </p>
   </div>
   <div class='ocr_carea' id='block_1_33' title="bbox 164 3354 613 3418">
    <p class='ocr_par' dir='ltr' id='par_1_33' title="bbox 164 3354 613 3418">
     <span class='ocr_line' id='line_1_33' title="bbox 164 3354 613 3418; baseline 0.007 -14"><span class='ocrx_word' id='word_1_277' title='bbox 164 3354 270 3407; x_wconf 72' lang='lat' dir='ltr'><strong>vult</strong></span> <span class='ocrx_word' id='word_1_278' title='bbox 289 3393 304 3418; x_wconf 98' lang='lat'><strong>,</strong></span> <span class='ocrx_word' id='word_1_279' title='bbox 337 3370 446 3409; x_wconf 87' lang='lat' dir='ltr'><strong>nec</strong></span> <span class='ocrx_word' id='word_1_280' title='bbox 472 3354 613 3408; x_wconf 86' lang='lat' dir='ltr'><strong>facit.</strong></span> 
     </span>
    </p>
   </div>
   <div class='ocr_carea' id='block_1_34' title="bbox 226 3442 1740 3518">
    <p class='ocr_par' dir='ltr' id='par_1_34' title="bbox 226 3442 1740 3518">
     <span class='ocr_line' id='line_1_34' title="bbox 226 3442 1740 3518; baseline 0.001 -22"><span class='ocrx_word' id='word_1_281' title='bbox 226 3442 281 3496; x_wconf 78' lang='grc'><strong>2.</strong></span> <span class='ocrx_word' id='word_1_282' title='bbox 310 3442 429 3518; x_wconf 79' lang='lat' dir='ltr'><strong>[IL]</strong></span> <span class='ocrx_word' id='word_1_283' title='bbox 467 3444 624 3499; x_wconf 81' lang='lat' dir='ltr'><strong>Multa</strong></span> <span class='ocrx_word' id='word_1_284' title='bbox 645 3444 786 3498; x_wconf 90' lang='lat' dir='ltr'><strong>enim</strong></span> <span class='ocrx_word' id='word_1_285' title='bbox 815 3443 1001 3498; x_wconf 87' lang='lat' dir='ltr'><strong>volunt</strong></span> <span class='ocrx_word' id='word_1_286' title='bbox 1026 3442 1139 3498; x_wconf 83' lang='lat' dir='ltr'><strong>fieri</strong></span> <span class='ocrx_word' id='word_1_287' title='bbox 1168 3443 1336 3499; x_wconf 80' lang='lat' dir='ltr'><strong>sancti</strong></span> <span class='ocrx_word' id='word_1_288' title='bbox 1374 3444 1494 3513; x_wconf 93' lang='lat' dir='ltr'><strong>ejus</strong></span> <span class='ocrx_word' id='word_1_289' title='bbox 1535 3443 1604 3498; x_wconf 87' lang='lat' dir='ltr'><strong>ab</strong></span> <span class='ocrx_word' id='word_1_290' title='bbox 1646 3443 1740 3498; x_wconf 90' lang='lat' dir='ltr'><strong>illo</strong></span> 
     </span>
    </p>
   </div>
   <div class='ocr_carea' id='block_1_35' title="bbox 166 3520 1741 3602">
    <p class='ocr_par' dir='ltr' id='par_1_35' title="bbox 166 3520 1741 3602">
     <span class='ocr_line' id='line_1_35' title="bbox 166 3520 1741 3602; baseline 0.003 -18"><span class='ocrx_word' id='word_1_291' title='bbox 166 3531 418 3602; x_wconf 70' lang='lat' dir='ltr'><strong>inspirata</strong></span> <span class='ocrx_word' id='word_1_292' title='bbox 461 3543 643 3589; x_wconf 81' lang='lat' dir='ltr'><strong>sancta</strong></span> <span class='ocrx_word' id='word_1_293' title='bbox 688 3535 991 3597; x_wconf 85' lang='lat' dir='ltr'><strong>voluntate,</strong></span> <span class='ocrx_word' id='word_1_294' title='bbox 1052 3548 1151 3590; x_wconf 82' lang='lat' dir='ltr'><strong>nec</strong></span> <span class='ocrx_word' id='word_1_295' title='bbox 1195 3520 1364 3596; x_wconf 64' lang='lat' dir='ltr'><strong>fiunt;</strong></span> <span class='ocrx_word' id='word_1_296' title='bbox 1404 3536 1549 3589; x_wconf 72' lang='lat' dir='ltr'><strong>sicut</strong></span> <span class='ocrx_word' id='word_1_297' title='bbox 1585 3543 1741 3589; x_wconf 89' lang='lat' dir='ltr'><strong>orant</strong></span> 
     </span>
    </p>
   </div>
   <div class='ocr_carea' id='block_1_36' title="bbox 169 3626 1739 3697">
    <p class='ocr_par' dir='ltr' id='par_1_36' title="bbox 169 3626 1739 3697">
     <span class='ocr_line' id='line_1_36' title="bbox 169 3626 1739 3697; baseline 0.002 -20"><span class='ocrx_word' id='word_1_298' title='bbox 169 3640 259 3691; x_wconf 87' lang='lat' dir='ltr'><strong>pro</strong></span> <span class='ocrx_word' id='word_1_299' title='bbox 295 3626 616 3696; x_wconf 81' lang='lat' dir='ltr'><strong>quibusdam</strong></span> <span class='ocrx_word' id='word_1_300' title='bbox 659 3628 747 3697; x_wconf 81' lang='lat' dir='ltr'><strong>pic</strong></span> <span class='ocrx_word' id='word_1_301' title='bbox 792 3635 1115 3697; x_wconf 79' lang='lat' dir='ltr'><strong>sancteque,</strong></span> <span class='ocrx_word' id='word_1_302' title='bbox 1156 3636 1212 3681; x_wconf 87' lang='lat' dir='ltr'><strong>et</strong></span> <span class='ocrx_word' id='word_1_303' title='bbox 1245 3626 1385 3695; x_wconf 87' lang='lat' dir='ltr'><strong>quod</strong></span> <span class='ocrx_word' id='word_1_304' title='bbox 1427 3635 1583 3680; x_wconf 86' lang='lat' dir='ltr'><strong>orant</strong></span> <span class='ocrx_word' id='word_1_305' title='bbox 1634 3642 1739 3680; x_wconf 85' lang='lat' dir='ltr'><strong>non</strong></span> 
     </span>
    </p>
   </div>
   <div class='ocr_carea' id='block_1_37' title="bbox 172 3716 1744 3788">
    <p class='ocr_par' dir='ltr' id='par_1_37' title="bbox 172 3716 1744 3788">
     <span class='ocr_line' id='line_1_37' title="bbox 172 3716 1744 3788; baseline 0.003 -21"><span class='ocrx_word' id='word_1_306' title='bbox 172 3716 286 3771; x_wconf 73' lang='lat' dir='ltr'><strong>facit</strong></span> <span class='ocrx_word' id='word_1_307' title='bbox 306 3759 323 3784; x_wconf 96' lang='lat'><strong>,</strong></span> <span class='ocrx_word' id='word_1_308' title='bbox 347 3734 472 3774; x_wconf 91' lang='lat' dir='ltr'><strong>cum</strong></span> <span class='ocrx_word' id='word_1_309' title='bbox 501 3720 614 3788; x_wconf 85' lang='lat' dir='ltr'><strong>ipse</strong></span> <span class='ocrx_word' id='word_1_310' title='bbox 642 3720 691 3772; x_wconf 91' lang='lat' dir='ltr'><strong>in</strong></span> <span class='ocrx_word' id='word_1_311' title='bbox 720 3719 801 3774; x_wconf 90' lang='lat' dir='ltr'><strong>eis</strong></span> <span class='ocrx_word' id='word_1_312' title='bbox 824 3718 960 3773; x_wconf 86' lang='lat' dir='ltr'><strong>hanc</strong></span> <span class='ocrx_word' id='word_1_313' title='bbox 983 3719 1169 3772; x_wconf 88' lang='lat' dir='ltr'><strong>orandi</strong></span> <span class='ocrx_word' id='word_1_314' title='bbox 1193 3719 1520 3773; x_wconf 76' lang='lat' dir='ltr'><strong>voluntatem</strong></span> <span class='ocrx_word' id='word_1_315' title='bbox 1550 3729 1744 3773; x_wconf 87' lang='lat' dir='ltr'><strong>sancto</strong></span> 
     </span>
    </p>
   </div>
   <div class='ocr_carea' id='block_1_38' title="bbox 171 3805 1749 3878">
    <p class='ocr_par' dir='ltr' id='par_1_38' title="bbox 171 3805 1749 3878">
     <span class='ocr_line' id='line_1_38' title="bbox 171 3805 1749 3878; baseline 0.003 -19"><span class='ocrx_word' id='word_1_316' title='bbox 171 3805 362 3875; x_wconf 81' lang='lat' dir='ltr'><strong>Spiritu</strong></span> <span class='ocrx_word' id='word_1_317' title='bbox 414 3823 513 3862; x_wconf 87' lang='lat' dir='ltr'><strong>suo</strong></span> <span class='ocrx_word' id='word_1_318' title='bbox 549 3808 752 3863; x_wconf 87' lang='lat' dir='ltr'><strong>fecerit.</strong></span> <span class='ocrx_word' id='word_1_319' title='bbox 783 3810 861 3863; x_wconf 80' lang='lat' dir='ltr'><strong>Ac</strong></span> <span class='ocrx_word' id='word_1_320' title='bbox 904 3824 997 3877; x_wconf 91' lang='lat' dir='ltr'><strong>per</strong></span> <span class='ocrx_word' id='word_1_321' title='bbox 1028 3809 1127 3861; x_wconf 90' lang='lat' dir='ltr'><strong>hoc</strong></span> <span class='ocrx_word' id='word_1_322' title='bbox 1150 3848 1164 3871; x_wconf 93' lang='lat'><strong>,</strong></span> <span class='ocrx_word' id='word_1_323' title='bbox 1193 3808 1406 3878; x_wconf 87' lang='lat' dir='ltr'><strong>quando</strong></span> <span class='ocrx_word' id='word_1_324' title='bbox 1453 3808 1749 3863; x_wconf 86' lang='lat' dir='ltr'><strong>secundum</strong></span> 
     </span>
    </p>
   </div>
   <div class='ocr_carea' id='block_1_39' title="bbox 178 3894 1744 3969">
    <p class='ocr_par' dir='ltr' id='par_1_39' title="bbox 178 3894 1744 3969">
     <span class='ocr_line' id='line_1_39' title="bbox 178 3894 1744 3969; baseline 0.003 -20"><span class='ocrx_word' id='word_1_325' title='bbox 178 3894 338 3951; x_wconf 87' lang='lat' dir='ltr'><strong>Deum</strong></span> <span class='ocrx_word' id='word_1_326' title='bbox 366 3898 554 3950; x_wconf 88' lang='lat' dir='ltr'><strong>volunt</strong></span> <span class='ocrx_word' id='word_1_327' title='bbox 578 3907 633 3953; x_wconf 91' lang='lat' dir='ltr'><strong>et</strong></span> <span class='ocrx_word' id='word_1_328' title='bbox 656 3907 811 3953; x_wconf 89' lang='lat' dir='ltr'><strong>orant</strong></span> <span class='ocrx_word' id='word_1_329' title='bbox 838 3898 1005 3952; x_wconf 77' lang='lat' dir='ltr'><strong>sancti</strong></span> <span class='ocrx_word' id='word_1_330' title='bbox 1029 3938 1045 3963; x_wconf 98' lang='lat'><strong>,</strong></span> <span class='ocrx_word' id='word_1_331' title='bbox 1079 3908 1137 3952; x_wconf 90' lang='lat' dir='ltr'><strong>ut</strong></span> <span class='ocrx_word' id='word_1_332' title='bbox 1160 3898 1383 3969; x_wconf 86' lang='lat' dir='ltr'><strong>quisque</strong></span> <span class='ocrx_word' id='word_1_333' title='bbox 1421 3899 1490 3953; x_wconf 91' lang='lat' dir='ltr'><strong>sit</strong></span> <span class='ocrx_word' id='word_1_334' title='bbox 1528 3900 1704 3954; x_wconf 83' lang='lat' dir='ltr'><strong>salvus</strong></span> <span class='ocrx_word' id='word_1_335' title='bbox 1727 3940 1744 3964; x_wconf 96' lang='lat'><strong>,</strong></span> 
     </span>
    </p>
   </div>
   <div class='ocr_carea' id='block_1_40' title="bbox 177 3989 1765 4053">
    <p class='ocr_par' dir='ltr' id='par_1_40' title="bbox 177 3989 1765 4053">
     <span class='ocr_line' id='line_1_40' title="bbox 177 3989 1765 4053; baseline 0.004 -13"><span class='ocrx_word' id='word_1_336' title='bbox 177 3999 457 4053; x_wconf 81' lang='lat' dir='ltr'><strong>possumus</strong></span> <span class='ocrx_word' id='word_1_337' title='bbox 482 3989 575 4043; x_wconf 92' lang='lat' dir='ltr'><strong>illo</strong></span> <span class='ocrx_word' id='word_1_338' title='bbox 619 3990 780 4044; x_wconf 89' lang='lat' dir='ltr'><strong>modo</strong></span> <span class='ocrx_word' id='word_1_339' title='bbox 805 3989 1087 4044; x_wconf 87' lang='lat' dir='ltr'><strong>locutionis</strong></span> <span class='ocrx_word' id='word_1_340' title='bbox 1123 3989 1303 4045; x_wconf 89' lang='lat' dir='ltr'><strong>dicere</strong></span> <span class='ocrx_word' id='word_1_341' title='bbox 1325 4031 1340 4053; x_wconf 90' lang='lat'><strong>,</strong></span> <span class='ocrx_word' id='word_1_342' title='bbox 1369 3990 1495 4045; x_wconf 83' lang='lat' dir='ltr'><strong>Vult</strong></span> <span class='ocrx_word' id='word_1_343' title='bbox 1526 3991 1665 4046; x_wconf 89' lang='lat' dir='ltr'><strong>Deus</strong></span> <span class='ocrx_word' id='word_1_344' title='bbox 1694 4001 1765 4046; x_wconf 73' lang='lat' dir='ltr'><strong>er</strong></span> 
     </span>
    </p>
   </div>
   <div class='ocr_carea' id='block_1_41' title="bbox 179 4079 1749 4149">
    <p class='ocr_par' dir='ltr' id='par_1_41' title="bbox 179 4079 1749 4149">
     <span class='ocr_line' id='line_1_41' title="bbox 179 4079 1749 4149; baseline 0.004 -20"><span class='ocrx_word' id='word_1_345' title='bbox 179 4091 276 4131; x_wconf 90' lang='lat' dir='ltr'><strong>non</strong></span> <span class='ocrx_word' id='word_1_346' title='bbox 304 4079 467 4143; x_wconf 82' lang='lat' dir='ltr'><strong>facit;</strong></span> <span class='ocrx_word' id='word_1_347' title='bbox 496 4089 551 4133; x_wconf 92' lang='lat' dir='ltr'><strong>ut</strong></span> <span class='ocrx_word' id='word_1_348' title='bbox 573 4081 744 4149; x_wconf 89' lang='lat' dir='ltr'><strong>ipsum</strong></span> <span class='ocrx_word' id='word_1_349' title='bbox 774 4081 1013 4135; x_wconf 83' lang='lat' dir='ltr'><strong>dicamus</strong></span> <span class='ocrx_word' id='word_1_350' title='bbox 1049 4081 1185 4134; x_wconf 88' lang='lat' dir='ltr'><strong>velle</strong></span> <span class='ocrx_word' id='word_1_351' title='bbox 1208 4122 1224 4146; x_wconf 93' lang='lat'><strong>,</strong></span> <span class='ocrx_word' id='word_1_352' title='bbox 1253 4081 1341 4149; x_wconf 90' lang='lat' dir='ltr'><strong>qui</strong></span> <span class='ocrx_word' id='word_1_353' title='bbox 1374 4090 1430 4135; x_wconf 92' lang='lat' dir='ltr'><strong>ut</strong></span> <span class='ocrx_word' id='word_1_354' title='bbox 1467 4083 1631 4136; x_wconf 89' lang='lat' dir='ltr'><strong>velint</strong></span> <span class='ocrx_word' id='word_1_355' title='bbox 1663 4083 1749 4136; x_wconf 87' lang='lat' dir='ltr'><strong>isti</strong></span> 
     </span>
    </p>
   </div>
   <div class='ocr_carea' id='block_1_42' title="bbox 184 4168 1752 4240">
    <p class='ocr_par' dir='ltr' id='par_1_42' title="bbox 184 4168 1752 4240">
     <span class='ocr_line' id='line_1_42' title="bbox 184 4168 1752 4240; baseline 0.003 -20"><span class='ocrx_word' id='word_1_356' title='bbox 184 4168 321 4223; x_wconf 80' lang='lat' dir='ltr'><strong>facit.</strong></span> <span class='ocrx_word' id='word_1_357' title='bbox 361 4170 669 4226; x_wconf 86' lang='lat' dir='ltr'><strong>Secundum</strong></span> <span class='ocrx_word' id='word_1_358' title='bbox 702 4171 846 4225; x_wconf 87' lang='lat' dir='ltr'><strong>illam</strong></span> <span class='ocrx_word' id='word_1_359' title='bbox 885 4187 1015 4225; x_wconf 89' lang='lat' dir='ltr'><strong>vero</strong></span> <span class='ocrx_word' id='word_1_360' title='bbox 1045 4171 1369 4225; x_wconf 81' lang='lat' dir='ltr'><strong>voluntatem</strong></span> <span class='ocrx_word' id='word_1_361' title='bbox 1413 4186 1560 4225; x_wconf 84' lang='lat' dir='ltr'><strong>suam</strong></span> <span class='ocrx_word' id='word_1_362' title='bbox 1586 4188 1752 4240; x_wconf 17' lang='lat' dir='ltr'><strong>,iquaa</strong></span> 
     </span>
    </p>
   </div>
   <div class='ocr_carea' id='block_1_43' title="bbox 187 4260 1757 4334">
    <p class='ocr_par' dir='ltr' id='par_1_43' title="bbox 187 4260 1757 4334">
     <span class='ocr_line' id='line_1_43' title="bbox 187 4260 1757 4334; baseline 0.003 -23"><span class='ocrx_word' id='word_1_363' title='bbox 187 4274 302 4315; x_wconf 90' lang='lat' dir='ltr'><strong>cum</strong></span> <span class='ocrx_word' id='word_1_364' title='bbox 354 4262 474 4332; x_wconf 91' lang='lat' dir='ltr'><strong>ejus</strong></span> <span class='ocrx_word' id='word_1_365' title='bbox 518 4262 853 4334; x_wconf 63' lang='lat' dir='ltr'><strong>prarscientis</strong></span> <span class='ocrx_word' id='word_1_366' title='bbox 897 4261 1219 4331; x_wconf 87' lang='lat' dir='ltr'><strong>sempiterna</strong></span> <span class='ocrx_word' id='word_1_367' title='bbox 1261 4270 1384 4325; x_wconf 73' lang='lat' dir='ltr'><strong>est,</strong></span> <span class='ocrx_word' id='word_1_368' title='bbox 1415 4260 1651 4329; x_wconf 73' lang='lat' dir='ltr'><strong>profecto</strong></span> <span class='ocrx_word' id='word_1_369' title='bbox 1698 4262 1757 4316; x_wconf 79' lang='lat' dir='ltr'><strong>in</strong></span> 
     </span>
    </p>
   </div>
   <div class='ocr_carea' id='block_1_44' title="bbox 189 4353 1756 4423">
    <p class='ocr_par' dir='ltr' id='par_1_44' title="bbox 189 4353 1756 4423">
     <span class='ocr_line' id='line_1_44' title="bbox 189 4353 1756 4423; baseline -0.001 -16"><span class='ocrx_word' id='word_1_370' title='bbox 189 4354 318 4408; x_wconf 76' lang='lat' dir='ltr'><strong>ctelo</strong></span> <span class='ocrx_word' id='word_1_371' title='bbox 346 4363 405 4408; x_wconf 85' lang='lat' dir='ltr'><strong>et</strong></span> <span class='ocrx_word' id='word_1_372' title='bbox 435 4355 487 4408; x_wconf 90' lang='lat' dir='ltr'><strong>in</strong></span> <span class='ocrx_word' id='word_1_373' title='bbox 516 4364 667 4409; x_wconf 79' lang='lat' dir='ltr'><strong>terra</strong></span> <span class='ocrx_word' id='word_1_374' title='bbox 705 4354 887 4408; x_wconf 86' lang='lat' dir='ltr'><strong>omnia</strong></span> <span class='ocrx_word' id='word_1_375' title='bbox 911 4368 1256 4423; x_wconf 70' lang='lat' dir='ltr'><strong>qumcumquc</strong></span> <span class='ocrx_word' id='word_1_376' title='bbox 1282 4353 1445 4406; x_wconf 89' lang='lat' dir='ltr'><strong>voluit</strong></span> <span class='ocrx_word' id='word_1_377' title='bbox 1467 4392 1482 4415; x_wconf 90' lang='lat'><strong>,</strong></span> <span class='ocrx_word' id='word_1_378' title='bbox 1512 4369 1618 4407; x_wconf 87' lang='lat' dir='ltr'><strong>non</strong></span> <span class='ocrx_word' id='word_1_379' title='bbox 1663 4369 1756 4407; x_wconf 81' lang='lat' dir='ltr'><strong>so-</strong></span> 
     </span>
    </p>
   </div>
   <div class='ocr_carea' id='block_1_45' title="bbox 190 4441 1757 4517">
    <p class='ocr_par' dir='ltr' id='par_1_45' title="bbox 190 4441 1757 4517">
     <span class='ocr_line' id='line_1_45' title="bbox 190 4441 1757 4517; baseline 0.004 -24"><span class='ocrx_word' id='word_1_380' title='bbox 190 4441 291 4499; x_wconf 87' lang='lat' dir='ltr'><strong>lum</strong></span> <span class='ocrx_word' id='word_1_381' title='bbox 334 4445 606 4517; x_wconf 62' lang='lat' dir='ltr'><strong>praeterita</strong></span> <span class='ocrx_word' id='word_1_382' title='bbox 645 4446 725 4500; x_wconf 88' lang='lat' dir='ltr'><strong>vel</strong></span> <span class='ocrx_word' id='word_1_383' title='bbox 766 4445 1087 4516; x_wconf 72' lang='lat' dir='ltr'><strong>prmsentia,</strong></span> <span class='ocrx_word' id='word_1_384' title='bbox 1114 4444 1208 4499; x_wconf 82' lang='lat' dir='ltr'><strong>sed</strong></span> <span class='ocrx_word' id='word_1_385' title='bbox 1250 4444 1411 4498; x_wconf 87' lang='lat' dir='ltr'><strong>etiam</strong></span> <span class='ocrx_word' id='word_1_386' title='bbox 1449 4442 1620 4498; x_wconf 90' lang='lat' dir='ltr'><strong>futura</strong></span> <span class='ocrx_word' id='word_1_387' title='bbox 1645 4444 1757 4510; x_wconf 86' lang='lat' dir='ltr'><strong>jam</strong></span> 
     </span>
    </p>
   </div>
   <div class='ocr_carea' id='block_1_46' title="bbox 193 4534 1761 4609">
    <p class='ocr_par' dir='ltr' id='par_1_46' title="bbox 193 4534 1761 4609">
     <span class='ocr_line' id='line_1_46' title="bbox 193 4534 1761 4609; baseline 0.001 -21"><span class='ocrx_word' id='word_1_388' title='bbox 193 4534 306 4592; x_wconf 81' lang='lat' dir='ltr'><strong>fecit</strong></span> <span class='ocrx_word' id='word_1_389' title='bbox 326 4538 494 4609; x_wconf 72' lang='lat' dir='ltr'><strong>(Ptol.</strong></span> <span class='ocrx_word' id='word_1_390' title='bbox 518 4554 662 4601; x_wconf 81' lang='lat' dir='ltr'><strong>cxut,</strong></span> <span class='ocrx_word' id='word_1_391' title='bbox 690 4536 865 4607; x_wconf 67' lang='lat' dir='ltr'><strong>libis).</strong></span> <span class='ocrx_word' id='word_1_392' title='bbox 892 4536 1084 4592; x_wconf 76' lang='lat' dir='ltr'><strong>Verum</strong></span> <span class='ocrx_word' id='word_1_393' title='bbox 1112 4547 1394 4606; x_wconf 82' lang='lat' dir='ltr'><strong>antequam</strong></span> <span class='ocrx_word' id='word_1_394' title='bbox 1421 4536 1596 4591; x_wconf 84' lang='lat' dir='ltr'><strong>veniat</strong></span> <span class='ocrx_word' id='word_1_395' title='bbox 1619 4547 1761 4590; x_wconf 78' lang='lat' dir='ltr'><strong>tein-</strong></span> 
     </span>
    </p>
   </div>
   <div class='ocr_carea' id='block_1_47' title="bbox 195 4628 1763 4702">
    <p class='ocr_par' dir='ltr' id='par_1_47' title="bbox 195 4628 1763 4702">
     <span class='ocr_line' id='line_1_47' title="bbox 195 4628 1763 4702; baseline -0.001 -19"><span class='ocrx_word' id='word_1_396' title='bbox 195 4644 288 4698; x_wconf 81' lang='lat' dir='ltr'><strong>pus</strong></span> <span class='ocrx_word' id='word_1_397' title='bbox 312 4676 327 4697; x_wconf 88' lang='lat'><strong>,</strong></span> <span class='ocrx_word' id='word_1_398' title='bbox 359 4647 468 4702; x_wconf 86' lang='lat' dir='ltr'><strong>quo</strong></span> <span class='ocrx_word' id='word_1_399' title='bbox 494 4631 666 4685; x_wconf 88' lang='lat' dir='ltr'><strong>voluit</strong></span> <span class='ocrx_word' id='word_1_400' title='bbox 707 4639 761 4686; x_wconf 89' lang='lat' dir='ltr'><strong>ut</strong></span> <span class='ocrx_word' id='word_1_401' title='bbox 806 4629 956 4684; x_wconf 82' lang='lat' dir='ltr'><strong>fieret</strong></span> <span class='ocrx_word' id='word_1_402' title='bbox 978 4670 994 4693; x_wconf 97' lang='lat'><strong>,</strong></span> <span class='ocrx_word' id='word_1_403' title='bbox 1041 4628 1336 4699; x_wconf 82' lang='lat' dir='ltr'><strong>quodanle</strong></span> <span class='ocrx_word' id='word_1_404' title='bbox 1367 4638 1603 4697; x_wconf 86' lang='lat' dir='ltr'><strong>tempora</strong></span> <span class='ocrx_word' id='word_1_405' title='bbox 1644 4628 1763 4681; x_wconf 85' lang='lat' dir='ltr'><strong>uni-</strong></span> 
     </span>
    </p>
   </div>
   <div class='ocr_carea' id='block_1_48' title="bbox 197 4706 1765 4796">
    <p class='ocr_par' dir='ltr' id='par_1_48' title="bbox 197 4706 1765 4796">
     <span class='ocr_line' id='line_1_48' title="bbox 197 4706 1765 4796; baseline 0 -21"><span class='ocrx_word' id='word_1_406' title='bbox 197 4737 342 4779; x_wconf 86' lang='lat' dir='ltr'><strong>versa</strong></span> <span class='ocrx_word' id='word_1_407' title='bbox 367 4723 633 4796; x_wconf 76' lang='lat' dir='ltr'><strong>prmscivit</strong></span> <span class='ocrx_word' id='word_1_408' title='bbox 658 4733 814 4793; x_wconf 91' lang='lat' dir='ltr'><strong>atque</strong></span> <span class='ocrx_word' id='word_1_409' title='bbox 840 4722 1120 4792; x_wconf 81' lang='lat' dir='ltr'><strong>disposuit,</strong></span> <span class='ocrx_word' id='word_1_410' title='bbox 1142 4722 1366 4775; x_wconf 84' lang='lat' dir='ltr'><strong>dicimus</strong></span> <span class='ocrx_word' id='word_1_411' title='bbox 1382 4762 1396 4785; x_wconf 94' lang='lat'><strong>,</strong></span> <span class='ocrx_word' id='word_1_412' title='bbox 1420 4719 1535 4775; x_wconf 84' lang='lat' dir='ltr'><strong>Fiet</strong></span> <span class='ocrx_word' id='word_1_413' title='bbox 1551 4706 1765 4790; x_wconf 82' lang='lat' dir='ltr'><strong>quando</strong></span> 
     </span>
    </p>
   </div>
   <div class='ocr_carea' id='block_1_49' title="bbox 202 4812 1767 4882">
    <p class='ocr_par' dir='ltr' id='par_1_49' title="bbox 202 4812 1767 4882">
     <span class='ocr_line' id='line_1_49' title="bbox 202 4812 1767 4882; baseline -0.004 -11"><span class='ocrx_word' id='word_1_414' title='bbox 202 4816 336 4874; x_wconf 89' lang='lat' dir='ltr'><strong>Deus</strong></span> <span class='ocrx_word' id='word_1_415' title='bbox 366 4818 614 4873; x_wconf 77' lang='lat' dir='ltr'><strong>voluerit.</strong></span> <span class='ocrx_word' id='word_1_416' title='bbox 643 4817 697 4872; x_wconf 90' lang='lat' dir='ltr'><strong>Si</strong></span> <span class='ocrx_word' id='word_1_417' title='bbox 727 4827 900 4870; x_wconf 87' lang='lat' dir='ltr'><strong>autem</strong></span> <span class='ocrx_word' id='word_1_418' title='bbox 929 4832 1032 4869; x_wconf 90' lang='lat' dir='ltr'><strong>non</strong></span> <span class='ocrx_word' id='word_1_419' title='bbox 1062 4815 1234 4868; x_wconf 88' lang='lat' dir='ltr'><strong>solum</strong></span> <span class='ocrx_word' id='word_1_420' title='bbox 1259 4824 1466 4882; x_wconf 87' lang='lat' dir='ltr'><strong>tempus</strong></span> <span class='ocrx_word' id='word_1_421' title='bbox 1488 4827 1601 4882; x_wconf 88' lang='lat' dir='ltr'><strong>quo</strong></span> <span class='ocrx_word' id='word_1_422' title='bbox 1628 4812 1767 4865; x_wconf 84' lang='lat' dir='ltr'><strong>futu-</strong></span> 
     </span>
    </p>
   </div>
   <div class='ocr_carea' id='block_1_50' title="bbox 204 4903 1770 4975">
    <p class='ocr_par' dir='ltr' id='par_1_50' title="bbox 204 4903 1770 4975">
     <span class='ocr_line' id='line_1_50' title="bbox 204 4903 1770 4975; baseline -0.005 -14"><span class='ocrx_word' id='word_1_423' title='bbox 204 4920 311 4964; x_wconf 88' lang='lat' dir='ltr'><strong>rum</strong></span> <span class='ocrx_word' id='word_1_424' title='bbox 342 4919 426 4966; x_wconf 85' lang='lat' dir='ltr'><strong>est</strong></span> <span class='ocrx_word' id='word_1_425' title='bbox 449 4951 465 4975; x_wconf 92' lang='lat'><strong>,</strong></span> <span class='ocrx_word' id='word_1_426' title='bbox 491 4924 673 4963; x_wconf 89' lang='lat' dir='ltr'><strong>verum</strong></span> <span class='ocrx_word' id='word_1_427' title='bbox 698 4908 856 4962; x_wconf 88' lang='lat' dir='ltr'><strong>etiam</strong></span> <span class='ocrx_word' id='word_1_428' title='bbox 887 4916 1059 4959; x_wconf 89' lang='lat' dir='ltr'><strong>utrttm</strong></span> <span class='ocrx_word' id='word_1_429' title='bbox 1092 4903 1322 4958; x_wconf 88' lang='lat' dir='ltr'><strong>futurum</strong></span> <span class='ocrx_word' id='word_1_430' title='bbox 1350 4905 1427 4957; x_wconf 83' lang='lat' dir='ltr'><strong>sit</strong></span> <span class='ocrx_word' id='word_1_431' title='bbox 1444 4903 1770 4973; x_wconf 80' lang='lat' dir='ltr'><strong>ignoramus,</strong></span> 
     </span>
    </p>
   </div>
   <div class='ocr_carea' id='block_1_51' title="bbox 205 4992 1767 5066">
    <p class='ocr_par' dir='ltr' id='par_1_51' title="bbox 205 4992 1767 5066">
     <span class='ocr_line' id='line_1_51' title="bbox 205 4992 1767 5066; baseline -0.004 -14"><span class='ocrx_word' id='word_1_432' title='bbox 205 4992 458 5066; x_wconf 79' lang='lat' dir='ltr'><strong>dicimus,</strong></span> <span class='ocrx_word' id='word_1_433' title='bbox 485 5001 637 5065; x_wconf 83' lang='lat' dir='ltr'><strong>Fiet,</strong></span> <span class='ocrx_word' id='word_1_434' title='bbox 674 5000 718 5053; x_wconf 91' lang='lat' dir='ltr'><strong>si</strong></span> <span class='ocrx_word' id='word_1_435' title='bbox 750 4999 889 5052; x_wconf 90' lang='lat' dir='ltr'><strong>Deus</strong></span> <span class='ocrx_word' id='word_1_436' title='bbox 915 4996 1145 5051; x_wconf 87' lang='lat' dir='ltr'><strong>voluerit</strong></span> <span class='ocrx_word' id='word_1_437' title='bbox 1175 5014 1186 5048; x_wconf 94' lang='lat'>:</span> <span class='ocrx_word' id='word_1_438' title='bbox 1220 5011 1323 5049; x_wconf 90' lang='lat' dir='ltr'><strong>non</strong></span> <span class='ocrx_word' id='word_1_439' title='bbox 1352 4995 1472 5064; x_wconf 87' lang='lat' dir='ltr'><strong>quia</strong></span> <span class='ocrx_word' id='word_1_440' title='bbox 1504 4994 1641 5046; x_wconf 85' lang='lat' dir='ltr'><strong>Deus</strong></span> <span class='ocrx_word' id='word_1_441' title='bbox 1668 5006 1767 5045; x_wconf 88' lang='lat' dir='ltr'><strong>no-</strong></span> 
     </span>
    </p>
   </div>
   <div class='ocr_carea' id='block_1_52' title="bbox 208 5083 1771 5159">
    <p class='ocr_par' dir='ltr' id='par_1_52' title="bbox 208 5083 1771 5159">
     <span class='ocr_line' id='line_1_52' title="bbox 208 5083 1771 5159; baseline -0.008 -12"><span class='ocrx_word' id='word_1_442' title='bbox 208 5106 321 5149; x_wconf 69' lang='lat' dir='ltr'><strong>vam</strong></span> <span class='ocrx_word' id='word_1_443' title='bbox 353 5095 678 5148; x_wconf 83' lang='lat' dir='ltr'><strong>voluntatem</strong></span> <span class='ocrx_word' id='word_1_444' title='bbox 700 5132 714 5153; x_wconf 90' lang='lat'><strong>,</strong></span> <span class='ocrx_word' id='word_1_445' title='bbox 747 5105 903 5159; x_wconf 89' lang='lat' dir='ltr'><strong>quam</strong></span> <span class='ocrx_word' id='word_1_446' title='bbox 949 5106 1053 5142; x_wconf 87' lang='lat' dir='ltr'><strong>non</strong></span> <span class='ocrx_word' id='word_1_447' title='bbox 1100 5086 1278 5140; x_wconf 91' lang='lat' dir='ltr'><strong>hahnit</strong></span> <span class='ocrx_word' id='word_1_448' title='bbox 1304 5126 1321 5151; x_wconf 94' lang='lat'><strong>,</strong></span> <span class='ocrx_word' id='word_1_449' title='bbox 1353 5094 1478 5138; x_wconf 82' lang='lat' dir='ltr'><strong>tunc</strong></span> <span class='ocrx_word' id='word_1_450' title='bbox 1520 5083 1771 5148; x_wconf 84' lang='lat' dir='ltr'><strong>habebit;</strong></span> 
     </span>
    </p>
   </div>
   <div class='ocr_carea' id='block_1_53' title="bbox 212 5173 1775 5255">
    <p class='ocr_par' dir='ltr' id='par_1_53' title="bbox 212 5173 1775 5255">
     <span class='ocr_line' id='line_1_53' title="bbox 212 5173 1775 5255; baseline -0.007 -16"><span class='ocrx_word' id='word_1_451' title='bbox 212 5186 299 5239; x_wconf 85' lang='lat' dir='ltr'><strong>sed</strong></span> <span class='ocrx_word' id='word_1_452' title='bbox 336 5187 458 5255; x_wconf 85' lang='lat' dir='ltr'><strong>quia</strong></span> <span class='ocrx_word' id='word_1_453' title='bbox 508 5184 557 5238; x_wconf 88' lang='lat' dir='ltr'><strong>id</strong></span> <span class='ocrx_word' id='word_1_454' title='bbox 587 5182 727 5253; x_wconf 84' lang='lat' dir='ltr'><strong>quod</strong></span> <span class='ocrx_word' id='word_1_455' title='bbox 759 5198 823 5235; x_wconf 73' lang='lat' dir='ltr'><strong>es</strong></span> <span class='ocrx_word' id='word_1_456' title='bbox 857 5180 1155 5234; x_wconf 62' lang='lat' dir='ltr'><strong>atternilate</strong></span> <span class='ocrx_word' id='word_1_457' title='bbox 1203 5177 1254 5231; x_wconf 91' lang='lat' dir='ltr'><strong>iu</strong></span> <span class='ocrx_word' id='word_1_458' title='bbox 1304 5177 1420 5245; x_wconf 90' lang='lat' dir='ltr'><strong>ejus</strong></span> <span class='ocrx_word' id='word_1_459' title='bbox 1464 5173 1775 5229; x_wconf 82' lang='lat' dir='ltr'><strong>iuunutab‘ili</strong></span> 
     </span>
    </p>
   </div>
   <div class='ocr_carea' id='block_1_54' title="bbox 214 5270 1342 5345">
    <p class='ocr_par' dir='ltr' id='par_1_54' title="bbox 214 5270 1342 5345">
     <span class='ocr_line' id='line_1_54' title="bbox 214 5270 1342 5345; baseline -0.008 -13"><span class='ocrx_word' id='word_1_460' title='bbox 214 5288 561 5345; x_wconf 69' lang='lat' dir='ltr'><strong>przeparatum</strong></span> <span class='ocrx_word' id='word_1_461' title='bbox 582 5284 675 5331; x_wconf 76' lang='lat' dir='ltr'><strong>est</strong></span> <span class='ocrx_word' id='word_1_462' title='bbox 717 5275 987 5327; x_wconf 79' lang='lat' dir='ltr'><strong>voluntate</strong></span> <span class='ocrx_word' id='word_1_463' title='bbox 1011 5314 1027 5337; x_wconf 89' lang='lat'><strong>,</strong></span> <span class='ocrx_word' id='word_1_464' title='bbox 1059 5281 1183 5325; x_wconf 89' lang='lat' dir='ltr'><strong>tunc</strong></span> <span class='ocrx_word' id='word_1_465' title='bbox 1210 5270 1342 5325; x_wconf 44' lang='lat' dir='ltr'><strong>erita</strong></span> 
     </span>
    </p>
   </div>
   <div class='ocr_carea' id='block_1_55' title="bbox 214 5354 1780 5431">
    <p class='ocr_par' dir='ltr' id='par_1_55' title="bbox 214 5354 1780 5431">
     <span class='ocr_line' id='line_1_55' title="bbox 214 5354 1780 5431; baseline -0.01 -9"><span class='ocrx_word' id='word_1_466' title='bbox 214 5369 434 5425; x_wconf 70' lang='lat' dir='ltr'><strong>CAPUT</strong></span> <span class='ocrx_word' id='word_1_467' title='bbox 482 5366 568 5421; x_wconf 87' lang='lat' dir='ltr'><strong>Ill.</strong></span> <span class='ocrx_word' id='word_1_468' title='bbox 606 5395 679 5407; x_wconf 89' lang='lat'><strong>-—-</strong></span> <span class='ocrx_word' id='word_1_469' title='bbox 720 5365 794 5418; x_wconf 79' lang='lat' dir='ltr'><strong>De</strong></span> <span class='ocrx_word' id='word_1_470' title='bbox 842 5364 1167 5431; x_wconf 81' lang='lat' dir='ltr'><strong>promissione</strong></span> <span class='ocrx_word' id='word_1_471' title='bbox 1208 5372 1407 5413; x_wconf 76' lang='lat' dir='ltr'><strong>(eterna:</strong></span> <span class='ocrx_word' id='word_1_472' title='bbox 1462 5354 1780 5411; x_wconf 76' lang='lat' dir='ltr'><strong>beatitudinis</strong></span> 
     </span>
    </p>
   </div>
   <div class='ocr_carea' id='block_1_56' title="bbox 379 5450 1606 5523">
    <p class='ocr_par' dir='ltr' id='par_1_56' title="bbox 379 5450 1606 5523">
     <span class='ocr_line' id='line_1_56' title="bbox 379 5450 1606 5523; baseline -0.011 -10"><span class='ocrx_word' id='word_1_473' title='bbox 379 5471 661 5514; x_wconf 86' lang='lat' dir='ltr'><strong>sanctorum</strong></span> <span class='ocrx_word' id='word_1_474' title='bbox 684 5467 729 5509; x_wconf 87' lang='lat' dir='ltr'><strong>et</strong></span> <span class='ocrx_word' id='word_1_475' title='bbox 757 5455 1008 5523; x_wconf 74' lang='lat' dir='ltr'><strong>perpetuis</strong></span> <span class='ocrx_word' id='word_1_476' title='bbox 1034 5452 1291 5522; x_wconf 70' lang='lat' dir='ltr'><strong>suppliciis</strong></span> <span class='ocrx_word' id='word_1_477' title='bbox 1320 5450 1606 5518; x_wconf 83' lang='lat' dir='ltr'><strong>impiorum.</strong></span> 
     </span>
    </p>
   </div>
   <div class='ocr_carea' id='block_1_57' title="bbox 283 5534 1787 5621">
    <p class='ocr_par' dir='ltr' id='par_1_57' title="bbox 283 5534 1787 5621">
     <span class='ocr_line' id='line_1_57' title="bbox 283 5534 1787 5621; baseline -0.013 -15"><span class='ocrx_word' id='word_1_478' title='bbox 283 5553 636 5621; x_wconf 80' lang='lat' dir='ltr'><strong>Quapropter,</strong></span> <span class='ocrx_word' id='word_1_479' title='bbox 665 5558 720 5599; x_wconf 91' lang='lat' dir='ltr'><strong>ut</strong></span> <span class='ocrx_word' id='word_1_480' title='bbox 745 5554 936 5600; x_wconf 72' lang='lat' dir='ltr'><strong>cmtcra</strong></span> <span class='ocrx_word' id='word_1_481' title='bbox 968 5555 1072 5599; x_wconf 85' lang='lat' dir='ltr'><strong>tam</strong></span> <span class='ocrx_word' id='word_1_482' title='bbox 1101 5542 1260 5595; x_wconf 88' lang='lat' dir='ltr'><strong>multa</strong></span> <span class='ocrx_word' id='word_1_483' title='bbox 1292 5546 1620 5607; x_wconf 68' lang='lat' dir='ltr'><strong>prmtereaut,</strong></span> <span class='ocrx_word' id='word_1_484' title='bbox 1651 5534 1787 5588; x_wconf 88' lang='lat' dir='ltr'><strong>sicut</strong></span> 
     </span>
    </p>
   </div>
   <div class='ocr_carea' id='block_1_58' title="bbox 246 5641 1788 5739">
    <p class='ocr_par' dir='ltr' id='par_1_58' title="bbox 246 5641 1788 5739">
     <span class='ocr_line' id='line_1_58' title="bbox 246 5641 1788 5739; baseline -0.014 -23"><span class='ocrx_word' id='word_1_485' title='bbox 246 5728 257 5739; x_wconf 44' lang='lat'><strong><em>.</em></strong></span> <span class='ocrx_word' id='word_1_486' title='bbox 280 5670 296 5700; x_wconf 84' lang='grc' dir='ltr'><strong>ι</strong></span> <span class='ocrx_word' id='word_1_487' title='bbox 331 5667 403 5715; x_wconf 85' lang='lat' dir='ltr'><strong>sic</strong></span> <span class='ocrx_word' id='word_1_488' title='bbox 428 5670 535 5713; x_wconf 75' lang='lat' dir='ltr'><strong>Iss.</strong></span> <span class='ocrx_word' id='word_1_489' title='bbox 568 5667 621 5709; x_wconf 80' lang='lat' dir='ltr'><strong>At</strong></span> <span class='ocrx_word' id='word_1_490' title='bbox 644 5658 790 5716; x_wconf 90' lang='lat' dir='ltr'><strong>editi,</strong></span> <span class='ocrx_word' id='word_1_491' title='bbox 826 5653 877 5706; x_wconf 86' lang='lat' dir='ltr'><strong>in</strong></span> <span class='ocrx_word' id='word_1_492' title='bbox 909 5652 1040 5705; x_wconf 76' lang='lat' dir='ltr'><strong>nobis</strong></span> <span class='ocrx_word' id='word_1_493' title='bbox 1074 5658 1119 5703; x_wconf 86' lang='lat' dir='ltr'><strong>et</strong></span> <span class='ocrx_word' id='word_1_494' title='bbox 1155 5649 1289 5701; x_wconf 71' lang='lat' dir='ltr'><strong>mlle.</strong></span> <span class='ocrx_word' id='word_1_495' title='bbox 1328 5646 1455 5697; x_wconf 74' lang='lat' dir='ltr'><strong>sicut</strong></span> <span class='ocrx_word' id='word_1_496' title='bbox 1488 5644 1614 5696; x_wconf 82' lang='lat' dir='ltr'><strong>enim</strong></span> <span class='ocrx_word' id='word_1_497' title='bbox 1645 5641 1788 5705; x_wconf 81' lang='lat' dir='ltr'><strong>justi-</strong></span> 
     </span>
    </p>
   </div>
   <div class='ocr_carea' id='block_1_59' title="bbox 224 5735 1793 5898">
    <p class='ocr_par' dir='ltr' id='par_1_59' title="bbox 224 5735 1793 5898">
     <span class='ocr_line' id='line_1_59' title="bbox 224 5735 1793 5842; baseline -0.016 -3"><span class='ocrx_word' id='word_1_498' title='bbox 224 5735 315 5823; x_wconf 46' lang='grc' dir='ltr'><strong>ιω(</strong></span> <span class='ocrx_word' id='word_1_499' title='bbox 338 5735 535 5836; x_wconf 79' lang='lat' dir='ltr'><strong>Fr.</strong></span> <span class='ocrx_word' id='word_1_500' title='bbox 576 5791 627 5833; x_wconf 83' lang='lat' dir='ltr'><strong>et</strong></span> <span class='ocrx_word' id='word_1_501' title='bbox 644 5788 772 5842; x_wconf 50' lang='lat' dir='ltr'><strong>tota,</strong></span> <span class='ocrx_word' id='word_1_502' title='bbox 799 5778 911 5829; x_wconf 84' lang='lat' dir='ltr'><strong>datu</strong></span> <span class='ocrx_word' id='word_1_503' title='bbox 946 5773 1227 5826; x_wconf 79' lang='lat' dir='ltr'><strong>hominibus.</strong></span> <span class='ocrx_word' id='word_1_504' title='bbox 1268 5772 1429 5831; x_wconf 78' lang='lat' dir='ltr'><strong>Abest,</strong></span> <span class='ocrx_word' id='word_1_505' title='bbox 1457 5763 1741 5827; x_wconf 81' lang='lat' dir='ltr'><strong>hominibus,</strong></span> <span class='ocrx_word' id='word_1_506' title='bbox 1763 5776 1793 5815; x_wconf 84' lang='lat' dir='ltr'><strong>a</strong></span> 
     </span>
     <span class='ocr_line' id='line_1_60' title="bbox 227 5853 1629 5898; baseline -0.007 -3"><span class='ocrx_word' id='word_1_507' title='bbox 227 5855 305 5898; x_wconf 81' lang='lat' dir='ltr'><strong>\in</strong></span> <span class='ocrx_word' id='word_1_508' title='bbox 326 5853 356 5898; x_wconf 89' lang='grc' dir='ltr'>Ι.</span> <span class='ocrx_word' id='word_1_509' title='bbox 383 5859 433 5898; x_wconf 79' lang='lat' dir='ltr'><strong>et</strong></span> <span class='ocrx_word' id='word_1_510' title='bbox 457 5855 561 5897; x_wconf 62' lang='lat' dir='ltr'><strong>Mss.</strong></span> <span class='ocrx_word' id='word_1_511' title='bbox 1624 5878 1629 5885; x_wconf 90' lang='lat'><strong>.</strong></span> 
     </span>
    </p>
   </div>
   <div class='ocr_carea' id='block_1_60' title="bbox 227 5855 561 5900">
    <p class='ocr_par' dir='ltr' id='par_1_60' title="bbox 227 5855 561 5900">
     <span class='ocr_line' id='line_1_61' title="bbox 227 5855 561 5900; baseline -0.012 0"><span class='ocrx_word' id='word_1_512' title='bbox 227 5858 248 5895; x_wconf 67' lang='grc' dir='ltr'><strong>ι</strong></span> <span class='ocrx_word' id='word_1_513' title='bbox 262 5855 305 5900; x_wconf 89' lang='lat' dir='ltr'><strong>in</strong></span> <span class='ocrx_word' id='word_1_514' title='bbox 326 5855 356 5898; x_wconf 90' lang='grc' dir='ltr'>Ι.</span> <span class='ocrx_word' id='word_1_515' title='bbox 383 5859 433 5899; x_wconf 83' lang='lat' dir='ltr'><strong>et</strong></span> <span class='ocrx_word' id='word_1_516' title='bbox 457 5855 561 5897; x_wconf 58' lang='lat' dir='ltr'><strong>Mss.</strong></span> 
     </span>
    </p>
   </div>
   <div class='ocr_carea' id='block_1_61' title="bbox 1239 410 2249 471">
    <p class='ocr_par' dir='ltr' id='par_1_61' title="bbox 1239 410 2249 471">
     <span class='ocr_line' id='line_1_62' title="bbox 1239 410 2249 471; baseline -0.003 -2"><span class='ocrx_word' id='word_1_517' title='bbox 1239 416 1435 469; x_wconf 74' lang='lat' dir='ltr'><strong>LIBER</strong></span> <span class='ocrx_word' id='word_1_518' title='bbox 1479 410 1837 469; x_wconf 65' lang='lat' dir='ltr'><strong>YIGESNUS</strong></span> <span class='ocrx_word' id='word_1_519' title='bbox 1874 414 2249 471; x_wconf 68' lang='lat' dir='ltr'><strong>SECUNDUS.</strong></span> 
     </span>
    </p>
   </div>
   <div class='ocr_carea' id='block_1_62' title="bbox 3242 380 3347 464">
    <p class='ocr_par' dir='ltr' id='par_1_62' title="bbox 3242 380 3347 464">
     <span class='ocr_line' id='line_1_63' title="bbox 3242 380 3347 464; baseline 0.029 -3"><span class='ocrx_word' id='word_1_520' title='bbox 3242 380 3347 464; x_wconf 63' lang='lat' dir='ltr'><strong>isi</strong></span> 
     </span>
    </p>
   </div>
   <div class='ocr_carea' id='block_1_63' title="bbox 1782 520 3351 596">
    <p class='ocr_par' dir='ltr' id='par_1_63' title="bbox 1782 520 3351 596">
     <span class='ocr_line' id='line_1_64' title="bbox 1782 520 3351 596; baseline -0.007 -12"><span class='ocrx_word' id='word_1_521' title='bbox 1782 544 1924 584; x_wconf 91' lang='lat' dir='ltr'><strong>nunc</strong></span> <span class='ocrx_word' id='word_1_522' title='bbox 1951 528 2004 582; x_wconf 91' lang='lat' dir='ltr'><strong>in</strong></span> <span class='ocrx_word' id='word_1_523' title='bbox 2028 528 2239 583; x_wconf 88' lang='lat' dir='ltr'><strong>Christo</strong></span> <span class='ocrx_word' id='word_1_524' title='bbox 2258 527 2496 581; x_wconf 88' lang='lat' dir='ltr'><strong>videmus</strong></span> <span class='ocrx_word' id='word_1_525' title='bbox 2522 525 2724 594; x_wconf 87' lang='lat' dir='ltr'><strong>impleri</strong></span> <span class='ocrx_word' id='word_1_526' title='bbox 2749 524 2889 596; x_wconf 90' lang='lat' dir='ltr'><strong>quod</strong></span> <span class='ocrx_word' id='word_1_527' title='bbox 2922 524 3162 595; x_wconf 88' lang='lat' dir='ltr'><strong>promisit</strong></span> <span class='ocrx_word' id='word_1_528' title='bbox 3187 520 3351 576; x_wconf 64' lang='lat' dir='ltr'><strong>Abra-</strong></span> 
     </span>
    </p>
   </div>
   <div class='ocr_carea' id='block_1_64' title="bbox 1785 598 3355 686">
    <p class='ocr_par' dir='ltr' id='par_1_64' title="bbox 1785 598 3355 686">
     <span class='ocr_line' id='line_1_65' title="bbox 1785 598 3355 686; baseline -0.005 -13"><span class='ocrx_word' id='word_1_529' title='bbox 1785 617 1900 684; x_wconf 68' lang='lat' dir='ltr'><strong>haz,</strong></span> <span class='ocrx_word' id='word_1_530' title='bbox 1930 618 2145 686; x_wconf 83' lang='lat' dir='ltr'><strong>dicens,</strong></span> <span class='ocrx_word' id='word_1_531' title='bbox 2174 616 2242 672; x_wconf 82' lang='lat' dir='ltr'><strong>In</strong></span> <span class='ocrx_word' id='word_1_532' title='bbox 2277 619 2462 673; x_wconf 83' lang='lat' dir='ltr'><strong>semine</strong></span> <span class='ocrx_word' id='word_1_533' title='bbox 2500 626 2585 671; x_wconf 84' lang='lat' dir='ltr'><strong>tuo</strong></span> <span class='ocrx_word' id='word_1_534' title='bbox 2616 598 2968 671; x_wconf 76' lang='lat' dir='ltr'><strong>benedicentur</strong></span> <span class='ocrx_word' id='word_1_535' title='bbox 2989 631 3159 668; x_wconf 85' lang='lat' dir='ltr'><strong>omnes</strong></span> <span class='ocrx_word' id='word_1_536' title='bbox 3188 621 3355 683; x_wconf 73' lang='lat' dir='ltr'><strong>gentes</strong></span> 
     </span>
    </p>
   </div>
   <div class='ocr_carea' id='block_1_65' title="bbox 1788 703 3356 782">
    <p class='ocr_par' dir='ltr' id='par_1_65' title="bbox 1788 703 3356 782">
     <span class='ocr_line' id='line_1_66' title="bbox 1788 703 3356 782; baseline -0.006 -19"><span class='ocrx_word' id='word_1_537' title='bbox 1788 706 1941 782; x_wconf 80' lang='lat' dir='ltr'><strong>(Gen.</strong></span> <span class='ocrx_word' id='word_1_538' title='bbox 1967 723 2096 775; x_wconf 73' lang='lat' dir='ltr'><strong>nu,</strong></span> <span class='ocrx_word' id='word_1_539' title='bbox 2125 708 2249 778; x_wconf 68' lang='lat'><strong>18):</strong></span> <span class='ocrx_word' id='word_1_540' title='bbox 2277 708 2347 763; x_wconf 90' lang='lat' dir='ltr'><strong>ita</strong></span> <span class='ocrx_word' id='word_1_541' title='bbox 2372 707 2512 778; x_wconf 87' lang='lat' dir='ltr'><strong>quod</strong></span> <span class='ocrx_word' id='word_1_542' title='bbox 2538 706 2711 762; x_wconf 88' lang='lat' dir='ltr'><strong>eidem</strong></span> <span class='ocrx_word' id='word_1_543' title='bbox 2739 705 2928 761; x_wconf 87' lang='lat' dir='ltr'><strong>semini</strong></span> <span class='ocrx_word' id='word_1_544' title='bbox 2957 704 3073 775; x_wconf 86' lang='lat' dir='ltr'><strong>ejus</strong></span> <span class='ocrx_word' id='word_1_545' title='bbox 3092 703 3356 775; x_wconf 74' lang='lat' dir='ltr'><strong>promisit,</strong></span> 
     </span>
    </p>
   </div>
   <div class='ocr_carea' id='block_1_66' title="bbox 1790 797 3361 871">
    <p class='ocr_par' dir='ltr' id='par_1_66' title="bbox 1790 797 3361 871">
     <span class='ocr_line' id='line_1_67' title="bbox 1790 797 3361 871; baseline -0.006 -14"><span class='ocrx_word' id='word_1_546' title='bbox 1790 801 2114 871; x_wconf 86' lang='lat' dir='ltr'><strong>implebitur,</strong></span> <span class='ocrx_word' id='word_1_547' title='bbox 2144 801 2230 854; x_wconf 90' lang='lat' dir='ltr'><strong>ubi</strong></span> <span class='ocrx_word' id='word_1_548' title='bbox 2252 801 2324 855; x_wconf 89' lang='lat' dir='ltr'><strong>ait</strong></span> <span class='ocrx_word' id='word_1_549' title='bbox 2346 816 2438 869; x_wconf 85' lang='lat' dir='ltr'><strong>per</strong></span> <span class='ocrx_word' id='word_1_550' title='bbox 2459 799 2791 869; x_wconf 79' lang='lat' dir='ltr'><strong>prophetam,</strong></span> <span class='ocrx_word' id='word_1_551' title='bbox 2816 799 3090 869; x_wconf 82' lang='lat' dir='ltr'><strong>Resurgent</strong></span> <span class='ocrx_word' id='word_1_552' title='bbox 3114 797 3196 865; x_wconf 83' lang='lat' dir='ltr'><strong>qui</strong></span> <span class='ocrx_word' id='word_1_553' title='bbox 3220 802 3361 849; x_wconf 83' lang='lat' dir='ltr'><strong>erant</strong></span> 
     </span>
    </p>
   </div>
   <div class='ocr_carea' id='block_1_67' title="bbox 1792 890 3366 962">
    <p class='ocr_par' dir='ltr' id='par_1_67' title="bbox 1792 890 3366 962">
     <span class='ocr_line' id='line_1_68' title="bbox 1792 890 3366 962; baseline -0.005 -15"><span class='ocrx_word' id='word_1_554' title='bbox 1792 894 1845 947; x_wconf 83' lang='lat' dir='ltr'><strong>in</strong></span> <span class='ocrx_word' id='word_1_555' title='bbox 1874 893 2241 952; x_wconf 75' lang='lat' dir='ltr'><strong>monumentis;</strong></span> <span class='ocrx_word' id='word_1_556' title='bbox 2266 903 2314 948; x_wconf 88' lang='lat' dir='ltr'><strong>et</strong></span> <span class='ocrx_word' id='word_1_557' title='bbox 2337 894 2475 962; x_wconf 82' lang='lat' dir='ltr'><strong>quod</strong></span> <span class='ocrx_word' id='word_1_558' title='bbox 2499 894 2591 957; x_wconf 87' lang='lat' dir='ltr'><strong>ait,</strong></span> <span class='ocrx_word' id='word_1_559' title='bbox 2616 890 2727 944; x_wconf 78' lang='lat' dir='ltr'><strong>Erit</strong></span> <span class='ocrx_word' id='word_1_560' title='bbox 2751 890 2928 945; x_wconf 70' lang='lat' dir='ltr'><strong>(telum</strong></span> <span class='ocrx_word' id='word_1_561' title='bbox 2955 906 3136 944; x_wconf 77' lang='lat' dir='ltr'><strong>norunt</strong></span> <span class='ocrx_word' id='word_1_562' title='bbox 3157 897 3202 939; x_wconf 81' lang='lat' dir='ltr'><strong>et</strong></span> <span class='ocrx_word' id='word_1_563' title='bbox 3234 899 3366 939; x_wconf 71' lang='lat' dir='ltr'><strong>terra</strong></span> 
     </span>
    </p>
   </div>
   <div class='ocr_carea' id='block_1_68' title="bbox 1794 970 3367 1057">
    <p class='ocr_par' dir='ltr' id='par_1_68' title="bbox 1794 970 3367 1057">
     <span class='ocr_line' id='line_1_69' title="bbox 1794 970 3367 1057; baseline -0.007 -17"><span class='ocrx_word' id='word_1_564' title='bbox 1794 1002 1923 1040; x_wconf 76' lang='lat' dir='ltr'><strong>nova</strong></span> <span class='ocrx_word' id='word_1_565' title='bbox 1940 1028 1956 1052; x_wconf 89' lang='lat'><strong>,</strong></span> <span class='ocrx_word' id='word_1_566' title='bbox 1983 994 2030 1039; x_wconf 82' lang='lat' dir='ltr'><strong>et</strong></span> <span class='ocrx_word' id='word_1_567' title='bbox 2055 1002 2154 1057; x_wconf 85' lang='lat' dir='ltr'><strong>non</strong></span> <span class='ocrx_word' id='word_1_568' title='bbox 2183 994 2324 1039; x_wconf 88' lang='lat' dir='ltr'><strong>erunt</strong></span> <span class='ocrx_word' id='word_1_569' title='bbox 2349 1002 2588 1040; x_wconf 83' lang='lat' dir='ltr'><strong>memores</strong></span> <span class='ocrx_word' id='word_1_570' title='bbox 2621 986 2873 1055; x_wconf 82' lang='lat' dir='ltr'><strong>priorum.</strong></span> <span class='ocrx_word' id='word_1_571' title='bbox 2901 997 2991 1036; x_wconf 86' lang='lat' dir='ltr'><strong>nec</strong></span> <span class='ocrx_word' id='word_1_572' title='bbox 3022 980 3290 1035; x_wconf 73' lang='lat' dir='ltr'><strong>ascenderit</strong></span> 
     </span>
    </p>
   </div>
   <div class='ocr_carea' id='block_1_69' title="bbox 1796 1071 3369 1145">
    <p class='ocr_par' dir='ltr' id='par_1_69' title="bbox 1796 1071 3369 1145">
     <span class='ocr_line' id='line_1_70' title="bbox 1796 1071 3369 1145; baseline -0.004 -15"><span class='ocrx_word' id='word_1_573' title='bbox 1796 1093 1885 1130; x_wconf 80' lang='lat' dir='ltr'><strong>eor</strong></span> <span class='ocrx_word' id='word_1_574' title='bbox 1912 1078 2167 1145; x_wconf 84' lang='lat' dir='ltr'><strong>ipsorum;</strong></span> <span class='ocrx_word' id='word_1_575' title='bbox 2196 1076 2284 1130; x_wconf 80' lang='lat' dir='ltr'><strong>sed</strong></span> <span class='ocrx_word' id='word_1_576' title='bbox 2314 1076 2534 1131; x_wconf 73' lang='lat' dir='ltr'><strong>lwtitiam</strong></span> <span class='ocrx_word' id='word_1_577' title='bbox 2560 1087 2604 1130; x_wconf 88' lang='lat' dir='ltr'><strong>et</strong></span> <span class='ocrx_word' id='word_1_578' title='bbox 2633 1076 3013 1131; x_wconf 73' lang='lat' dir='ltr'><strong>exsultationem</strong></span> <span class='ocrx_word' id='word_1_579' title='bbox 3042 1072 3287 1126; x_wconf 71' lang='lat' dir='ltr'><strong>invenient</strong></span> <span class='ocrx_word' id='word_1_580' title='bbox 3316 1071 3369 1123; x_wconf 87' lang='lat' dir='ltr'><strong>in</strong></span> 
     </span>
    </p>
   </div>
   <div class='ocr_carea' id='block_1_70' title="bbox 1797 1167 3374 1239">
    <p class='ocr_par' dir='ltr' id='par_1_70' title="bbox 1797 1167 3374 1239">
     <span class='ocr_line' id='line_1_71' title="bbox 1797 1167 3374 1239; baseline -0.004 -17"><span class='ocrx_word' id='word_1_581' title='bbox 1797 1182 1877 1222; x_wconf 85' lang='lat' dir='ltr'><strong>ea.</strong></span> <span class='ocrx_word' id='word_1_582' title='bbox 1913 1167 2040 1221; x_wconf 66' lang='lat' dir='ltr'><strong>Ecce</strong></span> <span class='ocrx_word' id='word_1_583' title='bbox 2059 1169 2076 1200; x_wconf 86' lang='grc'>¹</span> <span class='ocrx_word' id='word_1_584' title='bbox 2108 1186 2197 1239; x_wconf 64' lang='grc' dir='ltr'><strong>(θ’)</strong></span> <span class='ocrx_word' id='word_1_585' title='bbox 2227 1170 2409 1237; x_wconf 81' lang='lat' dir='ltr'><strong>faciant</strong></span> <span class='ocrx_word' id='word_1_586' title='bbox 2436 1169 2717 1225; x_wconf 74' lang='lat' dir='ltr'><strong>Jerusaietn</strong></span> <span class='ocrx_word' id='word_1_587' title='bbox 2739 1168 3116 1224; x_wconf 78' lang='lat' dir='ltr'><strong>exsultationem</strong></span> <span class='ocrx_word' id='word_1_588' title='bbox 3142 1174 3187 1219; x_wconf 82' lang='lat' dir='ltr'><strong>et</strong></span> <span class='ocrx_word' id='word_1_589' title='bbox 3216 1180 3374 1235; x_wconf 74' lang='lat' dir='ltr'><strong>popu~</strong></span> 
     </span>
    </p>
   </div>
   <div class='ocr_carea' id='block_1_71' title="bbox 1801 1256 3376 1324">
    <p class='ocr_par' dir='ltr' id='par_1_71' title="bbox 1801 1256 3376 1324">
     <span class='ocr_line' id='line_1_72' title="bbox 1801 1256 3376 1324; baseline -0.003 -11"><span class='ocrx_word' id='word_1_590' title='bbox 1801 1258 1904 1313; x_wconf 79' lang='lat' dir='ltr'><strong>lum</strong></span> <span class='ocrx_word' id='word_1_591' title='bbox 1936 1276 2098 1313; x_wconf 80' lang='lat' dir='ltr'><strong>nicum</strong></span> <span class='ocrx_word' id='word_1_592' title='bbox 2125 1261 2352 1313; x_wconf 67' lang='lat' dir='ltr'><strong>laetitiam</strong></span> <span class='ocrx_word' id='word_1_593' title='bbox 2366 1276 2398 1324; x_wconf 85' lang='lat'><strong>,&#39;.</strong></span> <span class='ocrx_word' id='word_1_594' title='bbox 2415 1272 2460 1317; x_wconf 88' lang='lat' dir='ltr'><strong>et</strong></span> <span class='ocrx_word' id='word_1_595' title='bbox 2488 1260 2743 1316; x_wconf 61' lang='lat' dir='ltr'><strong>exsultabo</strong></span> <span class='ocrx_word' id='word_1_596' title='bbox 2767 1260 2817 1313; x_wconf 90' lang='lat' dir='ltr'><strong>in</strong></span> <span class='ocrx_word' id='word_1_597' title='bbox 2851 1258 3131 1312; x_wconf 74' lang='lat' dir='ltr'><strong>Ierusalem</strong></span> <span class='ocrx_word' id='word_1_598' title='bbox 3152 1298 3172 1323; x_wconf 82' lang='lat'><strong>,</strong></span> <span class='ocrx_word' id='word_1_599' title='bbox 3214 1265 3261 1309; x_wconf 86' lang='lat' dir='ltr'><strong>et</strong></span> <span class='ocrx_word' id='word_1_600' title='bbox 3288 1256 3376 1309; x_wconf 72' lang='lat' dir='ltr'><strong>Iw-</strong></span> 
     </span>
    </p>
   </div>
   <div class='ocr_carea' id='block_1_72' title="bbox 1804 1350 3378 1422">
    <p class='ocr_par' dir='ltr' id='par_1_72' title="bbox 1804 1350 3378 1422">
     <span class='ocr_line' id='line_1_73' title="bbox 1804 1350 3378 1422; baseline -0.003 -19"><span class='ocrx_word' id='word_1_601' title='bbox 1804 1351 1945 1406; x_wconf 83' lang='lat' dir='ltr'><strong>tabor</strong></span> <span class='ocrx_word' id='word_1_602' title='bbox 1966 1354 2017 1405; x_wconf 89' lang='lat' dir='ltr'><strong>in</strong></span> <span class='ocrx_word' id='word_1_603' title='bbox 2057 1353 2244 1422; x_wconf 84' lang='lat' dir='ltr'><strong>populo</strong></span> <span class='ocrx_word' id='word_1_604' title='bbox 2272 1370 2417 1417; x_wconf 86' lang='lat' dir='ltr'><strong>meo;</strong></span> <span class='ocrx_word' id='word_1_605' title='bbox 2449 1364 2497 1409; x_wconf 70' lang='lat' dir='ltr'><strong>es</strong></span> <span class='ocrx_word' id='word_1_606' title='bbox 2536 1355 2669 1408; x_wconf 84' lang='lat' dir='ltr'><strong>ultra</strong></span> <span class='ocrx_word' id='word_1_607' title='bbox 2695 1371 2792 1407; x_wconf 88' lang='lat' dir='ltr'><strong>non</strong></span> <span class='ocrx_word' id='word_1_608' title='bbox 2832 1352 3062 1406; x_wconf 72' lang='lat' dir='ltr'><strong>audietur</strong></span> <span class='ocrx_word' id='word_1_609' title='bbox 3098 1350 3148 1403; x_wconf 89' lang='lat' dir='ltr'><strong>in</strong></span> <span class='ocrx_word' id='word_1_610' title='bbox 3190 1365 3247 1403; x_wconf 86' lang='lat' dir='ltr'><strong>ea</strong></span> <span class='ocrx_word' id='word_1_611' title='bbox 3281 1362 3378 1400; x_wconf 67' lang='lat' dir='ltr'><strong>rox</strong></span> 
     </span>
    </p>
   </div>
   <div class='ocr_carea' id='block_1_73' title="bbox 1805 1438 3377 1514">
    <p class='ocr_par' dir='ltr' id='par_1_73' title="bbox 1805 1438 3377 1514">
     <span class='ocr_line' id='line_1_74' title="bbox 1805 1438 3377 1514; baseline -0.008 -17"><span class='ocrx_word' id='word_1_612' title='bbox 1805 1438 1953 1511; x_wconf 70' lang='lat' dir='ltr'><strong>ﬂetus</strong></span> <span class='ocrx_word' id='word_1_613' title='bbox 1993 1441 2151 1514; x_wconf 82' lang='lat' dir='ltr'><strong>(Isai.</strong></span> <span class='ocrx_word' id='word_1_614' title='bbox 2198 1459 2355 1509; x_wconf 74' lang='lat' dir='ltr'><strong>xm,</strong></span> <span class='ocrx_word' id='word_1_615' title='bbox 2402 1444 2486 1509; x_wconf 84' lang='lat' dir='ltr'><strong>l9,</strong></span> <span class='ocrx_word' id='word_1_616' title='bbox 2530 1460 2628 1496; x_wconf 88' lang='lat' dir='ltr'><strong>sec.</strong></span> <span class='ocrx_word' id='word_1_617' title='bbox 2672 1443 2848 1505; x_wconf 73' lang='lat' dir='ltr'><strong>LXX;</strong></span> <span class='ocrx_word' id='word_1_618' title='bbox 2889 1455 3012 1506; x_wconf 76' lang='lat' dir='ltr'><strong>t.xv,</strong></span> <span class='ocrx_word' id='word_1_619' title='bbox 3055 1438 3233 1495; x_wconf 72' lang='lat'><strong>11-19.</strong></span> <span class='ocrx_word' id='word_1_620' title='bbox 3276 1451 3377 1488; x_wconf 77' lang='lat' dir='ltr'><strong>sec.</strong></span> 
     </span>
    </p>
   </div>
   <div class='ocr_carea' id='block_1_74' title="bbox 1808 1528 3382 1609">
    <p class='ocr_par' dir='ltr' id='par_1_74' title="bbox 1808 1528 3382 1609">
     <span class='ocr_line' id='line_1_75' title="bbox 1808 1528 3382 1609; baseline -0.006 -20"><span class='ocrx_word' id='word_1_621' title='bbox 1808 1534 1996 1605; x_wconf 69' lang='lat' dir='ltr'><strong>LXX).</strong></span> <span class='ocrx_word' id='word_1_622' title='bbox 2029 1536 2093 1589; x_wconf 85' lang='lat' dir='ltr'><strong>Et</strong></span> <span class='ocrx_word' id='word_1_623' title='bbox 2136 1552 2228 1605; x_wconf 87' lang='lat' dir='ltr'><strong>per</strong></span> <span class='ocrx_word' id='word_1_624' title='bbox 2253 1536 2413 1592; x_wconf 89' lang='lat' dir='ltr'><strong>alium</strong></span> <span class='ocrx_word' id='word_1_625' title='bbox 2446 1536 2753 1609; x_wconf 71' lang='lat' dir='ltr'><strong>prophetam</strong></span> <span class='ocrx_word' id='word_1_626' title='bbox 2776 1577 2813 1601; x_wconf 61' lang='grc'><strong>,,</strong></span> <span class='ocrx_word' id='word_1_627' title='bbox 2836 1532 2973 1603; x_wconf 86' lang='lat' dir='ltr'><strong>quod</strong></span> <span class='ocrx_word' id='word_1_628' title='bbox 3015 1528 3382 1600; x_wconf 80' lang='lat' dir='ltr'><strong>pra-nuntiavit</strong></span> 
     </span>
    </p>
   </div>
   <div class='ocr_carea' id='block_1_75' title="bbox 1808 1624 3379 1698">
    <p class='ocr_par' dir='ltr' id='par_1_75' title="bbox 1808 1624 3379 1698">
     <span class='ocr_line' id='line_1_76' title="bbox 1808 1624 3379 1698; baseline -0.007 -16"><span class='ocrx_word' id='word_1_629' title='bbox 1808 1626 1988 1682; x_wconf 82' lang='lat' dir='ltr'><strong>dicens</strong></span> <span class='ocrx_word' id='word_1_630' title='bbox 2010 1627 2181 1683; x_wconf 77' lang='lat' dir='ltr'><strong>eidem</strong></span> <span class='ocrx_word' id='word_1_631' title='bbox 2211 1628 2512 1698; x_wconf 75' lang='lat' dir='ltr'><strong>proph‘ctze,</strong></span> <span class='ocrx_word' id='word_1_632' title='bbox 2543 1627 2605 1681; x_wconf 83' lang='lat' dir='ltr'><strong>In</strong></span> <span class='ocrx_word' id='word_1_633' title='bbox 2630 1639 2849 1697; x_wconf 85' lang='lat' dir='ltr'><strong>tempore</strong></span> <span class='ocrx_word' id='word_1_634' title='bbox 2871 1628 2961 1679; x_wconf 88' lang='lat' dir='ltr'><strong>illo</strong></span> <span class='ocrx_word' id='word_1_635' title='bbox 2984 1624 3259 1678; x_wconf 83' lang='lat' dir='ltr'><strong>salvubitur</strong></span> <span class='ocrx_word' id='word_1_636' title='bbox 3288 1637 3379 1691; x_wconf 58' lang='lat' dir='ltr'><strong>po.~</strong></span> 
     </span>
    </p>
   </div>
   <div class='ocr_carea' id='block_1_76' title="bbox 1813 1713 3385 1792">
    <p class='ocr_par' dir='ltr' id='par_1_76' title="bbox 1813 1713 3385 1792">
     <span class='ocr_line' id='line_1_77' title="bbox 1813 1713 3385 1792; baseline -0.005 -19"><span class='ocrx_word' id='word_1_637' title='bbox 1813 1722 1959 1791; x_wconf 78' lang='lat' dir='ltr'><strong>palus</strong></span> <span class='ocrx_word' id='word_1_638' title='bbox 1976 1731 2089 1775; x_wconf 81' lang='lat' dir='ltr'><strong>tuus</strong></span> <span class='ocrx_word' id='word_1_639' title='bbox 2118 1722 2278 1775; x_wconf 89' lang='lat' dir='ltr'><strong>omnis</strong></span> <span class='ocrx_word' id='word_1_640' title='bbox 2296 1724 2380 1792; x_wconf 84' lang='lat' dir='ltr'><strong>qui</strong></span> <span class='ocrx_word' id='word_1_641' title='bbox 2398 1722 2624 1775; x_wconf 81' lang='lat' dir='ltr'><strong>inventus</strong></span> <span class='ocrx_word' id='word_1_642' title='bbox 2650 1721 2797 1787; x_wconf 78' lang='lat' dir='ltr'><strong>fuerit</strong></span> <span class='ocrx_word' id='word_1_643' title='bbox 2820 1719 3034 1785; x_wconf 78' lang='lat' dir='ltr'><strong>srriptus</strong></span> <span class='ocrx_word' id='word_1_644' title='bbox 3071 1716 3121 1767; x_wconf 90' lang='lat' dir='ltr'><strong>in</strong></span> <span class='ocrx_word' id='word_1_645' title='bbox 3145 1713 3269 1767; x_wconf 82' lang='lat' dir='ltr'><strong>libro</strong></span> <span class='ocrx_word' id='word_1_646' title='bbox 3297 1728 3315 1765; x_wconf 91' lang='lat'><strong><em>:</em></strong></span> <span class='ocrx_word' id='word_1_647' title='bbox 3340 1720 3385 1765; x_wconf 78' lang='lat' dir='ltr'><strong>et</strong></span> 
     </span>
    </p>
   </div>
   <div class='ocr_carea' id='block_1_77' title="bbox 1812 1803 3388 1875">
    <p class='ocr_par' dir='ltr' id='par_1_77' title="bbox 1812 1803 3388 1875">
     <span class='ocr_line' id='line_1_78' title="bbox 1812 1803 3388 1875; baseline -0.006 -10"><span class='ocrx_word' id='word_1_648' title='bbox 1812 1812 1959 1865; x_wconf 81' lang='lat' dir='ltr'><strong>multi</strong></span> <span class='ocrx_word' id='word_1_649' title='bbox 1990 1811 2338 1865; x_wconf 81' lang='lat' dir='ltr'><strong>dormientium</strong></span> <span class='ocrx_word' id='word_1_650' title='bbox 2365 1812 2418 1866; x_wconf 89' lang='lat' dir='ltr'><strong>in</strong></span> <span class='ocrx_word' id='word_1_651' title='bbox 2447 1822 2593 1865; x_wconf 77' lang='lat' dir='ltr'><strong>term</strong></span> <span class='ocrx_word' id='word_1_652' title='bbox 2622 1810 2822 1875; x_wconf 76' lang='lat' dir='ltr'><strong>pulvere</strong></span> <span class='ocrx_word' id='word_1_653' title='bbox 2860 1809 3039 1872; x_wconf 87' lang='lat' dir='ltr'><strong>(sive,</strong></span> <span class='ocrx_word' id='word_1_654' title='bbox 3084 1816 3138 1859; x_wconf 86' lang='grc' dir='ltr'><strong>ιιι</strong></span> <span class='ocrx_word' id='word_1_655' title='bbox 3172 1803 3388 1874; x_wconf 85' lang='lat' dir='ltr'><strong>quidam</strong></span> 
     </span>
    </p>
   </div>
   <div class='ocr_carea' id='block_1_78' title="bbox 1815 1881 3387 1974">
    <p class='ocr_par' dir='ltr' id='par_1_78' title="bbox 1815 1881 3387 1974">
     <span class='ocr_line' id='line_1_79' title="bbox 1815 1881 3387 1974; baseline -0.006 -18"><span class='ocrx_word' id='word_1_656' title='bbox 1815 1902 2145 1971; x_wconf 75' lang='lat' dir='ltr'><strong>interpretati</strong></span> <span class='ocrx_word' id='word_1_657' title='bbox 2169 1911 2321 1967; x_wconf 81' lang='lat' dir='ltr'><strong>sunt,</strong></span> <span class='ocrx_word' id='word_1_658' title='bbox 2343 1899 2564 1974; x_wconf 81' lang='lat' dir='ltr'><strong>aggere)</strong></span> <span class='ocrx_word' id='word_1_659' title='bbox 2593 1910 2889 1971; x_wconf 72' lang='lat' dir='ltr'><strong>exsurgant;</strong></span> <span class='ocrx_word' id='word_1_660' title='bbox 2924 1898 2977 1951; x_wconf 83' lang='grc' dir='ltr'><em>1ιὶ</em></span> <span class='ocrx_word' id='word_1_661' title='bbox 3001 1898 3051 1949; x_wconf 87' lang='lat' dir='ltr'><strong>in</strong></span> <span class='ocrx_word' id='word_1_662' title='bbox 3072 1897 3229 1950; x_wconf 73' lang='lat' dir='ltr'><strong>ritum</strong></span> <span class='ocrx_word' id='word_1_663' title='bbox 3252 1881 3387 1948; x_wconf 44' lang='lat' dir='ltr'><strong>teter?</strong></span> 
     </span>
    </p>
   </div>
   <div class='ocr_carea' id='block_1_79' title="bbox 1815 1991 3390 2063">
    <p class='ocr_par' dir='ltr' id='par_1_79' title="bbox 1815 1991 3390 2063">
     <span class='ocr_line' id='line_1_80' title="bbox 1815 1991 3390 2063; baseline -0.007 -17"><span class='ocrx_word' id='word_1_664' title='bbox 1815 2009 1964 2058; x_wconf 81' lang='lat' dir='ltr'><strong>nam,</strong></span> <span class='ocrx_word' id='word_1_665' title='bbox 2014 2002 2059 2047; x_wconf 74' lang='lat' dir='ltr'><strong>et</strong></span> <span class='ocrx_word' id='word_1_666' title='bbox 2102 1993 2153 2046; x_wconf 81' lang='grc' dir='ltr'><strong><em>Ιιὶ</em></strong></span> <span class='ocrx_word' id='word_1_667' title='bbox 2198 1994 2251 2047; x_wconf 86' lang='lat' dir='ltr'><strong>in</strong></span> <span class='ocrx_word' id='word_1_668' title='bbox 2296 1994 2618 2063; x_wconf 85' lang='lat' dir='ltr'><strong>opprobrium</strong></span> <span class='ocrx_word' id='word_1_669' title='bbox 2660 2002 2707 2046; x_wconf 88' lang='lat' dir='ltr'><strong>et</strong></span> <span class='ocrx_word' id='word_1_670' title='bbox 2759 1991 3101 2059; x_wconf 74' lang='lat' dir='ltr'><strong>confusionem</strong></span> <span class='ocrx_word' id='word_1_671' title='bbox 3150 1996 3390 2057; x_wconf 67' lang='lat' dir='ltr'><strong>internum</strong></span> 
     </span>
    </p>
   </div>
   <div class='ocr_carea' id='block_1_80' title="bbox 1819 2075 3389 2158">
    <p class='ocr_par' dir='ltr' id='par_1_80' title="bbox 1819 2075 3389 2158">
     <span class='ocr_line' id='line_1_81' title="bbox 1819 2075 3389 2158; baseline -0.008 -20"><span class='ocrx_word' id='word_1_672' title='bbox 1819 2083 1977 2158; x_wconf 85' lang='lat' dir='ltr'><strong>(Dan.</strong></span> <span class='ocrx_word' id='word_1_673' title='bbox 2022 2101 2123 2149; x_wconf 12' lang='lat' dir='ltr'><strong>sua,</strong></span> <span class='ocrx_word' id='word_1_674' title='bbox 2158 2086 2178 2140; x_wconf 81' lang='lat' dir='ltr'><strong>l</strong></span> <span class='ocrx_word' id='word_1_675' title='bbox 2217 2095 2260 2138; x_wconf 84' lang='lat' dir='ltr'><strong>et</strong></span> <span class='ocrx_word' id='word_1_676' title='bbox 2292 2084 2372 2155; x_wconf 76' lang='lat'><strong>2).</strong></span> <span class='ocrx_word' id='word_1_677' title='bbox 2403 2084 2467 2137; x_wconf 87' lang='lat' dir='ltr'><strong>Et</strong></span> <span class='ocrx_word' id='word_1_678' title='bbox 2496 2084 2599 2137; x_wconf 89' lang='lat' dir='ltr'><strong>alio</strong></span> <span class='ocrx_word' id='word_1_679' title='bbox 2625 2083 2741 2137; x_wconf 89' lang='lat' dir='ltr'><strong>loco</strong></span> <span class='ocrx_word' id='word_1_680' title='bbox 2762 2098 2855 2151; x_wconf 82' lang='lat' dir='ltr'><strong>per</strong></span> <span class='ocrx_word' id='word_1_681' title='bbox 2880 2080 3125 2134; x_wconf 68' lang='lat' dir='ltr'><strong>eumdem</strong></span> <span class='ocrx_word' id='word_1_682' title='bbox 3158 2075 3389 2146; x_wconf 87' lang='lat' dir='ltr'><strong>prephe-</strong></span> 
     </span>
    </p>
   </div>
   <div class='ocr_carea' id='block_1_81' title="bbox 1822 2168 3393 2246">
    <p class='ocr_par' dir='ltr' id='par_1_81' title="bbox 1822 2168 3393 2246">
     <span class='ocr_line' id='line_1_82' title="bbox 1822 2168 3393 2246; baseline -0.011 -14"><span class='ocrx_word' id='word_1_683' title='bbox 1822 2187 1925 2232; x_wconf 87' lang='lat' dir='ltr'><strong>tam</strong></span> <span class='ocrx_word' id='word_1_684' title='bbox 1957 2195 1969 2230; x_wconf 90' lang='lat'><strong>:</strong></span> <span class='ocrx_word' id='word_1_685' title='bbox 2006 2178 2263 2246; x_wconf 75' lang='lat' dir='ltr'><strong>Accipient</strong></span> <span class='ocrx_word' id='word_1_686' title='bbox 2299 2194 2505 2246; x_wconf 82' lang='lat' dir='ltr'><strong>regnum</strong></span> <span class='ocrx_word' id='word_1_687' title='bbox 2534 2175 2693 2229; x_wconf 73' lang='lat' dir='ltr'><strong>sancti</strong></span> <span class='ocrx_word' id='word_1_688' title='bbox 2720 2173 2961 2227; x_wconf 77' lang='lat' dir='ltr'><strong>Altissimi</strong></span> <span class='ocrx_word' id='word_1_689' title='bbox 2980 2212 2995 2235; x_wconf 94' lang='lat'><strong>,</strong></span> <span class='ocrx_word' id='word_1_690' title='bbox 3023 2180 3068 2235; x_wconf 83' lang='lat' dir='ltr'><strong>et</strong></span> <span class='ocrx_word' id='word_1_691' title='bbox 3106 2168 3393 2225; x_wconf 77' lang='lat' dir='ltr'><strong>obtinebunt</strong></span> 
     </span>
    </p>
   </div>
   <div class='ocr_carea' id='block_1_82' title="bbox 1819 2257 3367 2335">
    <p class='ocr_par' dir='ltr' id='par_1_82' title="bbox 1819 2257 3367 2335">
     <span class='ocr_line' id='line_1_83' title="bbox 1819 2257 3367 2335; baseline -0.009 -13"><span class='ocrx_word' id='word_1_692' title='bbox 1819 2268 1950 2322; x_wconf 72' lang='lat' dir='ltr'><strong>illud</strong></span> <span class='ocrx_word' id='word_1_693' title='bbox 1977 2284 2131 2335; x_wconf 86' lang='lat' dir='ltr'><strong>usque</strong></span> <span class='ocrx_word' id='word_1_694' title='bbox 2159 2270 2208 2321; x_wconf 84' lang='lat' dir='ltr'><strong>in</strong></span> <span class='ocrx_word' id='word_1_695' title='bbox 2239 2268 2475 2321; x_wconf 75' lang='lat' dir='ltr'><strong>swculutn</strong></span> <span class='ocrx_word' id='word_1_696' title='bbox 2494 2308 2509 2331; x_wconf 92' lang='lat'><strong>,</strong></span> <span class='ocrx_word' id='word_1_697' title='bbox 2551 2276 2596 2319; x_wconf 87' lang='lat' dir='ltr'><strong>et</strong></span> <span class='ocrx_word' id='word_1_698' title='bbox 2634 2282 2787 2335; x_wconf 76' lang='lat' dir='ltr'><strong>usque</strong></span> <span class='ocrx_word' id='word_1_699' title='bbox 2829 2265 2877 2315; x_wconf 90' lang='lat' dir='ltr'><strong>in</strong></span> <span class='ocrx_word' id='word_1_700' title='bbox 2908 2261 3147 2315; x_wconf 65' lang='lat' dir='ltr'><strong>stantium</strong></span> <span class='ocrx_word' id='word_1_701' title='bbox 3185 2257 3367 2311; x_wconf 68' lang='lat' dir='ltr'><strong>saeculo</strong></span> 
     </span>
    </p>
   </div>
   <div class='ocr_carea' id='block_1_83' title="bbox 1822 2349 3403 2430">
    <p class='ocr_par' dir='ltr' id='par_1_83' title="bbox 1822 2349 3403 2430">
     <span class='ocr_line' id='line_1_84' title="bbox 1822 2349 3403 2430; baseline -0.008 -18"><span class='ocrx_word' id='word_1_702' title='bbox 1822 2376 1933 2412; x_wconf 83' lang='lat' dir='ltr'><strong>rum</strong></span> <span class='ocrx_word' id='word_1_703' title='bbox 1959 2358 2066 2430; x_wconf 53' lang='lat' dir='ltr'><strong>(sla.</strong></span> <span class='ocrx_word' id='word_1_704' title='bbox 2100 2375 2189 2420; x_wconf 82' lang='lat' dir='ltr'><strong>vn,</strong></span> <span class='ocrx_word' id='word_1_705' title='bbox 2226 2358 2330 2425; x_wconf 90' lang='lat' dir='ltr'><strong>l8).</strong></span> <span class='ocrx_word' id='word_1_706' title='bbox 2358 2357 2423 2411; x_wconf 83' lang='lat' dir='ltr'><strong>Et</strong></span> <span class='ocrx_word' id='word_1_707' title='bbox 2444 2358 2600 2427; x_wconf 83' lang='lat' dir='ltr'><strong>paulo</strong></span> <span class='ocrx_word' id='word_1_708' title='bbox 2622 2368 2757 2426; x_wconf 81' lang='lat' dir='ltr'><strong>poSI,</strong></span> <span class='ocrx_word' id='word_1_709' title='bbox 2786 2353 3035 2425; x_wconf 63' lang='lat' dir='ltr'><strong>Regnum,</strong></span> <span class='ocrx_word' id='word_1_710' title='bbox 3066 2350 3254 2420; x_wconf 87' lang='lat' dir='ltr'><strong>inquit,</strong></span> <span class='ocrx_word' id='word_1_711' title='bbox 3281 2349 3403 2420; x_wconf 79' lang='lat' dir='ltr'><strong>ejus</strong></span> 
     </span>
    </p>
   </div>
   <div class='ocr_carea' id='block_1_84' title="bbox 1823 2439 3397 2521">
    <p class='ocr_par' dir='ltr' id='par_1_84' title="bbox 1823 2439 3397 2521">
     <span class='ocr_line' id='line_1_85' title="bbox 1823 2439 3397 2521; baseline -0.006 -18"><span class='ocrx_word' id='word_1_712' title='bbox 1823 2451 2421 2521; x_wconf 69' lang='lat' dir='ltr'><strong>regimursempiternum</strong></span> <span class='ocrx_word' id='word_1_713' title='bbox 2463 2446 2799 2519; x_wconf 71' lang='lat' dir='ltr'><strong>(lbid.,._27).</strong></span> <span class='ocrx_word' id='word_1_714' title='bbox 2834 2447 2892 2498; x_wconf 64' lang='lat' dir='ltr'><strong>lit</strong></span> <span class='ocrx_word' id='word_1_715' title='bbox 2932 2446 3031 2496; x_wconf 85' lang='lat' dir='ltr'><strong>alia</strong></span> <span class='ocrx_word' id='word_1_716' title='bbox 3058 2458 3173 2509; x_wconf 68' lang='grc' dir='ltr'>(ιιιίιξ</span> <span class='ocrx_word' id='word_1_717' title='bbox 3200 2440 3265 2494; x_wconf 88' lang='lat' dir='ltr'><strong>ad</strong></span> <span class='ocrx_word' id='word_1_718' title='bbox 3297 2439 3397 2494; x_wconf 77' lang='lat' dir='ltr'><strong>huc</strong></span> 
     </span>
    </p>
   </div>
   <div class='ocr_carea' id='block_1_85' title="bbox 1827 2533 3419 2613">
    <p class='ocr_par' dir='ltr' id='par_1_85' title="bbox 1827 2533 3419 2613">
     <span class='ocr_line' id='line_1_86' title="bbox 1827 2533 3419 2613; baseline -0.003 -17"><span class='ocrx_word' id='word_1_719' title='bbox 1827 2543 2140 2613; x_wconf 81' lang='lat' dir='ltr'><strong>pertinentia</strong></span> <span class='ocrx_word' id='word_1_720' title='bbox 2184 2544 2234 2596; x_wconf 91' lang='lat' dir='ltr'><strong>in</strong></span> <span class='ocrx_word' id='word_1_721' title='bbox 2277 2543 2414 2595; x_wconf 84' lang='lat' dir='ltr'><strong>libro</strong></span> <span class='ocrx_word' id='word_1_722' title='bbox 2453 2542 2706 2596; x_wconf 70' lang='lat' dir='ltr'><strong>vicesimo</strong></span> <span class='ocrx_word' id='word_1_723' title='bbox 2742 2541 2887 2609; x_wconf 79' lang='lat' dir='ltr'><strong>posui</strong></span> <span class='ocrx_word' id='word_1_724' title='bbox 2948 2538 3083 2606; x_wconf 83' lang='lat' dir='ltr'><strong>(cup.</strong></span> <span class='ocrx_word' id='word_1_725' title='bbox 3128 2534 3189 2589; x_wconf 69' lang='lat'><strong>2|</strong></span> <span class='ocrx_word' id='word_1_726' title='bbox 3230 2533 3419 2603; x_wconf 48' lang='grc' dir='ltr'><strong>σφω.</strong></span> 
     </span>
    </p>
   </div>
   <div class='ocr_carea' id='block_1_86' title="bbox 1828 2624 3399 2702">
    <p class='ocr_par' dir='ltr' id='par_1_86' title="bbox 1828 2624 3399 2702">
     <span class='ocr_line' id='line_1_87' title="bbox 1828 2624 3399 2702; baseline -0.006 -15"><span class='ocrx_word' id='word_1_727' title='bbox 1828 2634 1941 2699; x_wconf 86' lang='lat' dir='ltr'><strong>sive</strong></span> <span class='ocrx_word' id='word_1_728' title='bbox 1963 2649 2081 2702; x_wconf 62' lang='lat' dir='ltr'><strong>quae</strong></span> <span class='ocrx_word' id='word_1_729' title='bbox 2109 2648 2212 2685; x_wconf 88' lang='lat' dir='ltr'><strong>non</strong></span> <span class='ocrx_word' id='word_1_730' title='bbox 2244 2631 2423 2698; x_wconf 80' lang='lat' dir='ltr'><strong>posui,</strong></span> <span class='ocrx_word' id='word_1_731' title='bbox 2447 2641 2499 2685; x_wconf 93' lang='lat' dir='ltr'><strong>et</strong></span> <span class='ocrx_word' id='word_1_732' title='bbox 2525 2641 2699 2684; x_wconf 84' lang='lat' dir='ltr'><strong>tamen</strong></span> <span class='ocrx_word' id='word_1_733' title='bbox 2732 2628 3009 2682; x_wconf 74' lang='lat' dir='ltr'><strong>ineisdcm</strong></span> <span class='ocrx_word' id='word_1_734' title='bbox 3033 2625 3248 2680; x_wconf 69' lang='lat' dir='ltr'><strong>Litteris</strong></span> <span class='ocrx_word' id='word_1_735' title='bbox 3267 2624 3399 2677; x_wconf 71' lang='lat' dir='ltr'><strong>scri-</strong></span> 
     </span>
    </p>
   </div>
   <div class='ocr_carea' id='block_1_87' title="bbox 1831 2721 3405 2795">
    <p class='ocr_par' dir='ltr' id='par_1_87' title="bbox 1831 2721 3405 2795">
     <span class='ocr_line' id='line_1_88' title="bbox 1831 2721 3405 2795; baseline -0.007 -17"><span class='ocrx_word' id='word_1_736' title='bbox 1831 2736 1917 2795; x_wconf 92' lang='lat' dir='ltr'><strong>pta</strong></span> <span class='ocrx_word' id='word_1_737' title='bbox 1944 2733 2101 2780; x_wconf 87' lang='lat' dir='ltr'><strong>sunt:</strong></span> <span class='ocrx_word' id='word_1_738' title='bbox 2134 2724 2348 2778; x_wconf 87' lang='lat' dir='ltr'><strong>venient</strong></span> <span class='ocrx_word' id='word_1_739' title='bbox 2370 2731 2427 2777; x_wconf 91' lang='lat' dir='ltr'><strong>et</strong></span> <span class='ocrx_word' id='word_1_740' title='bbox 2445 2723 2579 2786; x_wconf 64' lang='lat' dir='ltr'><strong>haec,</strong></span> <span class='ocrx_word' id='word_1_741' title='bbox 2611 2722 2746 2777; x_wconf 82' lang='lat' dir='ltr'><strong>sicut</strong></span> <span class='ocrx_word' id='word_1_742' title='bbox 2770 2729 2825 2777; x_wconf 90' lang='lat' dir='ltr'><strong>et</strong></span> <span class='ocrx_word' id='word_1_743' title='bbox 2852 2721 2948 2774; x_wconf 86' lang='lat' dir='ltr'><strong>ista</strong></span> <span class='ocrx_word' id='word_1_744' title='bbox 2978 2726 3256 2780; x_wconf 89' lang='lat' dir='ltr'><strong>venerunt,</strong></span> <span class='ocrx_word' id='word_1_745' title='bbox 3286 2730 3405 2785; x_wconf 68' lang='lat' dir='ltr'><strong>qua:</strong></span> 
     </span>
    </p>
   </div>
   <div class='ocr_carea' id='block_1_88' title="bbox 1834 2804 3407 2883">
    <p class='ocr_par' dir='ltr' id='par_1_88' title="bbox 1834 2804 3407 2883">
     <span class='ocr_line' id='line_1_89' title="bbox 1834 2804 3407 2883; baseline -0.01 -14"><span class='ocrx_word' id='word_1_746' title='bbox 1834 2814 2090 2870; x_wconf 85' lang='lat' dir='ltr'><strong>increduli</strong></span> <span class='ocrx_word' id='word_1_747' title='bbox 2133 2830 2237 2868; x_wconf 90' lang='lat' dir='ltr'><strong>non</strong></span> <span class='ocrx_word' id='word_1_748' title='bbox 2283 2813 2535 2883; x_wconf 88' lang='lat' dir='ltr'><strong>putabant</strong></span> <span class='ocrx_word' id='word_1_749' title='bbox 2577 2827 2696 2867; x_wconf 89' lang='lat' dir='ltr'><strong>esse</strong></span> <span class='ocrx_word' id='word_1_750' title='bbox 2734 2819 2979 2865; x_wconf 89' lang='lat' dir='ltr'><strong>ventura.</strong></span> <span class='ocrx_word' id='word_1_751' title='bbox 3020 2808 3164 2863; x_wconf 85' lang='lat' dir='ltr'><strong>Idem</strong></span> <span class='ocrx_word' id='word_1_752' title='bbox 3211 2804 3407 2875; x_wconf 82' lang='lat' dir='ltr'><strong>quippe</strong></span> 
     </span>
    </p>
   </div>
   <div class='ocr_carea' id='block_1_89' title="bbox 1835 2896 3405 2976">
    <p class='ocr_par' dir='ltr' id='par_1_89' title="bbox 1835 2896 3405 2976">
     <span class='ocr_line' id='line_1_90' title="bbox 1835 2896 3405 2976; baseline -0.011 -14"><span class='ocrx_word' id='word_1_753' title='bbox 1835 2907 1975 2963; x_wconf 79' lang='lat' dir='ltr'><strong>Deus</strong></span> <span class='ocrx_word' id='word_1_754' title='bbox 1992 2916 2211 2976; x_wconf 87' lang='lat' dir='ltr'><strong>utraque</strong></span> <span class='ocrx_word' id='word_1_755' title='bbox 2232 2905 2491 2975; x_wconf 89' lang='lat' dir='ltr'><strong>promisit,</strong></span> <span class='ocrx_word' id='word_1_756' title='bbox 2516 2913 2735 2973; x_wconf 87' lang='lat' dir='ltr'><strong>utraque</strong></span> <span class='ocrx_word' id='word_1_757' title='bbox 2760 2910 2977 2955; x_wconf 88' lang='lat' dir='ltr'><strong>ventura</strong></span> <span class='ocrx_word' id='word_1_758' title='bbox 3004 2912 3123 2955; x_wconf 89' lang='lat' dir='ltr'><strong>esse</strong></span> <span class='ocrx_word' id='word_1_759' title='bbox 3145 2896 3405 2965; x_wconf 71' lang='lat' dir='ltr'><strong>prmdixit,</strong></span> 
     </span>
    </p>
   </div>
   <div class='ocr_carea' id='block_1_90' title="bbox 1833 2986 3405 3068">
    <p class='ocr_par' dir='ltr' id='par_1_90' title="bbox 1833 2986 3405 3068">
     <span class='ocr_line' id='line_1_91' title="bbox 1833 2986 3405 3068; baseline -0.008 -18"><span class='ocrx_word' id='word_1_760' title='bbox 1833 3015 1989 3068; x_wconf 82' lang='lat' dir='ltr'><strong>quem</strong></span> <span class='ocrx_word' id='word_1_761' title='bbox 2023 2998 2430 3067; x_wconf 86' lang='lat' dir='ltr'><strong>perhorrescunt</strong></span> <span class='ocrx_word' id='word_1_762' title='bbox 2452 2994 2667 3048; x_wconf 88' lang='lat' dir='ltr'><strong>numina</strong></span> <span class='ocrx_word' id='word_1_763' title='bbox 2697 2993 3055 3061; x_wconf 81' lang='lat' dir='ltr'><strong>Paganorum,</strong></span> <span class='ocrx_word' id='word_1_764' title='bbox 3089 2995 3223 3041; x_wconf 89' lang='lat' dir='ltr'><strong>teste</strong></span> <span class='ocrx_word' id='word_1_765' title='bbox 3248 2986 3405 3040; x_wconf 87' lang='lat' dir='ltr'><strong>etiam</strong></span> 
     </span>
    </p>
   </div>
   <div class='ocr_carea' id='block_1_91' title="bbox 1837 3080 3224 3159">
    <p class='ocr_par' dir='ltr' id='par_1_91' title="bbox 1837 3080 3224 3159">
     <span class='ocr_line' id='line_1_92' title="bbox 1837 3080 3224 3159; baseline -0.012 -15"><span class='ocrx_word' id='word_1_766' title='bbox 1837 3088 2150 3159; x_wconf 83' lang='lat' dir='ltr'><strong>Porphyrio,</strong></span> <span class='ocrx_word' id='word_1_767' title='bbox 2180 3085 2507 3139; x_wconf 89' lang='lat' dir='ltr'><strong>nobilissimo</strong></span> <span class='ocrx_word' id='word_1_768' title='bbox 2534 3081 2848 3153; x_wconf 80' lang='lat' dir='ltr'><strong>pltil050pho</strong></span> <span class='ocrx_word' id='word_1_769' title='bbox 2872 3080 3224 3148; x_wconf 76' lang='lat' dir='ltr'><strong>Paganorunt.</strong></span> 
     </span>
    </p>
   </div>
   <div class='ocr_carea' id='block_1_92' title="bbox 1835 3169 3411 3245">
    <p class='ocr_par' dir='ltr' id='par_1_92' title="bbox 1835 3169 3411 3245">
     <span class='ocr_line' id='line_1_93' title="bbox 1835 3169 3411 3245; baseline -0.013 -8"><span class='ocrx_word' id='word_1_770' title='bbox 1835 3179 2058 3237; x_wconf 78' lang='lat' dir='ltr'><strong>CAPUT</strong></span> <span class='ocrx_word' id='word_1_771' title='bbox 2086 3178 2174 3233; x_wconf 85' lang='lat' dir='ltr'><strong>IV.</strong></span> <span class='ocrx_word' id='word_1_772' title='bbox 2202 3208 2269 3217; x_wconf 96' lang='lat'><strong><em>—</em></strong></span> <span class='ocrx_word' id='word_1_773' title='bbox 2295 3175 2483 3232; x_wconf 88' lang='lat' dir='ltr'><strong>Contra</strong></span> <span class='ocrx_word' id='word_1_774' title='bbox 2508 3175 2757 3245; x_wconf 85' lang='lat' dir='ltr'><strong>sapientes</strong></span> <span class='ocrx_word' id='word_1_775' title='bbox 2778 3171 2971 3233; x_wconf 81' lang='lat' dir='ltr'><strong>mundi,</strong></span> <span class='ocrx_word' id='word_1_776' title='bbox 2997 3169 3083 3239; x_wconf 86' lang='lat' dir='ltr'><strong>qui</strong></span> <span class='ocrx_word' id='word_1_777' title='bbox 3108 3176 3286 3238; x_wconf 85' lang='lat' dir='ltr'><strong>putant</strong></span> <span class='ocrx_word' id='word_1_778' title='bbox 3314 3174 3411 3219; x_wconf 82' lang='lat' dir='ltr'><strong>ter-</strong></span> 
     </span>
    </p>
   </div>
   <div class='ocr_carea' id='block_1_93' title="bbox 1908 3260 3411 3339">
    <p class='ocr_par' dir='ltr' id='par_1_93' title="bbox 1908 3260 3411 3339">
     <span class='ocr_line' id='line_1_94' title="bbox 1908 3260 3411 3339; baseline -0.011 -14"><span class='ocrx_word' id='word_1_779' title='bbox 1908 3287 2027 3325; x_wconf 87' lang='lat' dir='ltr'><strong>rena</strong></span> <span class='ocrx_word' id='word_1_780' title='bbox 2058 3270 2314 3322; x_wconf 80' lang='lat' dir='ltr'><strong>hominum</strong></span> <span class='ocrx_word' id='word_1_781' title='bbox 2350 3282 2562 3339; x_wconf 85' lang='lat' dir='ltr'><strong>corpora</strong></span> <span class='ocrx_word' id='word_1_782' title='bbox 2602 3263 2671 3318; x_wconf 85' lang='lat' dir='ltr'><strong>ad</strong></span> <span class='ocrx_word' id='word_1_783' title='bbox 2703 3264 2897 3318; x_wconf 62' lang='lat' dir='ltr'><strong>sceleste</strong></span> <span class='ocrx_word' id='word_1_784' title='bbox 2934 3260 3271 3315; x_wconf 76' lang='lat' dir='ltr'><strong>habitaculum</strong></span> <span class='ocrx_word' id='word_1_785' title='bbox 3310 3273 3411 3309; x_wconf 88' lang='lat' dir='ltr'><strong>non</strong></span> 
     </span>
    </p>
   </div>
   <div class='ocr_carea' id='block_1_94' title="bbox 1911 3361 2361 3432">
    <p class='ocr_par' dir='ltr' id='par_1_94' title="bbox 1911 3361 2361 3432">
     <span class='ocr_line' id='line_1_95' title="bbox 1911 3361 2361 3432; baseline -0.009 -16"><span class='ocrx_word' id='word_1_786' title='bbox 1911 3380 2053 3432; x_wconf 73' lang='lat' dir='ltr'><strong>posse</strong></span> <span class='ocrx_word' id='word_1_787' title='bbox 2080 3361 2361 3430; x_wconf 76' lang='lat' dir='ltr'><strong>transferri.</strong></span> 
     </span>
    </p>
   </div>
   <div class='ocr_carea' id='block_1_95' title="bbox 1909 3443 3415 3514">
    <p class='ocr_par' dir='ltr' id='par_1_95' title="bbox 1909 3443 3415 3514">
     <span class='ocr_line' id='line_1_96' title="bbox 1909 3443 3415 3514; baseline -0.013 -4"><span class='ocrx_word' id='word_1_788' title='bbox 1909 3455 2012 3510; x_wconf 86' lang='lat' dir='ltr'><strong>Sed</strong></span> <span class='ocrx_word' id='word_1_789' title='bbox 2040 3452 2279 3507; x_wconf 86' lang='lat' dir='ltr'><strong>videlicet</strong></span> <span class='ocrx_word' id='word_1_790' title='bbox 2309 3449 2553 3505; x_wconf 87' lang='lat' dir='ltr'><strong>homines</strong></span> <span class='ocrx_word' id='word_1_791' title='bbox 2580 3445 2723 3503; x_wconf 86' lang='lat' dir='ltr'><strong>docti</strong></span> <span class='ocrx_word' id='word_1_792' title='bbox 2751 3454 2910 3514; x_wconf 87' lang='lat' dir='ltr'><strong>atque</strong></span> <span class='ocrx_word' id='word_1_793' title='bbox 2936 3443 3203 3512; x_wconf 84' lang='lat' dir='ltr'><strong>sapientes</strong></span> <span class='ocrx_word' id='word_1_794' title='bbox 3228 3448 3415 3494; x_wconf 87' lang='lat' dir='ltr'><strong>contra</strong></span> 
     </span>
    </p>
   </div>
   <div class='ocr_carea' id='block_1_96' title="bbox 1841 3533 3423 3611">
    <p class='ocr_par' dir='ltr' id='par_1_96' title="bbox 1841 3533 3423 3611">
     <span class='ocr_line' id='line_1_97' title="bbox 1841 3533 3423 3611; baseline -0.012 -9"><span class='ocrx_word' id='word_1_795' title='bbox 1841 3548 1947 3602; x_wconf 89' lang='lat' dir='ltr'><strong>vim</strong></span> <span class='ocrx_word' id='word_1_796' title='bbox 1976 3554 2135 3601; x_wconf 67' lang='lat' dir='ltr'><strong>tanta</strong></span> <span class='ocrx_word' id='word_1_797' title='bbox 2160 3542 2507 3607; x_wconf 85' lang='lat' dir='ltr'><strong>anetoritatis,</strong></span> <span class='ocrx_word' id='word_1_798' title='bbox 2536 3555 2653 3611; x_wconf 69' lang='lat' dir='ltr'><strong>qua:</strong></span> <span class='ocrx_word' id='word_1_799' title='bbox 2682 3539 2856 3594; x_wconf 86' lang='lat' dir='ltr'><strong>omnia</strong></span> <span class='ocrx_word' id='word_1_800' title='bbox 2886 3551 3077 3606; x_wconf 79' lang='lat' dir='ltr'><strong>genera</strong></span> <span class='ocrx_word' id='word_1_801' title='bbox 3106 3533 3377 3587; x_wconf 88' lang='lat' dir='ltr'><strong>hominum</strong></span> <span class='ocrx_word' id='word_1_802' title='bbox 3396 3572 3423 3594; x_wconf 52' lang='grc' dir='ltr'>ν</span> 
     </span>
    </p>
   </div>
   <div class='ocr_carea' id='block_1_97' title="bbox 1844 3628 3416 3704">
    <p class='ocr_par' dir='ltr' id='par_1_97' title="bbox 1844 3628 3416 3704">
     <span class='ocr_line' id='line_1_98' title="bbox 1844 3628 3416 3704; baseline -0.008 -10"><span class='ocrx_word' id='word_1_803' title='bbox 1844 3640 1979 3694; x_wconf 66' lang='lat' dir='ltr'><strong>sicut</strong></span> <span class='ocrx_word' id='word_1_804' title='bbox 2004 3648 2149 3692; x_wconf 88' lang='lat' dir='ltr'><strong>tanto</strong></span> <span class='ocrx_word' id='word_1_805' title='bbox 2179 3646 2300 3690; x_wconf 86' lang='lat' dir='ltr'><strong>ante.</strong></span> <span class='ocrx_word' id='word_1_806' title='bbox 2332 3634 2573 3704; x_wconf 69' lang='lat' dir='ltr'><strong>prmdixit</strong></span> <span class='ocrx_word' id='word_1_807' title='bbox 2593 3674 2608 3700; x_wconf 90' lang='lat'><strong>,</strong></span> <span class='ocrx_word' id='word_1_808' title='bbox 2638 3633 2691 3686; x_wconf 92' lang='lat' dir='ltr'><strong>in</strong></span> <span class='ocrx_word' id='word_1_809' title='bbox 2721 3631 2825 3687; x_wconf 87' lang='lat' dir='ltr'><strong>hoc</strong></span> <span class='ocrx_word' id='word_1_810' title='bbox 2847 3628 3167 3685; x_wconf 86' lang='lat' dir='ltr'><strong>credendum</strong></span> <span class='ocrx_word' id='word_1_811' title='bbox 3193 3640 3416 3697; x_wconf 77' lang='lat' dir='ltr'><strong>sperno:-</strong></span> 
     </span>
    </p>
   </div>
   <div class='ocr_carea' id='block_1_98' title="bbox 1845 3717 3419 3801">
    <p class='ocr_par' dir='ltr' id='par_1_98' title="bbox 1845 3717 3419 3801">
     <span class='ocr_line' id='line_1_99' title="bbox 1845 3717 3419 3801; baseline -0.012 -13"><span class='ocrx_word' id='word_1_812' title='bbox 1845 3732 2077 3801; x_wconf 85' lang='lat' dir='ltr'><strong>dumque</strong></span> <span class='ocrx_word' id='word_1_813' title='bbox 2110 3729 2405 3794; x_wconf 81' lang='lat' dir='ltr'><strong>convertit,</strong></span> <span class='ocrx_word' id='word_1_814' title='bbox 2446 3735 2599 3781; x_wconf 88' lang='lat' dir='ltr'><strong>acute</strong></span> <span class='ocrx_word' id='word_1_815' title='bbox 2638 3724 2736 3778; x_wconf 88' lang='lat' dir='ltr'><strong>sibi</strong></span> <span class='ocrx_word' id='word_1_816' title='bbox 2776 3718 3134 3793; x_wconf 82' lang='lat' dir='ltr'><strong>argumentari</strong></span> <span class='ocrx_word' id='word_1_817' title='bbox 3164 3717 3419 3771; x_wconf 77' lang='lat' dir='ltr'><strong>videntur.</strong></span> 
     </span>
    </p>
   </div>
   <div class='ocr_carea' id='block_1_99' title="bbox 1848 3807 3418 3891">
    <p class='ocr_par' dir='ltr' id='par_1_99' title="bbox 1848 3807 3418 3891">
     <span class='ocr_line' id='line_1_100' title="bbox 1848 3807 3418 3891; baseline -0.013 -11"><span class='ocrx_word' id='word_1_818' title='bbox 1848 3826 2102 3880; x_wconf 81' lang='lat' dir='ltr'><strong>adversus</strong></span> <span class='ocrx_word' id='word_1_819' title='bbox 2127 3834 2407 3891; x_wconf 87' lang='lat' dir='ltr'><strong>corporum</strong></span> <span class='ocrx_word' id='word_1_820' title='bbox 2437 3816 2900 3880; x_wconf 80' lang='lat' dir='ltr'><strong>resurrectionem,</strong></span> <span class='ocrx_word' id='word_1_821' title='bbox 2925 3822 2977 3867; x_wconf 87' lang='lat' dir='ltr'><strong>et</strong></span> <span class='ocrx_word' id='word_1_822' title='bbox 2998 3811 3174 3866; x_wconf 89' lang='lat' dir='ltr'><strong>dicere</strong></span> <span class='ocrx_word' id='word_1_823' title='bbox 3196 3807 3334 3879; x_wconf 83' lang='lat' dir='ltr'><strong>quod</strong></span> <span class='ocrx_word' id='word_1_824' title='bbox 3366 3807 3418 3863; x_wconf 88' lang='lat' dir='ltr'><strong>iu</strong></span> 
     </span>
    </p>
   </div>
   <div class='ocr_carea' id='block_1_100' title="bbox 1853 3906 3421 3981">
    <p class='ocr_par' dir='ltr' id='par_1_100' title="bbox 1853 3906 3421 3981">
     <span class='ocr_line' id='line_1_101' title="bbox 1853 3906 3421 3981; baseline -0.013 -11"><span class='ocrx_word' id='word_1_825' title='bbox 1853 3916 2009 3970; x_wconf 88' lang='lat' dir='ltr'><strong>tertio</strong></span> <span class='ocrx_word' id='word_1_826' title='bbox 2032 3913 2099 3967; x_wconf 85' lang='lat' dir='ltr'><strong>de</strong></span> <span class='ocrx_word' id='word_1_827' title='bbox 2130 3910 2414 3981; x_wconf 83' lang='lat' dir='ltr'><strong>Republica</strong></span> <span class='ocrx_word' id='word_1_828' title='bbox 2442 3908 2577 3963; x_wconf 90' lang='lat' dir='ltr'><strong>libro</strong></span> <span class='ocrx_word' id='word_1_829' title='bbox 2602 3923 2631 3960; x_wconf 91' lang='lat' dir='ltr'><strong>a</strong></span> <span class='ocrx_word' id='word_1_830' title='bbox 2667 3906 2926 3961; x_wconf 88' lang='lat' dir='ltr'><strong>Cicerone</strong></span> <span class='ocrx_word' id='word_1_831' title='bbox 2950 3907 3421 3957; x_wconf 87' lang='lat' dir='ltr'><strong>commemoratum</strong></span> 
     </span>
    </p>
   </div>
   <div class='ocr_carea' id='block_1_101' title="bbox 1850 3988 3427 4062">
    <p class='ocr_par' dir='ltr' id='par_1_101' title="bbox 1850 3988 3427 4062">
     <span class='ocr_line' id='line_1_102' title="bbox 1850 3988 3427 4062; baseline -0.013 -2"><span class='ocrx_word' id='word_1_832' title='bbox 1850 4015 1952 4062; x_wconf 91' lang='lat' dir='ltr'><strong>est.</strong></span> <span class='ocrx_word' id='word_1_833' title='bbox 1982 4004 2114 4059; x_wconf 78' lang='lat' dir='ltr'><strong>Nam</strong></span> <span class='ocrx_word' id='word_1_834' title='bbox 2142 4018 2261 4056; x_wconf 89' lang='lat' dir='ltr'><strong>cum</strong></span> <span class='ocrx_word' id='word_1_835' title='bbox 2302 4000 2579 4054; x_wconf 83' lang='lat' dir='ltr'><strong>Herculem</strong></span> <span class='ocrx_word' id='word_1_836' title='bbox 2616 4008 2670 4053; x_wconf 89' lang='lat' dir='ltr'><strong>et</strong></span> <span class='ocrx_word' id='word_1_837' title='bbox 2707 3995 2989 4051; x_wconf 82' lang='lat' dir='ltr'><strong>Romulum</strong></span> <span class='ocrx_word' id='word_1_838' title='bbox 3016 4008 3081 4047; x_wconf 81' lang='lat' dir='ltr'><strong>ex</strong></span> <span class='ocrx_word' id='word_1_839' title='bbox 3123 3988 3427 4047; x_wconf 87' lang='lat' dir='ltr'><strong>hominibus</strong></span> 
     </span>
    </p>
   </div>
   <div class='ocr_carea' id='block_1_102' title="bbox 1852 4078 3421 4153">
    <p class='ocr_par' dir='ltr' id='par_1_102' title="bbox 1852 4078 3421 4153">
     <span class='ocr_line' id='line_1_103' title="bbox 1852 4078 3421 4153; baseline -0.015 0"><span class='ocrx_word' id='word_1_840' title='bbox 1852 4097 1985 4153; x_wconf 89' lang='lat' dir='ltr'><strong>deos</strong></span> <span class='ocrx_word' id='word_1_841' title='bbox 2006 4110 2124 4150; x_wconf 87' lang='lat' dir='ltr'><strong>esse</strong></span> <span class='ocrx_word' id='word_1_842' title='bbox 2149 4094 2311 4147; x_wconf 91' lang='lat' dir='ltr'><strong>factos</strong></span> <span class='ocrx_word' id='word_1_843' title='bbox 2332 4096 2660 4144; x_wconf 89' lang='lat' dir='ltr'><strong>asseveraret</strong></span> <span class='ocrx_word' id='word_1_844' title='bbox 2685 4104 2699 4140; x_wconf 90' lang='lat'>:</span> <span class='ocrx_word' id='word_1_845' title='bbox 2731 4088 2954 4153; x_wconf 82' lang='lat' dir='ltr'><strong>Quorum</strong></span> <span class='ocrx_word' id='word_1_846' title='bbox 2976 4099 3074 4136; x_wconf 85' lang='lat' dir='ltr'><strong>non</strong></span> <span class='ocrx_word' id='word_1_847' title='bbox 3094 4095 3324 4151; x_wconf 83' lang='lat' dir='ltr'><strong>corpora,</strong></span> <span class='ocrx_word' id='word_1_848' title='bbox 3349 4078 3421 4131; x_wconf 86' lang='lat' dir='ltr'><strong>in-</strong></span> 
     </span>
    </p>
   </div>
   <div class='ocr_carea' id='block_1_103' title="bbox 1854 4178 3425 4260">
    <p class='ocr_par' dir='ltr' id='par_1_103' title="bbox 1854 4178 3425 4260">
     <span class='ocr_line' id='line_1_104' title="bbox 1854 4178 3425 4260; baseline -0.015 -17"><span class='ocrx_word' id='word_1_849' title='bbox 1854 4189 1988 4260; x_wconf 89' lang='lat' dir='ltr'><strong>quit,</strong></span> <span class='ocrx_word' id='word_1_850' title='bbox 2017 4196 2129 4242; x_wconf 90' lang='lat' dir='ltr'><strong>sunt</strong></span> <span class='ocrx_word' id='word_1_851' title='bbox 2155 4188 2206 4239; x_wconf 86' lang='lat' dir='ltr'><strong>in</strong></span> <span class='ocrx_word' id='word_1_852' title='bbox 2226 4185 2402 4238; x_wconf 67' lang='lat' dir='ltr'><strong>caelum</strong></span> <span class='ocrx_word' id='word_1_853' title='bbox 2428 4183 2597 4243; x_wconf 78' lang='lat' dir='ltr'><strong>elata;</strong></span> <span class='ocrx_word' id='word_1_854' title='bbox 2625 4195 2784 4247; x_wconf 83' lang='lat' dir='ltr'><strong>neque</strong></span> <span class='ocrx_word' id='word_1_855' title='bbox 2802 4179 2931 4231; x_wconf 85' lang='lat' dir='ltr'><strong>enim</strong></span> <span class='ocrx_word' id='word_1_856' title='bbox 2953 4184 3132 4228; x_wconf 85' lang='lat' dir='ltr'><strong>natura</strong></span> <span class='ocrx_word' id='word_1_857' title='bbox 3155 4178 3425 4241; x_wconf 76' lang='lat' dir='ltr'><strong>poteretur,</strong></span> 
     </span>
    </p>
   </div>
   <div class='ocr_carea' id='block_1_104' title="bbox 1856 4259 3433 4348">
    <p class='ocr_par' dir='ltr' id='par_1_104' title="bbox 1856 4259 3433 4348">
     <span class='ocr_line' id='line_1_105' title="bbox 1856 4259 3433 4348; baseline -0.015 -15"><span class='ocrx_word' id='word_1_858' title='bbox 1856 4259 1912 4333; x_wconf 83' lang='lat' dir='ltr'><strong>ut</strong></span> <span class='ocrx_word' id='word_1_859' title='bbox 1935 4279 1994 4332; x_wconf 77' lang='lat' dir='ltr'><strong>id</strong></span> <span class='ocrx_word' id='word_1_860' title='bbox 2012 4277 2146 4348; x_wconf 84' lang='lat' dir='ltr'><strong>quod</strong></span> <span class='ocrx_word' id='word_1_861' title='bbox 2170 4285 2294 4330; x_wconf 83' lang='lat' dir='ltr'><strong>esset</strong></span> <span class='ocrx_word' id='word_1_862' title='bbox 2320 4290 2348 4328; x_wconf 84' lang='lat' dir='ltr'><strong>e</strong></span> <span class='ocrx_word' id='word_1_863' title='bbox 2374 4283 2507 4326; x_wconf 89' lang='lat' dir='ltr'><strong>terra</strong></span> <span class='ocrx_word' id='word_1_864' title='bbox 2524 4312 2539 4336; x_wconf 97' lang='lat'><strong>,</strong></span> <span class='ocrx_word' id='word_1_865' title='bbox 2568 4269 2665 4323; x_wconf 87' lang='lat' dir='ltr'><strong>nisi</strong></span> <span class='ocrx_word' id='word_1_866' title='bbox 2694 4268 2748 4321; x_wconf 75' lang='lat' dir='ltr'><strong>in</strong></span> <span class='ocrx_word' id='word_1_867' title='bbox 2775 4278 2906 4321; x_wconf 89' lang='lat' dir='ltr'><strong>terra</strong></span> <span class='ocrx_word' id='word_1_868' title='bbox 2937 4271 3175 4317; x_wconf 84' lang='lat' dir='ltr'><strong>maneret.</strong></span> <span class='ocrx_word' id='word_1_869' title='bbox 3200 4259 3324 4313; x_wconf 59' lang='grc' dir='ltr'><strong>Παῖς</strong></span> <span class='ocrx_word' id='word_1_870' title='bbox 3349 4266 3433 4310; x_wconf 85' lang='lat' dir='ltr'><strong>est</strong></span> 
     </span>
    </p>
   </div>
   <div class='ocr_carea' id='block_1_105' title="bbox 1859 4349 3435 4439">
    <p class='ocr_par' dir='ltr' id='par_1_105' title="bbox 1859 4349 3435 4439">
     <span class='ocr_line' id='line_1_106' title="bbox 1859 4349 3435 4439; baseline -0.015 -14"><span class='ocrx_word' id='word_1_871' title='bbox 1859 4378 2049 4439; x_wconf 81' lang='lat' dir='ltr'><strong>magna</strong></span> <span class='ocrx_word' id='word_1_872' title='bbox 2090 4368 2223 4423; x_wconf 87' lang='lat' dir='ltr'><strong>ratio</strong></span> <span class='ocrx_word' id='word_1_873' title='bbox 2259 4364 2575 4435; x_wconf 89' lang='lat' dir='ltr'><strong>sapientium</strong></span> <span class='ocrx_word' id='word_1_874' title='bbox 2601 4358 2700 4432; x_wconf 88' lang='lat' dir='ltr'><strong>(a),</strong></span> <span class='ocrx_word' id='word_1_875' title='bbox 2731 4372 2954 4428; x_wconf 85' lang='lat' dir='ltr'><strong>quorum</strong></span> <span class='ocrx_word' id='word_1_876' title='bbox 2994 4352 3247 4409; x_wconf 83' lang='lat' dir='ltr'><strong>Dominus</strong></span> <span class='ocrx_word' id='word_1_877' title='bbox 3287 4349 3435 4404; x_wconf 77' lang='lat' dir='ltr'><strong>novit</strong></span> 
     </span>
    </p>
   </div>
   <div class='ocr_carea' id='block_1_106' title="bbox 1859 4438 3451 4532">
    <p class='ocr_par' dir='ltr' id='par_1_106' title="bbox 1859 4438 3451 4532">
     <span class='ocr_line' id='line_1_107' title="bbox 1859 4438 3451 4532; baseline -0.015 -17"><span class='ocrx_word' id='word_1_878' title='bbox 1859 4438 2228 4532; x_wconf 66' lang='lat' dir='ltr'><strong>cogitationes,</strong></span> <span class='ocrx_word' id='word_1_879' title='bbox 2255 4455 2505 4526; x_wconf 89' lang='lat' dir='ltr'><strong>quoniam</strong></span> <span class='ocrx_word' id='word_1_880' title='bbox 2533 4467 2681 4504; x_wconf 73' lang='lat' dir='ltr'><strong>vana:</strong></span> <span class='ocrx_word' id='word_1_881' title='bbox 2706 4458 2831 4503; x_wconf 90' lang='lat' dir='ltr'><strong>sunt</strong></span> <span class='ocrx_word' id='word_1_882' title='bbox 2860 4445 3033 4516; x_wconf 73' lang='lat' dir='ltr'><strong>(Prol.</strong></span> <span class='ocrx_word' id='word_1_883' title='bbox 3062 4457 3212 4507; x_wconf 78' lang='lat' dir='ltr'><strong>xcnt,</strong></span> <span class='ocrx_word' id='word_1_884' title='bbox 3240 4440 3348 4508; x_wconf 82' lang='grc' dir='ltr'><strong>Η).</strong></span> <span class='ocrx_word' id='word_1_885' title='bbox 3377 4438 3451 4497; x_wconf 79' lang='lat' dir='ltr'><strong>Si.</strong></span> 
     </span>
    </p>
   </div>
   <div class='ocr_carea' id='block_1_107' title="bbox 1861 4530 3452 4609">
    <p class='ocr_par' dir='ltr' id='par_1_107' title="bbox 1861 4530 3452 4609">
     <span class='ocr_line' id='line_1_108' title="bbox 1861 4530 3452 4609; baseline -0.018 0"><span class='ocrx_word' id='word_1_886' title='bbox 1861 4530 2003 4609; x_wconf 83' lang='lat' dir='ltr'><strong>enim</strong></span> <span class='ocrx_word' id='word_1_887' title='bbox 2030 4551 2219 4605; x_wconf 79' lang='lat' dir='ltr'><strong>anima:</strong></span> <span class='ocrx_word' id='word_1_888' title='bbox 2255 4543 2619 4601; x_wconf 89' lang='lat' dir='ltr'><strong>tantummodo</strong></span> <span class='ocrx_word' id='word_1_889' title='bbox 2652 4554 2925 4601; x_wconf 87' lang='lat' dir='ltr'><strong>essemus,</strong></span> <span class='ocrx_word' id='word_1_890' title='bbox 2959 4535 3011 4590; x_wconf 93' lang='lat' dir='ltr'><strong>id</strong></span> <span class='ocrx_word' id='word_1_891' title='bbox 3034 4544 3152 4595; x_wconf 79' lang='lat' dir='ltr'><strong>est,</strong></span> <span class='ocrx_word' id='word_1_892' title='bbox 3184 4534 3298 4585; x_wconf 89' lang='lat' dir='ltr'><strong>sine</strong></span> <span class='ocrx_word' id='word_1_893' title='bbox 3328 4530 3452 4584; x_wconf 83' lang='lat' dir='ltr'><strong>ullo.</strong></span> 
     </span>
    </p>
   </div>
   <div class='ocr_carea' id='block_1_108' title="bbox 1863 4621 3439 4713">
    <p class='ocr_par' dir='ltr' id='par_1_108' title="bbox 1863 4621 3439 4713">
     <span class='ocr_line' id='line_1_109' title="bbox 1863 4621 3439 4713; baseline -0.018 -13"><span class='ocrx_word' id='word_1_894' title='bbox 1863 4658 2088 4713; x_wconf 88' lang='lat' dir='ltr'><strong>corpore</strong></span> <span class='ocrx_word' id='word_1_895' title='bbox 2118 4640 2367 4711; x_wconf 86' lang='lat' dir='ltr'><strong>spiritus,</strong></span> <span class='ocrx_word' id='word_1_896' title='bbox 2402 4646 2458 4691; x_wconf 90' lang='lat' dir='ltr'><strong>et</strong></span> <span class='ocrx_word' id='word_1_897' title='bbox 2495 4635 2546 4689; x_wconf 89' lang='lat' dir='ltr'><strong>in</strong></span> <span class='ocrx_word' id='word_1_898' title='bbox 2592 4631 2728 4686; x_wconf 77' lang='lat' dir='ltr'><strong>cmlo</strong></span> <span class='ocrx_word' id='word_1_899' title='bbox 2757 4628 3053 4683; x_wconf 82' lang='lat' dir='ltr'><strong>habitantes</strong></span> <span class='ocrx_word' id='word_1_900' title='bbox 3084 4634 3291 4678; x_wconf 83' lang='lat' dir='ltr'><strong>terrena</strong></span> <span class='ocrx_word' id='word_1_901' title='bbox 3321 4621 3439 4674; x_wconf 89' lang='lat' dir='ltr'><strong>aui-</strong></span> 
     </span>
    </p>
   </div>
   <div class='ocr_carea' id='block_1_109' title="bbox 1868 4713 3440 4793">
    <p class='ocr_par' dir='ltr' id='par_1_109' title="bbox 1868 4713 3440 4793">
     <span class='ocr_line' id='line_1_110' title="bbox 1868 4713 3440 4793; baseline -0.019 -2"><span class='ocrx_word' id='word_1_902' title='bbox 1868 4736 2022 4791; x_wconf 84' lang='lat' dir='ltr'><strong>malia</strong></span> <span class='ocrx_word' id='word_1_903' title='bbox 2062 4731 2383 4787; x_wconf 79' lang='lat' dir='ltr'><strong>nesciremus</strong></span> <span class='ocrx_word' id='word_1_904' title='bbox 2404 4767 2420 4791; x_wconf 92' lang='lat'><strong>,</strong></span> <span class='ocrx_word' id='word_1_905' title='bbox 2452 4725 2707 4793; x_wconf 85' lang='lat' dir='ltr'><strong>nobisque</strong></span> <span class='ocrx_word' id='word_1_906' title='bbox 2749 4720 2977 4773; x_wconf 88' lang='lat' dir='ltr'><strong>futurum</strong></span> <span class='ocrx_word' id='word_1_907' title='bbox 3003 4730 3133 4771; x_wconf 78' lang='lat' dir='ltr'><strong>esse.</strong></span> <span class='ocrx_word' id='word_1_908' title='bbox 3152 4713 3440 4774; x_wconf 83' lang='lat' dir='ltr'><strong>diceretur,</strong></span> 
     </span>
    </p>
   </div>
   <div class='ocr_carea' id='block_1_110' title="bbox 1869 4802 3445 4889">
    <p class='ocr_par' dir='ltr' id='par_1_110' title="bbox 1869 4802 3445 4889">
     <span class='ocr_line' id='line_1_111' title="bbox 1869 4802 3445 4889; baseline -0.018 -8"><span class='ocrx_word' id='word_1_909' title='bbox 1869 4836 1925 4881; x_wconf 91' lang='lat' dir='ltr'><strong>ut</strong></span> <span class='ocrx_word' id='word_1_910' title='bbox 1951 4823 2173 4879; x_wconf 87' lang='lat' dir='ltr'><strong>terrenis</strong></span> <span class='ocrx_word' id='word_1_911' title='bbox 2197 4818 2511 4889; x_wconf 88' lang='lat' dir='ltr'><strong>corporibus</strong></span> <span class='ocrx_word' id='word_1_912' title='bbox 2529 4811 2826 4869; x_wconf 89' lang='lat' dir='ltr'><strong>animandis</strong></span> <span class='ocrx_word' id='word_1_913' title='bbox 2853 4806 3080 4878; x_wconf 84' lang='lat' dir='ltr'><strong>quodam</strong></span> <span class='ocrx_word' id='word_1_914' title='bbox 3107 4803 3317 4858; x_wconf 83' lang='lat' dir='ltr'><strong>vinculo</strong></span> <span class='ocrx_word' id='word_1_915' title='bbox 3344 4802 3445 4854; x_wconf 82' lang='lat' dir='ltr'><strong>uti-</strong></span> 
     </span>
    </p>
   </div>
   <div class='ocr_carea' id='block_1_111' title="bbox 1871 4893 3446 4971">
    <p class='ocr_par' dir='ltr' id='par_1_111' title="bbox 1871 4893 3446 4971">
     <span class='ocr_line' id='line_1_112' title="bbox 1871 4893 3446 4971; baseline -0.017 0"><span class='ocrx_word' id='word_1_916' title='bbox 1871 4916 2022 4971; x_wconf 81' lang='lat' dir='ltr'><strong>rabili</strong></span> <span class='ocrx_word' id='word_1_917' title='bbox 2063 4920 2425 4971; x_wconf 84' lang='lat' dir='ltr'><strong>neeteremur;</strong></span> <span class='ocrx_word' id='word_1_918' title='bbox 2467 4920 2643 4960; x_wconf 90' lang='lat' dir='ltr'><strong>nonne</strong></span> <span class='ocrx_word' id='word_1_919' title='bbox 2679 4893 3446 4966; x_wconf 63' lang='lat' dir='ltr'><strong>multo.nirtiusargumenta-</strong></span> 
     </span>
    </p>
   </div>
   <div class='ocr_carea' id='block_1_112' title="bbox 1874 4990 3448 5063">
    <p class='ocr_par' dir='ltr' id='par_1_112' title="bbox 1874 4990 3448 5063">
     <span class='ocr_line' id='line_1_113' title="bbox 1874 4990 3448 5063; baseline -0.018 1"><span class='ocrx_word' id='word_1_920' title='bbox 1874 5020 2054 5063; x_wconf 83' lang='lat' dir='ltr'><strong>remur</strong></span> <span class='ocrx_word' id='word_1_921' title='bbox 2085 5004 2134 5057; x_wconf 91' lang='lat' dir='ltr'><strong>id</strong></span> <span class='ocrx_word' id='word_1_922' title='bbox 2161 5000 2384 5056; x_wconf 82' lang='lat' dir='ltr'><strong>credere</strong></span> <span class='ocrx_word' id='word_1_923' title='bbox 2416 5005 2724 5053; x_wconf 89' lang='lat' dir='ltr'><strong>recusantes</strong></span> <span class='ocrx_word' id='word_1_924' title='bbox 2744 5034 2775 5060; x_wconf 81' lang='lat'><strong>,.</strong></span> <span class='ocrx_word' id='word_1_925' title='bbox 2801 5000 2852 5047; x_wconf 90' lang='lat' dir='ltr'><strong>et</strong></span> <span class='ocrx_word' id='word_1_926' title='bbox 2880 4990 3177 5045; x_wconf 80' lang='lat' dir='ltr'><strong>diceremus</strong></span> <span class='ocrx_word' id='word_1_927' title='bbox 3204 4992 3448 5041; x_wconf 86' lang='lat' dir='ltr'><strong>naturam</strong></span> 
     </span>
    </p>
   </div>
   <div class='ocr_carea' id='block_1_113' title="bbox 1876 5074 3451 5165">
    <p class='ocr_par' dir='ltr' id='par_1_113' title="bbox 1876 5074 3451 5165">
     <span class='ocr_line' id='line_1_114' title="bbox 1876 5074 3451 5165; baseline -0.018 -12"><span class='ocrx_word' id='word_1_928' title='bbox 1876 5114 1983 5153; x_wconf 86' lang='lat' dir='ltr'><strong>non</strong></span> <span class='ocrx_word' id='word_1_929' title='bbox 2019 5094 2155 5165; x_wconf 86' lang='lat' dir='ltr'><strong>pati.</strong></span> <span class='ocrx_word' id='word_1_930' title='bbox 2186 5100 2244 5144; x_wconf 88' lang='grc' dir='ltr'><strong>ιιι</strong></span> <span class='ocrx_word' id='word_1_931' title='bbox 2276 5103 2364 5144; x_wconf 83' lang='lat' dir='ltr'><strong>res</strong></span> <span class='ocrx_word' id='word_1_932' title='bbox 2390 5087 2700 5156; x_wconf 88' lang='lat' dir='ltr'><strong>incorporea</strong></span> <span class='ocrx_word' id='word_1_933' title='bbox 2732 5082 3019 5153; x_wconf 80' lang='lat' dir='ltr'><strong>ligamento</strong></span> <span class='ocrx_word' id='word_1_934' title='bbox 3046 5090 3303 5148; x_wconf 87' lang='lat' dir='ltr'><strong>corporeo</strong></span> <span class='ocrx_word' id='word_1_935' title='bbox 3333 5074 3451 5128; x_wconf 79' lang='lat' dir='ltr'><strong>vin-</strong></span> 
     </span>
    </p>
   </div>
   <div class='ocr_carea' id='block_1_114' title="bbox 1878 5163 3460 5251">
    <p class='ocr_par' dir='ltr' id='par_1_114' title="bbox 1878 5163 3460 5251">
     <span class='ocr_line' id='line_1_115' title="bbox 1878 5163 3460 5251; baseline -0.02 -7"><span class='ocrx_word' id='word_1_936' title='bbox 1878 5163 2106 5244; x_wconf 76' lang='lat' dir='ltr'><strong>ciretur?</strong></span> <span class='ocrx_word' id='word_1_937' title='bbox 2137 5185 2209 5239; x_wconf 86' lang='lat' dir='ltr'><strong>Et.</strong></span> <span class='ocrx_word' id='word_1_938' title='bbox 2222 5191 2397 5238; x_wconf 90' lang='lat' dir='ltr'><strong>tamen</strong></span> <span class='ocrx_word' id='word_1_939' title='bbox 2421 5178 2577 5251; x_wconf 89' lang='lat' dir='ltr'><strong>plena</strong></span> <span class='ocrx_word' id='word_1_940' title='bbox 2599 5186 2681 5233; x_wconf 90' lang='lat' dir='ltr'><strong>est</strong></span> <span class='ocrx_word' id='word_1_941' title='bbox 2707 5185 2847 5230; x_wconf 89' lang='lat' dir='ltr'><strong>terra</strong></span> <span class='ocrx_word' id='word_1_942' title='bbox 2873 5169 3241 5242; x_wconf 81' lang='lat' dir='ltr'><strong>vegetantibus</strong></span> <span class='ocrx_word' id='word_1_943' title='bbox 3258 5163 3460 5229; x_wconf 69' lang='lat' dir='ltr'><strong>animis</strong></span> 
     </span>
    </p>
   </div>
   <div class='ocr_carea' id='block_1_115' title="bbox 1880 5254 3456 5361">
    <p class='ocr_par' dir='ltr' id='par_1_115' title="bbox 1880 5254 3456 5361">
     <span class='ocr_line' id='line_1_116' title="bbox 1880 5254 3456 5361; baseline -0.02 -27"><span class='ocrx_word' id='word_1_944' title='bbox 1880 5280 1995 5334; x_wconf 82' lang='lat' dir='ltr'><strong>ba-c</strong></span> <span class='ocrx_word' id='word_1_945' title='bbox 2024 5274 2260 5332; x_wconf 89' lang='lat' dir='ltr'><strong>membra</strong></span> <span class='ocrx_word' id='word_1_946' title='bbox 2289 5282 2532 5333; x_wconf 87' lang='lat' dir='ltr'><strong>terrena,</strong></span> <span class='ocrx_word' id='word_1_947' title='bbox 2573 5263 2857 5361; x_wconf 60' lang='lat' dir='ltr'><strong>sibi</strong></span> <span class='ocrx_word' id='word_1_948' title='bbox 2876 5260 3050 5341; x_wconf 59' lang='lat' dir='ltr'><strong>modo</strong></span> <span class='ocrx_word' id='word_1_949' title='bbox 3072 5268 3309 5312; x_wconf 75' lang='lat' dir='ltr'><strong>connexa</strong></span> <span class='ocrx_word' id='word_1_950' title='bbox 3338 5254 3361 5284; x_wconf 77' lang='lat'>&#39;</span> <span class='ocrx_word' id='word_1_951' title='bbox 3399 5260 3456 5305; x_wconf 90' lang='lat' dir='ltr'><strong>et</strong></span> 
     </span>
    </p>
   </div>
   <div class='ocr_carea' id='block_1_116' title="bbox 1947 5362 3455 5448">
    <p class='ocr_par' dir='ltr' id='par_1_116' title="bbox 1947 5362 3455 5448">
     <span class='ocr_line' id='line_1_117' title="bbox 1947 5362 3455 5448; baseline -0.021 -6"><span class='ocrx_word' id='word_1_952' title='bbox 1947 5396 1962 5428; x_wconf 73' lang='grc' dir='ltr'><strong>ι</strong></span> <span class='ocrx_word' id='word_1_953' title='bbox 1997 5392 2134 5448; x_wconf 65' lang='lat' dir='ltr'><strong>aliti,</strong></span> <span class='ocrx_word' id='word_1_954' title='bbox 2153 5395 2204 5439; x_wconf 70' lang='lat' dir='ltr'><strong>Et</strong></span> <span class='ocrx_word' id='word_1_955' title='bbox 2218 5399 2345 5437; x_wconf 76' lang='lat' dir='ltr'><strong>ecce.</strong></span> <span class='ocrx_word' id='word_1_956' title='bbox 2370 5380 2618 5448; x_wconf 67' lang='lat' dir='ltr'><strong>Parnasia,</strong></span> <span class='ocrx_word' id='word_1_957' title='bbox 2635 5386 2708 5438; x_wconf 81' lang='lat' dir='ltr'><strong>Et,</strong></span> <span class='ocrx_word' id='word_1_958' title='bbox 2727 5378 2869 5427; x_wconf 84' lang='lat' dir='ltr'><strong>abest</strong></span> <span class='ocrx_word' id='word_1_959' title='bbox 2888 5386 2916 5423; x_wconf 87' lang='lat' dir='ltr'><strong>a</strong></span> <span class='ocrx_word' id='word_1_960' title='bbox 2936 5379 3045 5422; x_wconf 82' lang='lat' dir='ltr'><strong>Iss.</strong></span> <span class='ocrx_word' id='word_1_961' title='bbox 3068 5374 3169 5419; x_wconf 81' lang='lat' dir='ltr'><strong>ets</strong></span> <span class='ocrx_word' id='word_1_962' title='bbox 3189 5371 3319 5415; x_wconf 81' lang='lat' dir='ltr'><strong>Lxx.</strong></span> <span class='ocrx_word' id='word_1_963' title='bbox 3336 5362 3455 5411; x_wconf 82' lang='lat' dir='ltr'><strong>vids</strong></span> 
     </span>
    </p>
   </div>
   <div class='ocr_carea' id='block_1_117' title="bbox 1884 5442 3410 5517">
    <p class='ocr_par' dir='ltr' id='par_1_117' title="bbox 1884 5442 3410 5517">
     <span class='ocr_line' id='line_1_118' title="bbox 1884 5442 3410 5517; baseline 0 -17"><span class='ocrx_word' id='word_1_964' title='bbox 1884 5442 2151 5517; x_wconf 65' lang='lat' dir='ltr'><strong>supraJili.</strong></span> <span class='ocrx_word' id='word_1_965' title='bbox 2176 5450 2254 5506; x_wconf 66' lang='lat'><strong>20,</strong></span> <span class='ocrx_word' id='word_1_966' title='bbox 2277 5460 2381 5509; x_wconf 70' lang='lat' dir='ltr'><strong>call.</strong></span> <span class='ocrx_word' id='word_1_967' title='bbox 2402 5445 2555 5517; x_wconf 54' lang='lat' dir='ltr'><strong>3L}!-</strong></span> <span class='ocrx_word' id='word_1_968' title='bbox 2574 5442 2649 5517; x_wconf 46' lang='grc' dir='ltr'><strong>2οῄ</strong></span> <span class='ocrx_word' id='word_1_969' title='bbox 2680 5507 2693 5517; x_wconf 86' lang='lat'>_</span> <span class='ocrx_word' id='word_1_970' title='bbox 2732 5506 2861 5517; x_wconf 78' lang='lat'>_____</span> <span class='ocrx_word' id='word_1_971' title='bbox 2905 5488 3222 5517; x_wconf 50' lang='lat'><strong>_‘__,_._.,_“</strong></span> <span class='ocrx_word' id='word_1_972' title='bbox 3264 5482 3410 5517; x_wconf 39' lang='lat' dir='ltr'><strong>nim,-</strong></span> 
     </span>
    </p>
   </div>
   <div class='ocr_carea' id='block_1_118' title="bbox 1951 5488 3454 5572">
    <p class='ocr_par' dir='ltr' id='par_1_118' title="bbox 1951 5488 3454 5572">
     <span class='ocr_line' id='line_1_119' title="bbox 1951 5488 3454 5572; baseline 0.001 -1"><span class='ocrx_word' id='word_1_973' title='bbox 1951 5488 1989 5549; x_wconf 58' lang='grc' dir='ltr'><strong>Ψ</strong></span> <span class='ocrx_word' id='word_1_974' title='bbox 2001 5488 2151 5572; x_wconf 46' lang='lat' dir='ltr'><strong>Exilii</strong></span> <span class='ocrx_word' id='word_1_975' title='bbox 2168 5488 2694 5572; x_wconf 42' lang='lat' dir='ltr'><strong>amissaa</strong></span> <span class='ocrx_word' id='word_1_976' title='bbox 2723 5506 2861 5572; x_wconf 65' lang='grc' dir='ltr'><strong>,πεῖνα</strong></span> <span class='ocrx_word' id='word_1_977' title='bbox 2879 5570 2889 5572; x_wconf 86' lang='lat'>_</span> 
     </span>
    </p>
   </div>
   <div class='ocr_carea' id='block_1_119' title="bbox 1890 5553 3455 5641">
    <p class='ocr_par' dir='ltr' id='par_1_119' title="bbox 1890 5553 3455 5641">
     <span class='ocr_line' id='line_1_120' title="bbox 1890 5553 3455 5641; baseline -0.001 1"><span class='ocrx_word' id='word_1_978' title='bbox 1890 5553 3455 5641; x_wconf 54' lang='lat' dir='ltr'><strong>amba&quot;;&quot;133:?&#39;Mtiafweieeseé&#39;e..919‘iiﬂi&#39;f.f?.&quot;.:‘ifftfif°</strong></span> 
     </span>
    </p>
   </div>
   <div class='ocr_carea' id='block_1_120' title="bbox 1890 5607 3454 5699">
    <p class='ocr_par' dir='ltr' id='par_1_120' title="bbox 1890 5607 3454 5699">
     <span class='ocr_line' id='line_1_121' title="bbox 1890 5607 3454 5699; baseline -0.018 -11"><span class='ocrx_word' id='word_1_979' title='bbox 1890 5607 2187 5699; x_wconf 49' lang='grc' dir='ltr'><strong>δεῖξωέἰίῖῆ</strong></span> <span class='ocrx_word' id='word_1_980' title='bbox 2203 5607 2735 5699; x_wconf 52' lang='grc' dir='ltr'><strong>έίῶῑείεῑιῖξλεέίίέιαίπι</strong></span> <span class='ocrx_word' id='word_1_981' title='bbox 2755 5620 3001 5699; x_wconf 67' lang='lat' dir='ltr'><strong>librorum,</strong></span> <span class='ocrx_word' id='word_1_982' title='bbox 3032 5607 3454 5699; x_wconf 43' lang='grc' dir='ltr'><strong>ρξ’-ιζ(ξεηιξὲὶὺξὲξ.</strong></span> 
     </span>
    </p>
   </div>
   <div class='ocr_carea' id='block_1_121' title="bbox 1892 5666 3471 5761">
    <p class='ocr_par' dir='ltr' id='par_1_121' title="bbox 1892 5666 3471 5761">
     <span class='ocr_line' id='line_1_122' title="bbox 1892 5666 3471 5761; baseline -0.022 -10"><span class='ocrx_word' id='word_1_983' title='bbox 1892 5666 2488 5761; x_wconf 45' lang='lat' dir='ltr'><strong>iiii&#39;i‘iTi‘C-Lfiuﬁ&#39;i‘ga</strong></span> <span class='ocrx_word' id='word_1_984' title='bbox 2515 5666 2895 5737; x_wconf 67' lang='lat' dir='ltr'><strong>oinuesierunt,</strong></span> <span class='ocrx_word' id='word_1_985' title='bbox 2932 5666 3165 5726; x_wconf 69' lang='lat' dir='ltr'><strong>miro&#39;sibi</strong></span> <span class='ocrx_word' id='word_1_986' title='bbox 3187 5666 3327 5720; x_wconf 87' lang='lat' dir='ltr'><strong>modo</strong></span> <span class='ocrx_word' id='word_1_987' title='bbox 3349 5678 3471 5718; x_wconf 55' lang='lat' dir='ltr'><strong>caus</strong></span> 
     </span>
    </p>
   </div>
   <div class='ocr_carea' id='block_1_122' title="bbox 1894 5774 3000 5884">
    <p class='ocr_par' dir='ltr' id='par_1_122' title="bbox 1894 5774 3000 5884">
     <span class='ocr_line' id='line_1_123' title="bbox 1894 5774 3000 5884; baseline -0.023 -12"><span class='ocrx_word' id='word_1_988' title='bbox 1894 5774 2037 5884; x_wconf 44' lang='lat'><strong>&quot;0(3).</strong></span> <span class='ocrx_word' id='word_1_989' title='bbox 2064 5815 2190 5867; x_wconf 84' lang='lat' dir='ltr'><strong>Coul&#39;.</strong></span> <span class='ocrx_word' id='word_1_990' title='bbox 2215 5813 2297 5863; x_wconf 86' lang='lat' dir='ltr'><strong>lib.</strong></span> <span class='ocrx_word' id='word_1_991' title='bbox 2317 5812 2379 5861; x_wconf 86' lang='lat' dir='ltr'><strong>de</strong></span> <span class='ocrx_word' id='word_1_992' title='bbox 2398 5808 2507 5859; x_wconf 77' lang='lat' dir='ltr'><strong>l-‘idc</strong></span> <span class='ocrx_word' id='word_1_993' title='bbox 2525 5814 2574 5856; x_wconf 88' lang='lat' dir='ltr'><strong>et</strong></span> <span class='ocrx_word' id='word_1_994' title='bbox 2595 5802 2827 5868; x_wconf 67' lang='lat' dir='ltr'><strong>symbolo,</strong></span> <span class='ocrx_word' id='word_1_995' title='bbox 2849 5815 2898 5849; x_wconf 90' lang='lat' dir='ltr'><strong>n.</strong></span> <span class='ocrx_word' id='word_1_996' title='bbox 2929 5800 3000 5850; x_wconf 74' lang='grc'><strong>13.</strong></span> 
     </span>
    </p>
   </div>
  </div>
