3960 6480
570 364 676 421 ἠδ

573 476 845 543 implicita.
874 474 983 533 Cur
1010 490 1135 549 ergo
1158 474 1343 539 eodem
1375 476 1584 535 volente
1613 476 1739 543 Deo,
1768 477 1854 548 qni
1884 475 2008 531 fecit
2035 475 2137 531 hoc

572 567 796 631 animal,
832 583 934 621 non
963 568 1154 635 poterit
1182 575 1445 622 terrenum
1470 581 1662 636 corpus
1690 567 1741 620 in
1768 566 1984 639 emiss-te
2008 580 2133 619 eur-

574 669 675 725 pus
699 656 886 719 attolli,
915 655 959 710 si
992 655 1199 713 animus
1223 655 1389 721 omni,
1416 670 1479 709 ac
1506 670 1600 725 per
1627 655 1724 710 hoc
1749 656 1906 710 etiam
1929 653 2133 709 ctelesti

569 760 791 814 corpore
812 747 1155 815 praestabilior
1180 746 1218 809 ⁸,
1244 754 1453 801 terreno
1478 746 1685 815 corpori
1715 733 1881 814 putuit
1908 744 2132 813 illigari?

568 837 652 891 An
681 848 887 891 terrena
913 836 1163 905 particula
1186 845 1290 890 tam
1311 838 1496 906 exigua
1526 837 1690 905 potuit
1709 836 1904 904 aliquid
1927 834 2133 891 cmlesti

569 936 793 996 corpore
821 926 1009 981 melius
1026 926 1163 996 apud
1190 940 1249 982 se
1278 936 1476 991 tenere,
1507 936 1566 981 ιιι
1587 940 1800 981 sensum
1832 926 2049 983 haberet
2073 936 2130 981 et

567 1014 727 1069 vitam
744 1055 761 1082 ,
785 1024 838 1071 et
862 1032 977 1070 eam
1011 1014 1325 1071 sentientem
1353 1024 1511 1086 atque
1533 1015 1795 1070 viventem
1820 1014 2131 1084 dedignabi-

565 1117 653 1162 tur
680 1111 874 1163 coelum
897 1108 1166 1178 suscipere
1183 1148 1201 1178 ,
1229 1114 1321 1162 aut
1340 1116 1635 1177 susceptam
1664 1121 1770 1162 non
1801 1106 1992 1176 poterit
2014 1121 2132 1160 sus-

567 1199 756 1264 tinere,
780 1214 899 1253 cum
930 1199 997 1254 de
1036 1213 1093 1253 re
1119 1198 1313 1253 sentiat
1339 1198 1555 1261 etvivat
1576 1199 1671 1254 ista
1694 1196 1947 1262 meliore,
1973 1212 2129 1268 quam

564 1298 645 1343 est
668 1303 862 1358 corpus
891 1304 1049 1344 cunne
1072 1289 1326 1344 cmleste?
1346 1290 1448 1345 Sed
1470 1289 1589 1345 ideo
1613 1304 1752 1344 nunc
1773 1303 1877 1345 non
1904 1289 1980 1354 iit,
2008 1290 2129 1358 quia

565 1377 800 1432 nondum
828 1386 909 1434 est
934 1388 1138 1448 tempus
1159 1395 1264 1449 quo
1288 1379 1339 1433 id
1379 1379 1492 1434 ﬁeri
1522 1378 1716 1443 voluit,
1743 1378 1830 1448 qui
1863 1378 1963 1433 hoc
1988 1377 2130 1445 quod

564 1466 791 1520 videndo
815 1466 925 1537 jam
952 1468 1119 1530 vilnit,
1143 1467 1313 1521 multo
1336 1467 1627 1521 mirabilius
1651 1482 1809 1538 quam
1836 1464 1964 1521 illud
1987 1464 2129 1536 quod

564 1556 632 1610 ab
654 1556 771 1611 istis
799 1573 901 1612 non
934 1559 1189 1635 creditur,
1231 1561 1369 1614 fecit.
1398 1560 1505 1614 Cur
1533 1558 1678 1615 enim
1708 1576 1810 1613 non
1838 1559 2129 1615 vehemen-

563 1645 670 1701 tius
702 1647 1027 1703 admiramur
1064 1649 1407 1719 incorporeos
1447 1651 1652 1706 animos
1679 1651 1880 1706 cmlesti
1907 1666 2129 1721 corpore

562 1736 820 1807 potiores,
847 1739 1069 1793 terrenis
1094 1739 1279 1809 illigari
1307 1740 1615 1809 corporibus
1631 1782 1649 1807 ,
1688 1756 1842 1810 quam
1869 1756 2088 1811 corpora
2108 1782 2128 1810 .

561 1824 687 1882 licet
712 1836 939 1893 terrena,
960 1830 1173 1885 sedibus
1184 1830 1423 1900 quamvis
1450 1832 1753 1887 cmlestibus
1777 1842 1973 1899 tamen,
2000 1848 2123 1889 cor-

560 1919 740 1989 poreis
767 1918 1037 1975 sublimari
1059 1962 1074 1985 ,
1110 1921 1209 1975 nisi
1243 1921 1366 1992 quia
1394 1922 1493 1976 hoc
1521 1922 1697 1977 videre
1722 1923 2125 1989 consuevimus,

555 2017 615 2064 ct
654 2010 754 2063 hoc
788 2025 1001 2077 sumus,
1043 2012 1168 2065 illud
1197 2028 1328 2068 vero
1367 2012 1600 2067 nondum
1640 2028 1854 2079 sumus,
1892 2029 1993 2069 nec
2033 2015 2128 2069 alio

557 2100 774 2169 quando
803 2100 976 2157 adhuc
999 2102 1263 2157 vidimus?
1286 2102 1415 2157 Nam
1443 2102 1680 2171 proiecto
1712 2104 1888 2159 sobria
1924 2105 2127 2161 ratione

557 2191 805 2249 consulta
835 2193 1173 2250 mirabilioris
1195 2210 1314 2251 esse
1337 2195 1503 2251 divini
1530 2198 1704 2266 Oliel'iS
1730 2198 2013 2265 reperitur,
2043 2199 2124 2252 in-

559 2284 923 2353 corporalibus
945 2286 1235 2357 corporalia
1262 2286 1656 2357 quodammodo
1676 2298 1942 2356 attexere,
1967 2304 2124 2358 quam

560 2375 684 2431 licet
710 2376 941 2443 diversa,
966 2378 1085 2448 quia
1109 2378 1197 2433 illa
1217 2379 1473 2442 caelestia,
1504 2380 1601 2434 ista
1630 2381 1919 2446 terrestria,
1950 2390 2124 2436 tamen

556 2481 780 2536 corpora
801 2477 853 2523 et
875 2483 1097 2539 corpora
1123 2470 1369 2539 copulare
1396 2468 1490 2543 (α).

556 2618 783 2679 CAPUT
810 2619 875 2676 Υ.
915 2651 986 2663 -—
1014 2622 1096 2677 De
1124 2627 1481 2677 resurrectione
1514 2626 1709 2688 carnis,
1737 2641 1885 2695 quam
1919 2624 2124 2696 quidam

932 2714 1120 2767 mundo
1144 2715 1371 2768 credente
1400 2732 1499 2769 non
1527 2716 1751 2769 credant.

623 2838 728 2896 Sed
759 2839 861 2895 hoc
882 2840 1187 2897 incredibile
1213 2842 1368 2898 fuerit
1390 2843 1671 2913 aliquando
1695 2862 1709 2899 :
1734 2860 1858 2901 ecce
1873 2846 1980 2914 jam
2006 2861 2127 2902 cre-

554 2918 687 2985 didit
722 2933 948 2988 muudus
990 2935 1252 2991 sublatum
1296 2946 1563 2993 terrenum
1604 2937 1797 2994 Christi
1836 2955 2027 3009 corpus
2068 2923 2128 2996 in.

555 3020 783 3087 cmlum;
814 3026 1253 3081 resurrectionem
1281 3027 1456 3082 carnis
1481 3038 1536 3082 et
1557 3031 1918 3084 ascensionem
1947 3032 1999 3085 in
2029 3046 2123 3085 su-

555 3124 746 3178 pernas
784 3112 971 3178 sedes,
1014 3116 1346 3185 paucissimis
1384 3120 1778 3173 remanentibns
1805 3133 1964 3191 atque
2003 3131 2120 3176 stu-

555 3200 821 3269 pentibus,
845 3204 928 3259 vel
953 3205 1122 3274 doctis
1140 3248 1157 3273 ,
1185 3207 1265 3262 vel
1289 3207 1513 3263 indoctis
1533 3250 1546 3272 ,
1577 3211 1685 3278 jam
1715 3211 2047 3267 crediderunt
2067 3221 2123 3267 et

554 3286 697 3347 docti
735 3300 789 3347 et
818 3293 1037 3351 indocti.
1075 3295 1130 3351 Si
1162 3312 1272 3350 rem
1300 3279 1603 3353 credibilem
1643 3300 2014 3363 crediderunt,
2045 3302 2122 3354 vi-

554 3381 715 3436 deant
733 3398 888 3452 quam
927 3384 1035 3439 sint
1062 3385 1269 3453 stolidi,
1308 3388 1398 3459 qui
1421 3404 1524 3442 non
1551 3388 1775 3444 credunt
1818 3408 1830 3443 :
1866 3389 2116 3445 siautem

552 3486 642 3527 res
662 3473 982 3531 incredibilis
1007 3478 1205 3533 credita
1233 3488 1314 3534 est
1332 3520 1348 3547 ,
1377 3480 1534 3536 etiam
1562 3479 1661 3535 hoc
1687 3481 1862 3548 utique
1892 3481 2119 3536 incredi-

551 3564 660 3623 bile
686 3575 788 3634 est,
820 3568 899 3624 sic
920 3570 1176 3624 creditum
1207 3585 1344 3634 esse,
1376 3571 1518 3641 quod
1537 3571 1843 3626 incredibile
1869 3582 1968 3626 est.
1998 3573 2120 3629 lla-e

551 3654 711 3726 igitur
733 3657 839 3711 duo
869 3658 1223 3725 incredibilia,
1249 3662 1690 3715 resurrectionem
1723 3661 1923 3714 scilicet
1951 3663 2116 3717 nostri

548 3748 791 3817 corporis
814 3748 865 3803 in
891 3757 1147 3803 internum
1168 3791 1182 3813 ,
1209 3760 1264 3807 et
1285 3766 1395 3805 rem
1426 3759 1530 3804 tam
1567 3750 1930 3804 incredibilem
1960 3767 2119 3805 mnu-

549 3834 674 3889 dum
701 3851 818 3891 esse
836 3836 1179 3902 crediturum,
1208 3838 1342 3893 idem
1370 3840 1526 3903 Deus,
1557 3849 1836 3909 antequam
1859 3840 1939 3894 vel
1959 3856 2118 3895 unum

551 3924 739 3979 horum
762 3924 928 3990 ﬂeret,
950 3929 1107 3981 ambo
1131 3926 1304 3982 futura
1324 3942 1444 3983 esse
1466 3929 1703 3997 praedixit
1730 3927 1941 3997 (Matth.
1967 3945 2117 3997 xxvi,

550 4016 664 4087 i3).
696 4015 869 4072 Unum
904 4017 1128 4074 duorum
1171 4019 1554 4074 incredibilium
1588 4020 1699 4089 jam
1739 4020 1931 4076 factum
1968 4021 2119 4076 vidc-

549 4121 690 4173 mus,
722 4116 779 4162 ut
800 4107 941 4177 quod
970 4122 1084 4164 erat
1105 4110 1434 4172 incredibile,
1464 4111 1702 4165 crederet
1730 4112 1993 4168 mundus:
2023 4128 2119 4168 cur

550 4198 601 4253 ld
629 4198 767 4268 quod
798 4199 1054 4269 reliquum
1076 4209 1157 4254 cst
1181 4200 1511 4271 desperatur,
1542 4213 1598 4256 ut
1618 4203 1775 4258 etiam
1798 4203 1899 4259 hoc
1918 4204 2115 4271 veniat,

548 4288 690 4357 quod
731 4289 1040 4344 incredibile
1075 4290 1300 4345 credidit
1343 4291 1599 4359 mundus,
1630 4292 1764 4348 sicut
1784 4292 1894 4363 jam
1934 4295 2115 4362 venit,

548 4377 690 4448 quod
718 4378 962 4439 similiter
1005 4380 1317 4436 incredibile
1355 4380 1449 4435 fuit
1470 4423 1484 4447 ,
1516 4390 1573 4436 ut
1608 4398 1720 4436 rem
1752 4392 1857 4437 tam
1887 4384 2118 4440 incredi-

548 4471 709 4527 bilem
751 4472 995 4526 crederet
1034 4472 1261 4527 mundus
1282 4513 1297 4538 ,
1332 4472 1754 4545 quandoquidem
1780 4473 1883 4531 hoc
1910 4484 2117 4530 utrum-

548 4576 653 4629 que
703 4561 1037 4625 incredibile,
1087 4577 1309 4631 quorum
1361 4562 1603 4617 videmus
1651 4579 1849 4632 unum,
1893 4563 2118 4620 alterum

540 4652 834 4718 credimus,
867 4652 918 4707 in
945 4651 1142 4707 eisdem
1168 4652 1381 4707 Litteris
1410 4653 1717 4722 pmdictum
1754 4654 1842 4719 sit,
1871 4671 1964 4725 per
1986 4671 2119 4725 quas

547 4742 773 4797 credidit
799 4743 1065 4798 mundus?
1101 4744 1166 4798 Et
1194 4745 1306 4815 ipse
1340 4745 1527 4799 modus
1551 4760 1658 4816 quo
1685 4747 1913 4803 mumlus
1946 4748 2119 4803 credi-

548 4834 644 4898 dit,
667 4834 709 4887 si
728 4835 1112 4899 consideretur,
1134 4834 1494 4890 incredibilior
1510 4836 1796 4891 invenitur.
1823 4837 2120 4894 lneruditos

547 4923 851 4977 liberalibus
889 4924 1215 4993 disciplinis,
1255 4935 1306 4979 et
1335 4926 1581 4993 omnino,
1609 4937 1864 4997 quantum
1899 4927 1964 4983 ad
1993 4928 2120 4983 isto-

546 5029 663 5068 rum
689 5011 958 5068 doctrinas
984 5014 1206 5082 attinet,
1238 5016 1532 5085 impolitos,
1574 5032 1678 5071 non
1706 5017 1904 5087 peritos
1935 5034 2114 5090 gram-

550 5102 768 5166 matica,
801 5109 907 5157 non
940 5112 1173 5157 armatos
1200 5104 1474 5161 dialectica
1494 5148 1508 5171 ,
1536 5123 1639 5162 non
1674 5109 1936 5164 rhetorica
1969 5108 2117 5162 inﬂa-

551 5207 631 5249 tos
653 5234 667 5259 ,
709 5191 999 5265 piscatores
1036 5192 1276 5248 Christus
1313 5209 1434 5249 cum
1471 5196 1672 5252 retibus
1696 5197 1817 5253 lidei
1860 5198 1926 5252 ad
1971 5213 2116 5254 mare

612 5371 628 5401 ι
664 5368 798 5417 Vind.
822 5376 925 5418 Am.
950 5376 1002 5419 et
1036 5374 1131 5426 En,
1153 5366 1197 5418 si
1216 5366 1403 5418 cuiauis
1434 5368 1590 5419 mnia
1612 5370 1717 5420 haec
1750 5377 1943 5420 terrm
1980 5376 2115 5421 tran-

548 5429 796 5505 εεειῑάενξδν
835 5442 925 5505 ver,
938 5429 1043 5505 13°C.
1070 5429 1229 5505 ςιὶηπξ
1256 5429 1435 5505 res?“
1458 5443 1658 5505 corpore.
1688 5430 2021 5505 remeabilis.-
2054 5440 2113 5505 ,ιρι

551 5500 654 5561 lost
676 5496 786 5540 octo
803 5490 992 5563 versus,
1031 5490 1150 5550 loco,
1179 5490 1265 5561 gm'
1298 5490 1386 5539 hoc
1422 5490 1549 5551 quod
1579 5492 1669 5563 rid.
1685 5490 1790 5565 udo.
1806 5494 1915 5555 jam
1934 5493 2115 5564 .rt'tm't;

551 5552 833 5614 thlenteditt
873 5551 1225 5614 ferunt,__outd
1259 5552 1347 5601 hoc
1382 5553 1823 5614 qttodqprovtdmta
1859 5562 1944 5604 Det
1967 5556 2116 5604 rrmlto

551 5565 833 5622 intemeout
873 5565 1068 5622 lerunt,
1104 5565 1223 5610 (una
1259 5565 1347 5601 noc
1380 5565 1774 5661 ἴῳφριόινιιιιίιι
1792 5569 1825 5625 τι
1859 5565 1944 5604 Im
1967 5565 2115 5625 unum

549 5609 829 5684 utimelius,
865 5624 1008 5684 quem
1042 5612 1165 5684 illud
1188 5613 1315 5684 qum!
1350 5627 1378 5660 η
1435 5620 1537 5663 tstts
1569 5627 1668 5684 non
1691 5616 1924 5677 t‘t‘(‘dll:tl‘,
1962 5615 2115 5679 real?

550 5671 710 5732 minus
728 5680 840 5731 apte
864 5671 916 5721 et
936 5671 1337 5723 dissentientibus
1369 5678 1716 5732 manuscriptis.

611 5730 685 5794 (α)
714 5730 839 5780 (Ξόηΐ.
868 5734 1008 5795 Epist.
1036 5734 1144 5795 157,
1164 5748 1213 5784 n.
1243 5736 1313 5796 ll,
1338 5749 1487 5799 prope
1509 5735 1591 5788 ﬁn.

1630 366 1719 421 DE
1757 364 2069 422 CIVITATE
2111 364 2245 431 DEI,
2285 364 2344 420 S.
2376 367 2736 424 AUGUSTINI

3696 380 3793 440 756

2242 475 2400 544 hujus
2431 478 2609 532 sreculi
2636 478 2981 549 paucissimos
3004 482 3183 551 misit,
3211 493 3375 555 atque
3406 484 3481 539 ita
3505 495 3559 542 et
3583 505 3644 543 ex
3672 497 3797 550 oraui

2240 581 2433 635 genere
2477 578 2583 623 tam
2628 572 2823 626 nudtos
2869 573 3075 642 pisces,
3123 586 3180 629 et
3221 584 3376 630 tanto
3431 577 3795 651 mirabiliores,

2237 666 2435 723 quanto
2470 658 2699 715 rariores
2737 664 2894 716 etiam
2925 662 3068 732 ipsos
3097 664 3457 735 philosophos
3483 670 3642 739 cepit.
3677 672 3798 727 Duo-

2236 743 2334 807 bus
2373 746 2479 803 illis
2521 749 2945 819 incredibilibus,
2985 755 3033 809 si
3058 756 3271 825 placet,
3308 758 3422 812 imo
3448 761 3576 829 quia
3617 763 3802 831 placere

2237 837 2423 905 debet,
2453 840 2709 897 addamus
2745 843 2849 899 hoc
2873 847 3104 901 tertium.
3136 847 3258 902 Jam
3299 864 3435 919 ergo
3463 853 3565 905 tria
3590 865 3705 910 sunt
3724 858 3796 910 in-

2233 928 2526 997 credibilia,
2549 946 2668 1000 qum
2693 941 2870 988 tamen
2897 934 3031 989 facta
3056 944 3201 992 sunt.
3225 938 3557 997 incredibile
3580 949 3663 996 est
3678 942 3801 999 (λι-ἑο

2232 1025 2370 1073 stum
2402 1023 2759 1079 rosei-rexisse
2793 1024 2846 1078 in
2884 1039 3075 1091 carne,
3111 1038 3166 1082 et
3192 1028 3245 1082 in
3274 1030 3480 1084 cretum
3516 1033 3797 1090 ascendisse

2231 1122 2353 1165 cum
2382 1124 2578 1169 carne:
2606 1114 2916 1171 incredibile
2951 1128 3035 1171 est
3064 1118 3324 1172 mundum
3357 1134 3478 1173 rem
3508 1128 3618 1173 tam
3648 1124 3797 1176 inere-

2229 1197 2451 1257 dibilem
2487 1201 2779 1258 credidisse
2809 1221 2824 1256 :
2853 1204 3168 1261 incredibile
3206 1218 3293 1263 est
3334 1208 3595 1264 homines
3624 1212 3799 1280 ignoti-

2230 1286 2331 1353 les,
2358 1288 2569 1347 inﬁmos
2598 1292 2639 1357 ⁸,
2664 1293 3040 1361 mncissimos,
3066 1296 3345 1366 imperitos
3375 1315 3501 1353 rem
3523 1309 3632 1353 tam
3652 1301 3804 1355 intra

2229 1377 2469 1447 dibilcm,
2496 1390 2600 1436 tam
2624 1381 2910 1440 efﬁcaciter
2927 1386 3142 1450 ualido,
3168 1397 3226 1442 et
3253 1389 3311 1442 in
3336 1390 3436 1443 illo
3457 1391 3623 1444 etiam
3643 1390 3800 1445 dadis

2230 1470 2550 1538 persuadere
2575 1474 2836 1542 potuisse.
2864 1474 3062 1529 Horum
3092 1478 3253 1531 trium
3280 1479 3689 1541 incredibilium:
3716 1482 3803 1549 pri»

2232 1573 2376 1617 mum
2410 1560 2593 1615 nolunt
2628 1562 2746 1628 isti,
2774 1577 2899 1617 cum
2936 1564 3129 1634 quibus
3151 1567 3399 1637 agimus,
3441 1569 3703 1633 credere;
3725 1584 3801 1624 se-

2227 1650 2458 1706 cundum
2498 1660 2759 1722 coguntur
2797 1664 2852 1709 et
2894 1668 3147 1720 eernere;
3196 1657 3345 1725 quod
3382 1674 3498 1711 non
3544 1660 3799 1715 invenient

2228 1740 2370 1799 unde
2394 1741 2708 1808 sitrlactum,
2733 1743 2778 1799 si
2812 1758 2914 1799 non
2944 1745 3172 1800 credunt
3200 1748 3439 1801 tertium.
3475 1748 3803 1804 ﬂanimea.

2226 1840 2373 1888 certe
2399 1831 2632 1899 Christi,
2676 1843 2732 1890 et
2757 1835 2809 1890 in
2848 1837 3040 1891 calum
3065 1851 3190 1891 cum
3218 1853 3383 1893 carne
3416 1839 3475 1893 in
3504 1855 3612 1910 qua
3649 1856 3801 1894 res-ru

2228 1923 2364 1978 rexit
2386 1926 2656 1988 ascensio,
2690 1935 2798 1980 toto
2826 1927 2935 1997 jam
2975 1930 3174 1984 mundo
3202 1930 3538 2000 pradicant-
3564 1940 3621 1985 et
3641 1932 3799 1986 credi-

2229 2022 2351 2069 tur:
2390 2016 2434 2070 si
2462 2017 2732 2073 credibilis
2760 2033 2866 2073 non
2896 2028 3009 2083 est,
3041 2020 3181 2075 unde
3219 2029 3336 2075 toto
3372 2030 3645 2077 terrarum
3679 2024 3798 2078 orbe

2221 2105 2333 2175 jam
2361 2107 2560 2164 credita
2596 2109 2718 2164 est?
2756 2109 2814 2166 Si
2854 2112 3007 2166 multi
3048 2112 3285 2175 nobiles,
3329 2113 3624 2174 sublimes,
3666 2114 3800 2167 docti

2226 2212 2345 2257 eam
2374 2213 2435 2255 se
2457 2200 2653 2255 vidisse
2676 2200 2957 2266 dixerunt,
2982 2212 3037 2257 et
3060 2202 3201 2272 quod
3222 2202 3508 2269 viderunt,
3532 2204 3800 2259 ἀπεαπ.

2226 2298 2499 2355 curarunt,
2525 2290 2607 2344 eis
2626 2290 2880 2346 mundum
2900 2292 3189 2348 credidisse
3210 2307 3317 2346 non
3346 2295 3548 2348 mirum
3576 2304 3683 2357 est;
3706 2294 3795 2347 scd

2226 2379 2360 2435 istos
2385 2379 2559 2436 adhuc
2584 2381 2806 2438 credere
2824 2383 2966 2438 nolle
2992 2384 3277 2453 perdiu-um
3303 2395 3389 2439 est
3410 2402 3429 2439 :
3456 2385 3503 2439 si
3528 2396 3720 2447 autalt.
3739 2395 3793 2437 ut

2224 2485 2407 2527 verum
2434 2480 2551 2539 est,
2581 2474 2792 2542 paucis,
2818 2473 3094 2542 obscuris,
3125 2476 3392 2538 minimis,
3430 2476 3663 2531 indoctis
3686 2490 3796 2530 earn

2224 2578 2286 2619 se
2312 2563 2507 2619 vidisse
2525 2563 2824 2619 dicentibus
2844 2575 2901 2621 et
2920 2565 3276 2620 scribentibus
3293 2565 3531 2620 credidit
3552 2564 3795 2621 mundos:

2224 2669 2320 2710 cur
2342 2654 2501 2724 pauci
2516 2655 2939 2723 obstinatissimi,
2960 2656 3048 2727 qui
3068 2664 3469 2722 remanserunt,
3490 2657 3593 2725 ipsi
3612 2657 3798 2710 mundo

2219 2743 2329 2814 jam
2351 2745 2585 2801 credenti
2613 2747 2790 2802 adhuc
2809 2763 2976 2818 usque
2993 2764 3095 2802 non
3111 2748 3341 2802 credunt
3355 2747 3381 2800 ?
3401 2746 3506 2814 Qui
3530 2756 3795 2817 proptera

2224 2851 2451 2891 numero
2476 2837 2669 2908 exiguo
2696 2838 3002 2908 ignobilium
3019 2879 3037 2904 ,
3065 2838 3370 2891 iul‘unorntn
3390 2879 3410 2897 .
3442 2838 3795 2906 imperitorum

2225 2924 2501 2982 hominum
2529 2926 2784 2991 credidit,
2821 2928 2942 2997 quia
2985 2928 3036 2981 in
3073 2935 3179 2981 tam
3208 2927 3698 2995 contemptibilibus
3728 2934 3796 2977 to-

2224 3016 2395 3069 stibus
2420 3015 2586 3069 multo
2630 3015 2923 3071 mirabilius
2961 3014 3209 3069 divinitas
3250 3028 3312 3069 se
3359 3015 3475 3082 ipsa
3523 3012 3793 3082 persuasit.

2224 3106 2444 3175 Eloquia
2462 3121 2706 3175 namque
2744 3106 3169 3174 persuadentium
3198 3121 3321 3175 qua:
3359 3105 3641 3163 dicebant.
3668 3103 3791 3157 mira

2222 3192 2437 3249 fuerunt
2459 3195 2618 3257 facta,
2641 3211 2748 3251 non
2775 3196 2957 3251 verba.
2984 3197 3084 3263 Qui
3104 3195 3247 3251 enim
3268 3194 3545 3250 Christum
3572 3196 3622 3248 in
3645 3206 3791 3249 carne

2222 3287 2609 3352 resurrexisse,
2650 3294 2706 3341 et
2745 3300 2866 3340 cum
2907 3286 2996 3339 illa
3038 3286 3092 3340 in
3120 3285 3315 3340 calum
3360 3285 3665 3339 ascendisse
3692 3297 3793 3336 tuo.

2221 3375 2498 3447 viderant,
2527 3375 2580 3431 id
2610 3390 2671 3432 se
2693 3375 2892 3437 vidisse
2928 3376 3294 3440 narrantibus,
3325 3390 3433 3429 non
3466 3374 3790 3443 loquentum

2222 3476 2456 3533 tantum,
2501 3465 2595 3522 sed
2643 3466 2801 3521 etiam
2845 3465 3065 3521 miriﬁca
3088 3464 3408 3520 facientibus
3439 3466 3592 3534 signa
3618 3462 3791 3518 crede-

2221 3538 2369 3611 bant.
2395 3556 2649 3611 Homines
2675 3556 2903 3626 quippe,
2942 3570 3077 3625 quos
3115 3557 3306 3617 unius,
3336 3554 3420 3609 vel
3448 3564 3511 3608 ut
3547 3555 3784 3615 multum,

2223 3644 2446 3700 duarum
2491 3645 2788 3716 linguarum
2837 3644 2999 3700 fuisse
3037 3653 3331 3709 noverant,
3359 3653 3584 3711 repente
3609 3641 3788 3710 linguis

2223 3734 2460 3789 ornuium
2506 3735 2744 3807 gentium
2808 3734 3086 3804 loquentes
3142 3734 3462 3789 mirabiliter
3519 3732 3787 3787 audiebant

2224 3822 2359 3893 (Act.
2384 3824 2469 3895 ιι).
2498 3824 2755 3879 Claudum
2784 3824 2851 3878 ab
2875 3825 3126 3881 uberibus
3157 3824 3342 3878 matris
3371 3822 3438 3877 ad
3467 3837 3651 3877 eorum
3674 3836 3782 3875 ver-

2224 3915 2351 3969 bum
2378 3915 2430 3969 in
2455 3914 2650 3971 Christi
2679 3915 2894 3970 nomine
2934 3924 3056 3985 post
3081 3914 3429 3982 quadraginta
3455 3926 3627 3967 anulos
3648 3912 3781 3965 inco-

2222 4006 2417 4060 lumem
2432 4006 2753 4071 constitisse;
2775 4006 2982 4060 sudaria
2998 4004 3067 4060 de
3085 4005 3398 4075 corporibus
3415 4018 3602 4058 conum
3622 4001 3782 4056 ablata

2221 4094 2472 4152 sanandis
2514 4095 2778 4166 profuisse
2814 4095 3213 4165 languentibus;
3242 4095 3295 4149 in
3332 4095 3415 4147 via
3445 4109 3547 4163 qua
3589 4093 3782 4147 {uenat

2224 4186 2497 4242 transituri
2525 4187 2724 4255 positos
2752 4185 2804 4239 in
2834 4185 3023 4240 ordine
3050 4183 3464 4239 innumerabiles
3484 4181 3676 4237 morbis
3698 4193 3781 4231 va-

2221 4278 2314 4331 riis
2352 4276 2688 4341 laborantes,
2736 4284 2793 4330 ut
2833 4275 3218 4330 ambulautium
3254 4288 3433 4343 super
3476 4286 3570 4326 eos
3610 4268 3778 4323 umbra

2223 4367 2471 4422 transiret
2491 4406 2507 4431 ,
2553 4368 2808 4422 continuo
2837 4365 3061 4420 salutem
3107 4364 3283 4419 solere
3310 4363 3576 4431 recipere;
3614 4357 3776 4414 etalia

2223 4457 2387 4531 multa
2416 4454 2676 4527 stupenda
2696 4456 2749 4511 in
2775 4454 2972 4510 Christi
2993 4454 3204 4509 nomine
3230 4467 3327 4524 per
3347 4467 3444 4509 eos
3467 4451 3601 4506 facta
3623 4451 3663 4515 ⁸.
3691 4461 3775 4516 p0-

2221 4556 2421 4602 stremo
2459 4547 2618 4601 etiam
2658 4556 2895 4603 mortuos
2924 4546 3281 4601 resurrexisse
3320 4545 3608 4599 cernebant
3629 4538 3771 4609 (ibid.

2223 4654 2298 4703 tu,
2328 4636 2420 4712 Iv).
2453 4638 2581 4708 Qua:
2607 4639 2687 4703 si,
2729 4646 2786 4692 ut
2813 4638 3079 4704 legttntur,
3112 4644 3259 4706 gesta
3299 4650 3420 4690 esse
3458 4631 3771 4691 concedunt,

2220 4746 2345 4787 cccc
2378 4740 2456 4786 tot
2498 4729 2826 4785 incredibilia
2854 4729 3021 4783 tribus
3060 4728 3164 4781 illis
3207 4725 3605 4781 incredibilibus
3638 4721 3772 4776 addi.

2221 4836 2373 4886 mus;
2404 4828 2459 4875 et
2478 4829 2534 4873 ut
2553 4819 2800 4876 credatur
2821 4834 2985 4873 unum
3010 4816 3340 4881 incredibile,
3367 4816 3511 4885 quod
3532 4816 3596 4869 de
3616 4812 3772 4869 carnis

2219 4912 2612 4967 resurrectione
2631 4920 2785 4981 atque
2805 4910 2857 4965 in
2878 4910 3072 4965 caelum
3095 4907 3409 4962 ascensione
3427 4906 3634 4966 dicitur.
3655 4904 3771 4958 mul-

2221 5014 2397 5059 torum
2427 5003 2812 5059 incredibilium
2842 5001 3140 5058 testimonia
3171 5009 3316 5053 tanta
3344 4998 3697 5070 congerimus,
3724 5002 3770 5046 et

2222 5095 2457 5150 nondum
2500 5091 2566 5147 ad
2595 5091 2919 5148 credendum
2950 5090 3213 5145 horrenda
3252 5090 3449 5143 duritia
3499 5083 3769 5142 incredulos

2220 5184 2500 5239 ﬂectimus.
2529 5182 2585 5237 Si
2612 5197 2738 5236 vero
2776 5196 2873 5251 per
2899 5180 3181 5250 Apostolus
3206 5179 3444 5245 Christi,
3471 5188 3530 5232 ut
3566 5178 3640 5233 eis
3665 5189 3768 5228 cre-

2218 5274 2454 5339 deretur,
2503 5272 2948 5327 resurrectionem
2988 5283 3149 5340 atque
3190 5270 3558 5326 ascensionem
3602 5264 3765 5337 ιιιτυιιίο

2218 5363 2462 5418 cautibns
2485 5361 2681 5417 Christi
2706 5402 2722 5426 ,
2765 5360 2923 5416 etiam
2956 5360 3053 5415 ista
3083 5356 3337 5415 miracula
3366 5359 3499 5415 facta
3538 5373 3649 5413 esse
3675 5369 3762 5408 non

2280 5562 2295 5589 '
2332 5555 2530 5616 Nounull
2570 5561 2805 5604 Msscum
2835 5554 2983 5616 γίιιιι.Δ
3010 5562 3110 5601 Αηι.
3150 5559 3256 5613 PL,
3296 5550 3508 5616 inﬁrmos
3534 5563 3553 5599 :
3590 5542 3758 5598 etinfn

2217 5616 2339 5672 loco.
2361 5614 2878 5681 inﬁmonmr,_haheut,
2899 5612 3217 5681 biﬁrmurum.
3246 5612 3249 5613 ⁷
3346 5612 3387 5681 ’⁸

2281 5681 2300 5710 ι
2551 5685 2602 5725 At
2624 5668 2756 5726 (inid.
2780 5668 2879 5725 Ani.
2898 5668 3057 5734 et'Er.,
3074 5676 3205 5737 facta
3221 5681 3327 5726 sunt
3345 5672 3495 5735 signa.
3511 5668 3753 5730 wv.,{urtl

2218 5738 2382 5806 signa,
2408 5740 2602 5798 emisso,
2623 5744 2749 5789 sunt.
