3960 6556
424 371 532 431 759

427 457 855 555 btt'sselabuutur
893 503 1027 559 carpe
1071 487 1285 560 privati,
1328 485 1497 543 oblata
1537 487 1714 541 mortis
1739 484 2014 540 celeritate.

429 578 723 637 Civitatibus
762 591 930 637 autem
975 588 1107 637 mors
1136 570 1246 661 ipso
1286 598 1434 654 paena
1462 590 1585 657 est,
1626 595 1740 651 qua:
1766 578 1960 649 uidetur
1987 594 2018 629 a

429 672 825 745 panasirtgulos
850 671 1122 727 vindicare.
1164 656 1318 727 Debet
1359 672 1492 726 enim
1520 671 1789 725 constituta
1814 669 1885 722 sic
1912 683 2017 721 esse
2048 656 2051 657 ν

424 764 598 819 civitas
617 806 632 830 ,
664 775 717 817 ut
742 776 929 819 (eterna
955 768 1038 818 sit.
1067 764 1245 835 Itaque
1274 764 1445 818 nullus
1472 764 1703 817 interitus
1738 772 1810 817 est
1848 760 2022 830 reipu-

424 855 570 909 bliaz
598 857 841 909 naturalis
858 898 872 922 ,
904 868 956 910 ut
982 856 1199 910 [taurinis
1218 899 1232 919 ,
1262 858 1313 911 in
1334 873 1441 927 quo
1469 872 1602 909 more
1625 872 1724 909 non
1750 855 1897 911 modo
1926 870 2018 905 ne-
2048 900 2053 905 .

424 947 644 999 cessarit:
671 955 777 1012 est,
811 962 981 1000 verum
1018 948 1168 1000 etiam
1193 947 1417 1018 optanda
1436 961 1676 1017 persa'pe.
1711 944 1899 1001 Civitas
1924 960 2019 997 au-

427 1049 526 1092 tem
550 1055 664 1092 cum
690 1038 904 1103 tollitur,
932 1038 1146 1107 deletur,
1177 1040 1561 1111 exstinguttur‘:
1587 1038 1751 1093 simile
1792 1046 1862 1093 est
1891 1051 2017 1109 quo-

427 1130 700 1183 dammodo
726 1130 807 1202 (ut
831 1147 986 1203 parva
1009 1131 1207 1202 magnis
1224 1130 1565 1201 conferamus)
1592 1146 1653 1182 ac
1681 1129 1725 1182 si
1750 1114 1915 1182 Omnis
1937 1126 2021 1182 hic

427 1221 646 1276 mondus
684 1222 896 1277 intereat
940 1232 989 1276 et
1027 1218 1278 1276 concidat.
1319 1222 1429 1277 lloc
1474 1221 1595 1276 idco
1632 1220 1767 1274 dixit
1791 1219 2017 1285 Cicero,

427 1315 551 1382 quia
593 1312 847 1369 mundum
888 1331 993 1369 non
1036 1315 1370 1369 interiturum
1405 1329 1525 1369 cum
1568 1310 1853 1368 Platonicis
1892 1325 2017 1366 seu-

429 1401 520 1459 titi
546 1404 769 1461 ConStat
817 1418 945 1475 ergo
991 1423 1111 1460 cum
1151 1422 1246 1476 pro
1284 1421 1346 1462 ea
1372 1406 1544 1461 salute
1568 1405 1764 1460 bellum
1789 1403 2023 1458 voluisse

433 1497 633 1568 suscipi
657 1514 685 1551 a
716 1499 969 1563 civitate,
1000 1516 1101 1569 qua
1132 1499 1181 1552 ﬁt
1216 1511 1269 1555 ut
1303 1512 1514 1555 maneat
1539 1499 1626 1554 hic
1650 1500 1856 1563 civitas,
1885 1498 2026 1554 sicut

433 1590 583 1652 dicit,
604 1600 822 1653 :etcrna,
846 1593 1085 1659 quamvis
1109 1594 1459 1647 morientibus
1484 1600 1539 1647 et
1558 1592 1896 1647 nascentibus
1914 1590 2027 1646 sin-

432 1682 600 1750 gulis;
630 1682 765 1736 sicut
797 1683 1043 1751 perennis
1063 1692 1145 1737 est
1168 1683 1406 1752 epacitas
1426 1683 1562 1738 olea:
1582 1682 1667 1737 vel
1695 1683 1850 1749 lauri,
1867 1692 2029 1751 atque

434 1773 733 1844 hujusmndi
757 1784 1067 1829 tat-terarum
1085 1777 1357 1843 arborum,
1371 1776 1699 1847 singulorum
1716 1775 1867 1846 lapsu
1882 1784 2030 1830 ortu-

430 1880 537 1935 que
554 1866 803 1920 ﬁliorum.
823 1864 983 1932 Mors,
1005 1870 1221 1941 quippe,
1243 1879 1296 1923 ut
1319 1869 1472 1937 dicit,
1499 1884 1603 1924 non
1622 1869 1899 1925 hominum
1918 1869 2029 1923 siu-

431 1956 675 2027 gulurum
699 1958 790 2012 sed
818 1958 1078 2015 universa:
1110 1976 1265 2033 poena
1291 1971 1374 2017 est
1399 1962 1650 2029 civitatis,
1675 1979 1792 2033 (pne
1816 1979 1846 2016 a
1874 1978 2028 2033 pinna

435 2050 749 2121 plerumque
778 2052 1017 2121 singulos
1047 2053 1298 2108 vindicat.
1328 2052 1480 2111 Unde
1510 2056 1701 2111 merito
1737 2055 2035 2123 qtueritnr,

437 2149 617 2195 utntm
662 2149 807 2196 recte
846 2142 1066 2196 fecerint
1105 2143 1429 2215 Saguntini,
1469 2144 1682 2215 quando
1727 2146 2031 2201 universam

436 2244 588 2286 suam
615 2232 878 2287 civitatem
912 2234 1130 2288 interire
1158 2234 1476 2301 maluerunt,
1502 2252 1659 2306 quam
1693 2235 1853 2291 Iidem
1884 2237 2027 2295 [rans

437 2339 594 2401 gere,
626 2340 729 2396 qua
757 2343 877 2381 cum
928 2326 1043 2398 ipsa
1088 2326 1326 2383 Romana
1358 2330 1631 2398 republica
1664 2331 1986 2384 tenebantur
2013 2346 2027 2383 :

439 2418 493 2472 in
536 2433 642 2488 quo
684 2434 781 2473 suo
821 2418 956 2475 facta
1005 2419 1286 2476 laudantur
1314 2422 1380 2475 ab
1408 2421 1714 2479 hominibus
1747 2423 1762 2453 ¹
1807 2431 2034 2477 terrente
2076 2452 2077 2455 η

442 2510 749 2583 reipublicae
791 2513 994 2568 civibus
1037 2516 1138 2585 (α).
1181 2513 1293 2570 Sed
1326 2513 1599 2583 quomoda
1635 2514 1759 2569 huic
1791 2514 2033 2583 disputa-
2078 2552 2081 2561 ς

442 2602 572 2656 tioui
605 2612 822 2673 possent
852 2604 1092 2669 obedire,
1127 2620 1231 2661 non
1260 2604 1417 2659 video
1436 2646 1458 2672 ,
1493 2605 1587 2658 ubi
1608 2606 1800 2659 dicitur
1827 2606 2031 2659 nullum

440 2695 834 2765 suscipiendum
863 2711 982 2750 esse
1012 2696 1206 2751 bellum
1231 2737 1251 2763 ,
1277 2698 1377 2752 nisi
1406 2705 1499 2751 aut
1528 2712 1626 2766 pro
1655 2698 1777 2762 lide,
1811 2706 1903 2752 aut
1933 2712 2039 2766 pro

442 2786 615 2839 salute
645 2805 658 2841 :
696 2792 795 2841 nec
833 2786 1047 2852 dicitur,
1080 2789 1124 2843 si
1171 2790 1223 2842 in
1253 2804 1421 2843 unum
1445 2789 1608 2843 simul
1640 2789 1933 2858 periculum
1963 2789 2033 2844 ita

443 2883 552 2936 duo
581 2883 679 2937 ism
706 2886 1092 2947 concurrerint.
1126 2895 1184 2940 ut
1216 2886 1385 2941 teneri
1411 2886 1640 2940 alterum
1668 2885 1788 2940 siue
1814 2884 2040 2941 alterius

445 2975 735 3030 amissione
782 2992 890 3031 nou
936 2977 1146 3047 possit,
1189 2977 1317 3048 quid
1370 2979 1438 3032 sit
1487 2978 1662 3047 potius
1703 2977 2032 3049 eligendum.

450 3067 692 3122 Prolec'o
732 3070 877 3132 enim
916 3069 1191 3141 Saguntini
1234 3073 1275 3126 si
1321 3072 1547 3126 salutem
1584 3072 1873 3141 eligerent,
1905 3070 2038 3125 ﬁdes

447 3159 532 3212 cis
570 3159 740 3214 ﬁxerat
784 3161 1076 3217 deserenda
1110 3181 1123 3217 :
1165 3164 1210 3216 si
1258 3161 1391 3218 fides
1429 3162 1662 3218 tenenda
1690 3202 1704 3223 .
1746 3150 2037 3216 amittenda

451 3252 631 3321 utique
652 3254 820 3320 Salus,
843 3255 980 3309 sicut
1003 3264 1056 3309 et
1085 3255 1279 3310 factum
1302 3266 1403 3312 est.
1427 3256 1583 3311 Salus
1607 3267 1782 3310 autem
1808 3256 2037 3312 civitatis
2092 3270 2093 3275 ‘

453 3345 547 3399 lle't
590 3347 709 3401 talis
746 3357 857 3413 est,
891 3358 950 3403 ut
992 3364 1111 3404 cum
1160 3349 1264 3404 ﬁde
1301 3364 1365 3404 ae
1396 3365 1489 3419 per
1519 3349 1677 3405 tidem
1719 3348 1887 3403 teneri
1910 3391 1924 3412 ,
1954 3349 2038 3404 vel

450 3437 628 3504 potius
670 3438 871 3507 acquiri
918 3440 1130 3509 possit;
1178 3440 1281 3495 ﬁde
1319 3450 1503 3496 autem
1537 3440 1740 3509 perdita
1766 3481 1781 3503 ,
1825 3439 1890 3493 ad
1919 3454 2037 3494 eam

449 3528 674 3597 quisque
702 3531 884 3585 venire
931 3546 1036 3586 nou
1080 3534 1266 3600 possit.
1313 3533 1443 3600 Qua:
1469 3532 1720 3603 cogitatio
1753 3531 2038 3586 ﬁrmissimi

451 3634 512 3671 at:
542 3621 909 3689 [niticmissimi
941 3624 1147 3687 cordis,
1170 3634 1249 3680 tot
1276 3640 1337 3679 ac
1363 3633 1538 3679 tantus
1578 3636 1839 3695 martyres
1874 3622 1993 3678 fecit
2022 3665 2037 3689 ,

451 3711 661 3775 qualem
691 3728 756 3766 ne
786 3731 945 3769 unum
971 3716 1185 3785 quidem
1234 3717 1451 3782 habuit,
1483 3716 1565 3771 vel
1609 3716 1806 3771 habere
1835 3717 2001 3785 potuit
2021 3757 2037 3781 ,

453 3806 667 3870 quando
695 3814 778 3860 est
805 3805 937 3860 deus
964 3807 1197 3861 creditus
1229 3806 1504 3861 Romulus.

454 3917 536 3969 CA
549 3916 681 3971 PUT
720 3917 827 3970 VII.
849 3947 921 3957 —
943 3917 1101 3984 Quod
1120 3930 1173 3970 ut
1203 3920 1422 3973 mundus
1445 3920 1499 3972 in
1521 3919 1774 3973 Christum
1797 3919 2037 3985 crederet,

559 4008 755 4062 virtutis
780 4008 935 4080 [itérit
955 4010 1157 4077 divina,
1182 4024 1281 4065 non
1320 4013 1657 4079 persuasionis
1686 4014 1939 4067 nutriente.

527 4122 632 4177 Sed
660 4123 813 4179 valde
842 4123 1123 4180 ridiculum
1145 4134 1245 4192 est,
1268 4125 1334 4180 de
1355 4126 1565 4181 Romuli
1586 4126 1715 4182 falsa
1742 4128 2040 4194 divinitate,

454 4231 576 4269 cum
604 4215 669 4269 de
692 4215 909 4272 Christo
932 4217 1217 4289 loquimur,
1245 4218 1420 4275 facere
1444 4219 1790 4276 mentionem.
1818 4218 2042 4277 Verum-

458 4318 631 4362 tamen
649 4322 768 4363 cum
784 4310 1049 4365 sexcentis
1066 4310 1525 4367 lermeannisante
1538 4311 1844 4368 Ciceronem
1860 4311 2047 4383 (b)lto~

458 4400 632 4456 mulus
647 4401 823 4467 fuerit,
837 4412 995 4471 atque
1013 4402 1096 4456 illa
1118 4413 1248 4459 mlas
1258 4401 1369 4473 jam
1391 4403 1554 4459 fuisse
1569 4403 1825 4459 doctrinis
1840 4404 2046 4459 dicatur

456 4494 687 4561 exculta,
714 4504 770 4551 ut
796 4496 940 4567 quod
981 4496 1094 4551 ﬁeri
1124 4513 1230 4552 non
1257 4506 1451 4567 potest,
1482 4512 1642 4553 omne
1669 4499 1689 4529 ⁸
1718 4508 1993 4567 respueret
2031 4514 2044 4551 :

456 4595 656 4655 quanto
685 4589 852 4657 magis
874 4595 992 4659 post
1011 4599 1298 4645 sexcentos
1318 4605 1488 4646 annos
1515 4590 1681 4659 ipsius
1702 4599 1943 4659 tempore
1960 4587 2048 4644 Ci-

457 4679 688 4745 ceronis,
709 4679 1044 4751 maximeque
1067 4690 1248 4752 postea
1265 4681 1364 4735 sub
1380 4682 1623 4753 Augusto
1633 4690 1793 4750 atque
1810 4679 2045 4743 Tiberio,

458 4771 837 4827 eruditior-ibus
852 4773 1033 4852 utique
1047 4772 1395 4842 temporibus,
1411 4774 1857 4828 resurrectionem
1873 4770 2050 4827 carnis
2098 4830 2101 4833 _

459 4862 655 4921 Christi
683 4866 917 4937 atquein
932 4868 1124 4923 caelum
1146 4865 1535 4929 asrensioncm.
1560 4875 1807 4938 tanquam
1840 4864 1890 4920 id
1909 4867 2049 4935 quod

463 4958 575 5008 lteri
608 4972 713 5009 non
747 4965 942 5027 potest,
972 4972 1123 5011 mens
1159 4956 1386 5010 humana
1418 4955 1558 5010 ferre
1575 4972 1679 5009 non
1708 4964 1908 5026 posset,
1936 4956 2051 5010 elu-

461 5047 698 5116 deusque
710 5046 777 5099 ab
788 5046 1006 5100 auribus
1018 5047 1373 5115 cordibusque
1390 5047 1791 5115 respueret,nisi
1805 5063 1921 5104 eam
1939 5047 2050 5101 ﬁcri

464 5139 715 5209 potuisse,
747 5147 907 5210 atque
936 5138 1129 5193 factam
1160 5155 1281 5195 esse
1306 5140 1560 5215 divinitas
1591 5142 1757 5213 ipsius
1789 5140 2060 5206 veritatis,

463 5231 545 5285 vel
589 5227 878 5286 divinitatis
918 5229 1137 5299 veritas,
1185 5240 1240 5287 et
1266 5233 1628 5294 .eontestantia
1676 5231 2052 5287 miraculorum

529 5353 543 5380 ι
567 5347 717 5397 '\'ind.
744 5356 843 5396 Am.
870 5354 943 5397 Er.
971 5354 1023 5397 et
1053 5361 1204 5411 prOpe
1236 5359 1410 5397 clunes
1440 5344 1751 5407 mamtscripti
1770 5379 1788 5406 ,
1808 5342 1871 5394 ab
1899 5342 2055 5394 onmi-
2120 5384 2125 5389 .

466 5411 570 5461 bus.

530 5478 547 5502 ²
583 5472 722 5531 Editi,
744 5483 883 5521 autne
903 5470 1119 5521 eludere.
1146 5472 1306 5524 Abest.
1333 5468 1553 5524 eludens,
1575 5481 1603 5516 a
1628 5466 1988 5529 manuscriptis.

534 5535 606 5597 to)
643 5534 756 5584 \‘ide
781 5547 943 5594 supra,
966 5532 1048 5597 lib.
1074 5534 1251 5597 ὅλων.
1277 5532 1356 5583 ‘20.

531 5588 603 5659 (ιι)
645 5588 1397 5659 ιλιιιιιιίιξυδἰίνιεείθέιξιιιιωῐι
1430 5600 1585 5659 putat,
1626 5588 2056 5659 antesc'miorten},

468 5653 664 5720 nempe
688 5653 1020 5713 miliauum.
1044 5659 1130 5720 qui
1173 5653 1411 5709 inducitur
1432 5653 1705 5704 'diss'erens
1746 5655 1793 5704 in
1832 5653 1973 5720 libris
1994 5653 2060 5701 de

467 5712 745 5778 nettiblica.
794 5712 1121 5769 mvauienses
1165 5720 1273 5780 ejus
1317 5725 1643 5779 coniecturam
1688 5714 1845 5780 secuti
1902 5712 2061 5780 locum

467 5777 737 5845 emendare
761 5790 970 5841 tentant,
1009 5782 1095 5831 sed
1122 5777 1507 5845 rct'ugnautibus
1526 5780 1672 5845 editis
1697 5777 1804 5829 aliis
1825 5782 1888 5841 et
1911 5777 2063 5829 cumi-

469 5844 564 5897 bus
586 5847 940 5909 manuscriptis.
1260 5844 1268 5845 “
1519 5874 1521 5876 -

1503 372 1590 429 DE
1626 366 1949 431 CIVITATE
1989 364 2125 436 DEI,
2156 365 2223 425 .S.
2264 368 2631 465 ιυουείιδῑι

2128 483 2280 552 signa
2302 478 2663 543 monstrarent
2687 502 2706 552 ;
2733 496 2791 541 ut
2809 485 3217 542 terrentibuset
3233 482 3711 539 contradin

2123 582 2230 629 tam
2250 577 2427 633 multis
2457 578 2888 647 tamquemaguis
2904 576 3392 648 persecutiouibus,
3420 578 3710 645 procedens

2125 664 2176 718 in
2213 666 2445 734 Christo,
2481 668 2676 723 deinde
2697 669 2762 722 ad
2792 684 2989 723 novum
3028 669 3288 723 mulum
3322 669 3376 721 iu
3404 670 3600 721 ceteris
3624 684 3712 723 se-

2120 769 2309 812 cu'ura
2337 760 2658 815 resurrectio
2698 770 2859 830 atque
2889 760 3265 815 immortalitas
3300 760 3485 814 carnis
3511 770 3563 814 et
3587 760 3713 814 Ede-

2124 838 2325 904 lissime
2370 851 2707 916 crederetur,
2735 862 2790 905 ct
2816 852 3203 920 praedicaretur
3232 851 3523 919 intrepide,
3548 860 3599 903 et
3621 867 3716 917 per

2123 941 2306 996 orbem
2356 951 2511 997 teme
2566 944 2877 1012 pullulatim
2931 943 3216 998 l'ccuttdius
3262 957 3390 996 cum
3436 952 3711 1012 martyrum

2123 1032 2376 1103 Sanguine
2403 1043 2686 1088 sererctur.
2736 1034 3069 1103 Legebantur
3096 1034 3251 1087 enim
3292 1033 3566 1101 puemitia
3588 1048 3713 1101 pr:-

2123 1125 2366 1181 cedentia
2395 1128 2411 1158 ⁸
2439 1127 2843 1196 Prophetarum,
2868 1127 3265 1183 concurrebant
3313 1135 3529 1180 ostenta
3566 1124 3719 1179 virtu-
3796 1152 3799 1155 <

2124 1228 2261 1288 tum,
2292 1230 2345 1276 et
2376 1221 2792 1291 persuadebatur
2819 1222 3012 1276 veritas
3032 1236 3171 1276 non
3196 1221 3597 1286 consuetudini,
3617 1239 3719 1276 nm

2125 1313 2390 1365 contraria
2422 1312 2637 1373 rationi.
2667 1311 2839 1365 donec
2866 1312 3014 1367 urbis
3042 1321 3205 1367 terra
3231 1312 3332 1382 qui
3372 1312 3718 1382 penetrum-

2126 1412 2214 1460 tur
2257 1404 2457 1469 lurore,
2486 1414 2802 1474 sequeretur
2831 1403 2935 1458 ﬁde
2962 1405 3006 1455 ⁸.

2128 1516 2353 1574 CAPUT
2395 1516 2524 1572 VIII.
2546 1547 2615 1558 —-
2644 1516 2718 1575 De
2740 1518 2997 1571 miraculis
3029 1532 3145 1587 qua
3164 1525 3222 1569 ιιι
3246 1516 3477 1568 mundus
3506 1516 3557 1570 in
3585 1516 3721 1570 Ciri—

2199 1619 2332 1671 stunt
2356 1608 2576 1663 crederet
2601 1610 2738 1681 facta
2769 1617 2904 1673 sunt,
2932 1617 2982 1662 et
3005 1608 3121 1676 ﬁeri
3146 1607 3353 1660 mundo
3370 1607 3605 1660 credente
3627 1624 3727 1660 nat:

2201 1698 2455 1755 desirant.

2204 1815 2257 1869 l.
2285 1814 2415 1879 Cur,
2446 1813 2714 1883 inquiunt,
2740 1828 2887 1868 nunc
2900 1811 2990 1866 illa
3017 1811 3297 1876 miracula,
3327 1829 3454 1881 qtﬂ‘,
3482 1811 3724 1881 praedica-

2134 1907 2200 1961 tis
2226 1907 2524 1967 facta'csse.
2558 1922 2663 1960 non
2693 1905 2870 1959 ﬁunt?
2899 1905 3115 1959 Possem
3144 1904 3365 1974 quidem
3406 1903 3605 1958 dicere.
3636 1920 3725 1957 ue-

2132 1999 2359 2054 cessaria
2400 1997 2565 2053 fuisse
2609 1998 2913 2068 priusquam
2958 1996 3204 2051 crederet
3234 1995 3471 2049 mundus
3492 2037 3511 2061 ,
3538 1995 3599 2047 ad
3630 1994 3735 2048 hoc

2133 2102 2191 2147 ut
2215 2092 2457 2147 crederet
2477 2090 2720 2145 mundus.
2739 2091 2991 2159 Quisquis
3010 2090 3185 2144 adhuc
3208 2089 3451 2159 prodigia
3480 2098 3536 2142 ut
3550 2089 3729 2144 credat

2136 2183 2377 2254 inquirit,
2437 2198 2686 2253 maguum
2726 2192 2810 2238 est
2859 2183 2973 2253 ipse
3016 2182 3339 2253 prodigium,
3394 2183 3484 2250 qui
3534 2180 3725 2234 mundo

2134 2276 2387 2331 credente
2416 2292 2521 2329 non
2560 2274 2750 2330 credit.
2787 2275 2979 2329 Verum
3012 2275 3117 2329 hoe
3144 2274 3267 2328 ideo
3293 2274 3505 2339 dicunt,
3535 2282 3589 2326 ut
3631 2288 3729 2327 nec

2138 2381 2263 2425 tunc
2303 2372 2390 2426 illa
2422 2370 2675 2425 miracula
2702 2368 2837 2424 facta
2888 2368 3047 2423 fuisse
3077 2369 3387 2422 credantur.
3420 2366 3576 2422 Unde
3603 2381 3731 2435 ergo

2139 2465 2281 2511 tanta
2332 2456 2436 2510 ﬁde
2463 2455 2707 2511 Christus
2746 2469 3121 2524 usquequaque
3149 2463 3401 2506 cantatur
3445 2454 3495 2504 in
3537 2453 3729 2505 cadum

2137 2564 2259 2603 cum
2307 2561 2468 2601 carne
2509 2547 2797 2602 sublatus?
2825 2546 2965 2599 unde
3014 2544 3345 2615 temporibus
3388 2544 3635 2604 eruditis,
3675 2552 3730 2597 et

2142 2657 2302 2697 omne
2341 2640 2480 2709 quod
2524 2640 2637 2695 ﬁeri
2667 2656 2770 2695 non
2799 2648 2974 2710 potest
3017 2638 3416 2707 respuentibus,
3448 2637 3567 2691 siue
3610 2636 3731 2689 ullis

2141 2734 2413 2789 miraculis
2464 2732 2686 2787 nimium
2742 2730 3057 2787 mirabiliter
3116 2728 3453 2783 incredibilia
3509 2727 3733 2781 credidit

2140 2824 2412 2881 mundus?
2440 2826 2520 2879 An
2553 2823 2687 2878 forte
2726 2822 2998 2879 credibilia
3048 2818 3229 2886 fuisse,
3274 2830 3330 2874 et
3374 2818 3497 2873 ideo
3532 2818 3733 2871 credita

2139 2935 2261 2975 esse
2290 2918 2479 2973 dicturi
2510 2917 2679 2973 sunt?
2703 2916 2811 2972 Cur
2838 2932 2968 2985 ergo
2996 2913 3103 2985 ipsi
3120 2912 3520 2969 noncredunt?
3550 2912 3727 2966 Brevis

2141 3024 2222 3069 est
2254 3013 2414 3084 igitur
2457 3021 2643 3065 nostra
2673 3010 2973 3078 complexio
3001 3027 3015 3062 :
3045 3012 3151 3062 Aut
3182 3006 3517 3061 incredibilis
3562 3005 3631 3059 rei
3663 3002 3685 3033 ³
3705 3043 3731 3068 ,

2141 3120 2260 3176 qua:
2289 3118 2396 3159 non
2437 3102 2735 3168 videbatur,
2767 3102 2864 3155 alia
2899 3099 3250 3165 incredibilia,
3280 3114 3405 3167 qua:
3434 3108 3607 3151 tamen
3631 3094 3723 3149 ﬁe-

2141 3199 2271 3254 bant
2296 3208 2351 3254 et
2392 3197 2724 3263 videbantur,
2754 3193 2995 3250 fecerunt
3021 3192 3226 3256 ﬁdem;
3250 3199 3347 3244 aut
3372 3201 3522 3244 certe
3550 3202 3630 3242 res
3657 3188 3730 3240 ita

2142 3292 2430 3358 credibilis,
2458 3299 2515 3345 ut
2535 3290 2694 3346 nullis
2719 3289 2912 3360 quibus
2930 3286 3345 3357 persuaderetur
3372 3283 3637 3337 miraculis
3656 3282 3727 3335 iu-

2142 3386 2367 3457 digeret,
2400 3385 2619 3438 istorum
2652 3382 2869 3436 nimiam
2902 3379 3170 3449 redarguit
3197 3376 3589 3431 inﬁdelitatem.
3619 3373 3729 3427 lloc

2144 3478 2217 3533 ad
2256 3476 2573 3532 rciellendos
2623 3474 2941 3528 vanissimas
2990 3470 3237 3525 dixerim.
3268 3468 3405 3523 Nam
3454 3468 3587 3521 facta
3614 3479 3726 3520 esse

2144 3572 2307 3625 multa
2354 3567 2644 3633 miracula,
2686 3582 2805 3637 qua:
2856 3572 3235 3619 attestarentur
3280 3561 3355 3614 illi
3409 3560 3500 3613 uui
3546 3557 3725 3629 grandi

2144 3660 2449 3731 salubrique
2491 3658 2776 3724 miraculo,
2823 3674 2929 3727 quo
2979 3655 3220 3710 Christus
3264 3654 3316 3707 iu
3369 3654 3567 3707 malum
3608 3664 3723 3703 cum

2144 3771 2307 3812 carne
2336 3754 2393 3810 in
2414 3769 2517 3825 qua
2556 3751 2867 3816 resurrexit,
2896 3749 3153 3811 ascendit,
3186 3763 3385 3817 iurgare
3413 3762 3519 3799 non
3551 3758 3727 3815 possu-

2146 3863 2286 3903 mus.
2335 3845 2390 3901 ln
2435 3844 2638 3902 eisdem
2687 3843 2883 3913 quippe
2928 3839 3287 3895 veracissimis
3325 3836 3507 3892 Liba-is
3548 3845 3725 3889 cuncta

2145 3941 2447 4010 conscripta
2489 3948 2634 4005 sunt,
2664 3944 2719 3993 et
2755 3950 2875 4006 qua:
2904 3932 3038 3988 facta
3069 3942 3217 3996 sunt,
3247 3939 3303 3985 et
3349 3940 3568 3999 propter
3593 3927 3727 3997 quod

2147 4030 2469 4088 credendum
2499 4028 2636 4084 facta
2662 4035 2803 4081 sunt.
2832 4024 2978 4091 ﬂmc,
3008 4033 3068 4077 ιλιι
3109 4022 3266 4076 ﬁdem
3296 4014 3554 4082 facerent,
3582 4020 3725 4073 inno-

2150 4133 2399 4189 tueruut;
2432 4122 2547 4177 haec
2589 4137 2685 4192 per
2710 4120 2887 4184 ﬁdem,
2916 4132 3075 4187 quam
3118 4116 3388 4179 fecerunt,
3430 4115 3596 4168 multo
3620 4112 3722 4167 cla-

2146 4220 2261 4275 rius
2312 4217 2675 4271 iunotescunt.
2733 4213 3006 4281 chuntur
3051 4210 3245 4280 quippe
3297 4208 3351 4261 iu
3400 4207 3626 4277 pupulis,
3670 4213 3721 4257 ut

2108 4300 2113 4381 ξ
2148 4311 2470 4374 credantur;
2518 4323 2616 4362 nec
2646 4306 2697 4360 in
2743 4304 2951 4375 populis
2997 4312 3171 4357 tamn
3216 4301 3318 4355 nisi
3361 4300 3562 4355 credita
3590 4300 3718 4365 lege-

2112 4470 2115 4475 ,
2151 4414 2354 4458 rentur.
2394 4399 2525 4455 Nam
2555 4399 2713 4454 etiam
2744 4411 2884 4452 nunc
2928 4396 3060 4450 ﬁunt
3088 4393 3345 4449 miracula
3392 4393 3445 4446 in
3480 4392 3595 4459 eius
3632 4404 3723 4443 uo-

2150 4496 2314 4559 mine,
2358 4491 2470 4547 sive
2501 4506 2593 4562 per
2621 4496 2952 4545 sacramenta
2999 4486 3135 4555 ejus,
3176 4486 3291 4538 sive
3335 4499 3433 4553 rer
3472 4484 3726 4536 omtiones

2151 4588 2236 4643 vel
2264 4584 2548 4641 memorias
2576 4589 2878 4638 sanctorum
2913 4579 3029 4647 ejus
3056 4593 3072 4642 ;
3102 4574 3201 4631 sed
3224 4590 3330 4629 non
3364 4574 3551 4629 eadem
3574 4571 3723 4627 clari‘

2116 4744 2119 4751 η
2154 4688 2262 4735 tate
2288 4678 2639 4741 illustrantur,
2666 4685 2722 4727 ut
2751 4680 2894 4726 tanta
2921 4678 3116 4739 quanta
3154 4668 3241 4721 illa
3266 4667 3436 4737 gloria
3462 4664 3722 4719 diﬁ‘amen-

2155 4780 2263 4827 tur.
2289 4771 2470 4825 Canon
2510 4767 2705 4839 quippe
2738 4778 3011 4819 sacrarum
3045 4760 3388 4822 Litterarum,
3419 4772 3575 4828 quem
3602 4753 3724 4809 deﬁ-

2155 4864 2323 4917 nitum
2352 4860 2513 4914 ‘esse
2557 4855 2856 4927 oportebat,
2901 4852 2986 4907 illa
3033 4851 3157 4906 facit
3201 4846 3398 4919 ubique
3428 4846 3653 4923 recitari.
3676 4851 3725 4896 et

2156 4954 2429 5009 memoria:
2457 4958 2768 5005 cunctorum
2809 4945 3073 5000 inhaerere
3118 4941 3434 5013 populorum
3469 4960 3484 4997 :
3514 4938 3621 4992 lucc
3643 4950 3726 4989 ιιι-
3764 4974 3767 4975 ν

2158 5057 2264 5103 tem
2316 5046 2637 5112 ubicumque
2672 5041 2825 5105 liunt,
2867 5038 2937 5093 ibi
2981 5037 3221 5091 sciuntur
3264 5034 3353 5086 vix
3394 5048 3427 5085 a
3476 5040 3584 5085 tota
3626 5030 3723 5095 ipsa

2158 5141 2371 5196 civitate
2414 5136 2499 5191 vel
2544 5145 2879 5203 quocumque
2928 5125 3379 5183 eommauentium
3429 5123 3567 5176 loco.
3608 5118 3723 5173 Nam

2160 5234 2470 5303 plerumque
2494 5226 2652 5280 etiam
2685 5223 2756 5277 ibi
2795 5217 3096 5291 paucissimi
3140 5215 3338 5276 sciunt,
3380 5210 3725 5283 ignorantibus

2159 5298 2642 5388 cancris,vmaxime
2667 5316 2711 5369 si
2734 5326 2921 5382 magna
2950 5310 3015 5364 sit
3043 5308 3270 5369 civitas;
3304 5314 3359 5360 et
3386 5302 3599 5374 quando
3615 5298 3724 5354 alibi

2160 5416 2388 5485 aliisque
2423 5417 2727 5472 narrantur,
2751 5421 2855 5460 non
2885 5411 3029 5456 tanta
3055 5417 3118 5455 ea
3147 5396 3489 5453 commendat
3512 5390 3722 5448 auctori-

2164 5518 2271 5574 tas,
2311 5515 2368 5559 ttt
2409 5503 2525 5557 sine
2567 5498 2877 5554 dimcultate
2916 5493 3007 5547 vel
3045 5490 3377 5545 dubitatione
3420 5485 3717 5542 credantur,

2228 5645 2243 5676 ¹
2282 5640 2421 5692 Vind.
2445 5648 2541 5688 Am.
2566 5643 2639 5686 Er.
2669 5641 2720 5683 et
2743 5632 2911 5695 plures
2926 5635 3058 5685 Mss,
3082 5619 3459 5695 praedi-artium

2228 5709 2252 5740 ³
2741 5677 3069 5760 ἓᾷἱῖἰνᾷιιειξιῃζ
3083 5677 3454 5758 'proseqtteretur
3470 5677 3582 5742 ﬁde.

2231 5772 2253 5801 ³
2284 5752 2357 5817 sic
2379 5752 2482 5813 Mss.
2525 5768 2578 5810 at
2606 5752 3037 5815 editi,t‘ncredt‘bili
3060 5752 3150 5818 rei.
3297 5808 3327 5818 η

2231 5832 2252 5863 ι
2287 5809 2699 5889 illiti-{veteribus
2721 5809 2856 5870 libris
2877 5816 3249 5871 dissentientes,
3275 5809 3581 5873 diminutum.
