3926 6386
96 330 184 389 761
218 336 227 345 ’

96 439 315 515 quamvis
340 437 659 494 Christianis
690 438 933 495 ﬁdelibus
976 456 1008 496 a
1034 442 1278 499 lldelibus
1325 445 1649 501 iudicentur.
1684 464 1689 471 ί

156 535 206 588 2.
234 532 537 611 ῌίινειριιιιιιη
564 532 705 602 quod
731 532 1012 588 Mediolani
1034 534 1232 591 factum
1256 545 1361 600 est,
1388 551 1509 593 cum
1540 537 1652 593 illic

96 639 334 684 essemus,
360 624 576 696 quando
601 625 925 680 illuminatus
948 636 1031 681 est
1054 642 1248 691 ctecus,
1271 628 1337 682 ad
1365 629 1654 685 multorum

94 715 316 773 notitiam
342 715 513 784 potuit
537 716 835 784 pervenire,
867 715 987 784 quia
1014 725 1070 771 et
1094 717 1309 787 grandis
1333 726 1416 772 est
1441 719 1651 786 civitas,

92 820 141 865 et
164 807 232 864 ibi
266 816 379 861 erat
405 815 531 861 tunc
572 805 885 875 imperator,
914 817 969 861 ct
1007 808 1270 863 immenso
1301 810 1495 879 popqu
1518 818 1655 865 teste

91 914 168 953 res
188 905 328 966 gesta
349 904 452 960 est,
479 904 832 950 concurrente
858 896 924 950 ad
952 911 1174 966 corpora
1203 906 1495 970 martyrum
1526 899 1655 954 Pro-

93 986 197 1065 tasii
225 994 277 1040 et
320 983 558 1039 Gervasii
592 1001 607 1039 :
637 999 756 1053 qua:
780 999 900 1038 cum
933 985 1178 1051 laterent,
1224 996 1281 1041 et
1324 986 1532 1055 penitus
1560 1002 1656 1042 ne-

88 1079 363 1141 scirentur,
407 1075 658 1145 episcopo
682 1077 965 1132 Ambrosio
994 1093 1090 1148 per
1130 1078 1395 1132 somnium
1422 1079 1656 1134 revelata

89 1175 283 1234 reperta
308 1174 470 1229 sunt;
502 1165 592 1219 ubi
633 1179 807 1220 cacus
837 1166 925 1221 ille
949 1166 1186 1237 depulsis
1214 1168 1484 1224 veteribus
1510 1177 1660 1224 tene-

86 1255 189 1309 bris
215 1254 354 1311 diem
383 1255 518 1309 vidit
543 1253 646 1325 (α).

150 1347 201 1400 3.
249 1345 401 1415 Apud
446 1345 817 1417 Carthaginem
861 1358 1040 1403 autem
1082 1349 1203 1418 quis
1246 1350 1415 1415 novit,
1465 1359 1663 1419 prater

86 1437 358 1493 admodum
389 1439 757 1507 paucissimos,
785 1439 1031 1502 salutem,
1064 1457 1182 1503 qua:
1213 1441 1348 1497 facta
1389 1452 1473 1497 est
1503 1442 1662 1499 inno-

86 1528 251 1582 centio
276 1544 341 1582 cx
382 1528 638 1583 advocato
675 1529 886 1584 vicariae
931 1531 1276 1600 pnefeetune,
1308 1533 1397 1588 ubi
1440 1549 1539 1588 nos
1582 1535 1665 1589 iu-

86 1618 377 1681 terluimus,
432 1628 487 1674 et
526 1620 696 1675 oculis
744 1622 1048 1690 aspeximus
1094 1625 1329 1679 nostris?
1373 1623 1662 1681 Venientes

82 1708 218 1764 enim
261 1708 331 1762 de
382 1709 765 1771 transmarinis,
820 1725 906 1766 me
950 1720 1007 1765 et
1050 1711 1263 1767 fratrem
1306 1729 1481 1767 meum
1527 1714 1663 1786 Aly-

85 1800 223 1868 pium
248 1799 346 1867 (b),
379 1800 612 1854 nondum
637 1800 854 1869 quidem
882 1803 1126 1868 clericos,
1158 1804 1252 1859 sed
1270 1805 1379 1874 jam
1410 1806 1519 1859 Deo
1545 1819 1663 1860 ser-

81 1890 301 1953 vientes,
332 1900 394 1942 nt
434 1898 548 1944 erat
576 1904 695 1944 cum
738 1900 847 1947 tota
872 1892 1034 1947 duino
1060 1910 1154 1948 sua
1186 1894 1617 1963 religiosissimus
1643 1933 1663 1961 ,

82 1980 193 2053 ipse
209 1992 540 2054 susceperat,
556 1992 613 2037 et
632 1984 768 2055 apud
794 2000 916 2041 eum
939 1995 1063 2042 tunc
1087 1985 1474 2040 habitabamus.
1493 1986 1664 2042 Cura-

77 2080 227 2139 batur
269 2094 304 2137 a
353 2073 571 2139 medicis
604 2101 617 2137 ε
652 2078 856 2135 tistulas
883 2078 934 2143 ⁸,
978 2091 1112 2147 quas
1152 2092 1464 2132 numerosas
1507 2084 1667 2148 atque

76 2178 361 2247 perplexas
410 2176 589 2231 habuit
635 2175 688 2229 in
741 2168 1040 2238 posteriore
1080 2177 1239 2238 atque
1281 2169 1385 2222 ima
1428 2168 1668 2239 corporis

76 2279 241 2339 parte,
270 2269 386 2338 jam
418 2278 699 2322 set-nerant
742 2263 817 2328 ei,
842 2270 899 2316 et
921 2262 1053 2316 artis
1074 2278 1186 2317 suae
1211 2271 1404 2316 caetera
1430 2260 1666 2317 medica-

74 2360 270 2415 mentis
295 2359 550 2431 agehant.
580 2361 777 2414 Passus
804 2363 981 2409 autem
1013 2355 1257 2409 fueratin
1300 2355 1540 2410 sectione
1578 2354 1666 2410 illa

73 2460 127 2505 et
150 2450 439 2505 diuturnos
462 2459 516 2504 ct
543 2452 771 2505 acerbos
795 2445 1029 2500 dolores.
1059 2445 1165 2501 Sed
1196 2460 1333 2499 unus
1361 2446 1502 2501 inter
1530 2444 1671 2500 ntul-

74 2550 155 2595 tos
200 2542 360 2595 sinus
401 2541 657 2595 fefellerat
705 2536 965 2603 medicos,
1014 2547 1171 2609 atque
1217 2539 1288 2593 ita
1335 2538 1577 2604 latuerat,
1610 2545 1670 2592 ut

70 2648 193 2686 cum
242 2648 357 2686 non
391 2641 684 2701 tangerent,
732 2644 889 2701 quem
935 2631 1075 2683 ferro
1104 2630 1311 2697 aperire
1353 2630 1667 2684 debuerant.

75 2723 324 2793 Denique
372 2722 574 2777 sanatis
602 2725 854 2777 omnibus
881 2736 1000 2789 quae
1039 2730 1226 2789 aperta
1256 2720 1542 2783 curabant,
1570 2720 1671 2776 iste

70 2822 413 2869 remanserat
455 2812 618 2876 solus,
666 2813 751 2866 cui
804 2809 997 2865 frustra
1060 2809 1460 2878 impendebatur
1498 2808 1668 2863 labor.

68 2908 216 2975 Quas
263 2921 453 2960 moras
500 2906 587 2959 ille
632 2911 910 2974 suspectas
949 2902 1170 2968 habens,
1203 2902 1533 2971 multumque
1563 2900 1671 2955 for-

66 3001 284 3055 midans
339 3013 409 3053 ne
454 2999 646 3053 iterum
696 3004 1004 3059 secaretur,
1052 2994 1192 3062 quod
1249 2994 1299 3049 ei
1355 2995 1672 3064 praedixerat

66 3095 205 3148 alius
236 3092 484 3147 medicus
506 3090 832 3145 domesticus
858 3087 998 3157 ejus,
1026 3103 1182 3155 quem
1210 3102 1313 3141 non
1345 3086 1672 3140 admiserant

66 3187 164 3246 illi.
200 3195 261 3241 ut
303 3185 501 3240 saltem
530 3184 755 3245 videret,
784 3196 906 3236 cum
941 3180 1167 3249 primum
1194 3190 1371 3234 sectus
1399 3187 1504 3245 est,
1536 3193 1671 3246 quo-

66 3278 235 3331 modo
276 3276 336 3331 id
384 3275 636 3337 facerent,
682 3275 953 3342 iratusque
997 3271 1142 3324 illum
1173 3270 1334 3324 domo
1357 3270 1626 3338 abjecerat
1651 3309 1669 3335 ,

66 3372 272 3440 vixque
321 3377 615 3437 receperat,
648 3366 842 3435 erupit,
883 3373 1046 3434 atque
1074 3367 1188 3417 ait:
1218 3361 1412 3416 lterum
1459 3376 1546 3416 me
1581 3376 1673 3415 se-

66 3464 211 3515 eturi
246 3459 428 3515 estis?
454 3460 532 3513 Ad
581 3458 740 3524 illius,
774 3472 928 3524 «piem
981 3454 1229 3508 noluistis
1275 3468 1393 3507 esse
1432 3468 1672 3522 perseu-

68 3565 215 3617 tem,
271 3553 438 3607 verba
482 3558 739 3606 venturus
789 3548 951 3603 sum?
1005 3546 1230 3601 lrridere
1282 3545 1355 3599 illi
1408 3544 1673 3599 medicum

64 3643 415 3714 imperitum,
446 3649 752 3711 metumque
778 3638 1009 3692 hominis
1036 3636 1190 3691 bonis
1230 3635 1410 3690 verbis
1441 3634 1674 3704 promis-

62 3733 434 3799 sionibusqne
464 3731 648 3784 lenire.
679 3729 1056 3784 Praeterierunt
1093 3738 1146 3782 et
1175 3726 1262 3781 alii
1293 3726 1409 3780 dies
1436 3725 1673 3796 plurimi,

59 3826 333 3894 nihilque
354 3822 668 3891 proficiebat
693 3836 853 3876 omne
879 3821 1018 3891 quod
1052 3820 1231 3875 fiebat.
1264 3820 1449 3874 Medici
1496 3828 1674 3874 tamen

56 3917 117 3971 in
148 3930 254 3968 sua
291 3912 676 3980 pollicitatione
705 3912 1078 3979 persistehant,
1109 3925 1213 3964 non
1240 3924 1299 3965 se
1326 3911 1474 3965 illum
1498 3913 1675 3965 sinum

56 4008 242 4065 ferro.
280 4002 383 4056 sed
412 4000 810 4055 medicamentis
835 4016 957 4056 esse
982 4002 1275 4055 clausnros.
1307 4000 1681 4055 Adhibuerunt

56 4109 119 4155 et
148 4097 335 4152 alium
385 4093 722 4163 grandzevum
748 4093 859 4161 jam
903 4092 1188 4155 medicum,
1231 4092 1469 4162 satisque
1512 4093 1564 4145 in
1593 4093 1678 4146 illa

56 4201 187 4246 arte
217 4185 507 4242 laudatum
548 4183 744 4254 (adhuc
786 4184 927 4237 enim
968 4180 1198 4253 vivebat)
1245 4182 1581 4236 Ammonium
1611 4183 1633 4214 ¹
1662 4224 1678 4247 ,

58 4284 157 4352 qui
191 4282 328 4334 loco
370 4279 628 4347 inspecto,
663 4277 800 4331 idem
833 4275 1076 4344 quod‘illi
1103 4291 1169 4331 ex
1194 4290 1381 4330 eorum
1412 4274 1681 4344 diligentia

59 4373 393 4443 peritiaque
421 4368 680 4437 promisit.
713 4367 878 4436 Cujus
923 4367 1011 4421 ille
1038 4366 1208 4421 factus
1252 4365 1565 4420 auctoritate
1593 4382 1682 4418 se-

61 4480 268 4528 curus,
301 4462 599 4517 domestico
625 4476 724 4517 suo
771 4460 995 4522 medico,
1025 4460 1115 4530 qui
1157 4461 1382 4513 futuram
1428 4458 1688 4527 prmdixe-

62 4573 153 4618 rat
183 4558 364 4614 aliam
383 4557 673 4610 sectionem
694 4555 857 4609 faceta
882 4554 1165 4619 hilaritate,
1186 4553 1329 4607 velut
1348 4553 1455 4620 jam
1483 4552 1682 4617 salvus,

65 4652 275 4709 illusit.
313 4646 453 4712 Quid
482 4648 630 4716 plura
650 4648 675 4699 'l
701 4647 803 4700 Tot
830 4646 944 4700 dies
972 4655 1154 4715 postea
1182 4644 1409 4699 inaniter
1427 4659 1683 4698 consum-

65 4746 145 4817 pti
178 4740 549 4802 transierunt,
581 4748 637 4793 ιιι
663 4739 788 4794 fessi
814 4749 972 4808 atque
998 4738 1201 4791 confusi
1236 4736 1530 4791 faterentur
1560 4751 1682 4789 eum

64 4838 176 4892 nisi
202 4832 530 4889 ferronullo
554 4830 713 4885 modo
744 4845 900 4899 posse
929 4829 1128 4883 sanari.
1155 4827 1400 4896 Expavit,
1429 4827 1690 4895 expalluit

63 4927 251 4982 nimio
286 4924 486 4977 timore
514 4922 754 4975 turbatus
783 4938 796 4975 :
825 4928 984 4989 atque
1013 4920 1099 4973 ubi
1129 4935 1187 4972 se
1216 4918 1450 4987 Collegit,
1483 4916 1688 4986 farique

63 5019 282 5088 potuit,
315 5014 470 5067 abire
499 5013 616 5066 illos
636 5011 816 5083 jussit,
848 5020 903 5065 et
939 5010 1004 5064 ad
1036 5025 1095 5064 se
1122 5009 1350 5077 amplius
1388 5024 1493 5061 non
1534 5022 1690 5060 acce-

59 5111 235 5171 dere,
274 5118 384 5159 nec
408 5103 549 5157 aliud
589 5103 821 5158 occurrit
847 5102 1063 5172 fatigato
1090 5100 1338 5172 lacrymis
1375 5108 1429 5153 et
1456 5098 1543 5151 illa
1578 5097 1689 5167 jam

134 5224 153 5253 ί
195 5216 356 5271 Editi,
381 5213 650 5288 (iurabatur
681 5212 946 5288 u‘ntedicis
980 5219 1177 5288 propter
1220 5210 1527 5288 ﬂatiliqsaet
1550 5210 1691 5288 intra,

55 5284 186 5347 jam
217 5284 489 5347 secuerunt
519 5290 646 5347 eum.
684 5284 743 5347 At_
759 5276 1067 5347 nuscripti
1098 5276 1274 5325 omnes
1292 5276 1559 5347 omittunt,_
1578 5285 1693 5333 pro-

59 5332 181 5409 ῖιζει·
203 5356 221 5397 .'
253 5346 315 5389 et
344 5352 407 5386 ex
436 5339 493 5387 iis
513 5340 706 5402 quidam
730 5340 927 5397 habent,
945 5332 1056 5400 ja'm
1078 5342 1326 5388 secuerunt
1349 5335 1425 5396 ei;
1448 5334 1525 5382 alii
1546 5332 1693 5396 longe

88 5407 281 5459 .lttres,
314 5413 448 5449 eum.

64 5423 281 5513 1⁸.ιέΐὲΒῖ
285 5423 674 5525 ιίηῗείιιηοηὶιιηι
688 5460 815 5525 dico,
828 5461 929 5525 qui,
948 5469 1044 5525 etc.
1062 5468 1115 5511 At
1127 5468 1227 5525 uss.
1249 5472 1344 5507 non
1357 5459 1533 5525 hahth
1544 5454 1691 5525 ,dicp.

134 5529 221 5591 (a)
247 5524 399 5571 conf.
429 5523 511 5571 lib.
530 5524 580 5583 9,
600 5518 958 5591 Confessimp.
984 5524 1104 5591 7_._An_.
1134 5523 1225 5582 l6;
1249 5528 1401 5569 Serm.
1425 5519 1535 5579 518,
1556 5532 1605 5566 ιι.
1636 5518 1653 5566 1
1678 5531 1692 5578 ;

64 5582 160 5640 lib.
192 5582 212 5637 ἱ
250 5592 616 5647 ttetract.,cap.
648 5586 719 5643 ιδ,
743 5600 793 5634 ιι.
830 5587 879 5645 7,
905 5582 957 5634 et
976 5582 1110 5647 alibi.

136 5639 221 5714 (υ)
258 5639 1099 5714 Alypius,_s.'_augustlni:amicus,
1113 5650 1333 5714 ‘Tagaste
1357 5640 1606 5714 (gi-jundus,
1630 5639 1697 5689 de

65 5702 181 5775 qui)
200 5702 268 5761 'in
291 5702 812 5775 (indessionilnts'tlih.
846 5707 895 5765 ϐ,
918 5721 1057 5769 capp.
1081 5702 1139 5758 i0
1185 5702 1236 5757 ιΞι
1264 5705 1345 5767 i3;
1372 5702 1456 5754 lib.
1496 5704 1545 5764 8,
1584 5716 1690 5765 cap.

67 5770 158 5837 f2,
188 5783 251 5825 et
272 5770 460 5835 passim
483 5772 529 5819 iu
543 5770 775 5833 Epistolis.
804 5776 1035 5819 usuusu.

1189 331 1388 389 LIBER
1429 333 1795 395 VICESIMUS
1828 340 2210 403 SECUNDUS.

1761 453 2078 511 necessitate
2103 458 2411 527 constricto,
2437 460 2539 518 nisi
2557 472 2613 518 ut
2627 464 2903 521 adhiberet
2923 468 3343 530 Alexandrinum

1759 546 2064 614 quemdam,
2094 550 2185 619 qui
2231 560 2359 607 tunc
2393 553 2673 627 chirurgus
2702 560 2959 614 mirabilis
3009 561 3301 619 habebatur
3322 605 3342 630 ,

1761 644 1817 689 ut
1846 636 1957 706 ipse
2001 637 2199 695 faceret
2225 644 2365 713 quod
2393 645 2463 700 ab
2490 646 2595 702 illis
2624 648 2739 704 fieri
2783 651 2996 728 nolebat
3026 655 3207 709 iratus.
3239 657 3344 711 Sed

1761 738 2120 799 posteaquam
2149 733 2294 788 venit
2340 735 2455 801 ille,
2488 737 2829 807 laboremque
2859 742 3064 796 illorum
3097 744 3148 797 in
3195 745 3340 800 cica-

1762 818 1983 874 tricibus
2010 821 2145 876 sicut
2172 823 2360 879 artifex
2403 826 2552 890 vidit,
2594 828 2716 882 boni
2746 830 2843 884 viri
2890 830 3097 886 functus
3126 832 3305 888 oflicio
3326 874 3344 897 ,

1763 911 2024 979 persuasit
2053 911 2254 968 homini
2284 923 2341 970 ut
2366 915 2437 970 illi
2467 917 2640 986 potius
2665 918 2754 988 qui
2783 919 2834 974 in
2859 936 2925 974 eo
2962 930 3162 976 tantum
3191 923 3347 978 labo-

1763 1011 2028 1067 raverant,
2051 1015 2305 1073 quantum
2332 1006 2445 1075 ipse
2468 1009 2754 1078 inspiciens
2780 1011 3089 1071 mirabatur.
3116 1016 3347 1068 curatio-

1764 1093 1847 1148 nis
1876 1108 1987 1149 suze
2030 1096 2135 1151 fine
2178 1096 2503 1165 fruerentur,
2533 1100 2788 1170 adjiciens
2827 1104 2969 1173 quod
3014 1119 3199 1159 revera
3245 1105 3345 1161 nisi

1764 1195 1941 1241 sectus
1984 1198 2146 1253 esset,
2176 1191 2353 1246 salvus
2394 1206 2515 1249 esse
2557 1209 2662 1249 non
2691 1206 2901 1264 posset;
2934 1198 3027 1252 sed
3054 1198 3207 1253 valde
3248 1199 3348 1253 ab-

1767 1276 1986 1334 horrere
2012 1293 2043 1333 a
2072 1280 2182 1335 suis
2210 1281 2468 1347 moribus,
2498 1295 2555 1338 nt
2582 1284 2884 1341 hominibus
2927 1304 3151 1356 quorum
3182 1290 3353 1343 artili-
3449 1308 3453 1312 λ

1765 1367 2112 1423 ciosissimam
2129 1385 2368 1440 operam,
2389 1373 2723 1441 industriam,
2739 1376 3062 1448 diligentiam
3079 1379 3350 1435 admirans

1769 1457 1823 1511 in
1869 1458 2205 1516 cicatricibus
2242 1462 2357 1532 ejus
2388 1464 2610 1530 videret,
2655 1476 2869 1536 propter
2915 1468 3160 1536 exiguum
3208 1469 3351 1539 quod

1770 1551 2062 1617 remansit,
2112 1552 2343 1622 palmam
2393 1557 2523 1608 tanti
2594 1556 2792 1611 laboris
2829 1556 3087 1612 auferret.
3138 1557 3351 1616 Redditi

1769 1650 1893 1696 sunt
1927 1643 2105 1696 animo
2131 1644 2249 1712 ejus
2275 1684 2290 1708 ,
2340 1654 2393 1699 et
2424 1644 2623 1714 placuit
2672 1655 2730 1700 ut
2766 1647 2953 1701 eodem
2993 1649 3355 1703 Alexandrino

1769 1735 2051 1789 assistente
2082 1736 2181 1806 ipsi
2220 1735 2394 1790 sinum
2440 1737 2585 1791 illum
2629 1735 2791 1801 ferro,
2823 1739 2910 1806 qui
2935 1737 3044 1807 jam
3088 1753 3353 1794 consensu

1770 1825 2007 1879 omnium
2038 1826 2193 1880 aliter
2236 1826 2545 1881 insanabilis
2576 1827 2872 1896 putabatur,
2900 1830 3192 1896 aperirent.
3223 1830 3355 1896 Quae

1770 1933 1858 1975 res
1881 1918 2039 1973 dilata
2068 1927 2153 1974 est
2189 1920 2241 1974 in
2264 1928 2679 1989 consequentem
2708 1920 2869 1974 diem.
2903 1920 3007 1974 Sed
3048 1936 3168 1975 cum
3192 1921 3356 1977 abiis-

1770 2020 1894 2067 sent
1918 2010 2011 2076 illi,
2040 2027 2104 2065 ex
2130 2025 2359 2067 maerore
2384 2010 2549 2065 nitnio
2576 2012 2776 2065 domini
2806 2010 2981 2067 tantus
3006 2021 3089 2065 est
3113 2012 3165 2065 in
3194 2012 3357 2066 domo

1775 2103 1865 2159 illa
1895 2113 2114 2157 exortus
2142 2102 2316 2169 dolor,
2350 2111 2411 2157 ut
2462 2112 2710 2173 tanquam
2762 2102 2962 2157 funeris
2988 2104 3230 2172 planctus
3266 2103 3355 2157 vix

1772 2195 2215 2267 comprimeretur
2233 2209 2263 2249 a
2281 2194 2457 2248 nobis.
2478 2193 2777 2248 Visitabant
2796 2209 2916 2247 eum
2936 2194 3170 2263 quotidie
3186 2194 3355 2248 sancti

1772 2285 1894 2352 viri,
1935 2286 2218 2356 episcopus
2261 2293 2388 2339 tunc
2430 2282 2705 2339 Uzaicnsis
2744 2283 2843 2351 (a),
2889 2282 3059 2338 beata:
3085 2282 3359 2337 memoria:

1773 2376 2115 2442 Saturninus,
2160 2383 2216 2431 et
2261 2374 2539 2447 presbyter
2566 2374 2793 2430 Gelosus
2818 2375 2861 2441 ¹,
2893 2390 2955 2429 ac
2985 2374 3193 2429 diaconi
3224 2372 3359 2428 Car-

1775 2467 2102 2538 thagineusis
2144 2466 2399 2522 Ecclesize
2431 2484 2445 2522 :
2473 2466 2524 2521 in
2568 2466 2760 2537 quibus
2799 2472 2935 2530 erat,
2979 2475 3031 2519 et
3059 2480 3127 2521 ex
3166 2465 3361 2535 quibus

1774 2559 1919 2613 solus
1945 2566 2029 2614 est
2051 2573 2194 2613 nunc
2230 2559 2282 2612 in
2312 2558 2473 2613 rebus
2498 2556 2764 2617 immanis.
2798 2556 2902 2626 jam
2928 2556 3209 2625 episc0pus
3237 2569 3361 2610 cum

1777 2651 1980 2707 honore
2019 2666 2047 2704 a
2080 2652 2233 2705 nobis
2278 2650 2457 2706 debito
2503 2650 2858 2705 nominandus
2903 2649 3187 2716 Aurelius,
3232 2663 3354 2705 cum

1772 2761 1881 2816 quo
1901 2746 2243 2800 recordantes
2267 2744 2527 2798 mirabilia
2550 2759 2709 2813 opera
2742 2743 2831 2797 Dei
2855 2743 2900 2809 ’,
2921 2740 2989 2796 de
3016 2742 3113 2795 hac
3137 2755 3196 2796 re
3217 2755 3364 2811 szepe

1775 2839 2026 2895 collocuti
2085 2853 2311 2901 sumus,
2358 2852 2588 2906 cumque
2634 2834 2788 2889 valde
2834 2833 3176 2899 meminisse,
3223 2831 3365 2903 quod

1776 2946 2297 2996 commemoramus,
2345 2930 2664 2983 invenimus.
2713 2927 2812 2995 Qui
2858 2942 2977 2979 cum
3023 2941 3181 2989 eum,
3225 2926 3369 2978 sicut

1779 3024 2040 3089 solebant,
2071 3037 2295 3092 vespere
2339 3022 2633 3086 visitarent,
2663 3020 2872 3089 rogavit
2907 3033 3001 3073 eos
3043 3017 3367 3072 miserabili-

1777 3116 1876 3171 bus
1926 3115 2193 3186 lacrymis,
2226 3123 2281 3166 ut
2321 3127 2477 3166 mane
2519 3111 2866 3182 dignarentur
2912 3125 3031 3164 esse
3077 3117 3368 3179 prmsentes

1776 3222 1874 3263 suo
1901 3206 2068 3261 funeri
2095 3205 2272 3276 potius
2299 3220 2456 3276 quam
2481 3202 2673 3258 dolori.
2706 3203 2907 3257 Tantus
2932 3202 3073 3256 enim
3104 3217 3225 3257 eum
3253 3217 3370 3256 me-

1777 3308 1864 3354 tus
1893 3314 1957 3353 ex
1988 3297 2251 3367 prioribus
2282 3297 2547 3349 invaserat
2574 3294 2767 3365 paruis,
2800 3304 2855 3347 ut
2882 3293 3099 3348 seinter
3127 3291 3366 3348 medico-

1779 3408 1894 3447 rum
1929 3406 2116 3444 manus
2142 3405 2247 3443 non
2278 3388 2546 3441 dubitaret
2572 3402 2692 3441 esse
2723 3386 3062 3441 moriturum.
3093 3383 3369 3440 Consolati

1778 3492 1902 3538 sunt
1941 3498 2062 3537 eum
2110 3480 2205 3546 illi,
2236 3490 2289 3534 et
2321 3482 2510 3533 hortati
2550 3488 2609 3533 ut
2650 3479 2706 3533 in
2734 3479 2843 3532 ilco
2887 3477 3095 3541 fideret,
3145 3475 3370 3545 ejusque

1779 3574 2110 3627 voluntatem
2131 3570 2354 3625 viriliter
2374 3569 2553 3625 ferret.
2584 3568 2710 3624 Inde
2730 3568 2795 3622 ad
2827 3569 3119 3622 orationem
3146 3565 3372 3637 ingressi

1780 3680 1966 3721 sumus
2002 3683 2015 3718 :
2050 3663 2137 3718 ubi
2187 3661 2340 3717 nobis
2382 3677 2448 3717 ex
2490 3677 2639 3716 more
2675 3675 2845 3730 genua
2879 3660 3182 3730 figentibus,
3211 3667 3373 3728 atque

1784 3755 2211 3814 incumbentibus
2255 3764 2430 3815 terrm,
2476 3752 2565 3807 ille
2615 3766 2674 3807 se
2719 3751 2789 3805 ita
2837 3748 3079 3821 projecit,
3123 3758 3373 3816 tanquam

1784 3849 1974 3905 fuisset
1997 3849 2174 3919 aliquo
2196 3847 2427 3918 graviter
2452 3843 2760 3913 impellente
2790 3850 3108 3910 prostratus,
3132 3848 3187 3894 et
3212 3837 3377 3906 erepit

1783 3957 1939 3995 orare
1958 3937 2385 4009 :quibusmodis,
2404 3952 2509 4005 quo
2532 3934 2745 3995 affectu,
2765 3949 2871 4002 quo
2894 3940 3038 3984 motu
3064 3929 3245 3989 animi,
3270 3942 3377 3997 quo

1786 4031 1948 4086 ﬂuvio
1975 4031 2349 4100 Iacrytnarum,
2369 4025 2558 4095 quibus
2576 4024 2862 4095 gemitibus
2883 4032 3040 4091 atque.
3058 4019 3376 4089 singultibus

1785 4121 2204 4178 succutienlibus
2245 4120 2420 4171 omnia
2450 4118 2687 4171 membra
2718 4116 2834 4184 ejus
2861 4125 2915 4169 et
2952 4129 3085 4183 pene
3114 4112 3369 4166 interelu-

1788 4213 2037 4269 dentibus
2066 4213 2308 4280 Spll’iillm
2331 4251 2344 4273 ,
2374 4210 2491 4278 quis
2537 4209 2652 4262 ullis
2682 4207 2913 4278 explicet
2943 4203 3160 4257 verbis?
3190 4202 3378 4257 Utrum

1789 4290 2005 4358 orarent
2040 4303 2151 4366 alii,
2181 4317 2277 4355 nec
2307 4301 2361 4353 in
2399 4299 2513 4353 hmo
2540 4314 2724 4351 eorum
2765 4305 3096 4350 averteretur
3134 4292 3379 4358 intentio,

1791 4393 2112 4449 nesciebam.
2132 4393 2243 4462 Ego
2264 4400 2439 4445 tamen
2455 4404 2671 4460 prorsus
2691 4403 2846 4441 orare
2863 4402 2968 4439 non
2988 4395 3224 4453 poteram
3246 4400 3259 4436 :
3281 4382 3383 4435 hoc

1793 4483 2163 4540 tantummodo
2209 4482 2441 4537 breviter
2485 4481 2535 4533 in
2564 4479 2728 4534 corde
2772 4492 2892 4532 meo
2936 4476 3067 4542 dixi,
3111 4474 3334 4529 Domine
3364 4514 3381 4540 ,

1793 4592 1925 4648 quas
1969 4584 2177 4630 tuorum
2220 4588 2404 4643 preCes
2448 4571 2689 4634 exaudis,
2736 4569 2780 4624 si
2826 4568 2923 4622 has
2963 4586 3065 4621 non
3115 4565 3379 4621 exaudis?

1793 4667 1932 4723 Nihil
1977 4667 2118 4721 enim
2169 4664 2298 4719 mihi
2339 4662 2615 4716 videbatur
2660 4660 2780 4713 addi
2818 4660 2926 4726 jam
2976 4673 3165 4726 poSse,
3198 4656 3296 4710 nisi
3330 4664 3388 4708 ut

1795 4758 2093 4828 exspiraret
2120 4755 2340 4811 orando.
2373 4753 2734 4817 Surreximus,
2784 4760 2839 4803 et
2884 4757 3102 4817 accepta
3149 4748 3217 4801 ab
3258 4746 3387 4815 Epi-

1796 4867 1961 4921 scopo
1988 4849 2356 4905 benedictione
2380 4846 2758 4907 discessimus;
2787 4850 3007 4911 rogante
3029 4840 3119 4893 illo
3142 4849 3197 4892 ut
3223 4854 3380 4893 mane

1796 4943 2063 5007 adessent,
2094 4941 2199 4995 illis
2226 4948 2284 4993 ut
2311 4954 2465 5007 aequo
2491 4938 2669 4991 animo
2694 4944 2838 4990 esset
2877 4933 3231 4987 hortantibus.
3265 4931 3392 4985 Illu-

1802 5036 1878 5086 xit
1908 5033 2024 5087 dies
2067 5032 2156 5100 qui
2187 5029 2540 5092 metuebatur,
2587 5028 2806 5080 aderant
2835 5025 2974 5079 servi
3007 5026 3119 5086 Dei,
3149 5024 3285 5077 sicut
3327 5037 3387 5075 se

1798 5125 2072 5179 adfuturos
2111 5138 2231 5178 esse
2276 5122 2630 5193 promiserant
2662 5136 2674 5171 :
2710 5118 2931 5189 ingrcssi
2981 5127 3106 5170 sunt
3145 5115 3334 5169 medici
3368 5152 3390 5178 ,

1801 5226 2056 5288 parantur
2099 5215 2279 5268 omnia
2325 5229 2445 5283 qna:
2486 5212 2613 5265 hora
2663 5211 2747 5264 illa
2792 5209 3080 5279 poscebat,
3114 5203 3390 5259 tremenda

1801 5312 2120 5369 ferramenta
2151 5305 2513 5377 proferuntur,
2540 5304 2777 5358 attonitis
2802 5298 3183 5370 suspensisque
3210 5296 3391 5349 muni-

1801 5406 1917 5459 bus.
1940 5402 2042 5456 Εἰς
2082 5410 2260 5454 autem
2289 5413 2515 5469 quorum
2557 5402 2674 5449 erat
2702 5392 2873 5461 major
2899 5390 3209 5453 auctoritas,
3238 5384 3393 5440 defe-

1802 5507 1943 5553 ctum
1986 5493 2146 5549 animi
2176 5492 2294 5561 ejus
2338 5485 2666 5545 consolando
2694 5484 3044 5555 erigentibus,
3088 5480 3157 5537 ad
3203 5492 3395 5535 manus

1867 5635 1885 5666 ι
1922 5632 2143 5695 Pleriquc
2164 5634 2293 5685 Mss,
2316 5623 2531 5695 Gulosus:

1866 5698 1887 5728 ι
1921 5684 2148 5755 rlerique
2164 5698 2292 5755 3135..
2313 5684 2554 5741 parabilia
2575 5697 2776 5751 operum
2802 5684 2906 5735 Det.
3112 5706 3115 5707 ν
3376 5708 3393 5721 α

1867 5757 1942 5822 (τι)
1970 5751 2107 5816 Intra,
2133 5768 2163 5804 ιι
2206 5751 2283 5801 21.
3370 5761 3401 5793 ο
