3960 6484
599 336 706 393 763

595 449 792 508 recturi
822 448 1057 504 membra
1100 447 1153 504 in
1196 446 1392 504 lectulo
1428 452 1837 516 componuntur,
1884 442 2162 499 solvuntur

596 540 720 595 nudi
750 541 1175 610 ligamentorum,
1205 538 1437 592 nudatur
1465 536 1634 604 locus,
1661 535 1873 605 inspicit
1900 532 2159 596 medicus,

593 640 649 686 et
671 630 955 687 secandum
982 630 1128 683 illum
1154 630 1328 683 sinum
1369 637 1604 681 armatus
1628 636 1786 695 atque
1823 625 2055 679 intentus
2078 621 2160 675 in-

592 721 774 790 quirit.
801 719 1077 776 Scrutatur
1104 718 1293 781 oculis,
1325 717 1605 787 digitisque
1633 722 1963 779 contrectat;
1997 720 2163 767 tentat

593 810 823 880 denique
863 808 1032 863 modis
1060 808 1305 863 omnibus
1334 823 1348 860 :
1381 807 1580 860 invenit
1621 805 1975 861 firmissimam
2016 803 2159 857 cica-

593 900 798 964 triCem.
827 899 945 955 Jam
972 899 1057 953 illa
1082 898 1260 952 laetitia
1300 907 1355 953 et
1382 897 1497 952 laus
1519 906 1677 968 atque
1700 897 1985 968 gratiarum
2021 894 2160 950 actio

589 991 917 1049 misericordi
960 1000 1015 1046 et
1059 989 1402 1059 omnipotenti
1452 990 1580 1052 Deo,
1631 1004 1749 1058 quae
1785 987 1900 1042 fusa
1944 994 2028 1043 est
2065 1001 2161 1041 ore

589 1082 825 1137 omnium
851 1083 1262 1153 lacrymantibus
1285 1080 1510 1151 gaudiis,
1542 1096 1648 1134 non
1674 1088 1758 1134 est
1780 1077 2158 1133 committenda

588 1173 724 1237 meis
747 1173 923 1228 verbis
950 1190 965 1227 :
996 1174 1257 1241 cogitetur
1284 1172 1476 1241 potius,
1502 1186 1659 1241 quam
1686 1170 1909 1225 dicatur.

618 1324 625 1327 _
657 1267 712 1320 3.
752 1264 809 1321 In
843 1265 1027 1321 eadem
1051 1264 1367 1335 Carthagine
1396 1263 1730 1327 lnnocentia,
1760 1259 2156 1331 religiosissima

586 1356 806 1425 femina,
826 1356 894 1412 de
915 1357 1176 1427 primariis
1207 1356 1372 1427 ipsius
1397 1354 1645 1415 civitatis.
1687 1353 1741 1408 in
1770 1350 1999 1409 mamilla
2026 1366 2156 1406 can-

585 1462 733 1511 crum
755 1447 978 1504 habebat
1005 1464 1019 1501 :
1040 1462 1175 1512 rem,
1200 1447 1338 1503 sicut
1362 1445 1550 1501 medici
1569 1444 1769 1507 dicunt,
1810 1442 1965 1497 nullis
1986 1441 2155 1497 medi-

583 1539 841 1605 camentis
862 1539 1150 1595 sanabilem
1180 1537 1275 1612 (a).
1305 1539 1408 1593 Aut
1440 1551 1566 1608 ergo
1591 1534 1807 1606 praecidi
1841 1535 2009 1601 solet,
2037 1543 2090 1589 et
2122 1549 2154 1588 a

583 1642 808 1698 ωψσε-ο
834 1628 1065 1698 separari
1086 1628 1378 1684 membrum
1415 1626 1506 1681 ubi
1548 1626 1810 1691 nascitur;
1838 1633 1947 1689 aut,
1976 1632 2033 1678 ut
2059 1624 2157 1678 ali-

581 1728 779 1789 quanto
799 1719 956 1774 homo
984 1719 1180 1775 diutius
1208 1719 1366 1781 vivat.
1389 1728 1565 1773 tamen
1590 1717 1712 1772 inde
1735 1727 1908 1772 morte
1928 1715 2155 1787 quamli-

581 1811 671 1867 bet
702 1810 902 1867 tardius
931 1810 1198 1875 adfutura.
1239 1811 1528 1867 secundum
1554 1808 1925 1879 Hippocratis,
1967 1816 2025 1862 ut
2079 1807 2156 1863 fe-

580 1910 721 1969 runt,
753 1902 1067 1958 sententiam
1096 1902 1113 1934 ί
1146 1901 1461 1972 (Aphorism.
1490 1909 1616 1956 sect.
1640 1900 1695 1966 6,
1725 1900 1849 1968 aph.
1867 1896 1959 1968 58)
1980 1897 2153 1952 omnis

578 2002 663 2048 est
712 1992 1003 2049 omittenda
1034 1993 1257 2047 curatio.
1290 1991 1401 2046 Hoc
1439 1991 1528 2046 illa
1573 2005 1604 2045 a
1632 1990 1804 2059 perito
1841 1988 2048 2043 medico
2098 1995 2154 2043 et

576 2098 690 2137 sua:
733 2082 911 2138 domui
962 2081 1370 2137 familiarissimo
1418 2088 1718 2149 acceperat,
1764 2087 1819 2134 et
1856 2077 1924 2133 ad
1978 2077 2150 2132 solum

579 2172 747 2228 Deum
768 2186 827 2227 se
855 2171 1059 2227 orando
1086 2178 1439 2227 converterat.
1471 2169 1800 2224 Admonetur
1848 2167 1901 2222 in
1949 2166 2151 2222 somnis

576 2252 1029 2333 appropinquante
1058 2260 1278 2326 Pascha,
1307 2270 1364 2315 ut
1384 2261 1435 2315 in
1466 2270 1615 2330 parte
1641 2259 1951 2314 feminarum
1968 2256 2152 2315 obser-

576 2355 719 2407 vanti
759 2353 823 2407 ad
868 2352 1361 2421 baptisterium(b),
1390 2365 1740 2421 quaecumque
1780 2347 1855 2403 illi
1888 2347 2148 2414 baptizata

576 2444 822 2513 primitus
846 2443 1181 2507 occurrisset,
1201 2442 1433 2513 signaret
1456 2441 1506 2496 ei
1522 2440 1696 2495 locum
1713 2440 1862 2509 signo
1886 2438 2080 2492 Christi
2096 2438 2146 2491 ἐ

573 2533 731 2599 fecit,
758 2543 813 2588 et
854 2533 1134 2589 confestim
1185 2533 1383 2587 sanitas
1421 2539 1703 2586 consecuta
1739 2538 1839 2584 est.
1914 2526 2146 2583 Medicus

572 2638 704 2679 sane
739 2624 827 2694 qui
858 2625 906 2678 ei
954 2624 1181 2691 dixerat,
1214 2633 1269 2677 ut
1297 2622 1424 2677 nihil
1456 2621 1745 2676 curationis
1780 2619 2072 2683 adhiberet,
2102 2618 2149 2685 si

571 2713 728 2781 paulo
754 2713 950 2767 diutius
970 2712 1127 2767 vellet
1151 2712 1349 2774 vivere,
1391 2725 1511 2765 cum
1544 2709 1860 2778 inspexisset
1896 2724 2010 2763 eam
2049 2723 2145 2776 po-

570 2810 708 2866 stea,
732 2811 784 2857 et
809 2802 1138 2856 sanissimam
1166 2801 1511 2871 comperisset
1528 2842 1541 2864 ,
1564 2816 1721 2871 quam
1762 2799 1910 2872 prius
1950 2800 2147 2854 habere

570 2893 698 2948 illud
726 2894 920 2948 malum
942 2894 1032 2949 tali
1062 2895 1387 2964 inmectione
1411 2902 1732 2965 cognoverat
1758 2933 1773 2959 ,
1798 2892 2043 2959 qumsivit
2078 2892 2145 2947 ab

572 2999 633 3037 ea
686 2985 1028 3040 vehementer
1070 2986 1194 3055 quid
1249 2984 1661 3049 adhibuisset’;
1694 2983 1932 3051 cupiens.
1973 2998 2144 3051 quan-

572 3082 682 3127 tum
707 3075 926 3143 intelligi
953 3075 1127 3138 datur,
1162 3091 1317 3130 nosse
1342 3074 1804 3139 medicamentum,
1822 3089 1927 3142 quo
1950 3072 2146 3140 Hippo-

568 3166 726 3218 cmtis
754 3165 989 3229 definitio
1009 3167 1323 3221 vinceretur.
1355 3166 1592 3236 Cumque
1614 3165 1681 3219 ab
1710 3180 1771 3219 ea
1795 3163 1919 3234 quid
1947 3163 2142 3219 factum

566 3264 708 3309 esset
736 3256 1004 3324 audisset,
1028 3271 1159 3312 voce
1196 3257 1339 3311 velut
1374 3256 1761 3313 contemnentis
1783 3265 1837 3311 et
1862 3256 2042 3321 vultu,
2072 3256 2141 3309 ita

570 3355 624 3398 ut
674 3346 761 3400 illa
811 3357 1070 3402 metueret
1104 3364 1169 3402 ne
1205 3347 1414 3418 aliquod
1463 3348 1900 3402 contumeliosum
1923 3346 2142 3401 verbum

568 3438 828 3506 proferret
860 3441 909 3494 in
951 3439 1242 3503 Christum,
1290 3439 1535 3510 religiosa
1580 3438 1876 3494 urbanitate
1917 3454 2141 3507 respon—

565 3530 707 3586 disse
755 3531 917 3587 fertur
949 3532 1261 3597 :Putabam,
1317 3532 1505 3601 inquit,
1554 3547 1799 3601 maguum
1850 3529 2045 3598 aliquid
2092 3540 2142 3584 te

566 3620 694 3674 mihi
735 3620 891 3675 fuisse
922 3622 1202 3677 dicturam.
1227 3624 1397 3691 Atque
1439 3622 1525 3675 illa
1554 3620 1661 3689 jam
1699 3620 2135 3685 exhorresecutc,

568 3726 688 3764 mox
718 3710 917 3765 addidit
946 3730 959 3765 :
991 3712 1123 3779 Quid
1149 3713 1347 3781 grande
1379 3713 1494 3767 fecit
1521 3712 1763 3766 Christus
1793 3727 1981 3766 sanare
2009 3727 2140 3766 can-

564 3804 828 3870 erum,qui
848 3803 1254 3871 quatriduanum
1270 3814 1533 3858 mortuum
1554 3803 1826 3858 suscitavit
1842 3803 2017 3873 (Ῑοαη.
2039 3807 2140 3875 xu)?

564 3890 676 3943 lloc
702 3906 800 3959 ego
827 3908 946 3945 cum
976 3892 1241 3947 audissem
1259 3935 1272 3959 ,
1297 3904 1349 3947 et
1372 3893 1715 3947 vehementer
1743 3893 2134 3960 stomacharer,

565 3980 617 4033 in
650 3980 735 4034 illa
764 3980 982 4036 civitate
1009 3991 1166 4052 atque
1204 3984 1253 4036 iu
1286 3984 1370 4036 illa
1410 3998 1633 4053 persona
1654 4024 1671 4048 ,
1702 4000 1804 4038 non
1834 3986 2015 4055 utique
2042 3985 2139 4041 ob-

566 4086 740 4145 scura,
770 4073 965 4128 factum
996 4085 1099 4129 tam
1141 4075 1325 4146 ingens
1349 4077 1657 4131 miraculum
1686 4078 1762 4147 sic
1786 4078 1949 4134 latere
1971 4121 1986 4143 ,
2014 4079 2138 4136 hinc

561 4177 679 4214 eam
702 4172 755 4217 et
787 4163 1173 4220 admonendam
1216 4175 1270 4221 et
1324 4182 1457 4235 pene
1504 4166 1881 4238 objurgandam
1937 4169 2133 4238 putavi.

562 4250 691 4316 Qure
711 4267 830 4307 cum
853 4253 977 4308 mihi
996 4254 1352 4324 respondisset
1368 4273 1472 4311 non
1486 4272 1544 4313 se
1566 4258 1685 4313 inde
1706 4260 1931 4315 tacuisse
1949 4301 1965 4326 ,
1992 4276 2137 4331 qure-

627 4411 643 4441 ¹
681 4415 745 4458 Ita
762 4412 1087 4483 manuscripti.
1112 4419 1168 4483 5t
1184 4413 1298 4483 editi
1318 4414 1453 4483 vind.
1478 4423 1577 4483 Am.
1595 4420 1690 4483 ῐὲὶιζ.ἲ
1709 4417 2135 4483 mu,_utatiquanto

561 4468 1080 4542 ζιοηιοᾷφιίειὶῃειιυὶἠηι,
1103 4473 1320 4542 fomentis
1336 4488 1366 4525 ἀ
1386 4481 1404 4525 t
1425 4475 1567 4542 pestis
1872 4468 2133 4541 frequenti-'-

560 4529 685 4601 tnta.“
699 4529 815 4601 nam
838 4540 888 4581 ut
922 4532 1035 4583 inde
1052 4529 1263 4601 mortem
1275 4529 1612 4601 quantumlibet
1628 4529 1816 4601 tardius
1852 4529 2134 4601 adfuturam

560 4587 878 4664 conﬁdamus,
902 4596 1163 4664 secundum
1202 4587 1520 4664 Hippocratis,
1543 4605 1612 4664 Ili
1633 4587 1813 4664 fertur,
1833 4587 2129 4664 Menum;

561 4652 708 4702 I-Jditio
740 4661 871 4712 um,
895 4664 995 4712 mu,
1013 4662 1072 4719 nt
1093 4652 1336 4719 aliquanto
1351 4656 1493 4708 homo
1508 4652 1701 4711 'diuli'us
1722 4652 1860 4719 vivat,
1884 4676 1997 4713 nam
2018 4662 2133 4714 inde

558 4722 759 4789 mortem
776 4716 1112 4789 qirmt‘tuntlibet
1136 4716 1323 4789 tardius
1343 4719 1639 4784 adfuturam,
1669 4716 1932 4773 secundum
1952 4725 2132 4789 Hippo-

556 4777 721 4838 cratis,
748 4783 798 4825 ut
818 4777 989 4838 fertur,
1013 4780 1308 4828 sententiam.

624 4837 643 4901 ξ
679 4838 790 4901 \‘iud
818 4837 918 4901 Am.
944 4845 995 4901 et
1016 4846 1109 4901 Fr,
1135 4839 1272 4901 signo
1294 4840 1453 4891 crucis
1476 4841 1670 4893 Christi.

558 4897 811 5006 ma'n
831 4898 954 5006 ﬂgiti
978 4897 1269 4952 adhibuisset
1299 4901 1575 4954 curationis.
1615 4905 1777 4966 Abest,
1802 4904 2079 4963 curalimris.
2102 4921 2131 4983 a

590 4970 810 5017 'zanuscru
831 4970 906 5006 us.
2118 4976 2125 4983 ·

622 5014 698 5089 (τι)
729 5014 1164 5089 nitiiirumuuando
1184 5035 1355 5089 eath
1401 5024 1482 5089 illo
1517 5026 1772 5089 invaluerit
1794 5033 1845 5077 et
1888 5028 2132 5089 perfectus

556 5074 876 5147 fuerit‘.Al.ege
899 5074 1143 5139 (:aléuum,
1168 5082 1548 5145 'I‘herapeuticou
1582 5088 1640 5134 ad
1662 5074 2128 5147 Glaucontuttlilnr‘i‘,

558 5151 665 5199 cap.
698 5140 767 5189 l0.
793 5148 1037 5194 (inpurus.

621 5200 692 5271 (In)
728 5209 958 5271 't'euuora
998 5202 1257 5271 antiquitus
1279 5206 1512 5266 Baptismo
1543 5209 1818 5271 lrmsa‘ipta
1858 5218 1996 5258 extra
2038 5224 2130 5259 nc-

557 5265 840 5327 ceisitatem
885 5264 1033 5327 fuisse
1054 5264 1224 5312 t‘ascha
1265 5273 1316 5314 et
1343 5264 1697 5327 ‘t‘entccrsten,
1720 5264 1906 5319 constat
1931 5285 1989 5318 ex
2017 5279 2131 5319 Ter-

558 5321 775 5394 tulliani),
797 5324 917 5372 libro
933 5325 996 5394 de
1020 5328 1269 5394 Baptismo,
1292 5338 1402 5394 cap.
1428 5328 1515 5377 l9:
1541 5330 1640 5390 qui,
1674 5321 1697 5375 ἆ
1728 5332 1881 5390 Diem,
1906 5347 1928 5375 ν
1956 5332 2129 5393 inquit,

566 5399 589 5426 ι
614 5386 856 5453 naptifmo
895 5384 1240 5453 solemniorem
1278 5384 1465 5453 Pascha
1482 5384 1693 5450 praestat,
1733 5405 1843 5440 eum
1870 5384 1933 5442 'ct
1972 5384 2131 5453 [assio

563 5460 587 5487 σι
621 5445 893 5509 Domini,_in
917 5458 1011 5508 qua
1027 5447 1273 5509 tiugimur,
1293 5445 1549 5507 adimpleta
1574 5445 1873 5502 est.’Exinde
1897 5445 2129 5503 Penteco-

563 5510 687 5577 :ste
709 5522 731 5549 ι
763 5504 1031 5577 _est',_ut
1052 5504 1269 5570 loquitur
1284 5512 1330 5577 in
1364 5504 1486 5560 baro
1520 5510 1583 5561 de
1604 5518 1784 5577 Corona
1814 5512 1995 5577 militis,
2019 5527 2125 5577 cap.

554 5558 661 5638 δη(
694 5578 721 5612 a
744 5558 1038 5638 djoyasebze
1072 5558 1322 5638 usquead
1347 5558 1714 5623 Pentcnietena
1727 5558 2131 5638 ’ἵειέᾷἷᾶἰῖθῦδὲ

562 5637 589 5698 ¢_
612 5623 811 5698 lavacris
833 5626 1113 5698 latissimum
1129 5623 1168 5692 εἰ
1182 5634 1332 5698 alium
1357 5642 1435 5682 est
1457 5648 1469 5681 :
1494 5647 1592 5697 quo
1622 5643 1676 5684 et
1698 5623 1882 5684 limini
1904 5623 2129 5698 resurreé

563 5688 1136 5760 fﬂigéctsrpissimtos
1157 5688 1487 5756 frequentata
1514 5688 1622 5759 'est,
1670 5704 1722 5748 et
1743 5698 1897 5760 gratia
1932 5696 2131 5760 Spiritus

562 5755 592 5794 ι
608 5747 761 5798 uncti
780 5746 1018 5803 dedicata}
1039 5746 1285 5809 coquus:

1682 331 1768 387 DE
1801 327 2122 386 CIVITATE

2250 326 2296 393 ul,
2334 326 2396 383 S.
2432 326 2794 386 AUGUSTle
3696 335 3767 395 τα

2269 438 2370 493 sivl
2397 440 2467 494 ab
2483 440 2583 505 eis,
2612 455 2746 511 quas
2769 441 2906 496 forte
2928 451 3053 497 tunc
3080 449 3364 496 matronas
3709 463 3770 503 re-

2265 542 2388 583 cum
2408 529 2654 595 habebat,
2682 540 2858 585 utrum
2900 532 3002 587 hoc
3036 542 3201 589 antea
3247 534 3490 587 scissent.
3534 533 3771 605 Responde.

2266 626 2391 672 runt
2410 633 2473 674 se
2491 620 2709 674 omnino
2730 621 2984 675 nescisse.
3006 622 3169 687 Ecce,
3198 620 3439 691 inquam,
3459 626 3685 692 quomodo
3699 643 3774 683 nos

2266 717 2430 775 taces,
2459 718 2519 765 ut
2542 725 2641 766 nec
2660 711 2775 767 ista:
2798 710 3035 777 audiant,
3053 727 3179 782 quae
3210 711 3307 765 tibi
3336 722 3476 767 tanta
3498 712 3781 774 familiaritate

2263 797 2574 869 iunguntur.
2604 800 2672 855 Et
2692 802 2813 872 quia
2838 801 3070 858 breviter
3093 802 3166 858 ab
3190 817 3257 858 ea
3288 804 3633 871 quaesiveram.
3653 806 3781 863 facint

2265 889 2370 944 illis
2389 890 2726 946 audientibus
2745 893 3075 962 multumque
3097 893 3497 948 mirantibuset
3512 895 3780 964 gloriﬁcau-

2264 977 2583 1081 bus-Deum,
2614 990 2779 1037 totum
2806 997 2874 1038 ex
2902 982 3090 1038 ordine
3109 1022 3127 1048 ,
3155 983 3598 1054 quemadmodum
3626 1000 3782 1081 gesti,

2263 1069 2442 1138 fuerit,
2470 1073 2748 1130 indicaret.

2331 1162 2390 1218 ι.
2424 1162 2683 1219 Medicum
2705 1164 2724 1197 ί
2749 1163 3033 1234 quemdam
3061 1165 3367 1235 podagram
3396 1164 3454 1221 in
3474 1165 3643 1222 eadem
3660 1169 3783 1232 urbe,

2261 1251 2353 1320 qui
2403 1267 2525 1306 cum
2565 1252 2805 1309 dedisset
2838 1269 3031 1311 nomen
3085 1254 3157 1310 ad
3204 1255 3621 1322 Baptismum,et
3659 1258 3790 1327 pridie

2260 1358 2418 1413 quam
2444 1344 2821 1415 baptizaretur,
2839 1346 2892 1401 in
2918 1347 3120 1402 somnis
3138 1348 3385 1416 apueris
3406 1346 3562 1417 nigris
3576 1350 3783 1411 cimtis'.

2259 1449 2396 1505 quos
2449 1436 2775 1508 intelligebat
2820 1437 3129 1501 damnes.
3172 1439 3443 1507 baptizari
3483 1441 3652 1494 eodem
3680 1456 3793 1496 anno

2262 1528 2556 1596 prohibitus
2599 1528 2820 1597 luisset,
2860 1528 3043 1599 eisque
3086 1545 3198 1585 non
3252 1530 3635 1599 obtemperans.
3666 1533 3791 1587 ctia-

2258 1620 2693 1677 conculcantibus
2737 1621 2901 1692 pedes
2941 1622 3059 1691 ejus
3096 1622 3154 1677 in
3197 1622 3453 1677 dolorem
3486 1623 3793 1689 acerrim.

2257 1711 2466 1780 qualem
2490 1728 2756 1783 nunquam
2793 1723 3044 1783 expertus
3068 1722 3154 1769 est
3170 1755 3189 1781 ,
3220 1714 3359 1769 isset
3382 1714 3425 1779 ³,
3445 1716 3688 1785 magisque
3718 1733 3793 1771 eos

2256 1803 2473 1858 vincens
2495 1804 2702 1859 lavacro
2733 1806 3171 1875 regenerationis,
3202 1812 3268 1860 ut
3300 1816 3536 1870 voverat,
3562 1807 3681 1881 ablui
3708 1823 3786 1861 sou

2256 1894 2564 1959 distulisset,
2597 1896 2650 1949 in
2680 1896 3133 1966 Baptismateipso
3156 1911 3269 1951 non
3308 1897 3685 1961 ωιιιιηύοιοη,
3707 1914 3792 1968 quo

2257 1988 2393 2042 ultra
2417 1987 2633 2042 solitum
2674 1988 3024 2052 cruciabatur,
3061 2005 3253 2043 verum
3280 1991 3459 2045 etiam
3495 1990 3695 2058 podagra
3715 2006 3785 2043 ca-

2254 2079 2426 2135 ruisse
2444 2119 2462 2146 ,
2505 2094 2607 2134 nec
2631 2079 2892 2148 amplius,
2922 2096 3042 2135 cum
3068 2081 3160 2135 diu
3182 2091 3379 2152 postea
3411 2082 3639 2147 vixisset,
3663 2081 3791 2149 pedes

2253 2170 2485 2227 doluisse
2507 2172 2625 2241 quis
2651 2172 2831 2227 novit?
2852 2172 2962 2227 Nos
2986 2182 3167 2227 tamen
3195 2174 3454 2228 novimus
3472 2215 3489 2241 ,
3512 2182 3563 2228 et
3586 2173 3791 2242 putissi-

2253 2262 2324 2316 mi
2345 2261 2533 2317 fratres
2552 2262 2619 2317 ad
2637 2278 2770 2333 quos
2792 2262 2842 2317 id
2867 2263 3037 2331 potuit
3062 2264 3377 2334 pervenire.
3617 2266 3628 2278 '

2323 2354 2379 2410 5.
2418 2354 2496 2409 Ex
2519 2354 2727 2411 mimo‘
2752 2356 2968 2425 quidam
3013 2355 3406 2421 Cumbitauus,
3451 2372 3552 2412 Iron
3589 2356 3729 2412 Iolla
3759 2373 3788 2410 δ

2253 2446 2501 2516 paralysi,
2530 2461 2714 2501 verum
2737 2446 2896 2502 etiam
2916 2446 2989 2501 ab
3004 2446 3221 2502 infami
3248 2447 3489 2518 pondere
3510 2448 3780 2517 genitalium.

2251 2549 2371 2589 cum
2411 2535 2787 2606 baptizaretur,
2843 2536 3020 2592 salvus
3060 2537 3291 2593 effectus
3332 2547 3450 2601 est;
3490 2547 3542 2592 et
3585 2537 3783 2592 libertus

2252 2635 2477 2696 utraque
2504 2627 2778 2692 molestia,
2810 2635 3062 2697 tanquam
3105 2628 3234 2681 mali
3288 2628 3424 2682 nihil
3469 2627 3706 2681 habuisset
3741 2627 3787 2678 in

2249 2733 2494 2786 corpore,
2521 2719 2590 2775 de
2613 2718 2758 2774 fonte
2776 2720 3194 2789 regenerationis
3234 2720 3506 2776 ascendit.
3546 2720 3661 2788 Quis
3693 2719 3773 2772 hoc

2251 2820 2449 2879 praeter
2477 2809 2729 2864 Curubim
2752 2811 2920 2873 novit,
2951 2820 3006 2865 et
3049 2820 3250 2879 ιιι-εωθι-
3278 2811 3580 2865 rarissitnos
3618 2809 3785 2877 aliquas

2250 2901 2339 2969 qui
2364 2900 2466 2955 hoc
2490 2900 2807 2969 ubicumque
2833 2902 3018 2955 audire
3044 2903 3372 2971 potuerunt?
3393 2902 3497 2956 Nos
3518 2910 3669 2956 autem
3686 2915 3782 2953 cum

2248 2988 2351 3043 hoc
2368 2990 2836 3060 comperissemus,
2859 2991 3079 3060 iubente
3102 3002 3294 3047 saneto
3317 2994 3566 3062 episeopo
3586 2990 3776 3053 Aurelio.

2249 3081 2409 3136 etiam
2464 3090 2524 3135 ut
2567 3082 2771 3137 veniret
2810 3082 3181 3152 Carthaginem
3212 3081 3717 3152 fecimuszquamvis
3752 3095 3774 3131 a

2248 3172 2443 3228 talibus
2462 3173 2606 3242 prius
2623 3172 2969 3238 audierimus,
2983 3172 3051 3228 de
3076 3189 3309 3243 quorum
3337 3173 3441 3229 fide
3460 3173 3679 3227 dubitare
3697 3184 3777 3223 non

2247 3277 2546 3333 possemus.

2316 3354 2371 3408 6.
2414 3353 2505 3408 Vir
2529 3351 2834 3408 tribunitius
2864 3352 3153 3422 Hesperius
3175 3354 3319 3421 apud
3348 3354 3371 3385 ⁸
3396 3367 3494 3408 nos
3518 3360 3621 3412 est;
3654 3347 3777 3401 habet

2246 3444 2301 3499 in
2332 3445 2599 3500 territorio
2618 3444 2922 3499 Fussaleusi
2944 3444 3158 3498 fundum
3182 3443 3392 3500 Zubedi
3417 3443 3439 3475 ⁸
3464 3441 3769 3512 appellatum:

2246 3536 2334 3589 ubi
2358 3550 2480 3590 eum
2524 3535 2814 3590 afﬂictione
2852 3534 3159 3590 animalium
3196 3544 3253 3589 et
3291 3548 3563 3590 servorum
3599 3542 3776 3584 suorult

2244 3625 2462 3681 domum
2483 3642 2632 3682 suam
2660 3626 2941 3697 spirituum
2968 3626 3324 3696 malignon
3352 3626 3458 3680 vim
3477 3623 3774 3690 nor-Inpiab

2245 3717 2352 3789 peti
2378 3717 2727 3787 comperisset
2754 3758 2771 3783 ,
2809 3716 3015 3786 rogavit
3050 3726 3286 3781 nostros,
3321 3732 3409 3771 rue
3430 3716 3655 3776 absente,
3679 3724 3772 3779 pte-

2244 3809 2508 3880 sbyteros,
2548 3820 2606 3865 ut
2631 3810 2823 3879 aliquis
2850 3824 3037 3865 eorum
3080 3809 3173 3864 illo
3202 3818 3469 3880 pergeret,
3495 3807 3633 3877 citius
3666 3818 3763 3859 ora-

2247 3898 2479 3953 tionibus
2497 3899 2769 3956 eederent.
2790 3899 3031 3955 Perrexit
3048 3898 3408 3964 unus,obtulit
3420 3899 3487 3955 ibi
3504 3895 3767 3953 sacriﬁcium

2243 3989 2487 4058 corporis
2532 3988 2729 4045 Christi
2751 4030 2767 4055 ,
2801 4004 2962 4045 orans
2986 3998 3241 4059 quantum
3268 3991 3459 4060 potuit,
3483 3998 3537 4044 ut
3577 3993 3766 4043 cessaret

2242 4079 2332 4135 illa
2360 4081 2568 4136 vexatio
2603 4099 2617 4135 :
2650 4081 2761 4136 Deo
2798 4082 3038 4151 protinus
3060 4082 3351 4139 miserante
3371 4082 3599 4139 cessavit.
3631 4081 3765 4134 Acce-

2242 4181 2395 4241 perat
2429 4181 2607 4228 autem
2635 4172 2704 4229 ab
2726 4173 2899 4228 amico
2926 4187 3025 4228 suo
3069 4183 3265 4229 terram
3298 4184 3528 4229 sanetam
3553 4171 3615 4226 de
3641 4168 3762 4234 Jcro-

2240 4264 2459 4334 solymis
2484 4263 2721 4331 allatam,
2759 4263 2849 4318 ubi
2877 4265 3115 4334 sepultus
3139 4265 3385 4321 Christus
3412 4265 3495 4320 die
3528 4262 3664 4318 tertio
3694 4274 3759 4321 re

2238 4354 2503 4418 surrexit;
2541 4369 2765 4424 eamque
2813 4355 3166 4424 suspendth
3208 4356 3258 4411 in
3298 4357 3532 4412 cubiculo
3570 4367 3672 4416 suo,
3707 4362 3758 4404 ut

2239 4442 2364 4512 quid
2397 4444 2520 4498 mali
2550 4444 2714 4499 etiam
2740 4444 2854 4513 ipse
2899 4455 3187 4516 pateretur.
3216 4448 3285 4501 At
3338 4447 3426 4501 ubi
3467 4445 3634 4500 domus
3667 4440 3761 4507 ejus

2239 4536 2308 4589 ab
2336 4537 2422 4590 illa
2476 4536 2814 4593 infestatione
2854 4547 3075 4609 purgata
3125 4547 3227 4602 est,
3266 4538 3392 4608 quid
3434 4537 3498 4592 dc
3542 4535 3617 4589 illa
3646 4541 3755 4585 tem

2240 4626 2412 4693 fieret,
2433 4628 2723 4697 cogitabat;
2750 4643 2906 4697 quam
2938 4628 3137 4683 diutius
3166 4628 3221 4682 in
3248 4628 3484 4683 cubiculo
3517 4640 3603 4680 suo
3629 4634 3751 4676 reve-

2237 4719 2424 4773 rentia:
2441 4734 2600 4774 causa
2634 4719 2829 4777 habere
2857 4718 3086 4774 nolebat.
3113 4718 3274 4773 Forte
3296 4718 3511 4783 accidit,
3546 4723 3596 4769 ut
3614 4725 3692 4781 ego
3709 4716 3753 4762 et

2236 4809 2441 4878 collega
2488 4818 2819 4883 tunc.meus
2867 4810 3151 4880 episcopus
3197 4810 3473 4865 Siuitcnsis
3513 4808 3531 4839 ’
3555 4800 3746 4860 ecclesiae

2300 4958 2317 4996 ί
2353 4962 2485 5026 \‘iud.
2504 4970 2600 5011 Am.
2621 4967 2697 5011 Er.
2725 4968 2777 5011 et
2796 4963 3013 5026 quinque
3036 4970 3141 5011 Mss.
3161 4962 3400 5026 prabent,
3426 4956 3702 5026 μαιᾴὶφιέ

2299 5027 2320 5055 ²
2352 5024 2486 5072 Vind.
2514 5033 2611 5072 Am.
2635 5030 2728 5082 ειη,
2753 5020 2949 5074 curatis:
2972 5031 3026 5073 At
3042 5020 3231 5082 bovfet
3242 5020 3736 5082 mmmam.

2237 5085 2281 5134 id
2307 5094 2400 5141 est,
2417 5086 2630 5135 crinitis:
2650 5081 2758 5133 nam
2785 5086 2938 5135 cirros
2958 5097 3013 5133 ea
3037 5081 3127 5135 itis
3145 5089 3308 5135 crines
3329 5081 3735 5144 interpretatum

2238 5147 2363 5194 nius.
2392 5144 2624 5195 Martialis.
2651 5145 2732 5193 lib.
2751 5146 2800 5195 9.
2818 5148 2974 5195 enitrr.
2996 5098 3058 5195 ὦ
3083 5160 3094 5195 :

2238 5147 2363 5194 nius.
2392 5144 2624 5206 Martialis,
2651 5145 2732 5208 lib.
2748 5146 2800 5208 _9.
2815 5148 2974 5208 epigr.
2996 5144 3058 5195 30
3083 5160 3094 5195 :

2425 5216 2515 5268 Nec
2538 5203 2758 5256 utatutini
2780 5203 2964 5256 cirrata
2984 5213 3177 5256 caterva
3207 5203 3437 5268 magistri.

2248 5294 2251 5297 ν
2304 5270 2323 5331 ξ
2357 5266 2490 5331 Vind.
2518 5278 2617 5317 Am.
2646 5276 2698 5318 et
2717 5268 3047 5331 aliquotatss,
3065 5266 3328 5331 eum}.
3382 5327 3422 5331 __
3653 5317 3660 5325 ,
3687 5314 3713 5331 _,

2302 5329 2320 5359 ι
2354 5328 2468 5376 [diti
2496 5342 2600 5388 pro,
2628 5338 2698 5377 ex
2720 5327 2882 5389 nam,
2903 5330 3101 5387 habent,
3119 5338 3155 5379 ε
3349 5327 3512 5390 :idque
3530 5327 3734 5390 εειρεηοηο

2234 5389 2327 5438 bus
2343 5391 2405 5438 ita
2422 5390 2742 5451 coniunctum,
2764 5390 2829 5439 ad
2852 5403 2968 5453 quos
2989 5392 3042 5439 td
3064 5389 3213 5453 potuit
3232 5389 3469 5451 pervenire
3484 5398 3509 5436 ι
3526 5391 3663 5433 nam.

2299 5453 2321 5484 ⁸
2354 5449 2769 5500 minuma.
2795 5451 3261 5500 AbesLaui.aIlas.
3627 5496 3650 5500 γ.

2420 5449 3261 5511 iti,nuiapud.abest,qui,allss.
3452 5510 3457 5511 ί
3566 5496 3650 5511 ,,.

2296 5463 2961 5620 iagf'eiﬁdﬁim‘?“
2923 5463 3278 5574 4.321.117}.
3300 5510 3478 5567 σείει-ί,
3501 5496 3650 5557 χώεάὶ
3665 5508 3731 5556 φ’

2269 5585 2457 5621 cuntur.

2234 5585 2697 5699 ρθξίῗέιξὲῌωηετ.
2722 5640 2775 5699 et
2796 5641 2925 5699 Lov.,
3252 5632 3401 5691 Vind»
3421 5620 3723 5699 smus-.53

2235 5700 2361 5759 n.5,,
2381 5680 2669 5759 ἐξιξίςρηξίες
2686 5680 3227 5759 an;
3487 5698 3577 5752 ειυε
3593 5682 3644 5733 (ιε
3660 5680 3724 5726 δίη

2241 5756 2392 5813 verbo
2414 5756 2590 5805 ibidem
2614 5763 2798 5806 tractat.
