3926 6386
125 306 238 363 765

119 424 459 485 Maximinus
482 468 498 495 ,
556 429 609 486 in
660 431 903 503 proximo
947 448 1186 490 essemus
1233 451 1246 495 :
1294 446 1352 490 ιιι
1413 436 1716 492 veniremus

119 520 341 591 rogavit
369 562 385 584 ,
411 533 463 576 et
483 525 741 579 venimus.
761 523 996 597 Cumque
1019 527 1170 583 nobis
1197 529 1371 583 omnia
1414 527 1714 593 retulisset,

117 609 289 663 etiam
346 610 455 667 hoc
497 614 698 683 petivit,
741 626 797 669 ttt
841 615 1167 672 infoderetur
1210 617 1419 683 alicubi,
1450 624 1604 687 atque
1644 616 1712 671 ibi

118 701 439 756 orationum
468 704 615 760 locus
647 704 796 761 lieret
817 747 833 773 ,
864 707 953 761 ubi
988 708 1145 762 etiam
1182 716 1396 779 possent
1430 706 1712 761 Christiani

115 789 186 844 ad
214 790 546 848 celebranda
574 810 692 865 qua:
731 795 823 851 Dei
852 806 976 851 sunt
1007 798 1333 869 congregari.
1363 797 1474 853 Non
1516 797 1711 852 restiti-

114 897 243 937 mus
275 902 289 936 :
320 884 523 941 factum
567 896 667 941 est.
694 887 818 942 Erat
848 889 916 942 ibi
954 888 1162 958 juvenis
1187 890 1506 960 paralyticos
1546 888 1707 943 rusti-

113 987 289 1027 canus
324 989 339 1027 :
383 975 485 1029 hoc
510 977 688 1030 audito
716 980 896 1047 petivit
919 996 945 1031 a
974 981 1277 1047 parentibus
1302 981 1442 1044 suis,
1474 989 1529 1034 ut
1557 980 1704 1034 illum

114 1060 183 1114 ad
212 1076 344 1115 eum
381 1063 555 1119 locum
585 1076 825 1121 sanctum
846 1083 947 1121 non
977 1078 1285 1123 cunctanter
1299 1070 1565 1123 afferrent.
1589 1072 1705 1135 Qu.)

110 1165 237 1204 cum
267 1151 467 1208 fuisset
489 1155 699 1221 allatus,
726 1159 912 1223 oravit,
944 1167 1099 1227 atque
1124 1158 1245 1213 inde
1276 1159 1524 1213 continuo
1558 1157 1704 1227 pedi-

112 1240 217 1296 bus
246 1242 370 1298 suis
388 1245 568 1299 salvus
591 1248 866 1301 abscessit.

181 1332 237 1387 7.
290 1334 597 1391 Victoriana
626 1336 818 1392 dicitur
844 1337 987 1403 villa,
1027 1339 1093 1393 ab
1121 1338 1554 1409 Hippone-Regio
1594 1337 1700 1393 mi-

108 1440 212 1479 nus
239 1426 465 1495 triginta
495 1429 722 1484 millibus
740 1431 912 1486 abest.
939 1431 1183 1486 Memoria
1215 1443 1503 1504 martyrum
1521 1432 1593 1487 ibi
1616 1441 1701 1490 est

107 1515 596 1572 Mediolanensium
628 1520 849 1575 Pt‘OL’tSii
880 1531 932 1575 et
959 1522 1212 1577 Gervasii.
1249 1522 1489 1577 Portattts
1524 1532 1605 1577 est
1629 1537 1697 1577 eo

104 1604 328 1674 quidam
361 1607 697 1670 adolescens,
728 1610 816 1679 qtti
836 1625 956 1664 cum
981 1611 1065 1664 die
1095 1611 1266 1664 medio
1293 1622 1528 1679 tempore
1549 1620 1699 1666 testa-

105 1697 174 1749 tis
200 1712 413 1765 equum
442 1698 679 1753 ablueret
701 1700 750 1753 in
781 1700 1011 1754 ﬂuminis
1038 1701 1258 1770 gurgite,
1289 1701 1585 1756 dannouem
1610 1700 1695 1755 iu-

103 1787 299 1841 currit.
342 1786 899 1857 lbicumjaeeretvel
938 1791 1091 1844 morti
1149 1792 1436 1859 proximus,
1488 1790 1567 1844 vel
1616 1791 1693 1844 si-

103 1877 372 1933 millimus
410 1887 637 1944 mortuo,
659 1878 725 1933 ad
757 1882 1085 1950 vespertinas
1106 1882 1227 1937 illuc
1255 1881 1479 1953 hymnos
1502 1892 1555 1936 et
1572 1897 1694 1936 ora-

103 1969 279 2023 tiones
304 1985 442 2023 cum
460 1971 848 2027 ancillissuiset
867 1970 1178 2042 quibusdam
1206 1973 1692 2029 sanctimonialibus

103 2074 168 2113 ex
197 2073 359 2114 more
396 2059 607 2115 domina
643 2063 991 2132 possessionis
1015 2063 1253 2129 intnavit;
1284 2072 1440 2134 atque
1468 2065 1693 2135 hymnos

104 2160 332 2204 cantare
389 2161 684 2219 coeperunt.
724 2151 839 2220 Qua
883 2167 1014 2209 voce
1062 2153 1152 2209 ille
1194 2153 1343 2223 quasi
1376 2168 1690 2225 percussus,

106 2254 377 2296 excussus
418 2250 503 2297 est
531 2258 544 2295 :
569 2252 622 2297 et
648 2258 769 2298 cum
808 2243 1022 2299 terribili
1058 2244 1268 2300 fremitu
1305 2245 1470 2302 altare
1502 2259 1693 2315 appre-

102 2330 339 2385 hensum
373 2347 590 2388 movere
612 2348 715 2388 non
742 2334 941 2389 audens
964 2334 1077 2391 sive
1102 2349 1203 2389 non
1220 2335 1420 2400 valens,
1443 2344 1692 2404 tanquam

104 2421 357 2478 coluerit
386 2423 651 2493 alligatus,
668 2431 758 2478 aut
776 2424 983 2491 afﬁxus,
1010 2425 1219 2479 tenebat
1250 2442 1263 2478 :
1294 2432 1483 2479 etcum
1502 2423 1690 2494 grandi

104 2512 307 2579 ejulatu
334 2514 480 2583 parci
511 2514 609 2568 sibi
636 2529 847 2584 rogans,
875 2515 1223 2570 conﬁtebatur
1251 2515 1337 2569 ubi
1383 2516 1689 2571 adolescen-

104 2610 237 2666 tem,
263 2612 320 2655 et
342 2603 578 2673 quando,
603 2612 656 2658 et
684 2603 947 2673 quomodo
986 2605 1255 2660 invaserit.
1307 2605 1581 2659 Postremo
1628 2620 1687 2661 se

104 2692 382 2746 exiturum
408 2706 527 2746 esse
552 2692 868 2748 denuntians
887 2734 901 2755 .
933 2696 1169 2749 membra
1198 2695 1314 2762 ejus
1355 2695 1556 2764 singula
1594 2711 1689 2750 no-

104 2782 383 2849 minabat,
410 2800 528 2851 qtta:
576 2799 635 2839 se
682 2795 1071 2853 amputaturum
1123 2787 1304 2841 exiens
1348 2787 1684 2841 minabatur:

102 2881 263 2941 atqtte
291 2873 437 2928 inter
462 2873 574 2929 lure
602 2874 758 2929 verba
796 2875 1038 2930 discessit
1060 2877 1127 2931 ab
1160 2876 1391 2932 homine.
1424 2878 1526 2933 Sed
1556 2894 1687 2933 ocu-

102 2963 185 3018 lus
206 2965 327 3033 ejus
358 2965 414 3019 in
446 2966 707 3020 maxillam
737 2966 912 3032 fusus,
941 2967 1083 3022 tenui
1114 2969 1305 3022 venula
1334 2969 1401 3022 ab
1430 2969 1686 3024 interiore

102 3057 255 3124 quasi
308 3056 492 3111 radice
520 3056 795 3125 pendebat,
826 3066 1095 3127 totumque
1123 3060 1237 3127 ejus
1264 3057 1512 3124 medium,
1544 3060 1686 3128 quod

103 3145 364 3215 nigellum
398 3145 605 3213 fuerat,
635 3148 975 3202 albicaverat.
1005 3150 1120 3215 Quo
1168 3149 1282 3205 viso
1327 3151 1415 3219 qui
1465 3150 1688 3206 aderant

105 3236 521 3304 (concurrerant
549 3248 726 3292 autem
765 3239 923 3293 etiam
945 3240 1032 3293 alii
1055 3239 1271 3294 vocibus
1296 3240 1409 3311 ejus
1431 3241 1603 3308 acciti,
1632 3250 1687 3297 et

103 3342 163 3380 se
189 3344 387 3382 omnes
422 3329 473 3383 in
498 3329 787 3383 orationem
830 3346 922 3400 pro
951 3331 1043 3385 illo
1067 3335 1390 3401 straverant)
1410 3373 1425 3398 ,
1447 3334 1686 3403 quamvis

104 3433 226 3471 cum
253 3435 387 3474 sana
418 3430 592 3476 mente
618 3434 759 3478 stare
787 3422 1107 3494 gauderent,
1142 3436 1322 3478 rursus
1349 3435 1521 3479 tamen
1559 3439 1684 3493 pro-

102 3522 224 3579 pter
252 3513 472 3567 oculum
519 3513 633 3583 ejus
678 3515 1002 3580 contristati,
1032 3514 1291 3570 medicum
1343 3516 1683 3585 qurerendum

101 3618 225 3657 esse
248 3603 524 3658 dicebant.
550 3605 618 3659 lbi
652 3606 870 3661 maritus
916 3607 1112 3660 sororis
1152 3605 1289 3674 ejus,
1317 3607 1406 3676 qui
1440 3622 1560 3660 eum
1591 3607 1685 3662 illo

98 3693 398 3758 detulerat,
430 3695 623 3751 Potens
645 3706 744 3762 est,
765 3698 935 3765 inquit
962 3698 1098 3753 Deus
1115 3738 1128 3762 ,
1155 3708 1455 3752 sanctorum
1491 3699 1685 3752 oratio-

97 3784 280 3847 nibus,
319 3785 414 3851 qui
444 3784 641 3855 lugavit
666 3787 981 3852 daemonem,
1012 3787 1188 3843 lumen
1227 3788 1473 3843 reddere.
1500 3786 1680 3852 Tunc,

95 3875 241 3926 sicut
270 3873 481 3941 potuit,
521 3876 730 3928 oculum
769 3876 969 3945 lapsum
999 3887 1158 3945 atque
1192 3878 1504 3946 pendentem
1526 3918 1540 3941 ,
1567 3877 1684 3932 loco

93 3978 196 4015 suo
218 3972 539 4016 revocatum
566 3963 744 4033 ligavit
768 3965 1031 4036 orario(a)
1058 3983 1070 4016 :
1096 3981 1192 4019 nec
1218 3968 1314 4020 nisi
1338 3976 1455 4035 post
1479 3976 1681 4033 septem

96 4054 218 4109 dies
246 4053 459 4123 putavit
483 4069 603 4109 esse
624 4054 951 4109 solvendum.
984 4054 1133 4121 Quod
1168 4070 1287 4108 cum
1316 4054 1560 4119 fecisset,
1599 4070 1685 4108 sa-

110 4145 403 4201 nissimutn
455 4145 656 4201 invenit
713 4145 807 4216 (b).
858 4146 1037 4202 Sanati
1067 4155 1190 4200 sunt
1230 4146 1335 4200 illic
1382 4154 1437 4202 et
1463 4145 1683 4211 alii,dc

103 4236 305 4306 quibus
334 4234 512 4289 dicere
528 4235 736 4305 longum
754 4244 853 4288 est.

175 4328 231 4381 8.
262 4325 656 4395 llipponensem
703 4326 983 4395 quamdam
1008 4324 1261 4395 virginem
1302 4325 1433 4390 scio,
1478 4340 1596 4380 cum
1624 4339 1683 4379 se

104 4417 228 4471 oleo
253 4415 609 4486 perunxisset,
637 4417 721 4468 cui
764 4432 862 4485 pro
903 4415 987 4469 illa
1017 4429 1174 4468 orans
1206 4415 1479 4486 presbyter
1519 4415 1683 4469 instil-

108 4506 317 4561 laverat
339 4505 603 4575 lacrymas
616 4520 761 4568 suas,
778 4520 898 4559 mox
920 4521 948 4557 a
964 4504 1227 4571 diemonio
1241 4504 1402 4559 inisse
1421 4515 1676 4560 sanatam.

108 4596 235 4649 Scio
257 4595 420 4649 etiam
459 4595 764 4665 episcOpum
797 4595 958 4648 semel
1004 4609 1103 4662 pro
1145 4594 1499 4656 adolescente,
1523 4611 1678 4663 quem

109 4701 213 4740 non
243 4686 412 4751 vidit,
438 4701 640 4751 orasse,
673 4686 924 4755 illumque
965 4685 1105 4739 illico
1143 4685 1387 4743 da-mone
1426 4686 1675 4739 caruisse.

178 4779 232 4832 9.
263 4778 394 4832 Erat
416 4776 628 4847 quidam
671 4792 829 4832 senex
874 4776 1170 4830 Florentius
1199 4776 1543 4845 Hipponensis
1580 4791 1678 4828 no-

108 4878 235 4933 ster,
269 4870 432 4923 homo
457 4868 734 4938 religiosus
758 4876 813 4923 et
837 4882 1063 4937 pauper;
1090 4868 1310 4921 sartoris
1336 4881 1393 4920 se
1419 4877 1531 4920 arte
1561 4880 1679 4933 pas-

109 4960 284 5021 cebat,
315 4959 549 5014 casulam
579 4959 900 5028 perdiderat,
928 4967 981 5011 et
1019 4958 1158 5011 unde
1194 4957 1292 5010 sibi
1336 4965 1534 5010 emeret
1571 4972 1676 5009 non

112 5050 334 5105 habebat
371 5067 385 5103 :
417 5050 483 5103 ad
506 5049 698 5119 Viginti
721 5049 998 5118 Martyres,
1026 5064 1247 5117 quorum
1270 5047 1519 5101 memoria
1540 5046 1677 5115 apud

112 5153 207 5194 nos
250 5150 335 5194 est
378 5139 721 5194 celeberrima
765 5141 857 5211 (c),
890 5140 1034 5192 clara
1085 5152 1229 5201 voce,
1278 5146 1337 5190 ut
1380 5137 1671 5200 vestiretur,

110 5230 299 5285 oravit.
332 5230 625 5284 Audierant
670 5245 791 5283 eum
835 5228 1219 5289 adolescentes,
1264 5227 1350 5294 qui
1400 5228 1530 5280 forte
1576 5225 1675 5279 ad-

173 5318 245 5381 (a)
280 5322 497 5369 Orarium
520 5319 612 5368 hoc
633 5318 740 5367 loco
757 5319 1003 5381 sudarium
1026 5325 1127 5373 est,
1141 5318 1245 5365 sive
1269 5316 1467 5381 linteum
1483 5324 1678 5381 tergeti-

111 5378 280 5448 do
320 5390 557 5448 par._.tu_nt.
600 5383 914 5448 [tieronymus
956 5380 1003 5427 in
1042 5380 1195 5448 Epist:
1227 5378 1285 5424 ad
1334 5378 1674 5448 nejmtiamtm:

117 5456 140 5482 ι
159 5439 360 5489 Plenum
397 5441 652 5490 dedecoﬂs
688 5449 766 5489 est
779 5439 970 5489 referto
991 5439 1256 5499 marattpio,
1279 5439 1406 5500 quod
1440 5439 1680 5486 sudarium

119 5517 141 5543 α
158 5504 465 5573 maritimae?
488 5516 582 5550 ηοιι
600 5502 781 5573 habeas
801 5500 1048 5573 κιονίξπί-ιξ
1312 5572 1317 5573 ν
1420 5560 1428 5568 .

176 5561 247 5623 (b)
287 5558 580 5612 simillimam
618 5558 862 5611 historiam
903 5562 969 5609 de
1030 5568 1204 5609 Joanne
1236 5558 1484 5623 Δ(ξιιιιιίιιὶιεε
1529 5558 1681 5623 habes

114 5619 239 5682 apud
283 5626 561 5687 Evagrium,
599 5624 815 5672 Historia:
850 5623 1190 5671 ecclesiastica:
1233 5620 1437 5678 ιιιιωι,
1483 5633 1587 5681 cap.
1627 5619 1677 5678 7,

114 5691 355 5735 (ὲοοωιυε.

174 5744 241 5807 (c)
264 5747 433 5796 confer
454 5752 730 5795 Sermonem
753 5744 860 5805 52:5,
889 5746 937 5793 in
957 5756 1123 5794 eorum
1148 5740 1290 5792 uatab
1313 5741 1543 5793 habitum.

1226 322 1425 381 LIBER
1467 322 1829 382 VIGESIMUS
1864 324 2233 387 SECUNDUS

3274 345 3379 402 766

1822 448 1969 492 erant
1999 477 2017 505 ,
2070 438 2312 496 irrisor-es
2344 459 2361 509 ;
2400 458 2627 515 cumque
2658 445 3017 505 discedentem
3055 453 3383 523 exagitantes

1821 530 2307 598 prosequebantur;
2333 534 2481 602 quasi
2512 535 2529 566 ⁸
2558 551 2588 589 a
2627 535 2942 608 Martyribus
2983 542 3381 613 quinquagenos

1818 615 1969 671 folles
1995 618 2095 687 (α),
2124 620 2264 676 unde
2305 624 2673 679 vestimentum
2723 638 2945 694 emeret,
2976 632 3267 699 petivisset.
3312 637 3380 690 At

1817 706 1902 760 ille
1943 708 2135 761 tacitus
2161 709 2459 778 ambulans,
2486 713 2715 782 ejectum
2739 717 2989 785 grandem
3020 720 3217 787 piscem
3261 723 3378 791 pal-

1814 795 2064 864 pitantem
2091 798 2221 852 vidit
2246 798 2297 853 itt
2325 800 2523 868 littore,
2551 819 2778 873 eumque
2819 807 2922 862 illis
2963 808 3261 866 faventibus
3296 823 3380 869 at-

1812 899 1915 953 que
1942 885 2312 955 adjuvantibus
2355 891 2719 961 apprehendit,
2748 904 2802 949 et
2823 897 3030 952 cuidam
3073 914 3246 970 coquo
3269 902 3376 957 Ca-

1810 983 1927 1030 toso
1954 978 1974 1007 ²
1998 979 2235 1043 nomine,
2275 980 2409 1036 bene
2433 983 2741 1050 christiano,
2782 986 2867 1039 ad.
2884 989 3161 1057 coquinam
3189 992 3377 1047 condi-

1808 1068 2017 1135 tariam,
2068 1070 2304 1125 indicans
2331 1073 2454 1142 quid
2500 1084 2705 1144 gestum
2745 1078 2835 1143 sit,
2885 1080 3134 1136 trecentis
3160 1080 3375 1138 follibus

1807 1157 2062 1221 vendidit,
2092 1160 2264 1214 lanam
2294 1176 2603 1229 comparare
2632 1165 2752 1219 inde
2786 1166 3094 1236 disponens,
3137 1178 3194 1224 ut
3235 1185 3375 1227 uxor

1805 1245 1921 1315 ejus
1965 1249 2231 1317 quomodo
2283 1260 2481 1319 posset,
2522 1253 2571 1307 ei
2613 1269 2720 1323 quo
2749 1255 3075 1323 inducretur,
3115 1259 3371 1316 efﬁceret.

1802 1336 1905 1393 Sed
1935 1354 2134 1408 coquus
2181 1342 2464 1398 concidens
2502 1344 2724 1414 piscem,
2764 1349 3015 1402 annulum
3059 1366 3279 1407 aureum
3314 1349 3375 1408 lu

1804 1429 2095 1483 ventriculo
2133 1430 2248 1498 ejus
2286 1432 2505 1499 invenit,
2536 1450 2764 1506 moxque
2810 1437 3148 1494 miseratione
3176 1440 3368 1508 ﬂexus,

1802 1526 1856 1571 et
1885 1518 2136 1587 religione
2165 1523 2495 1588 perterritus,
2527 1523 2725 1579 ltomini
2746 1542 2867 1579 eum
2893 1528 3143 1595 reddidit,
3163 1530 3369 1599 dicens,

1801 1606 1938 1662 Ecce
1958 1610 2223 1678 quomodo
2251 1610 2443 1681 Viginti
2474 1614 2732 1685 Martyres
2756 1626 2807 1670 te
2838 1619 3149 1673 vestierunt.
3222 1647 3225 1650 ν

1873 1697 1959 1753 10.
2004 1699 2084 1754 Ad
2138 1702 2669 1770 Aquas-Tibilitanas
2705 1704 2779 1775 (b)
2822 1709 3069 1775 episcopo
3112 1707 3367 1767 aﬂerente

1801 1787 2056 1858 Prarjecto
2082 1793 2102 1823 ³
2132 1794 2380 1863 reliquias
2407 1797 2653 1866 martyris
2680 1797 3043 1866 gloriosissitui
3089 1798 3362 1868 Stephani,

1797 1881 1863 1933 ad
1893 1881 2007 1950 ejus
2033 1885 2340 1939 memoriam
2373 1887 2614 1941 veniebat
2636 1904 2839 1958 magna:
2862 1889 3213 1944 multitudinis
3235 1907 3366 1946 cuu-

1796 1966 1983 2025 cut-sus
2006 1983 2059 2026 et
2082 1988 2353 2028 occursus.
2385 1974 2459 2029 lbi
2488 1992 2626 2031 ea-ca
2657 1978 2866 2044 tnulicr,
2889 1989 2942 2031 ut
2971 1981 3036 2032 ad
3058 1980 3365 2050 episcopum

1798 2071 2093 2132 portantem
2123 2064 2403 2120 duceretur
2430 2064 2469 2130 ⁸,
2515 2069 2685 2119 oravit
2728 2082 2743 2119 :
2790 2066 2949 2121 ﬂores
2988 2082 3121 2138 quos
3165 2068 3369 2124 terebat

1795 2151 1974 2216 dedit;
2004 2155 2221 2224 recepit,
2264 2154 2432 2209 oculis
2477 2154 2730 2221 admovit,
2775 2156 3009 2224 protinus
3056 2158 3203 2211 vidit.
3233 2160 3364 2213 Stuo

1797 2244 2040 2313 pentibus
2071 2246 2159 2314 qui
2201 2243 2444 2311 aderant,
2487 2246 2703 2313 pra-ibat
2730 2247 3021 2312 exsultans,
3064 2248 3202 2302 viam
3240 2263 3361 2304 car-

1793 2349 1947 2404 pens,
1975 2343 2025 2388 et
2050 2333 2148 2388 via:
2174 2333 2361 2389 ducem
2389 2333 2606 2389 ulterius
2627 2351 2729 2389 non
2756 2336 3044 2404 requirens.

1868 2425 1951 2479 ll.
1980 2424 2252 2478 Memorati
2300 2425 2605 2479 memoriam
2647 2426 2912 2495 martyris,
2944 2442 3060 2494 qua:
3090 2426 3257 2495 posita
3278 2436 3361 2484 est

1794 2511 1846 2567 itt
1873 2514 2093 2568 castello
2117 2513 2389 2578 Sinitcusi,
2428 2513 2569 2583 quod
2616 2513 2937 2583 Hipponensi
2966 2516 3188 2572 coloniae
3230 2519 3360 2573 vici-

1800 2621 1923 2659 ntun
1969 2614 2071 2671 est,
2115 2604 2350 2673 ejusdem
2400 2605 2499 2659 loci
2548 2604 2780 2659 Lucilius
2823 2592 3120 2674 episcopus,
3168 2609 3362 2677 populo

1797 2697 2131 2766 praecedente
2169 2706 2328 2764 atque
2366 2705 2619 2765 sequente
2663 2696 2922 2765 portabat.
2954 2697 3171 2763 Fistula,
3209 2698 3361 2768 cujus

1793 2786 2030 2838 molestia
2061 2786 2170 2853 jam
2213 2786 2300 2837 ditt
2354 2785 2701 2849 laboraverat,
2745 2795 2798 2838 et
2850 2786 3233 2840 familiarissimi
3272 2787 3358 2841 sui
3444 2850 3447 2851 ν

1790 2875 2001 2939 ιιιειιὶοἰ,
2042 2874 2128 2943 qui
2180 2890 2295 2928 catu
2341 2887 2544 2928 secaret
2574 2874 2596 2906 ⁸
2617 2915 2630 2937 ,
2661 2875 3033 2942 Oppeu't-batur
3061 2890 3269 2937 manus,
3299 2878 3359 2928 il-

1792 2964 1891 3017 lius
1919 2965 2019 3035 pia:
2045 2964 2269 3017 sarcina:
2296 2965 2590 3017 vectatione
2618 2974 2831 3030 repente
2855 2973 3035 3015 sanata
3065 2973 3148 3017 est
3188 2981 3202 3017 :
3232 2979 3355 3017 nam

1789 3056 2040 3125 deinceps
2064 3070 2178 3109 eam
2211 3057 2261 3109 in
2289 3070 2385 3109 suo
2408 3070 2629 3122 corpore
2652 3070 2753 3107 non
2787 3054 3002 3107 invenit.

1862 3149 1947 3203 l2.
1980 3148 2274 3202 Eucharius
2302 3158 2381 3200 est
2410 3147 2430 3178 ⁸
2476 3146 2747 3215 presbyter
2775 3162 2837 3199 ev
2896 3146 3160 3215 Ilispania,
3204 3146 3357 3201 Cala-

1790 3256 1890 3295 ma:
1909 3242 1928 3272 "
1960 3239 2158 3294 habitat
2185 3236 2279 3309 (c),
2307 3237 2467 3290 veteri
2513 3238 2698 3289 morbo
2723 3237 2907 3289 calculi
2939 3237 3236 3301 laborabat;
3260 3253 3355 3306 per

1788 3330 2094 3384 memoriam
2121 3329 2403 3396 supradicti
2445 3327 2708 3394 martyris,
2748 3344 2902 3395 quam
2950 3326 3217 3381 l‘os~idius
3264 3329 3354 3382 illo

1788 3420 2000 3474 advexit
2041 3420 2321 3487 episcopus
2344 3418 2445 3486 (ά),
2474 3417 2649 3470 salvus
2698 3418 2864 3470 fat-tus
2912 3427 3010 3471 est.
3047 3418 3185 3471 Idem
3239 3418 3353 3487 ipse

1789 3520 1968 3579 postea
1992 3509 2175 3562 morbo
2199 3508 2302 3559 alio
2320 3506 2745 3574 pra-valescunte,
2773 3517 3007 3559 mortuus
3029 3508 3103 3561 sic
3119 3507 3348 3576 jacebat,

1789 3612 1843 3654 ιιι
1871 3601 1916 3653 ei
1940 3600 2047 3668 jatn
2081 3598 2293 3667 pollices
2334 3597 2615 3664 ligareutur
2645 3611 2658 3647 τ
2691 3595 3035 3664 opitttlatione
3077 3598 3351 3651 memorati

1787 3694 2052 3762 martyris,
2081 3706 2199 3743 cum
2243 3690 2308 3743 de
2340 3687 2591 3741 memoria
2632 3688 2745 3752 ejus
2785 3696 3044 3754 reportata
3091 3687 3273 3741 luisset
3296 3699 3351 3742 et

1786 3800 1946 3852 super
1974 3781 2194 3850 jacentis
2222 3793 2413 3849 corpus
2438 3778 2595 3832 missa
2634 3778 2795 3846 ipsius
2818 3777 3109 3846 presbyteri
3149 3779 3347 3845 tunica,

1785 3876 2064 3929 suscitatus
2091 3882 2189 3927 est.

1859 3968 1940 4020 t3.
1974 3964 2093 4017 Fuit
2136 3963 2204 4016 ibi
2253 3964 2331 4015 vir
2373 3961 2423 4015 itt
2467 3961 2653 4014 ordine
2676 3976 2774 4015 suo
2803 3960 3102 4029 primarius.
3136 3964 3349 4018 nomine

1787 4054 2055 4119 Martialis,
2086 4052 2322 4118 a‘vojant
2351 4052 2543 4119 gravis.
2576 4060 2628 4102 et
2658 4052 2875 4102 tnultuut
2903 4066 2931 4102 a
2961 4053 3211 4120 retLgione
3249 4054 3348 4106 ab-

1788 4147 2009 4200 horrens
2033 4143 2336 4197 christiana.
2379 4141 2612 4194 llabcbat
2654 4156 2779 4193 sane
2820 4141 3028 4195 lidelem
3069 4142 3252 4207 tiliam,
3294 4154 3348 4196 et

1850 4281 1863 4307 ι
1903 4275 2035 4323 γίιιοΙ.
2061 4282 2156 4321 Am.
2184 4281 2256 4320 lir.
2284 4280 2333 4321 et
2355 4272 2537 4335 aliquot
2562 4272 2884 4330 manuscritti,
2905 4271 3041 4333 quasi
3062 4271 3160 4333 qm’.

1846 4339 1865 4368 ¹
1891 4338 1961 4385 sic
1985 4344 2089 4384 Mss.
2133 4342 2186 4383 At
2208 4336 2322 4383 aliti
2359 4335 2487 4381 tind.
2515 4344 2634 4391 sua,
2660 4342 2868 4381 (furioso.
2903 4342 2973 4380 lxl‘.
3001 4343 3051 4381 et
3075 4347 3203 4391 eum,
3228 4342 3347 4382 rar-

1784 4397 2012 4505 ὡς)δὲδίιὶ
2033 4456 2165 4505 Vind.
2185 4462 2256 4503 Fr.
2275 4461 2465 4512 etl.ov.,
2486 4453 2715 4514 Projerto.
2734 4460 2935 4501 \‘etct‘t‘s
2949 4452 3075 4513 libri,
3100 4454 3343 4513 lirafierto.

1843 4520 1866 4552 δ
1898 4518 2031 4575 aditi,
2054 4524 2314 4578 portantem
2346 4515 2546 4579 pignora
2570 4513 2724 4565 sacra
2756 4513 3027 4563 duceretur.
3054 4516 3250 4573 Αιιδυιιι,
3272 4516 3348 4578 pi-

1781 4593 1930 4641 gnora
1951 4592 2109 4635 sacra,
2123 4590 2159 4641 _a
2183 4586 2287 4625 Mss.

1781 4632 1804 4643 ”
1843 4643 1863 4672 ⁸
1898 4647 2022 4695 Mss,
2049 4632 2131 4702 qui
2151 4651 2261 4702 ειιηι
2281 4641 2479 4687 secaret.
2500 4634 2640 4702 t‘aulo
2655 4646 2787 4702 post,
2811 4642 2943 4687 ante.
2968 4642 3158 4702 repente
3180 4643 3348 4702 sartum

1780 4707 1866 4757 est,
1888 4694 2072 4749 addtmt'
2088 4700 2221 4747 Vind.
2255 4712 2352 4746 Αιιι.
2379 4706 2429 4746 et
2452 4704 2544 4754 tiu,
2582 4694 2872 4745 ubi’sum'tns
2907 4694 3059 4758 allidit
3081 4698 3149 4746 iet
3170 4697 3304 4759 atina
3328 4710 3346 4747 :

1780 4764 1906 4827 quod
1933 4776 2025 4810 non
2047 4769 2121 4808 est
2141 4762 2186 4807 iu
2209 4766 2435 4827 l‘ovznee
2459 4759 2777 4827 ia‘maauseri,
2800 4766 2875 4805 tis.
2912 4824 2921 4827 _
3030 4826 3037 4827 ί
3068 4818 3078 4827 _
3223 4818 3234 4827 Ι
3285 4820 3295 4827 _
3315 4818 3325 4827 .

1846 4824 1867 4853 ⁸
1901 4830 1964 4871 Ita
1986 4830 2185 4872 veteres
2222 4820 2348 4868 ltbri.
2372 4828 2427 4868 Αι
2451 4820 2565 4867 editi
2589 4821 2830 4876 omittunt,
2853 4824 2922 4867 est
2950 4830 2968 4866 :
2993 4826 3044 4867 et
3066 4818 3189 4875 loco,
3215 4818 3348 4867 habi-

1780 4889 1865 4942 tat,
1891 4886 2067 4939 lerunt,
2094 4881 2328 4931 habitans.
2551 4938 2561 4942 _
2613 4938 2622 4942 _
3296 4918 3299 4919 ,

1842 4938 1861 4976 ’ί
1898 4945 2029 4993 \ind.
2059 4953 2153 4990 Am.
2181 4949 2251 4989 ω’.
2279 4950 2331 4991 et
2352 4948 2476 4994 Mss,
2505 4938 2761 4987 (‘Imlumah

1845 4998 1940 5069 (σγ
1958 5004 2234 5069 t'oflesdicti
2261 5004 2436 5050 nummi
2459 5000 2712 5069 asaeeulo,
2740 5014 2837 5061 quo
2856 5001 3157 5069 conduntur:
3183 5014 3342 5069 genus

1781 5063 1989 5118 meta:
2015 5073 2089 5114 est
2119 5064 2237 5112 alias
2257 5078 2420 5118 teri-te,
2444 5063 2563 5110 alias
2586 5070 2853 5120 argentum.
2881 5069 3022 5111 Porro
3046 5063 3185 5110 tolles
3221 5066 3344 5113 acci-

1782 5128 1943 5189 piendi
1968 5128 2088 5183 istic,
2124 5138 2216 5172 non
2254 5125 2493 5189 argentei,
2511 5123 2598 5171 sed
2623 5124 2756 5177 :l‘t‘t'i,
2785 5123 3000 5189 ejusdem
3044 5123 3149 5170 fere
3176 5124 3347 5171 \‘aloris

1781 5182 1927 5253 atque
1968 5200 2103 5253 asses
2118 5194 2176 5253 et
2198 5182 2333 5233 solidi
2378 5191 2585 5253 moliente
2622 5191 2798 5253 nostra:
2815 5182 3099 5253 Gallicana,
3126 5190 3178 5230 ut
3212 5193 3346 5253 .tttat

1780 5243 2051 5297 Sirinondus
2070 5248 2421 5295 ads'ermonetn
2445 5247 2552 5297 589.
2577 5246 2658 5305 qui
2680 5243 2799 5291 alias
2816 5244 2876 5292 ιο
2910 5245 3037 5292 inter
3060 5244 3345 5305 sirtnondia-

1781 5324 1869 5359 nos
1932 5310 2094 5358 suidas
2136 5316 2297 5355 autem
2335 5306 2495 5354 follem
2548 5304 2738 5353 otiolum
2780 5318 2890 5351 esse
2933 5306 3071 5362 dicit,
3106 5304 3163 5351 ad
3202 5318 3346 5354 voces

1839 5383 1963 5420 teras
2022 5366 2223 5418 thollcis
2276 5374 2326 5416 et
2368 5374 2603 5417 ltermata.
2646 5367 2945 5414 nominantur
2986 5372 3223 5426 praeterea
3255 5364 3347 5412 lol-

1801 5424 1873 5481 eis
1908 5434 1955 5480 in
1979 5430 2060 5479 lib.
2099 5431 2130 5477 5
2173 5434 2337 5478 contra
2374 5428 2675 5477 Cresconittm
2699 5461 2713 5484 ,
2749 5439 2798 5473 η.
2842 5426 2920 5481 33,
2965 5424 3151 5473 necnon
3190 5424 3272 5473 lib.
3318 5426 3339 5475 1

1782 5494 1936 5541 Evodii
1960 5493 2024 5539 de
2046 5489 2277 5539 Miraeulis
2308 5498 2353 5540 s.
2381 5497 2477 5551 εισι
2495 5488 2623 5545 haui,
2642 5500 2746 5549 cap.
2767 5488 2844 5546 lt,
2886 5488 2934 5534 in
2953 5486 3096 5547 hujus
3117 5488 3230 5535 totni
3254 5493 3343 5548 Αρ-

1801 5554 2001 5601 ιυιιιΙιυιι.

1782 5567 2001 5614 petultee.

1843 5616 1913 5673 (ιι)
1937 5612 2067 5660 'l‘ibili
2090 5612 2234 5673 urbis
2252 5611 2469 5658 meminit
2492 5610 2632 5669 Fpist.
2667 5608 2801 5673 ηιξ-,η

1865 5616 1913 5673 ιλ)
1937 5616 2067 5660 'l‘ibili
2101 5616 2234 5659 urbis
2252 5616 2469 5658 meminit
2492 5616 2632 5669 Fpist.
2667 5616 2763 5656 ll‘z.
2800 5638 2801 5641 η

1843 5616 1917 5741 ξε)
1938 5672 2320 5741 tne‘talaniamiid.
2347 5679 2444 5721 not.
2490 5684 2635 5732 supra
2664 5671 2721 5719 ad
2750 5670 2833 5718 lib.
2864 5668 2936 5730 l1,
2973 5682 3077 5730 cap.
3110 5666 3192 5729 24,
3229 5664 3341 5741 ιι

1844 5733 1920 5797 (ιι)
1947 5733 2083 5794 Infra,
2107 5748 2155 5782 tt.
2180 5733 2257 5782 20.
3276 5754 3279 5755 ν
