3926 6386
113 310 233 367 ’169

113 416 230 473 loci
281 417 572 490 episcopo,
600 427 660 471 ut
703 416 935 472 libellum
961 415 1135 482 daret,
1178 417 1266 486 qui
1309 414 1622 469 recitaretur
1651 413 1702 466 iu

112 507 375 577 pepulo;
416 516 469 560 et
511 506 939 563 obedientissime
978 507 1152 577 paruit
1186 504 1283 579 (a).
1314 505 1370 560 In
1400 518 1507 574 quo
1536 503 1711 573 posuit

114 595 326 660 etiam,
356 594 493 665 quod
524 594 610 649 hic
635 596 859 650 reticere
887 612 991 650 non
1018 611 1253 665 possum,
1275 584 1528 664 quamvis
1551 592 1620 646 ad
1647 606 1709 645 ea

115 699 249 753 quae
275 683 385 738 hoc
407 700 542 753 opus
566 694 775 753 urgent,
805 687 1051 739 festinare
1073 682 1381 753 compellar.
1410 685 1449 736 Α
1478 680 1709 752 quodam

113 774 326 829 Judzeo
354 774 487 830 dixit
514 775 613 830 sibi
635 775 797 831 fuisse
820 792 1150 845 persuasum,
1178 784 1237 829 ut
1274 776 1524 828 annulum
1547 775 1711 843 capil-

116 868 259 922 latio
308 868 522 938 cingulo
554 868 568 899 ¹
603 868 897 934 insereret,
940 868 1083 937 quod
1125 868 1226 922 sub
1266 867 1410 921 omni
1456 874 1604 921 veste
1643 864 1709 919 ad

120 958 276 1012 tmda
324 960 566 1028 corporis
605 960 900 1029 cingeretur
923 977 937 1013 :
963 961 1050 1029 qui
1091 960 1319 1014 annulus
1356 958 1577 1013 haberet
1610 958 1712 1012 sub

123 1066 355 1119 gemma
388 1051 617 1126 lapidem
643 1051 692 1104 in
731 1051 947 1105 renibus
970 1051 1238 1104 inventum
1267 1050 1435 1104 bovis.
1464 1050 1576 1104 Hoc
1598 1049 1715 1104 alli-

124 1152 255 1213 gata
283 1144 442 1212 quasi
474 1142 711 1198 remedio
741 1143 806 1196 ad
845 1143 1011 1197 sancti
1039 1143 1282 1211 Martyris
1321 1143 1497 1196 limina
1527 1141 1711 1196 venie-

59 1268 75 1302 λ
126 1233 242 1287 hat.
288 1233 402 1288 Sed
438 1235 666 1303 profecta
689 1248 721 1286 a
748 1233 1066 1303 Carthagine
1085 1273 1101 1299 ,
1128 1248 1247 1287 cum
1280 1233 1329 1286 itt
1359 1233 1587 1286 confinio
1614 1231 1712 1286 llu-

67 1307 74 1317 ’
116 1323 299 1377 minis
328 1323 583 1392 Bagrada:
604 1325 653 1377 in
679 1340 771 1378 sua
799 1325 1132 1394 possessione
1159 1325 1459 1387 mansisset,
1488 1339 1713 1391 surgens

116 1423 181 1467 ut
231 1414 345 1469 iter
390 1425 681 1484 perageret,
730 1425 856 1469 ante
899 1415 1060 1484 pedes
1105 1429 1229 1469 suos
1268 1414 1415 1469 illum
1449 1413 1712 1485 jacentem

122 1508 398 1563 annulum
430 1510 589 1570 vidit,
619 1518 672 1562 ct
696 1509 1016 1577 eapillatiam
1047 1523 1231 1561 zonam
1268 1523 1369 1577 qua
1398 1506 1568 1562 fuerat
1595 1507 1715 1561 alli-

121 1606 308 1666 gatus,
342 1600 532 1654 mirata
566 1600 804 1653 tentavit.
834 1600 1001 1667 Quam
1031 1610 1150 1654 eum
1178 1600 1397 1652 omnino
1425 1599 1532 1652 suis
1559 1597 1714 1652 nodis

121 1689 502 1755 ﬁrmissimis,
548 1690 682 1744 sicut
736 1689 944 1755 fuerat,
992 1689 1337 1757 comperisset
1382 1688 1711 1754 adstrictam,

116 1780 417 1849 crepuisse
463 1790 618 1849 atque
670 1779 945 1834 exsiluisse
985 1780 1236 1833 annulum
1281 1780 1543 1847 suspicata
1587 1790 1711 1834 est:

122 1872 219 1941 qui
267 1872 441 1927 etiam
488 1871 602 1941 ipse
644 1888 763 1926 cum
808 1872 1175 1940 integerrimus
1220 1870 1404 1924 fuisset
1447 1870 1711 1935 inventus,

122 1964 332 2017 futura:
358 1962 548 2016 salutis
571 1962 964 2032 quodammodo
984 1963 1180 2033 pignus
1204 1962 1270 2017 de
1292 1971 1435 2017 tanto
1455 1961 1715 2017 miraculo

126 2068 189 2108 se
208 2053 494 2122 accepisse
514 2053 864 2122 pnusutnpsit.
886 2063 1044 2122 atque
1071 2051 1198 2107 illud
1222 2053 1486 2107 vinculum
1510 2053 1585 2124 (b)
1606 2055 1715 2109 sol-

126 2159 289 2210 vens,
320 2144 487 2209 simul
528 2158 648 2198 cum
676 2144 864 2199 eodem
890 2144 1110 2209 annulo,
1141 2144 1359 2214 projecit
1396 2145 1447 2198 in
1493 2144 1711 2201 flumen.

128 2235 248 2291 Non
288 2235 565 2290 credunt’
597 2240 717 2299 hoc,
757 2237 846 2305 qui
885 2236 1043 2290 etiam
1085 2236 1361 2291 Dominum
1404 2236 1580 2292 Jesum
1624 2254 1719 2308 per

120 2328 347 2395 integra
396 2326 673 2397 virginalis
717 2326 900 2381 matris
932 2328 1178 2392 enisum,
1221 2336 1273 2381 et
1314 2327 1380 2382 ad
1429 2328 1717 2397 discipulos

129 2418 291 2475 ostiis
319 2418 525 2472 clausis
552 2417 842 2486 ingressum
874 2416 1045 2471 fuisse
1070 2433 1173 2470 non
1199 2415 1424 2471 credunt
1449 2434 1462 2470 :
1493 2417 1587 2472 scd
1616 2417 1715 2471 hoc

131 2516 287 2563 certe
314 2516 582 2576 quaerant,
612 2516 686 2571 et,
716 2506 761 2560 si
799 2521 981 2560 verum
1010 2506 1324 2569 invenerint,
1365 2507 1450 2559 illa
1474 2506 1714 2560 credant.

128 2596 459 2654 Clarissima
484 2595 675 2650 femina
699 2604 802 2659 est,
828 2595 1077 2649 nobiliter
1098 2604 1240 2661 nata,
1268 2595 1515 2649 nobiliter
1535 2605 1715 2663 nupta,

129 2686 459 2758 Carthagini
507 2685 710 2740 habitat
751 2702 766 2739 :
806 2686 980 2755 ampla
1025 2686 1233 2748 civitas,
1277 2687 1452 2754 ampla
1496 2700 1717 2755 persona

125 2795 251 2835 rem
280 2786 593 2850 quaerentes
637 2777 802 2832 latere
847 2792 951 2831 non
994 2778 1141 2832 sinit.
1189 2776 1387 2846 Martyr
1410 2784 1554 2831 certe
1584 2777 1715 2845 ipse,

131 2887 243 2941 quo
270 2873 600 2941 impetrante
626 2869 711 2924 illa
734 2878 917 2924 sanata
938 2876 1039 2934 est,
1068 2869 1120 2923 in
1143 2868 1333 2923 Filium
1357 2867 1719 2939 permanentis

131 2962 365 3033 virginis
410 2959 657 3033 credidit,
698 2960 749 3013 in
780 2973 901 3013 eum
930 2958 1019 3028 qui
1048 2958 1197 3012 ostiis
1238 2958 1432 3011 clausis
1458 2957 1524 3011 ad
1562 2956 1722 3011 disci-

128 3056 293 3127 pulos
345 3055 632 3125 ingressus
673 3059 791 3118 est,
836 3050 1058 3106 credidit
1102 3067 1115 3103 :
1163 3058 1463 3120 postremo,
1508 3058 1724 3118 propter

132 3149 282 3221 quod
310 3149 501 3204 omnia
530 3147 627 3202 ista
654 3145 905 3201 dicuntur
926 3160 956 3197 a
988 3142 1159 3205 nobis,
1188 3143 1242 3195 in
1274 3157 1395 3196 eum
1423 3139 1513 3210 qui
1538 3155 1725 3195 ascen-

132 3244 217 3298 dit
243 3244 299 3298 in
330 3242 532 3298 caelum
560 3256 679 3297 cum
707 3255 866 3295 carne
888 3279 903 3303 ,
951 3238 1004 3293 in
1038 3252 1139 3308 qua
1169 3246 1534 3293 resurrexcrat
1556 3279 1570 3300 ,
1603 3251 1722 3290 erc-

133 3332 281 3399 didit
305 3350 321 3398 ;
370 3342 426 3389 et
453 3332 572 3387 ideo
596 3346 691 3403 per
715 3347 833 3386 eum
863 3338 1005 3383 tanta
1034 3329 1185 3391 fiunt,
1208 3329 1329 3399 quia
1367 3345 1462 3399 pro
1498 3327 1595 3382 ista
1623 3328 1726 3383 title

104 3408 109 3411 i
138 3425 386 3479 animam
421 3423 612 3492 posuit.
642 3422 797 3476 Fiunt
825 3436 953 3491 ergo
996 3420 1158 3475 etiam
1189 3434 1327 3473 nunc
1370 3419 1531 3473 multa
1560 3419 1725 3472 mira-

133 3510 289 3585 cula,
319 3514 511 3569 eodem
543 3514 649 3567 Deo
674 3512 898 3567 faciente
942 3525 1034 3577 per
1059 3523 1192 3580 quos
1220 3509 1362 3574 vult,
1399 3517 1452 3561 et
1475 3507 1729 3577 quemad-

139 3605 375 3659 modum
408 3605 547 3669 vult,
579 3603 666 3673 qui
709 3613 761 3658 et
788 3602 875 3657 illa
905 3617 1023 3671 qua:
1053 3601 1275 3671 legimus
1298 3599 1425 3655 fecit
1453 3618 1468 3653 :
1504 3599 1598 3653 sed
1628 3600 1725 3653 ista

136 3682 248 3752 saec
293 3696 546 3751 similiter
592 3696 945 3759 innotescunt,
988 3707 1181 3762 neque,
1213 3702 1272 3746 ut
1309 3706 1413 3746 non
1440 3691 1728 3746 escitlant'

144 3770 358 3850 animo,
389 3788 539 3856 quasi
575 3787 756 3856 glarea
784 3784 1073 3849 memoriae,
1117 3783 1301 3838 crebra
1348 3782 1575 3838 lcetione
1612 3791 1733 3835 tun-

141 3881 379 3937 duntur.
413 3877 546 3931 Nam
589 3885 643 3930 et
686 3876 773 3930 ubi
815 3875 1086 3944 diligentia
1128 3884 1242 3939 est,
1268 3889 1387 3944 qua:
1427 3888 1567 3929 nunc
1593 3872 1730 3942 apud

142 3986 250 4025 nos
272 3982 409 4024 esse
452 3968 647 4037 erepit,
676 3975 732 4020 ιιι
755 3966 919 4021 libelli
945 3982 1127 4020 eorum
1153 3967 1242 4036 qui
1272 3967 1525 4020 beneﬁcia
1554 3964 1729 4034 perci-

148 4050 332 4133 piunt,
377 4062 671 4115 recitentur
708 4058 760 4112 in
806 4058 1031 4127 populo,
1060 4057 1227 4111 semel
1254 4056 1358 4111 hoc
1383 4056 1602 4109 audiunt
1640 4055 1732 4125 qui

151 4154 378 4217 adsunt,
411 4152 694 4221 pluresque
720 4163 825 4204 non
864 4148 1091 4212 adsunt,
1119 4156 1177 4201 ut
1202 4162 1299 4201 nec
1330 4146 1409 4200 illi
1433 4146 1520 4215 qui
1547 4145 1734 4200 adfue-

155 4254 307 4310 runt,
344 4252 467 4311 post
491 4241 692 4311 aliquot
714 4240 851 4305 dies,
889 4239 1031 4309 quod
1061 4236 1362 4301 audierunt,
1391 4245 1568 4291 mente
1600 4235 1736 4289 reti-

157 4342 344 4398 neant,
390 4342 445 4388 et
471 4332 556 4386 vix
597 4331 872 4401 quisquam
897 4327 1236 4397 ‘reperiatur
1279 4327 1513 4393 illorum,
1552 4326 1641 4396 qui
1686 4324 1737 4381 ei

159 4439 325 4496 quem
357 4438 465 4477 non
494 4421 725 4477 adfuisse
753 4419 1083 4490 cognoverit,
1121 4418 1313 4472 indicet
1346 4416 1485 4487 quod
1515 4415 1736 4471 audivit.

179 4566 184 4571 .
232 4514 329 4569 22.
370 4511 546 4568 Unum
573 4520 654 4567 est
685 4511 825 4580 apud
855 4525 953 4565 nos
980 4508 1207 4572 factum,
1247 4522 1353 4562 non
1382 4507 1553 4577 majus
1580 4520 1738 4575 quam

165 4607 257 4663 illa
280 4620 409 4677 qua:
437 4603 577 4670 disi,
606 4602 698 4658 sed
736 4610 840 4656 tam
868 4600 1070 4656 clarum
1095 4610 1254 4669 atque
1283 4598 1487 4653 illustre
1511 4596 1741 4651 miracu-

167 4699 302 4764 lum,
334 4705 394 4752 ut
422 4696 626 4751 nullum
652 4694 883 4750 arbitrer
907 4708 1027 4749 esse
1054 4691 1466 4761 llipponensium
1484 4731 1498 4753 ,
1524 4689 1613 4758 qui
1642 4688 1743 4743 hoc

169 4805 277 4846 non
319 4790 411 4845 vel
447 4788 660 4850 viderit,
709 4788 794 4843 vel
820 4785 1084 4850 didicerit,
1132 4785 1331 4839 nullum
1375 4783 1464 4854 qui
1503 4780 1743 4837 oblivisci

171 4882 274 4936 ulla
304 4880 518 4936 ratione
544 4878 791 4948 potuerit.
822 4878 1013 4934 Decem
1037 4874 1252 4946 quidam
1278 4873 1467 4928 fratres
1489 4875 1742 4943 (quorum

172 4983 382 5042 septem
409 4978 535 5025 sunt
560 4984 756 5035 mares,
785 4978 894 5024 tres
922 4964 1154 5035 feminae)
1182 4964 1250 5020 de
1270 4965 1510 5020 Ctesarea
1534 4963 1747 5031 Cappa-

174 5064 345 5119 dociae
369 5071 594 5118 suorum
634 5060 827 5117 civium
856 5074 961 5114 non
993 5057 1272 5129 ignobiles,
1314 5054 1594 5110 maledicto
1631 5068 1747 5107 ma-

181 5155 279 5210 tris
303 5155 532 5221 recenti,
560 5153 725 5224 patris
747 5165 933 5207 eorum
958 5149 1102 5205 obitu
1141 5147 1426 5209 destitutae,
1471 5160 1589 5215 qua:
1613 5143 1751 5213 injuo

242 5329 259 5361 ι
295 5326 435 5376 Vind.
463 5332 561 5374 Am.
588 5331 661 5375 Er.
687 5330 740 5373 et
768 5330 895 5382 Mss,
915 5319 1117 5372 vinculo.

241 5390 266 5450 ι
300 5386 491 5450 Aliquot
510 5392 635 5441 ths..
661 5393 759 5434 Non
780 5377 997 5450 credant.
1021 5391 1075 5434 Et
1094 5380 1303 5446 quidam,
1330 5388 1427 5430 Non
1443 5377 1659 5430 credent.

245 5449 266 5516 ξ
300 5446 472 5516 nlui-es
495 5455 621 5516 Mss,
641 5446 896 5496 excedant.
1222 5466 1227 5475 η
1680 5452 1681 5455 ‘

244 5508 269 5541 δ
303 5515 352 5558 In
374 5508 717 5569 Mss.,quisque

1250 303 1452 363 LIBER
1492 300 1603 360 VIG
1613 295 1852 357 ESIMUS
1884 298 2235 356 SECUNDUS

3270 310 3376 371 770

1819 405 1951 461 riam
1976 407 2075 462 sibi
2112 408 2181 462 ab
2218 410 2316 464 eis.
2340 407 2530 465 factam
2553 411 2895 469 acerbissime
2920 415 3057 484 tulit,
3088 416 3179 474 tali
3224 434 3380 489 poena

1815 505 1936 551 sunt
1983 497 2232 553 divinitus
2278 502 2528 565 coerciti,
2574 513 2630 557 ut
2678 504 3001 563 horribiliter
3041 518 3383 579 quaterentur

1816 604 2003 645 omnes
2030 599 2261 647 tremore
2288 593 2647 649 membrorum
2678 613 2690 647 :
2720 598 2771 650 in
2802 613 2903 666 qua
2942 598 3227 655 ftedissima
3256 618 3381 671 spe-

1813 684 1897 733 cie
1917 679 2102 733 oculos
2120 694 2335 736 suorum
2356 683 2547 738 civium
2572 701 2674 740 non
2697 685 2945 755 ferentes,
2961 705 3383 760 quaquaversum

1815 769 2005 839 cuique
2037 771 2113 826 ire
2140 772 2310 826 visum
2340 785 2443 842 est,
2477 786 2587 832 toto
2619 792 2754 847 pene
2778 781 3096 849 vagabantur
3118 783 3245 839 orbe
3271 783 3350 838 Ro

1815 876 1992 915 mano.
2038 861 2117 916 Ex
2148 861 2230 917 his
2267 866 2425 921 etiam
2463 868 2527 922 ad
2557 884 2656 924 nos
2681 881 2938 925 venerunt
2966 872 3105 937 duo,
3136 874 3299 929 frater
3326 886 3381 931 et

1815 965 1988 1017 soror,
2030 954 2229 1021 Paulus
2269 967 2324 1011 et
2367 958 2620 1024 Palladia,
2662 962 2842 1016 multis
2864 963 2982 1017 aliis
3015 965 3142 1019 locis
3169 967 3381 1021 miseria

1816 1040 2122 1099 diffantante
2144 1044 2253 1115 jant
2278 1049 2495 1118 cogniti.
2528 1050 2798 1107 Venerunt
2830 1064 3005 1109 autem
3031 1066 3154 1112 ante
3180 1059 3381 1114 Pascha

1815 1131 1981 1187 ferme
2008 1133 2122 1189 dies
2160 1135 2496 1206 quindecim,
2533 1140 2808 1195 ecclesiam
2849 1144 3115 1211 quotidie,
3144 1154 3200 1200 et
3227 1147 3278 1200 in
3317 1163 3383 1201 ea

1817 1224 2128 1277 memoriam
2194 1225 2558 1295 gloriosissimi
2624 1229 2876 1298 Stephani
2941 1232 3379 1301 frequentabant,

1820 1322 2035 1367 orantes
2064 1323 2121 1368 ut
2141 1314 2253 1382 jam
2293 1315 2390 1369 sibi
2419 1317 2718 1385 placaretur
2743 1320 2901 1386 Deus,
2931 1331 2986 1375 et
3011 1324 3232 1377 salutem
3276 1325 3384 1392 pri-

1815 1401 2008 1456 stinam
2034 1403 2299 1459 redderet.
2327 1406 2393 1460 Et
2418 1406 2553 1471 illic,
2583 1418 2638 1464 et
2664 1425 2995 1479 quacumque
3017 1413 3033 1442 ί
3065 1413 3226 1473 ibant,
3254 1430 3383 1471 con-

1816 1493 2096 1548 vertebant
2133 1494 2188 1548 in
2227 1509 2287 1551 se
2328 1496 2555 1552 civitatis
2586 1510 2878 1567 aspectum.
2906 1502 3151 1558 Nonnulli
3175 1505 3263 1574 qui
3288 1520 3382 1561 eos

1814 1580 1942 1637 alibi
1972 1583 2233 1651 viderant,
2260 1601 2579 1658 causamque
2606 1592 2848 1644 tremoris
2882 1607 3065 1647 eorum
3106 1604 3380 1662 noverant,

1815 1671 1955 1737 aliis,
1981 1683 2037 1727 ut
2063 1673 2253 1744 cuique
2279 1685 2540 1744 poterant,
2566 1679 2882 1734 indicabant.
2909 1680 3061 1736 Venit
3086 1691 3140 1737 et
3159 1685 3380 1747 Pascha.

1815 1769 1973 1830 atque
2017 1762 2131 1831 ipso
2175 1763 2263 1819 die
2301 1764 2569 1821 dominico
2610 1783 2785 1835 mane,
2829 1786 2947 1823 ctnn
2985 1771 3093 1840 jam
3132 1773 3382 1842 frequens

1819 1852 2043 1921 populus
2072 1869 2303 1923 praesens
2329 1865 2500 1918 esset,
2538 1865 2592 1911 et
2621 1858 2720 1912 loci
2760 1860 2927 1914 sancti
2966 1863 3259 1929 cancellos,
3292 1862 3382 1917 ubi

1818 1943 2127 2013 martyrium
2149 1953 2264 1998 erat
2284 1946 2327 2009 ³,
2351 1944 2495 2000 idem
2509 1946 2719 2016 juvenis
2739 1963 2897 2003 orans
2921 1959 3142 2017 teneret,
3165 1962 3385 2022 repente

1818 2041 2113 2101 prostratus
2140 2043 2256 2100 est,
2300 2044 2355 2090 et
2380 2035 2661 2093 dormienti
2702 2038 3001 2094 simillimus
3038 2041 3204 2110 jacuit
3229 2059 3244 2097 :
3274 2058 3382 2099 non

1822 2130 1995 2178 tamen
2040 2132 2293 2192 tremens,
2343 2127 2479 2182 sicut
2503 2128 2659 2184 etiam
2708 2145 2803 2200 per
2838 2146 3080 2188 somnum
3111 2134 3130 2166 ³
3154 2135 3380 2191 solebat.

1819 2212 2164 2282 Stupentibus
2191 2217 2280 2286 qui
2306 2216 2542 2285 aderant,
2570 2229 2727 2289 atque
2752 2222 2868 2276 aliis
2895 2224 3237 2292 paventibus,
3265 2225 3383 2281 aliis

1817 2304 2137 2371 dolentibus,
2162 2321 2281 2360 cum
2304 2322 2423 2362 eum
2450 2309 2661 2379 quidam
2685 2312 2876 2366 vellent
2901 2314 3123 2383 erigere,
3146 2316 3382 2370 nonnulli

1821 2396 2221 2465 prohibuerunt,
2263 2408 2316 2453 et
2354 2400 2528 2469 potius
2565 2402 2765 2456 exitum
2808 2406 3220 2473 exspectandum
3263 2420 3384 2461 esse

1820 2487 2087 2541 dixerunt.
2114 2487 2179 2542 Et
2202 2503 2327 2544 ecce
2352 2492 2600 2557 surrexit,
2622 2502 2676 2547 et
2700 2509 2802 2548 non
2830 2497 3106 2563 tremebat,
3128 2499 3381 2568 quoniam

1819 2587 2036 2632 sanatus
2060 2587 2194 2643 erat,
2226 2588 2279 2634 et
2302 2580 2477 2635 stabat
2501 2581 2809 2649 incolumis,
2843 2585 3050 2641 intuens
3098 2588 3383 2645 intuentes.

1820 2669 1950 2737 Quis
1967 2685 2096 2739 ergo
2119 2684 2178 2725 se
2202 2671 2369 2726 tenuit
2389 2687 2418 2725 a
2447 2672 2687 2728 laudibus
2717 2674 2849 2729 Dei?
2886 2676 3236 2732 Clamantium
3262 2693 3388 2746 gra-

1820 2759 2202 2829 tulantiumque
2229 2761 2446 2815 vocibus
2482 2762 2703 2817 ecclesia
2734 2778 3105 2835 usquequaque
3127 2768 3387 2835 completa

1821 2859 1921 2903 est.
1954 2850 2078 2905 Inde
2106 2850 2171 2904 ad
2198 2866 2281 2907 me
2303 2853 2553 2918 curritur,
2581 2854 2666 2907 ubi
2696 2854 2943 2909 sedebam
2966 2856 3075 2925 jam
3106 2852 3393 2925 processu-

1821 2954 1944 2993 rus:
1970 2941 2117 2994 irruit
2144 2942 2277 2995 alter
2291 2942 2513 3011 quisque
2533 2952 2650 3013 post
2668 2945 2907 3011 alterum,
2927 2948 3101 3001 omnis
3127 2949 3390 3017 posterior

1823 3029 1971 3097 quasi
2002 3045 2215 3097 novum,
2257 3031 2396 3100 quod
2426 3032 2563 3086 alius
2593 3033 2736 3101 prior
2763 3034 2989 3098 dixerat,
3036 3038 3338 3093 nuntiantes
3367 3055 3383 3092 :

1825 3134 2014 3189 meque
2029 3120 2289 3189 gaudente
2306 3131 2360 3176 et
2374 3123 2513 3190 apud
2532 3139 2618 3178 me
2644 3126 2840 3194 gratias
2867 3126 2972 3179 Deo
2993 3137 3202 3196 agente,
3218 3128 3390 3199 ingre-

1824 3211 1968 3267 ditur
1995 3214 2151 3268 etiam
2197 3213 2309 3283 ipse
2349 3228 2471 3268 cum
2520 3216 2773 3283 pluribus,
2819 3217 3102 3273 inclinatur
3124 3220 3188 3274 ad
3218 3236 3389 3290 genua

1829 3316 1967 3367 mea,
2000 3303 2219 3371 erigitur
2246 3303 2311 3356 ad
2339 3303 2582 3358 osculum
2611 3320 2809 3360 meum.
2841 3306 3178 3363 Procedimus
3202 3310 3267 3363 ad
3296 3325 3391 3380 po-

1830 3392 2031 3461 pulum,
2060 3393 2211 3461 plena
2237 3402 2354 3447 erat
2379 3394 2603 3448 ecclesia
2620 3434 2635 3458 ,
2676 3397 2990 3463 personabat
3013 3399 3230 3453 vocibus
3256 3413 3392 3469 gau-

1829 3482 2069 3545 diorum,
2102 3482 2210 3535 Deo
2239 3483 2474 3551 gratias!
2521 3484 2632 3539 Deo
2670 3485 2890 3541 laudes!
2923 3488 3136 3544 nemine
3164 3500 3393 3558 tacente,

1830 3572 1952 3627 hinc
1978 3582 2137 3642 atque
2183 3573 2304 3627 inde
2330 3574 2690 3629 clamantium.
2742 3576 2974 3632 Salutavi
3018 3581 3308 3649 populum,
3341 3591 3398 3639 et

1830 3678 2013 3717 rursus
2037 3661 2223 3717 eadem
2250 3662 2573 3718 ferventiore
2596 3680 2728 3721 voce
2752 3667 3069 3723 clamabant.
3097 3669 3258 3725 Facto
3280 3680 3401 3728 tan-

1831 3754 1954 3808 dem
2002 3753 2252 3820 silentio,
2302 3754 2693 3823 Scripturarum
2740 3755 3037 3813 divinarum
3095 3767 3219 3814 sunt
3265 3760 3401 3817 lecta

1831 3844 2110 3902 solemnia.
2144 3844 2243 3900 Ubi
2285 3855 2459 3900 autem
2504 3855 2717 3902 ventum
2757 3857 2841 3903 est
2880 3849 2947 3904 ad
2992 3851 3095 3906 mei
3140 3851 3403 3909 sermonis

1834 3935 2029 3999 locum,
2059 3935 2164 3990 disi
2196 3952 2354 4004 pauca
2385 3952 2484 4007 pro
2513 3946 2751 4009 tempore
2776 3949 2832 3995 et
2858 3956 2955 4010 pro
2993 3942 3131 3998 illius
3154 3944 3405 4012 jucundi-

1836 4035 1943 4080 tate
1983 4026 2199 4083 laetitia.
2232 4027 2392 4097 Magis
2428 4030 2570 4083 enim
2597 4045 2692 4085 eos
2735 4030 2787 4085 in
2824 4046 2987 4101 opere
3009 4032 3187 4087 divino
3215 4050 3401 4103 quam-

1836 4117 1957 4172 dam
1989 4117 2083 4172 Dei
2122 4118 2498 4187 eloquentiam,
2544 4135 2650 4174 non
2688 4121 2890 4186 audire,
2936 4122 3030 4175 sed
3072 4120 3424 4181 considerare“

1839 4208 2076 4279 permisi.
2106 4208 2387 4264 Nobiscum
2418 4209 2578 4264 homo
2608 4210 2835 4279 prandit,
2869 4219 2924 4264 et
2947 4210 3228 4282 diligenter
3251 4213 3404 4271 nobis

1838 4313 2055 4354 omnem
2097 4314 2208 4355 sua:
2250 4314 2312 4353 ac
2363 4309 2616 4354 maternae
2680 4300 3031 4371 fraternasque
3096 4304 3411 4361 calamitatis

1840 4389 2089 4445 indicavit
2114 4390 2403 4445 historiam.
2433 4392 2683 4461 Sequenti
2716 4391 2892 4461 itaque
2918 4392 3033 4460 die,
3052 4403 3176 4463 post
3203 4410 3410 4451 sermo—

1843 4496 1965 4537 nem
1989 4479 2272 4546 redditum,
2300 4481 2619 4536 narrationis
2642 4480 2758 4552 ejus
2778 4481 3016 4536 libellum
3042 4484 3094 4537 in
3120 4485 3410 4539 crastinum

1842 4573 2039 4643 populo
2066 4571 2392 4627 recitandum
2422 4573 2639 4641 promisi
2670 4570 2874 4643 (Serm.
2901 4573 2999 4627 321
3023 4573 3064 4644 ).
3095 4573 3247 4641 Quod
3289 4589 3409 4629 cum

1844 4681 1912 4720 ex
1955 4664 2224 4719 dominico
2265 4662 2484 4719 Pascha
2525 4663 2613 4719 die
2659 4664 2820 4718 tertio
2869 4667 3017 4719 fieret
3065 4665 3119 4721 in
3160 4665 3414 4734 gradibus

1845 4755 2080 4820 exedra),
2106 4755 2158 4809 in
2187 4770 2288 4825 qua
2310 4754 2376 4808 de
2401 4752 2677 4822 superiore
2706 4754 2961 4825 loquebar
2986 4755 3123 4819 loco,
3148 4754 3248 4810 feci
3274 4760 3416 4809 stare

1846 4847 2034 4905 ambos
2057 4846 2244 4900 fratres
2263 4885 2279 4909 ,
2308 4859 2427 4899 cum
2457 4858 2641 4899 eorum
2682 4845 2944 4913 legeretur
2971 4844 3178 4899 libellus
3206 4847 3223 4913 (
3248 4845 3418 4899 Serm.

1848 4938 1997 5009 522).
2028 4937 2333 4993 lntuebatur
2362 4936 2589 5006 populus
2622 4938 2901 4991 universus
2930 4950 3091 4991 sexus
3127 4943 3421 5005 utriusque,

1851 5045 2014 5084 unum
2039 5038 2265 5085 stantem
2294 5027 2411 5082 sine
2438 5026 2665 5082 deformi
2693 5037 2839 5082 motu
2863 5066 2880 5093 ,
2907 5027 3131 5082 alterum
3171 5028 3421 5082 membris

1852 5122 2099 5181 omnibus
2137 5130 2582 5177 contrementem.
2608 5120 2673 5173 Et
2701 5119 2788 5190 qui
2826 5118 2999 5189 ipsum
3027 5133 3130 5173 non
3160 5118 3422 5180 viderant,

1856 5213 1980 5283 quid
2023 5213 2074 5268 in
2117 5226 2185 5267 eo
2224 5210 2419 5268 divinte
2469 5210 2847 5266 misericordia:
2871 5209 2895 5241 ⁸
2926 5209 3120 5263 factum
3164 5218 3341 5273 esset,
3376 5208 3426 5262 in

1858 5304 1975 5373 ejus
2019 5317 2204 5357 sorore
2255 5302 2565 5358 cernebant.
2610 5299 2872 5355 Videbam
2913 5299 3053 5353 enim
3096 5298 3219 5367 quid
3262 5296 3314 5351 in
3363 5311 3428 5351 eo

1924 5437 1938 5469 ι
1976 5432 2107 5483 viud.
2131 5440 2232 5482 Am.
2255 5439 2331 5483 Er.
2354 5447 2465 5484 cum
2480 5430 2726 5482 nonnullis
2746 5429 3097 5490 manuscriptis,
3114 5440 3430 5490 quocumque.

1923 5499 1943 5528 ³
1976 5494 2194 5545 Nonnulli
2218 5503 2344 5552 Mss,
2370 5494 2450 5544 ubi
2482 5490 2710 5553 martyris
2754 5487 2976 5540 memoria
2987 5487 3411 5551 eratﬁtuterpr'eta

247 5544 989 5632 ‹.ι3”γ’ίῖι“ῗ’ἒεῖι”ἱἰἓι¹ι”οὲδιετδοτιν
1016 5566 1224 5632 tom-Et.
1259 5576 1447 5632 news"
1482 5560 1657 5612 librum
1693 5560 1757 5611 (ιο
1862 5544 2029 5632 licet
2050 5544 2386 5632 099W;

186 5624 422 5693 Ilraéulis
444 5638 490 5679 S.
507 5636 606 5693 Sto!
621 5629 748 5693 han‘i,
772 5631 817 5677 in
847 5624 986 5693 hujus
1010 5630 1123 5680 tomi
1145 5630 1175 5679 7
1201 5624 1490 5689 Appendice.

249 5690 323 5753 (lt)
357 5698 496 5741 Forte
511 5726 526 5749 ,
561 5688 816 5748 cingulum.

1926 5620 1948 5681 ξ
1980 5626 2051 5681 Fr.
2076 5607 2276 5674 etVLov.,
2301 5628 2385 5678 per
2407 5610 2996 5681 sonttﬁttm.§mentlantur
3020 5623 3082 5660 ex
3099 5608 3215 5681 aliis
3234 5607 3389 5659 libris.

1927 5680 1950 5712 δ
1983 5679 2171 5742 Aliquot
2193 5672 2324 5737 mss,
2348 5674 2464 5738 quid
2489 5675 2537 5724 in
2559 5686 2617 5724 eo
2651 5672 2721 5722 dit
2732 5672 2810 5722 ina
2832 5672 3177 5721 misericordia.
