3960 6542
500 401 599 457 τη

502 509 891 587 gratulandum,
919 504 1043 577 quid
1071 515 1167 574 pro
1193 499 1280 555 illa
1308 502 1451 552 esset
1477 483 1928 587 orandum-later
1954 479 2070 533 iure

506 574 733 660 recitato
753 574 1172 658 eonmrlibeilo,
1199 589 1267 644 de
1289 591 1577 654 conspectu
1605 578 1782 651 populi
1812 574 1956 629 abire
1980 586 2074 626 eos

507 691 767 764 pra-cepi;
809 696 863 741 et
897 686 963 739 de
1003 692 1110 736 tota
1148 682 1257 749 ipsa
1286 690 1444 732 causa
1481 671 1748 764 aliquanto
1773 662 2076 735 dﬁigeutius

506 761 770 851 cmpcram
803 778 1090 845 disputare,
1119 784 1241 825 cum
1270 778 1415 831 ecce,
1444 778 1529 817 me
1553 761 1854 851 disputante
1872 796 1887 819 ,

512 846 629 928 aliae
653 873 721 926 de
746 865 1000 922 memoria
1025 861 1266 931 Martyris
1292 847 1832 923 novm'gratulationis
1858 846 2078 900 audiun-

511 977 616 1020 tur.
646 959 901 1017 Conversi
931 964 1054 1011 sunt
1095 968 1160 1009 eo
1188 951 1277 1021 qui
1307 965 1391 1002 me
1429 944 1746 1007 audiebant,
1773 944 2079 1008 cmperunt-

509 1069 616 1122 que
642 1062 978 1106 concurrere.
1014 1045 1103 1099 Illa
1136 1042 1281 1111 enim
1308 1039 1394 1094 ubi
1414 1037 1481 1091 de
1508 1034 1759 1105 gradibus
1783 1026 2079 1094 descendit,

512 1144 563 1195 in
591 1140 782 1212 quibus
807 1145 1067 1197 steterat,
1100 1133 1165 1186 ad
1197 1139 1436 1185 sanctum
1464 1126 1746 1196 Martyrem
1776 1134 1929 1173 orare

517 1209 752 1288 rexerat.
783 1231 913 1296 Qua:
936 1242 1060 1281 mox
1087 1234 1141 1279 ut
1165 1221 1430 1277 cancellos
1455 1218 1646 1287 attigit,
1673 1215 1906 1282 collapsa
1938 1209 2083 1263 simi-

514 1325 635 1378 liter
672 1321 817 1375 velut
866 1319 917 1373 in
970 1331 1213 1371 somnum
1240 1355 1256 1379 ,
1301 1327 1431 1367 sana
1485 1305 1730 1362 surrexit.
1783 1305 1913 1357 Dum
1956 1313 2085 1370 ergo

518 1413 909 1481 requireremus
933 1405 1061 1477 quid
1088 1404 1282 1459 factum
1314 1401 1491 1464 fuerit,
1536 1398 1675 1452 unde
1710 1396 1809 1449 iste
1837 1393 2086 1461 strepitus

516 1503 671 1557 laetus
698 1499 990 1563 exstiterit,
1022 1495 1245 1565 ingressi
1291 1500 1416 1546 sunt
1441 1505 1561 1545 cum
1588 1489 1675 1541 illa
1711 1488 1762 1541 iu
1792 1484 2084 1547 basilicam,

517 1594 604 1649 ubi
631 1606 875 1657 eramus,
905 1588 1230 1644 adducentes
1268 1599 1386 1639 eam
1429 1597 1610 1635 sanam
1640 1579 1706 1633 de
1742 1577 1983 1648 Martyris
2008 1574 2084 1645 (a)

518 1683 657 1737 loco.
705 1682 838 1736 Tum
867 1695 992 1733 vero
1020 1686 1195 1732 tantus
1221 1675 1291 1729 ab
1320 1683 1544 1742 utroque
1569 1686 1697 1726 sexu
1726 1666 2091 1722 admirationis

518 1774 719 1827 clamor
743 1779 960 1825 exortus
988 1776 1101 1831 est,
1144 1776 1200 1820 ut
1232 1780 1331 1819 vox
1361 1764 1663 1818 continuata
1692 1776 1812 1814 cum
1844 1757 2091 1829 lacrymis

521 1880 627 1920 non
649 1863 917 1918 videretur
944 1875 1098 1931 posse
1126 1858 1261 1913 ﬁniri
1285 1856 1436 1926 (νῆά.
1462 1856 1626 1911 Serm.
1653 1852 1804 1922 525).
1833 1850 2093 1906 Perducta

519 1968 603 2013 est
630 1957 695 2012 ad
727 1971 849 2010 eum
878 1956 1050 2009 locum
1074 1994 1091 2018 ,
1125 1953 1211 2007 ubi
1242 1950 1401 2020 paulo
1429 1956 1551 2002 ante
1580 1954 1798 2000 steterat
1839 1954 2090 1997 tremens.

522 2047 867 2104 Exsultabant
880 2060 996 2099 eam
1015 2043 1239 2098 similem
1260 2040 1466 2103 fratri‘,
1487 2038 1569 2092 cui
1588 2036 1865 2091 doluerunt
1885 2048 2095 2088 reman-

525 2142 662 2196 sisse
688 2139 998 2195 dissimilem
1036 2154 1049 2190 :
1080 2144 1135 2191 et
1173 2134 1404 2190 nondum
1450 2132 1592 2187 fusas
1636 2146 1819 2201 preces
1848 2143 1971 2183 suas
2000 2142 2097 2197 pro

524 2230 614 2286 illa
635 2274 651 2298 ,
674 2230 781 2301 jam
811 2240 987 2284 tamen
1016 2228 1269 2299 prteviam
1295 2226 1618 2278 Voluntatem
1662 2232 1766 2277 tam
1796 2222 1901 2275 cito
1929 2235 2097 2275 exau-

523 2322 687 2378 ditam
732 2337 851 2377 esse
896 2320 1205 2375 cernebant.
1258 2315 1602 2372 Exsultubant
1650 2315 1701 2369 in
1747 2313 1838 2369 Dei
1886 2312 2096 2367 laudem

524 2430 656 2471 voce
672 2416 692 2446 ’
711 2415 827 2469 sine
846 2412 1043 2476 verbis,
1068 2421 1214 2466 tanto
1235 2411 1429 2473 sonitu,
1452 2418 1705 2480 quantum
1728 2422 1881 2461 aures
1903 2413 2099 2459 nostra:

526 2506 667 2561 ferre
690 2506 775 2559 vix
798 2513 1031 2575 possent.
1057 2503 1192 2572 Quid
1216 2512 1329 2557 erat
1350 2502 1399 2555 in
1429 2499 1674 2555 cordibus
1698 2498 2097 2560 exsultantium,

526 2598 628 2652 nisi
657 2596 788 2652 ﬁdes
813 2596 1043 2662 Christi,
1075 2609 1171 2665 pro
1199 2609 1303 2664 qua
1325 2593 1345 2623 ⁸
1365 2591 1621 2663 Stephani
1649 2589 1866 2660 sanguis
1900 2588 2102 2644 eil'usus

530 2690 658 2745 est?

528 2800 751 2858 CAPUT
778 2799 868 2853 lX.
889 2828 964 2839 —
989 2797 1137 2864 Quod
1164 2797 1397 2850 universa
1420 2794 1686 2856 miracula,
1715 2807 1829 2863 qua
1854 2807 1943 2862 per
1967 2806 2106 2844 mar-

599 2901 733 2961 tyres
773 2891 826 2943 in
858 2889 1043 2944 Christi
1073 2888 1274 2942 nomine
1304 2887 1475 2956 ﬁunt,
1519 2887 1562 2940 ei
1608 2885 1727 2955 ﬁdei
1769 2883 2105 2939 testimonium

601 2982 786 3051 ferant,
822 2997 920 3048 qua
947 2980 1001 3033 in
1031 2979 1282 3032 Christum
1310 2986 1555 3047 martyres
1582 2974 1924 3031 crediderunt.

602 3092 736 3157 Cui,
765 3092 865 3144 nisi
909 3089 1031 3144 huic
1069 3088 1188 3143 ﬁdei
1234 3095 1555 3142 attestantur
1594 3087 1691 3141 ista
1730 3085 2016 3151 miracula,
2049 3085 2103 3139 in

538 3198 642 3249 qua
674 3180 998 3251 prtedicatur
1021 3179 1266 3234 Christus
1294 3178 1647 3233 resurrexissc
1674 3177 1726 3231 in
1753 3192 1933 3243 carne,
1972 3186 2024 3231 et
2051 3176 2103 3231 in

532 3271 727 3326 coelum
756 3269 1060 3325 ascendisse
1086 3284 1209 3324 cum
1238 3266 1441 3323 carne?
1482 3266 1614 3335 Quia
1643 3275 1698 3322 et
1724 3266 1821 3337 ipsi
1846 3275 2107 3338 martyres

538 3360 696 3429 hujus
734 3358 856 3415 ﬁdei
886 3370 1167 3430 martyres,
1200 3357 1251 3413 id
1278 3368 1382 3420 est.
1430 3357 1588 3427 hujus
1617 3357 1738 3412 ﬁdei
1783 3366 1947 3412 testes
1987 3354 2106 3412 fue-

537 3459 695 3516 runt,
729 3449 850 3505 huic
895 3450 1015 3505 ﬁdei
1061 3448 1421 3505 testimonium
1464 3447 1809 3517 perhibentes
1852 3447 2106 3501 mundum

538 3540 961 3597 inimicissimum
991 3549 1045 3595 et
1085 3539 1511 3595 crudelissimum
1546 3539 1917 3610 pertulerunt;
1958 3553 2111 3593 eum-

537 3647 675 3703 que,
708 3646 815 3688 non
855 3632 1217 3703 repugnando,
1262 3629 1357 3686 sed
1400 3629 1676 3685 moriendo
1698 3630 1958 3684 vicerunt.
2005 3627 2112 3683 Pro

539 3722 640 3777 ista
670 3721 774 3778 ﬁde
803 3722 996 3777 mortui
1034 3730 1192 3790 sunt,
1222 3720 1313 3791 qui
1352 3721 1467 3775 haec
1502 3733 1533 3773 a
1563 3718 1789 3773 Domino
1827 3718 2112 3789 impetrare

539 3824 781 3884 possunt,
821 3826 1038 3885 propter
1064 3814 1218 3883 cujus
1253 3826 1447 3868 nomen
1487 3810 1649 3869 occisi
1692 3820 1837 3867 sunt.
1881 3808 1986 3866 Pro
2012 3811 2112 3866 hac

538 3906 647 3960 ﬁde
671 3906 947 3975 prtecessit
968 3919 1153 3959 eorum
1181 3903 1316 3958 mira
1354 3903 1630 3972 patientia,
1657 3912 1716 3957 ut
1744 3902 1797 3957 in
1825 3902 1909 3958 his
1945 3902 2111 3958 mira-

536 3996 680 4051 culis
708 4004 859 4050 tanta.
878 3994 977 4049 ista
1009 3994 1242 4062 potentia
1267 4001 1602 4065 sequeretur.
1633 3994 1765 4049 Nam
1790 3995 1837 4051 si
1860 3994 2039 4051 carnis
2058 3995 2112 4049 in

540 4092 801 4140 alternum
845 4084 1167 4139 resurrectio
1201 4084 1285 4138 vel
1326 4100 1434 4138 non
1478 4085 1739 4154 praevenit
1780 4086 1835 4138 in
1875 4082 2112 4150 Christo,

538 4176 623 4231 vel
670 4191 775 4230 non
805 4183 1027 4230 ventura
1067 4182 1172 4239 est,
1220 4175 1357 4230 sicut
1400 4176 1783 4245 pranuntiatur
1818 4190 1847 4229 a
1878 4174 2133 4243 Christo,

540 4268 627 4337 vel
651 4268 788 4323 sicut
812 4266 1161 4337 praenuntiata
1188 4276 1272 4322 est
1307 4282 1337 4322 a
1364 4266 1674 4337 Prophetis,
1702 4283 1732 4321 a
1760 4267 1951 4339 quibus
1979 4283 2117 4338 prae-

540 4358 814 4413 nuntiatus
835 4365 920 4421 est
936 4355 1212 4421 Christus;
1239 4372 1337 4412 cur
1360 4366 1417 4413 et
1440 4358 1634 4412 mortui
1658 4357 1680 4389 ‘
1706 4367 1848 4413 tanta
1868 4369 2114 4428 possunt,

540 4448 629 4518 qui
675 4462 771 4517 pro
810 4462 876 4503 ea
918 4445 1023 4503 ﬁde
1047 4487 1063 4514 ,
1110 4461 1213 4517 qua
1260 4446 1376 4503 inec
1417 4450 1737 4504 resurrectio
1777 4450 2115 4519 praedicatur,

540 4540 704 4595 occisi
734 4540 894 4594 sunt?
936 4538 1059 4593 Sive
1086 4540 1230 4594 enim
1261 4540 1402 4594 Deus
1425 4539 1539 4609 ipse
1569 4554 1667 4610 per
1691 4555 1750 4595 se
1780 4541 1951 4611 ipsum
1984 4542 2120 4597 miro

543 4634 723 4697 modo,
764 4646 871 4702 quo
912 4646 1000 4686 res
1043 4632 1366 4701 temporales
1407 4640 1661 4701 operatur
1705 4643 1956 4698 aeternus,
2002 4634 2129 4689 sive

542 4737 638 4792 per
665 4737 791 4777 suos
836 4722 1109 4777 ministros
1157 4724 1255 4778 ista
1302 4723 1496 4789 faciat;
1547 4734 1603 4779 et
1645 4725 1831 4779 eadem
1859 4724 1974 4795 ipsa
2003 4740 2123 4795 qua:

543 4827 639 4880 rer
678 4813 953 4869 ministros
1000 4813 1159 4881 facit,
1203 4814 1317 4869 sive
1343 4816 1585 4886 quaedam
1633 4815 1792 4872 faciat
1837 4819 1997 4872 etiam
2029 4833 2124 4889 per

541 4903 829 4974 Martyrum
858 4904 1096 4973 spiritus,
1124 4904 1263 4959 sicut
1289 4921 1385 4975 per
1426 4906 1669 4963 homines
1696 4908 1870 4964 adhuc
1913 4909 1966 4964 in
2002 4924 2125 4965 cor-

545 5009 673 5063 pore
695 4996 1049 5062 constitutos;
1077 4998 1192 5052 sive
1210 4999 1386 5053 omnia
1414 4999 1512 5054 ista
1543 5016 1640 5069 per
1661 5002 1908 5071 Angelos,
1934 5003 2124 5072 quibus

544 5082 898 5150 invisibiliter,
924 5084 1342 5154 immutabiliter,
1368 5097 1423 5143 et
1445 5090 1856 5161 incorporaliter
1879 5096 2123 5166 imperat,

544 5181 833 5241 operetur;
881 5182 939 5229 ut
978 5190 1099 5245 quae
1144 5190 1240 5247 per
1268 5177 1527 5251 Martyres
1571 5183 1684 5237 ﬁeri
1730 5184 2015 5251 dicuntur,
2046 5186 2126 5241 eis

546 5264 821 5318 orantibus
853 5272 1056 5319 tantum
1083 5274 1139 5320 et
1181 5266 1586 5337 impetrantibus
1606 5312 1623 5338 ,
1664 5289 1771 5327 non
1813 5274 1973 5329 etiam
1999 5290 2128 5346 ope-

550 5354 793 5413 tantibus
823 5356 987 5423 ﬁant;
1030 5356 1144 5414 sive
1186 5358 1291 5413 alia
1331 5359 1469 5428 istis,
1505 5362 1608 5416 alia
1652 5363 1755 5419 illis
1798 5365 2005 5431 modis,
2036 5368 2127 5439 qui

612 5534 636 5607 ξ
666 5532 996 5607 lgiitigddupt,
1010 5535 1191 5607 [aetatm
1217 5550 1362 5601 :qute
1386 5552 1479 5589 vox
1498 5540 1639 5593 abest
1659 5553 1688 5590 a
1709 5543 2062 5607 manuscriptis.

614 5595 639 5666 ξ
671 5595 743 5666 sic
766 5595 900 5666 vind.
919 5595 1020 5666 tun;
1034 5605 1086 5647 et
1107 5605 1213 5649 uss.
1239 5595 1293 5650 Αἰ
1314 5609 1387 5651 Er.
1413 5610 1467 5653 et
1481 5610 1587 5653 Lov.
1606 5638 1624 5666 ,
1648 5615 1799 5655 voces.

620 5654 641 5718 ξ
674 5654 898 5718 Plerique
921 5664 1046 5712 Mss.
1067 5671 1178 5718 quo.

616 5712 638 5779 ξ
670 5717 743 5779 _stc
765 5712 868 5764 Ms's.
890 5718 946 5767 At
969 5712 1106 5779 editi,

1088 5753 1106 5790 ρ
1134 5735 1284 5785 Quare
1306 5731 1558 5789 martyres.

614 5771 690 5833 (α)
704 5780 859 5837 Forte,
882 5771 1115 5842 Martyrii'.

1516 376 1605 435 DE
1640 367 1960 431 CIVITATE
1999 363 2134 433 DEI,
2174 362 2236 420 S.
2276 361 2639 420 AUGUSTI?“

3666 362 3775 419 773

2182 477 2328 531 nullo
2368 478 2527 531 modo
2565 462 2943 547 eompi‘chendi
2982 488 3015 529 a
3054 473 3379 530 mortalibus
3418 483 3645 541 possunt
3684 480 3773 531 :ei

2182 576 2356 623 tamen
2385 576 2699 622 attestautur
2737 567 2853 622 lure
2893 565 3037 632 ﬁdei,
3085 566 3139 621 in
3171 582 3279 637 qua
3311 566 3488 621 carnis
3526 565 3577 619 in
3619 578 3778 623 mter-

2183 676 2308 715 num
2338 660 2658 714 resurrectio
2686 659 3027 730 pra-dicatur.

2183 814 2406 870 CAPUT
2436 813 2502 867 Χ.
2526 842 2601 855 —-
2626 815 2827 879 Quanto
2874 813 3077 884 dignius
3123 812 3442 865 hortarentur
3489 823 3741 880 martyres
3762 857 3778 877 ,

2254 906 2341 972 qui
2367 906 2479 959 ideo
2507 906 2666 958 multa
2693 907 2823 958 mira
2851 906 3074 958 obtinent
3095 944 3114 971 ,
3138 913 3198 957 ut
3225 902 3365 956 Deus
3390 920 3536 957 rem
3559 907 3775 963 colatur,

2256 1013 2406 1067 quam
2434 997 2689 1051 dmones
2705 1036 2722 1061 ,
2748 997 2835 1067 qui
2861 997 2924 1050 ob
2949 997 3043 1050 hoc
3069 995 3310 1066 qudam
3340 997 3539 1066 faciunt
3561 1037 3577 1063 ,
3609 1007 3667 1047 at
3693 998 3781 1049 insi

2256 1088 2333 1142 dii
2357 1105 2462 1144 esse
2485 1088 2754 1142 credantur

2263 1244 2359 1299 Hic
2383 1243 2522 1299 forte
2549 1243 2739 1298 dicturi
2764 1254 2887 1298 sunt
2913 1284 2928 1307 ,
2951 1243 3111 1298 etiam
3136 1243 3272 1296 deos
3299 1256 3431 1295 suos
3454 1242 3635 1310 aliqua
3657 1245 3785 1296 mira

2189 1333 2399 1391 fecisse.
2426 1335 2569 1390 Bene
2590 1376 2607 1399 ,
2634 1335 2679 1389 si
2703 1336 2811 1403 jam
2833 1334 3087 1403 incipiunt
3106 1333 3240 1389 deos
3260 1348 3394 1387 suos
3422 1334 3627 1387 nostris
3650 1350 3788 1386 mor-

2193 1426 2296 1481 tuis
2318 1427 2619 1481 homiuibus
2638 1443 2968 1496 comparare.
2997 1432 3078 1482 An
3098 1427 3281 1481 dicent
3299 1427 3470 1481 etiam
3500 1441 3561 1481 se
3590 1425 3789 1480 habere

2192 1516 2322 1573 deos
2347 1533 2411 1573 ex
2441 1517 2744 1573 hominibus
2785 1518 3009 1573 mortuis
3030 1558 3046 1583 ,
3092 1518 3232 1572 sicut
3274 1519 3572 1574 Herculem
3596 1560 3614 1585 ,
3656 1520 3790 1574 sicut

2194 1610 2479 1665 Romulum
2505 1653 2523 1677 ,
2547 1612 2684 1666 sicut
2706 1611 2839 1665 alios
2858 1612 3051 1665 multos
3072 1652 3088 1675 ,
3117 1627 3254 1681 quos
3274 1611 3329 1665 in
3351 1611 3585 1666 deorum
3607 1629 3791 1665 lume-

2193 1719 2310 1757 rnm
2332 1712 2572 1772 receptos
2591 1703 2913 1771 opinantur?
2937 1701 3043 1757 Sed
3063 1703 3218 1757 nobis
3240 1712 3515 1774 martyres
3542 1718 3650 1757 non
3671 1712 3791 1757 sunt

2194 1792 2268 1847 dii
2298 1812 2309 1846 :
2334 1792 2454 1861 quia
2477 1808 2637 1846 unum
2660 1791 3010 1862 eumdemque
3031 1792 3201 1847 Deum
3230 1802 3286 1848 et
3310 1802 3563 1847 nostrum
3594 1793 3792 1848 scit-us

2196 1891 2251 1938 ct
2275 1893 2585 1955 martyrum.
2616 1882 2724 1937 Nec
2752 1891 2929 1937 tamen
2958 1883 3228 1939 miraculis
3252 1926 3269 1949 ,
3300 1899 3426 1953 qum
3457 1900 3561 1953 per
3586 1884 3785 1938 lemu-

2197 1973 2304 2028 rias
2327 1982 2629 2029 nostrorum
2667 1985 2960 2044 martyrum
2997 1975 3173 2040 ﬁunt,
3214 1975 3328 2030 ullo
3370 1976 3539 2030 modo
3576 1991 3788 2045 compa-

2199 2064 2363 2119 randa
2393 2073 2519 2119 sunt
2545 2066 2798 2121 miracula
2820 2107 2835 2131 ,
2859 2083 2978 2137 qua:
3002 2068 3136 2122 facta
3157 2084 3255 2138 per
3274 2070 3473 2139 templa
3502 2070 3788 2140 perhiben-

2203 2167 2287 2211 tur
2311 2155 2544 2212 illorum.
2578 2157 2774 2213 Verum
2802 2160 2848 2214 si
2885 2175 2987 2229 qua
3023 2160 3215 2215 similia
3246 2160 3502 2216 videntur
3523 2203 3541 2227 ,
3586 2164 3721 2217 sicut
3754 2178 3783 2218 a

2202 2249 2385 2321 Moyse
2413 2252 2552 2320 magi
2578 2251 2871 2307 Pharaonis
2906 2254 2922 2320 (
2955 2251 3126 2307 Exod.
3156 2270 3248 2309 vnt
3280 2256 3322 2324 ),
3365 2255 3443 2309 sic
3489 2269 3678 2311 eorum
3712 2256 3777 2309 dii

2200 2341 2324 2395 victi
2351 2349 2475 2396 sunt
2496 2356 2527 2396 a
2558 2343 2877 2415 martyribus
2904 2344 3121 2399 nostris.
3171 2345 3443 2400 Fecerunt
3480 2357 3659 2400 autem
3698 2347 3775 2400 illa

2202 2431 2475 2487 daemones
2502 2447 2570 2489 eo
2599 2433 2733 2488 fastu
2761 2434 2982 2503 impune
3006 2436 3277 2505 superbia!
3303 2477 3319 2499 ,
3350 2452 3457 2506 quo
3494 2453 3680 2492 eorum
3713 2438 3775 2492 dii

2202 2537 2321 2579 esse
2348 2524 2635 2580 voluerunt
2662 2544 2677 2580 :
2703 2525 2901 2582 faciunt
2927 2537 3105 2582 autem
3133 2529 3231 2582 ista
3254 2539 3524 2600 martyres
3546 2571 3563 2595 ,
3589 2529 3670 2584 vel
3690 2544 3773 2599 po-

2205 2613 2310 2669 tius
2353 2616 2490 2671 Deus
2528 2626 2619 2671 aut
2674 2618 2947 2672 orantibus
2992 2629 3084 2673 aut
3118 2622 3540 2689 eooperantibus
3586 2623 3695 2685 eis,
3722 2630 3771 2675 st

2204 2704 2336 2760 ﬁdes
2362 2707 2451 2761 illa
2483 2708 2720 2777 proﬁciat
2748 2749 2765 2772 ,
2792 2725 2896 2779 qua
2924 2724 3019 2765 eos
3040 2749 3055 2774 ,
3100 2725 3207 2765 non
3228 2711 3367 2767 deos
3390 2728 3512 2768 esse
3542 2724 3737 2767 nostros
3754 2755 3769 2779 ,

2204 2796 2302 2850 sed
2320 2812 2481 2852 unum
2506 2798 2669 2853 Deum
2693 2799 2889 2855 habere
2916 2802 3194 2857 nobiseum
3214 2804 3523 2858 credamus.
3555 2804 3769 2873 Denique

2206 2888 2283 2943 illi
2318 2889 2509 2945 talibus
2536 2890 2638 2946 diis
2664 2892 2778 2947 suis
2801 2903 2856 2947 et
2884 2895 3077 2963 templa
3106 2894 3510 2951 ediﬁcaverunt
3532 2938 3550 2962 ,
3589 2906 3641 2952 et
3676 2909 3769 2951 sta-

2206 2988 2424 3036 tuerunt
2445 2996 2571 3037 aras
2593 3024 2608 3044 .
2635 2991 2691 3038 et
2718 2984 3023 3040 sacerdotes
3042 2986 3395 3043 instituerunt
3415 3031 3431 3057 ,
3453 2998 3509 3044 et
3535 2990 3764 3043 sacriﬁcia

2208 3072 2481 3128 fecerunt:
2511 3089 2610 3129 nos
2632 3085 2808 3131 autem
2839 3078 3162 3148 martyribus
3204 3080 3407 3135 nostris
3450 3097 3554 3135 non
3598 3082 3764 3152 templa

2207 3165 2348 3221 sicut
2383 3165 2487 3223 diis
2510 3208 2524 3233 ,
2550 3167 2644 3224 sed
2683 3168 2963 3225 Memorias
2999 3172 3137 3226 sicut
3181 3171 3491 3229 horninibus
3532 3175 3762 3236 mortuis,

2208 3270 2434 3325 quorum
2459 3258 2597 3327 apud
2626 3259 2794 3315 Deum
2823 3261 3007 3317 vivunt
3028 3262 3248 3332 spiritus
3269 3305 3286 3327 ,
3314 3264 3663 3331 fabricamus;
3685 3282 3765 3321 nec

2210 3345 2282 3401 ibi
2308 3347 2564 3418 erigimus
2588 3350 2776 3406 altaria
2796 3393 2813 3416 ,
2844 3352 2894 3406 in
2921 3354 3113 3423 quibus
3151 3357 3521 3413 sacriﬁcemus
3550 3359 3769 3429 martyri—

2210 3438 2311 3493 bus
2332 3481 2350 3507 ,
2379 3440 2472 3495 sed
2502 3443 2591 3496 uni
2622 3442 2737 3497 Deo
2757 3453 2812 3498 et
2848 3458 3140 3518 martyrum
3169 3456 3225 3503 ct
3264 3459 3452 3503 nostro
3475 3449 3492 3482 ¹
3520 3468 3535 3503 :
3561 3450 3623 3503 ad
3648 3449 3765 3519 quod

2213 3531 2528 3587 sacriﬁcium
2552 3573 2569 3598 ,
2598 3533 2736 3588 sicut
2763 3534 3005 3591 homines
3032 3537 3124 3592 Dei
3149 3579 3165 3603 ,
3192 3540 3283 3608 qui
3314 3540 3575 3595 mundum
3599 3541 3644 3594 in
3668 3542 3767 3609 ejus

2212 3619 2548 3678 confessione
2565 3623 2806 3680 vicerunt
2828 3667 2843 3691 ,
2864 3640 2966 3682 suo
2989 3627 3110 3683 loco
3126 3637 3182 3684 et
3199 3628 3390 3685 ordine
3419 3632 3764 3694 nominantur;

2216 3725 2322 3766 non
2353 3721 2528 3770 tamen
2556 3729 2588 3769 a
2620 3716 2902 3774 sacerdote
2924 3760 2941 3785 ,
2983 3720 3071 3789 qui
3112 3721 3376 3777 sacriﬁcat
3399 3764 3416 3789 ,
3461 3724 3763 3784 invocantur.

2216 3801 2330 3859 Deo
2355 3804 2554 3875 quippe
2574 3848 2591 3873 ,
2621 3823 2729 3863 non
2754 3808 2883 3879 ipsis
2904 3812 3169 3866 sacriﬁcat
3191 3855 3209 3877 ,
3239 3814 3491 3885 quamvis
3520 3815 3573 3869 in
3599 3816 3767 3871 lento-

2216 3892 2294 3975 ria
2332 3895 2599 3952 sacriﬁcet
2639 3914 2826 3955 eorum
2870 3918 2885 3954 :
2937 3903 3058 3970 quia
3105 3904 3203 3959 Dei
3245 3906 3501 3961 sacerdos
3542 3918 3650 3971 est,
3679 3924 3764 3961 nou

2217 3984 2453 4043 illorum.
2484 3988 2663 4058 lpsttm
2699 4007 2830 4047 vetus
2868 3993 3187 4049 sacriﬁcium
3214 4011 3410 4066 corpus
3439 4010 3526 4053 est
3560 3999 3762 4064 Cbrisﬁ,

2217 4077 2360 4146 quod
2389 4092 2499 4133 Ian
2517 4079 2738 4135 aleator
2762 4082 2930 4151 ipsis,
2956 4085 3077 4154 quia
3106 4086 3207 4141 hoc
3225 4098 3351 4142 sunt
3376 4098 3431 4144 et
3457 4090 3576 4159 ipsi.
3597 4091 3764 4157 mitius

2218 4167 2379 4237 igitur
2421 4171 2599 4240 potius
2641 4172 2991 4230 credendum
3015 4185 3100 4231 est
3144 4178 3401 4236 miracula
3442 4180 3765 4237 facientibus?

2218 4259 2369 4317 eisne
2394 4262 2485 4332 qui
2511 4278 2572 4318 se
2599 4263 2743 4333 ipsos
2769 4265 2954 4320 volunt
2982 4265 3171 4323 haberi
3205 4269 3339 4325 deos
3380 4273 3450 4327 ab
3489 4272 3572 4326 his
3606 4273 3759 4342 quibus

2219 4366 2283 4406 ea
2313 4351 2548 4421 faciunt;
2578 4370 2646 4409 an
2676 4356 2756 4411 eis
2779 4357 2869 4426 qui
2894 4398 2909 4420 ,
2938 4366 2996 4413 ut
3034 4358 3088 4413 in
3134 4359 3303 4414 Demn
3340 4362 3589 4417 credatur
3608 4406 3621 4428 ,
3646 4363 3759 4431 quod

2220 4450 2277 4497 et
2304 4442 2546 4499 Christus
2574 4455 2657 4500 est
2683 4487 2699 4510 ,
2741 4444 2941 4501 faciunt
2980 4448 3235 4520 quidquid
3278 4451 3521 4507 mirabile
3558 4452 3760 4506 faciunt?

2222 4532 2370 4588 eisne
2388 4534 2478 4603 qui
2504 4549 2655 4590 saera
2681 4552 2773 4590 sua
2794 4538 2954 4593 etiam
2974 4539 3205 4594 crimina
3228 4555 3321 4595 sua
3342 4556 3466 4597 esse
3489 4543 3755 4605 voluerunt;

2223 4638 2290 4678 an
2312 4625 2391 4681 eis
2415 4626 2506 4695 qui
2537 4641 2637 4681 nec
2664 4627 2849 4683 laudes
2872 4644 2998 4685 suas
3019 4630 3205 4685 volunt
3223 4647 3346 4687 esse
3374 4648 3524 4687 sacra
3549 4649 3630 4687 sua
3652 4675 3663 4697 ,
3685 4632 3756 4687 sed

2225 4721 2393 4771 totum
2414 4718 2555 4785 quod
2579 4718 2838 4773 veraciter
2863 4719 3148 4775 laudantur
3169 4761 3185 4786 ,
3212 4721 3277 4775 ad
3298 4722 3416 4791 ejus
3433 4723 3640 4793 gloriam
3663 4740 3755 4791 pro-

2228 4805 2385 4862 ﬁcere
2410 4808 2464 4863 iu
2492 4824 2599 4879 quo
2620 4809 2945 4865 laudantur?
2970 4810 3025 4866 In
3054 4811 3281 4868 Domino
3304 4814 3501 4885 quippe
3530 4814 3757 4868 laudantur

2226 4899 2418 4955 anima:
2443 4915 2629 4955 eorum
2655 4902 2675 4971 (
2701 4901 2849 4956 Paul.
2873 4918 3041 4958 xxxm
3064 4945 3079 4969 ,
3107 4904 3143 4959 3
3166 4904 3206 4973 ).
3238 4904 3533 4961 Credamus
3560 4920 3667 4975 ergo
3698 4904 3755 4956 eis

2234 4999 2291 5046 et
2312 5006 2437 5048 vera
2459 4991 2755 5050 dicentibus
2774 5035 2788 5059 ,
2819 5002 2875 5051 et
2896 4994 3030 5051 mira
3056 4995 3633 5053 facientibus.'Dieeudn
3648 4996 3752 5051 enim

2229 5098 2354 5138 vera
2380 5124 2396 5149 ,
2424 5086 2565 5153 passi
2589 5096 2751 5153 sunt,
2777 5097 2835 5141 ut
2856 5096 3076 5158 possent
3102 5088 3277 5144 facere
3301 5090 3461 5143 mira.
3491 5090 3541 5144 lu
3566 5091 3631 5144 eis
3653 5090 3754 5141 reris

2230 5184 2313 5228 est
2338 5176 2662 5245 praecipuum
2687 5218 2705 5242 ,
2730 5178 2871 5248 quod
2896 5177 3143 5234 Christus
3167 5182 3471 5234 resurrexit
3496 5196 3526 5232 a
3550 5180 3750 5238 mortuis.

2230 5275 2286 5319 et
2314 5266 2759 5323 immortalitatem
2786 5270 3192 5325 resurrectionis
3219 5271 3272 5324 in
3298 5286 3394 5324 sua
3421 5286 3577 5325 carae
3598 5271 3750 5345 primus

2232 5356 2499 5422 ostendit,
2545 5373 2704 5428 quam
2751 5359 2904 5414 nobis
2945 5359 3244 5415 adfuturam
3268 5402 3283 5425 ,
3327 5360 3416 5415 vel
3459 5362 3512 5416 in
3548 5359 3749 5433 principio

2234 5446 2354 5501 novi
2384 5446 2563 5502 smculi
2587 5488 2603 5515 ,
2635 5448 2722 5505 vel
2751 5449 2805 5504 iu
2833 5448 2991 5520 hujus
3020 5451 3125 5508 ﬁne
3155 5451 3420 5523 promisit.

2299 5667 2315 5698 ι
2351 5664 2434 5714 [tie
2456 5664 2793 5732 editi‘adduut,
2831 5665 3127 5732 sacriﬁcium
3162 5666 3463 5719 inundantes
3482 5680 3503 5718 :
3523 5666 3743 5732 quodaltest

2235 5738 2263 5776 a
2285 5727 2639 5791 nuntiata-imis.
