3960 6532
127 346 255 401 775

126 455 386 513 CAPUT
417 454 510 509 XI.
540 482 611 494 —
634 451 822 509 Contra
867 448 1155 504 Platonicos
1178 488 1194 513 ,
1219 447 1305 518 qui
1341 446 1404 500 de
1431 441 1744 498 naturalibus

214 547 594 600 elementorum
661 540 965 613 ponderibus
1028 545 1443 609 argumentantur
1499 542 1750 586 terrenum

217 656 418 707 corpus
446 639 498 690 in
525 638 649 690 caelo
676 651 782 687 esse
807 650 907 685 non
938 645 1101 701 posse.

218 733 248 784 1
268 766 285 780 .
327 731 526 783 Contra
553 727 694 796 quod
726 739 974 794 magnum
1001 721 1092 776 Dei
1119 719 1315 774 donum
1349 715 1752 772 ratiocinatores

137 823 238 874 isti
275 862 289 883 .
341 836 569 890 quorum
614 817 963 887 cogitationes
1007 813 1154 867 novit
1202 811 1457 866 Dominus
1501 810 1750 880 quoniam

144 929 319 965 vana:
349 921 477 966 sunt
506 911 523 979 (
557 908 699 962 Psol.
728 923 851 961 xcm
878 948 892 971 ,
919 906 978 959 Η
1007 903 1049 977 ),
1073 905 1138 958 de
1165 901 1488 974 ponderibus
1512 901 1752 954 elemen-

145 1015 344 1056 torum
397 1008 837 1068 argumentantur
887 1016 898 1050 :
957 997 1206 1065 quoniam
1254 994 1454 1047 scilicet
1501 992 1754 1061 magistro

140 1095 390 1147 Platone
419 1093 722 1146 didicerunt
747 1130 762 1153 ,
812 1088 991 1141 mundi
1019 1087 1124 1139 duo
1149 1099 1373 1153 corpora
1406 1082 1633 1136 maxima
1669 1088 1752 1133 at-

141 1201 267 1252 quc
299 1193 569 1251 postrema
596 1181 803 1233 duolms
834 1177 1022 1230 mediis
1045 1217 1060 1239 ,
1104 1191 1229 1229 aere
1272 1174 1474 1228 scilicet
1502 1179 1555 1226 et
1579 1186 1712 1240 aqua
1734 1210 1750 1235 ,

140 1290 279 1327 esse
302 1275 548 1340 Copulata
577 1282 733 1340 atque
755 1268 1057 1337 conjuncta.
1086 1267 1161 1320 Ac
1183 1280 1276 1333 per
1297 1264 1398 1317 hoc
1422 1305 1437 1328 ,
1466 1263 1710 1332 inquiunt
1735 1301 1750 1324 ,

140 1370 416 1434 quoniam
452 1373 588 1418 terra
627 1362 821 1415 abhinc
865 1373 1079 1413 sursum
1112 1372 1295 1410 versus
1325 1363 1409 1409 est
1434 1354 1598 1423 prima
1624 1393 1639 1416 ,
1671 1366 1756 1405 se-

142 1459 334 1510 cunda
375 1472 511 1526 aqua
551 1471 710 1524 super
737 1462 932 1507 terram
959 1494 973 1516 ,
1003 1450 1191 1505 tertius
1218 1464 1310 1501 aer
1333 1463 1495 1515 super
1521 1460 1709 1514 aquam
1737 1485 1752 1508 ,

144 1563 410 1621 quartum
434 1567 594 1619 super
617 1565 741 1604 aera
766 1547 994 1608 (mlum;
1024 1560 1127 1597 non
1154 1549 1326 1612 potest
1345 1556 1461 1594 esse
1484 1549 1753 1592 terrenum

144 1657 361 1709 ενι-μηδ
386 1643 438 1694 in
469 1641 625 1694 cmlo.
657 1637 937 1692 Motnentis
962 1636 1104 1689 enim
1137 1632 1365 1701 propriis
1389 1672 1403 1695 ,
1435 1640 1487 1684 ut
1512 1630 1754 1683 ordinem

147 1749 320 1785 suum
355 1740 608 1788 teneant.
640 1729 844 1798 singula
867 1728 1126 1781 elementa
1159 1724 1439 1778 librantur.
1473 1722 1608 1776 Ecce
1627 1736 1758 1790 qua-

148 1825 303 1876 libus
329 1822 657 1888 argumentis
686 1819 1086 1889 omnipotentia:
1119 1816 1208 1869 Dei
1237 1815 1466 1869 humana
1489 1812 1760 1867 contradi-

146 1917 233 1969 cit
266 1914 551 1969 inﬁrmttas
577 1955 590 1976 .
621 1927 779 1983 quam
813 1909 1050 1983 possidet
1077 1909 1301 1962 vanitas.
1334 1906 1470 1974 Quid
1511 1920 1640 1974 ergo
1682 1906 1758 1957 l'a-

149 2007 315 2060 cinnt
347 2007 398 2060 in
424 2021 551 2060 aere
581 2014 789 2058 terrena
814 2011 891 2057 tot
912 2015 1140 2069 corpora
1161 2040 1174 2062 ,
1199 2014 1319 2053 cum
1347 2014 1377 2052 a
1407 2008 1546 2051 terra
1573 1997 1642 2050 sit
1667 2012 1760 2050 aer

157 2095 400 2150 tertius?
427 2094 535 2149 Nisi
569 2097 745 2170 forte,
773 2091 862 2162 qui
894 2106 991 2161 per
1029 2088 1328 2160 plumarutn
1364 2097 1418 2142 et
1463 2101 1758 2157 pennarum

152 2189 440 2242 levitatem
483 2187 700 2242 donavit
736 2185 911 2239 avium
957 2183 1184 2238 terrenis
1209 2182 1524 2250 corporibus
1550 2189 1606 2234 ut
1634 2195 1759 2250 poro

160 2289 355 2336 tentur
379 2279 432 2335 in
463 2296 588 2335 aere
610 2322 623 2343 ,
660 2277 1048 2334 immortalibus
1077 2275 1228 2330 factis
1249 2275 1561 2345 corporibus
1592 2273 1764 2328 homi-

159 2389 303 2428 uum
336 2389 441 2428 non
471 2373 666 2443 poterit
691 2372 891 2426 donare
914 2371 1166 2423 virtutem
1192 2409 1207 2434 ,
1232 2383 1334 2437 qua
1357 2367 1512 2420 etiam
1541 2365 1592 2420 in
1614 2380 1764 2420 suin-

164 2479 262 2519 Ino
290 2464 434 2519 caelo
473 2463 685 2517 valeant
713 2462 971 2516 habitare.
1004 2459 1262 2514 Animalia
1293 2472 1501 2526 quoque
1524 2456 1634 2524 ipsa
1663 2465 1768 2509 ter-

159 2573 300 2614 rena
327 2599 342 2621 ,
375 2573 494 2626 qure
525 2557 705 2610 volare
737 2571 841 2608 non
865 2561 1121 2623 possunt,
1153 2549 1419 2619 inquibus
1442 2559 1495 2603 et
1518 2549 1764 2602 homines

159 2660 297 2706 sunt
320 2693 336 2714 ,
369 2651 506 2704 sicut
536 2650 634 2702 sub
661 2665 795 2718 aqua
827 2649 1000 2718 pisces
1024 2686 1038 2708 ,
1071 2662 1189 2714 qua:
1216 2653 1340 2697 sunt
1367 2657 1622 2712 aquarum
1647 2641 1766 2695 ani-

167 2743 337 2798 malia
362 2783 375 2806 ,
408 2743 475 2795 ita
507 2742 605 2796 sub
632 2749 774 2795 terra
803 2741 985 2792 vivere
1014 2736 1334 2790 debuerunt.
1366 2732 1474 2788 Cur
1502 2747 1631 2802 ergo
1661 2746 1766 2785 non

168 2835 364 2889 saltem
386 2834 453 2886 de
474 2833 708 2887 secundo
731 2873 744 2893 ,
771 2830 820 2885 id
843 2839 925 2885 est
948 2871 963 2894 ,
996 2829 1061 2882 de
1082 2827 1232 2898 aquis
1256 2867 1271 2892 ,
1294 2825 1386 2879 sed
1410 2825 1476 2879 de
1498 2827 1766 2880 elemento

169 2926 339 2979 tertio
368 2933 635 2978 terrenum
663 2921 858 2975 animal
882 2920 1053 2988 carpit
1079 2917 1216 2971 hanc
1237 2915 1440 2969 vitam?
1465 2930 1629 2984 quare
1648 2930 1769 2969 eum

173 3016 444 3087 pertineat
469 3014 535 3068 ad
567 3023 762 3068 terram
787 3053 803 3078 ,
837 3011 888 3064 in
917 3008 1152 3064 secundo
1177 3049 1191 3073 ,
1216 3006 1355 3076 quod
1382 3021 1543 3076 super
1571 3014 1769 3059 terram

175 3119 265 3162 est
287 3150 304 3172 .
331 3107 595 3162 elemento
620 3106 798 3159 vivere
820 3103 863 3156 si
891 3111 1114 3171 cogatur
1131 3141 1146 3164 ,
1178 3098 1431 3154 continuo
1461 3096 1768 3162 suffocatur,

176 3209 237 3254 et
265 3207 323 3254 ut
352 3199 530 3262 vivat,
562 3195 694 3251 vivit
713 3195 766 3250 in
787 3193 990 3249 tertio?
1008 3207 1076 3246 an
1096 3199 1241 3245 errat
1269 3188 1355 3243 hic
1383 3187 1516 3241 ordo
1536 3187 1772 3242 elemen-

179 3302 360 3346 torum
386 3332 402 3354 ,
432 3289 514 3343 vel
546 3288 720 3358 potius
750 3301 856 3340 non
883 3285 934 3339 in
965 3291 1152 3338 natura
1182 3295 1362 3335 rerum
1385 3319 1402 3345 ,
1434 3278 1528 3333 sed
1561 3277 1613 3331 in
1645 3277 1774 3330 isto-

182 3400 303 3438 rum
333 3378 876 3451 argumentationibus
904 3374 1120 3431 deﬁcit?
1143 3372 1344 3428 Omitto
1371 3371 1550 3425 dicere
1573 3411 1587 3431 .
1620 3367 1762 3438 quod

181 3477 293 3544 jam
324 3474 376 3529 in
397 3471 772 3527 tertiodecimo
792 3469 928 3524 libro
947 3466 1054 3522 dixi
1095 3466 1234 3535 (cap.
1265 3463 1392 3532 t8).
1419 3476 1577 3531 quam
1601 3459 1768 3514 multa

185 3564 368 3635 gravia
405 3572 613 3617 terrena
644 3561 749 3614 sint
774 3571 996 3627 corpora
1019 3595 1036 3620 ,
1063 3558 1202 3608 sicut
1228 3550 1500 3621 plumbum
1525 3590 1541 3614 ,
1568 3559 1623 3603 et
1670 3548 1780 3602 fore

190 3671 334 3709 mam
363 3663 539 3708 tamen
566 3653 634 3707 ab
657 3651 860 3706 artiﬁce
884 3646 1178 3716 accipiant,
1211 3658 1314 3713 qua
1343 3651 1529 3696 natare
1567 3641 1786 3696 valeant

190 3763 356 3816 super
383 3759 573 3815 aquam
614 3741 736 3814 (a):
776 3751 830 3797 et
874 3747 925 3794 ut
969 3737 1194 3807 accipiat
1236 3733 1543 3804 qualitatem
1589 3745 1787 3799 corpus

195 3840 489 3892 humanum
515 3875 530 3899 ,
555 3850 656 3904 qua
687 3832 812 3887 ferri
836 3831 886 3884 in
908 3829 1102 3884 costum
1131 3867 1145 3888 ,
1175 3834 1230 3879 et
1255 3839 1377 3878 esse
1402 3822 1570 3892 possit
1600 3823 1652 3876 in
1679 3836 1790 3876 cat-

195 3931 246 3983 lo
269 3969 285 3991 ,
320 3923 668 3992 omnipotenti
698 3919 900 3975 Artiﬁci
930 3913 1355 3972 contradicitur?

265 4019 321 4073 2.
362 4016 478 4072 Jam
503 4030 632 4069 vero
658 4022 842 4068 contra
867 4009 994 4064 illud
1015 4006 1156 4076 quod
1177 4004 1286 4059 dixi
1315 4002 1562 4072 superius
1586 4040 1604 4064 .
1630 4001 1792 4056 etiam

199 4113 360 4166 istum
381 4105 786 4162 considerantes
807 4111 964 4171 atque
988 4103 1272 4153 tractantes
1298 4093 1683 4148 elementorum
1708 4106 1796 4144 or-

199 4202 386 4256 dinem
414 4240 429 4264 ,
463 4213 566 4266 quo
595 4194 869 4250 conlidunt
893 4233 907 4254 ,
955 4204 1060 4243 non
1098 4184 1373 4240 inveniunt
1399 4181 1618 4235 omnino
1655 4178 1796 4250 quod

203 4294 407 4348 dicant.
439 4290 527 4344 Sic
554 4296 638 4343 est
660 4286 802 4342 enim
831 4283 954 4337 hinc
979 4293 1191 4335 sursum
1213 4289 1401 4330 versus
1428 4284 1570 4328 terra
1590 4270 1761 4342 prima
1778 4311 1795 4336 ,

203 4402 341 4455 aqua
369 4382 603 4439 secunda
627 4422 644 4447 ,
671 4378 860 4434 tertius
890 4390 983 4430 aer
1008 4414 1026 4439 ,
1061 4381 1306 4442 quartum
1350 4367 1545 4422 cretum
1570 4406 1587 4430 ,
1620 4373 1679 4418 ut
1705 4379 1800 4417 sn-

205 4493 303 4548 per
329 4475 509 4530 omnia
537 4472 605 4526 sit
625 4471 816 4525 anima:
840 4477 1046 4521 natura.
1073 4463 1202 4516 Nam
1230 4468 1284 4513 et
1307 4455 1620 4512 Aristoteles
1640 4455 1798 4525 quin-

208 4545 318 4624 tum
348 4580 545 4636 corpus
568 4578 686 4619 eam
720 4560 855 4615 dixit
893 4572 1013 4613 esse
1040 4553 1138 4627 (ὁ),
1180 4561 1234 4608 et
1282 4550 1431 4604 Plato
1476 4547 1702 4602 nullum.
1749 4545 1804 4602 Si

207 4664 453 4734 quintum
497 4665 679 4718 esset,
726 4661 874 4709 certe
912 4649 1157 4718 superius
1201 4653 1348 4700 esset
1380 4640 1631 4697 caeteris:
1685 4653 1804 4693 cum

208 4730 338 4807 vero
370 4749 573 4805 nullum
601 4755 684 4801 est
707 4785 724 4810 ,
751 4744 918 4798 multo
946 4739 1114 4810 magis
1140 4743 1356 4807 superat
1380 4732 1580 4788 omnia.
1613 4730 1670 4785 in
1699 4738 1807 4784 ter-

1286 333 1489 391 ΗΒΕῐί
1529 326 1896 386 VlGESIMUS
1933 326 2320 387 SECUNDUS.

3335 341 3437 399 774

1859 453 1890 493 a
1918 439 2020 494 diis
2048 440 2160 495 suis
2179 451 2454 512 opponunt
2473 443 2790 515 Martyribus
2818 449 3012 503 nostris
3031 490 3046 514 ,
3071 465 3246 505 nonne
3271 454 3431 508 etiam

1859 532 1971 601 ipsa
2005 549 2099 601 pro
2131 535 2282 590 nobis
2311 537 2518 602 facere,
2558 545 2612 591 et
2653 539 2805 592 nobis
2844 542 3174 610 reperientur
3217 548 3434 599 omnino

1859 623 2160 690 prolicere?
2185 624 2314 678 Nam
2342 627 2478 680 inter
2521 642 2708 696 magna
2755 630 3005 684 miracula
3047 633 3266 687 deorum
3309 651 3438 689 suo-

1858 727 2014 776 rum,
2049 714 2286 782 profecto
2319 731 2568 787 magnum
2612 718 2737 773 illud
2763 730 2845 774 est
2871 761 2887 786 ,
2918 722 3057 792 quod
3090 723 3257 778 Varro
3286 742 3437 780 coni-

1859 815 2156 871 memorat,
2189 806 2453 863 Vestalem
2473 811 2731 880 virginem
2757 851 2772 874 ,
2796 826 2915 865 cum
2940 814 3323 880 periclitaretur
3343 817 3438 869 fa!-

1860 909 1917 946 sa
1948 897 2249 964 suSpicione
2274 898 2340 952 de
2369 909 2552 968 stupro
2577 943 2592 966 ,
2635 900 2868 956 cribrum
2912 904 3157 971 implesse
3198 921 3330 975 aqua
3372 907 3439 961 de

1861 982 2078 1048 Tiberi,
2106 997 2160 1040 et
2184 988 2248 1041 ad
2277 1004 2400 1042 suos
2421 988 2628 1057 judices
2671 992 2814 1044 nulla
2858 993 2974 1060 ejus
3017 1003 3164 1062 parte
3204 997 3440 1050 stillante

1861 1085 2122 1144 portasse.
2151 1079 2281 1146 Quis
2315 1095 2466 1148 aqua:
2507 1082 2710 1149 pondus
2747 1099 2906 1151 supra
2948 1086 3179 1138 cribrum
3229 1088 3440 1140 tenuit?

1860 1171 1987 1243 quis
2021 1179 2097 1225 tot
2125 1172 2367 1226 cavernis
2400 1173 2700 1240 patentibus
2731 1175 2858 1227 nihil
2891 1175 3012 1228 inde
3042 1176 3092 1228 in
3127 1188 3318 1230 terram
3347 1195 3438 1230 ca-

1861 1265 1988 1320 dere
2017 1264 2303 1334 permisit?
2335 1263 2660 1332 Responsuri
2692 1276 2814 1318 sunt
2838 1307 2851 1327 ,
2898 1268 3102 1336 Aliquis
3142 1268 3270 1321 deus
3291 1310 3306 1334 ,
3351 1281 3442 1322 aut

1859 1356 2051 1425 aliquis
2079 1355 2309 1409 daemon.
2342 1353 2398 1409 Si
2428 1354 2558 1408 deus
2582 1397 2597 1421 ,
2627 1357 2880 1425 numquid
2910 1358 3076 1425 major
3102 1367 3182 1412 est
3214 1359 3322 1413 Deo
3348 1362 3438 1428 qui

1862 1445 1985 1499 fecit
2011 1445 2152 1500 hunc
2181 1444 2478 1498 mundum?
2507 1445 2560 1498 Si
2591 1444 2800 1499 daunon
2825 1485 2840 1508 ,
2883 1448 3134 1515 ninnquid
3181 1450 3441 1516 potentior

1861 1544 1944 1589 est
1965 1536 2168 1604 Augelo
2189 1577 2203 1599 ,
2231 1536 2318 1605 qui
2344 1536 2452 1588 Deo
2472 1536 2635 1588 servit
2659 1576 2674 1599 ,
2704 1551 2732 1588 a
2760 1552 2867 1605 quo
2888 1536 3054 1590 lactus
3075 1551 3153 1590 est
3180 1540 3442 1592 mutulos?

1861 1626 1916 1682 Si
1945 1643 2074 1696 ergo
2098 1627 2229 1681 deus
2263 1626 2437 1680 minor
2457 1666 2472 1691 ,
2499 1627 2581 1680 vel
2609 1627 2826 1695 angelus
2849 1668 2864 1690 ,
2905 1628 2986 1680 vel
3026 1628 3232 1682 (iamnon
3279 1633 3445 1698 potuit

1863 1721 2070 1790 pondus
2099 1719 2298 1772 humidi
2328 1719 2574 1773 elementi
2607 1719 2681 1770 sic
2706 1719 3031 1786 suspendere
3055 1760 3069 1781 ,
3101 1730 3159 1771 ut
3185 1698 3444 1788 aquarum

1863 1813 2105 1867 videatur
2141 1821 2338 1865 mutata
2378 1811 2540 1864 luisse
2581 1821 2768 1863 natura
2799 1828 2810 1862 :
2863 1809 3004 1863 itane
3035 1811 3171 1863 Deus
3201 1813 3446 1879 onmipo—

1869 1913 1988 1958 tens
2009 1946 2023 1967 ,
2059 1903 2150 1974 qui
2179 1904 2354 1958 omnia
2384 1903 2495 1972 ipse
2523 1903 2724 1957 creavit
2752 1902 3014 1956 elementa
3041 1944 3054 1966 ,
3089 1912 3299 1957 terreno
3324 1919 3446 1956 cor-

1865 1997 1981 2066 pori
2012 2011 2174 2066 grave
2204 1995 2410 2064 pondus
2436 1993 2643 2048 auferre
2675 2010 2778 2048 non
2811 1995 3041 2063 poterit,
3070 2005 3128 2048 ut
3167 1996 3216 2048 in
3259 1995 3447 2048 eodem

1865 2089 2134 2142 elemento
2163 2087 2363 2141 habitet
2388 2086 2710 2141 vivilicatum
2735 2101 2928 2157 corpus
2954 2129 2967 2153 ,
3011 2087 3062 2141 in
3089 2105 3194 2158 quo
3223 2089 3448 2143 voluerit

1865 2181 2138 2235 viviﬁcans
2167 2179 2425 2250 spiritus?

1938 2274 1992 2327 4.
2034 2272 2237 2326 Deinde
2281 2287 2402 2326 cum
2440 2286 2561 2326 aera
2599 2271 2833 2327 medium
2869 2279 3068 2340 ponant
3109 2271 3248 2326 inter
3276 2270 3448 2342 ignem

1868 2365 2100 2433 desuper
2128 2373 2183 2418 et
2207 2379 2398 2433 aquam
2428 2363 2612 2418 subter
2635 2405 2650 2428 ,
2677 2364 2803 2433 quid
2841 2373 2924 2418 est
2963 2363 3104 2433 quod
3148 2379 3267 2417 eum
3319 2364 3456 2419 inter

1873 2471 2068 2526 aquam
2097 2465 2151 2509 et
2177 2471 2367 2524 aquam
2392 2495 2408 2519 ,
2437 2463 2489 2508 et
2519 2455 2658 2509 inter
2681 2471 2870 2524 aquam
2902 2463 2955 2509 et
2985 2465 3176 2509 terram
3205 2471 3346 2526 smpe
3376 2455 3457 2509 in-

1872 2546 2160 2602 venimus?
2186 2545 2321 2615 Quid
2353 2546 2495 2600 enim
2525 2547 2713 2599 volunt
2740 2562 2860 2600 esse
2885 2561 3110 2615 aquosas
3140 2546 3306 2600 nubes
3329 2588 3343 2611 ,
3377 2546 3462 2601 in-

1874 2648 1956 2693 ter
1987 2653 2118 2708 quas
2146 2648 2199 2692 et
2240 2637 2405 2691 maria
2452 2651 2545 2695 aer
2585 2637 2791 2690 medius
2828 2637 3134 2705 reperitur?
3175 2637 3464 2702 Quonam.

1876 2744 2060 2800 quaeso
2085 2770 2102 2795 ,
2131 2729 2523 2783 elementorum
2555 2727 2787 2796 pondere
2814 2737 2974 2796 atque
3002 2727 3187 2781 ordine
3212 2726 3463 2793 el‘licitur,

1878 2831 1938 2875 ut
1977 2830 2244 2875 torrentes
2283 2819 2647 2874 violentissimi
2689 2829 2845 2888 atque
2885 2817 3225 2871 undosissimi
3251 2857 3266 2879 ,
3312 2826 3468 2870 ante-

1877 2931 2034 2986 quam
2066 2915 2165 2969 sub
2191 2929 2316 2968 aere
2345 2913 2399 2966 in
2428 2912 2584 2967 terris
2613 2919 2827 2965 currant
2851 2950 2866 2974 ,
2895 2924 3058 2978 super
3079 2924 3201 2962 aera
3230 2908 3280 2960 in
3315 2908 3468 2961 nubi-

1881 3009 1981 3063 bus
2011 3008 2275 3078 pendeant
2294 3008 2317 3061 ?
2336 3005 2443 3062 Cur
2468 3005 2698 3075 denique
2718 3020 2810 3058 aer
2829 3013 2910 3058 est
2937 3002 3141 3057 medius
3163 3003 3300 3056 inter
3319 3017 3468 3056 sum-

1877 3115 1965 3154 ma
1995 3099 2118 3154 caeli
2144 3139 2160 3163 ,
2204 3107 2258 3153 et
2306 3097 2446 3152 nuda
2493 3107 2753 3151 terrarum
2784 3096 2824 3158 ί,
2866 3107 3286 3163 quaquaversum
3323 3092 3469 3146 orbis

1883 3192 2186 3248 extenditur
2209 3234 2225 3258 ,
2257 3191 2302 3245 si
2329 3191 2478 3246 locus
2501 3188 2616 3258 ejus
2640 3188 2779 3242 inter
2803 3186 2996 3241 cmlum
3025 3192 3077 3237 et
3101 3199 3266 3253 aquas
3286 3224 3302 3250 ,
3328 3183 3470 3239 sicut

1884 3298 2141 3355 aquarum
2170 3282 2308 3336 inter
2332 3281 2504 3350 ipsum
2533 3287 2587 3332 et
2617 3287 2788 3332 terras
2813 3284 2896 3331 est
2916 3272 3281 3329 constitutus?

1956 3378 2010 3432 5.
2055 3376 2330 3431 Postremo
2363 3373 2407 3428 si
2447 3373 2516 3427 ita
2545 3379 2628 3427 est
2659 3370 3042 3424 elementorum
3082 3365 3214 3420 ordo
3250 3364 3472 3442 disposi-

1887 3478 1973 3524 tus
1999 3511 2013 3535 ,
2045 3477 2100 3522 ut
2132 3466 2426 3522 secundum
2462 3464 2737 3519 Platonem
2776 3460 2983 3515 duobus
3027 3459 3217 3518 mediis
3241 3504 3257 3530 ,
3303 3463 3355 3518 id
3392 3472 3474 3519 est

1888 3575 2012 3616 aere
2039 3568 2093 3613 et
2119 3573 2253 3628 aqua
2281 3599 2297 3624 ,
2341 3557 2447 3611 duo
2485 3563 2723 3610 extrema
2747 3593 2764 3620 ,
2808 3552 2858 3608 id
2895 3560 2978 3608 est
3017 3551 3151 3623 ignis
3193 3562 3248 3609 et
3293 3564 3432 3609 terra
3455 3593 3474 3618 .

1885 3652 2214 3723 iungantur,
2237 3649 2464 3718 coelique
2485 3646 2722 3700 obtineat
2750 3642 2838 3700 ille
2860 3645 3055 3698 summi
3080 3648 3099 3676 ’
3124 3645 3295 3700 locum
3321 3685 3334 3708 ,
3361 3627 3488 3699 haec.

1891 3753 2069 3798 autem
2100 3741 2214 3806 imi,
2243 3740 2390 3795 velut
2416 3737 2736 3792 fundaminis
2765 3735 2945 3791 mundi
2971 3777 2986 3803 ,
3017 3744 3072 3790 et
3110 3733 3231 3791 ideo
3260 3735 3312 3790 in
3338 3735 3478 3791 caelo

1896 3853 2016 3895 esse
2048 3853 2152 3892 non
2182 3845 2355 3906 potest
2382 3844 2565 3899 terra;
2609 3848 2704 3888 cur
2738 3842 2820 3888 est
2866 3832 2979 3902 ipse
3023 3832 3158 3901 ignis
3203 3832 3255 3886 in
3297 3831 3478 3887 terra?

1896 3928 2200 3984 Secundum
2230 3927 2367 3980 hanc
2388 3925 2581 3995 quippe
2611 3923 2870 3978 rationem
2899 3923 2968 3977 ita
2993 3922 3092 3977 ἰδῇ
3112 3921 3220 3976 duo
3248 3922 3484 3978 elemen-

1898 4028 1950 4074 ta
1981 4019 2033 4074 in
2062 4019 2194 4073 locis
2221 4017 2448 4087 propriis
2474 4057 2489 4080 ,
2531 4016 2637 4068 imo
2668 4030 2731 4068 ac
2772 4028 2982 4067 summo
3004 4054 3020 4078 ,
3069 4023 3204 4067 terra
3249 4023 3303 4068 et
3347 4011 3484 4082 ignis

1900 4125 2019 4167 esse
2045 4109 2342 4164 debuerunt
2367 4149 2382 4171 ,
2411 4114 2467 4158 ut
2488 4105 2938 4175 quemadmodum
2970 4103 3154 4157 nolunt
3182 4102 3232 4155 in
3273 4116 3486 4160 summo

1902 4215 2022 4255 esse
2052 4213 2207 4268 posse
2236 4195 2378 4266 quod
2406 4195 2495 4250 imi
2523 4203 2604 4248 est
2629 4236 2644 4260 ,
2678 4195 2746 4247 ita
2775 4209 2872 4248 nec
2901 4193 2953 4246 in
2996 4193 3102 4246 imo
3150 4201 3328 4260 posset
3366 4207 3487 4248 esse

1903 4290 2044 4362 quod
2085 4287 2274 4344 summi
2319 4295 2421 4341 est.
2468 4285 2616 4340 Sicut
2660 4299 2787 4354 ergo
2819 4283 3012 4337 mulam
3043 4291 3227 4353 putant
3256 4282 3338 4336 vel
3367 4296 3488 4352 esse

1907 4383 1994 4439 vel
2025 4382 2252 4437 futuram
2279 4394 2398 4434 esse
2425 4387 2584 4432 terra:
2616 4375 2927 4445 particulam
2970 4375 3021 4428 in
3059 4373 3197 4429 coelo
3219 4413 3235 4439 ,
3266 4374 3334 4428 ita
3366 4372 3490 4426 nul-

1908 4476 2012 4529 lam
2043 4472 2355 4544 particulam
2385 4469 2565 4524 videre
2593 4467 2873 4522 debuimus
2901 4466 3037 4536 ignis
3066 4466 3118 4519 in
3149 4475 3310 4519 terra.
3342 4463 3491 4518 Nunc

1909 4581 2037 4621 vero
2065 4581 2167 4618 non
2195 4562 2365 4617 solum
2397 4563 2448 4616 in
2479 4561 2634 4615 terris
2658 4602 2673 4624 ,
2705 4574 2886 4611 verum
2918 4559 3074 4616 etiam
3106 4557 3204 4609 sub
3235 4554 3392 4610 terris
3422 4555 3492 4609 ita

1912 4666 2031 4723 est,
2091 4665 2148 4710 ut
2194 4669 2314 4708 eum
2368 4660 2616 4707 eructeut
2663 4651 2892 4705 vertices
2946 4651 3247 4712 montium;
3303 4657 3495 4716 pneter

1913 4747 2053 4819 quod
2086 4748 2137 4800 in
2167 4745 2352 4801 usibus
2379 4744 2650 4797 hominum
2682 4750 2736 4795 et
2764 4755 2883 4794 esse
2924 4739 3096 4809 ignem
3141 4739 3190 4791 in
3236 4747 3372 4792 terra
3399 4779 3414 4802 ,
3443 4746 3497 4814 et

1916 4857 2036 4895 cum
2067 4838 2212 4893 nasci
2238 4836 2477 4890 videmus
2524 4851 2586 4887 ex
2633 4844 2817 4886 terra:
2869 4829 3297 4900 quandoquidem
3337 4837 3390 4883 et
3432 4827 3498 4896 de

1918 4935 2071 5001 lignis
2096 4940 2148 4985 et
2172 4930 2239 4984 de
2265 4927 2525 4998 lapidibus
2547 4925 2783 4980 nascitur
2806 4965 2820 4987 ,
2852 4939 2970 4993 qua:
2993 4930 3118 4976 sunt
3137 4935 3358 4991 corpora
3385 4919 3501 4974 sine

1919 5021 2247 5078 dubitatione
2291 5028 2525 5072 terrena.
2575 5015 2680 5071 Sed
2733 5014 2858 5078 ille,
2910 5012 3190 5082 inquiunt,
3240 5011 3376 5081 ignis
3421 5018 3505 5064 est

1922 5113 2238 5186 tranquillus
2259 5155 2273 5178 ,
2302 5127 2466 5182 purus
2489 5152 2504 5174 ,
2536 5107 2783 5163 innoxius
2809 5150 2822 5169 ,
2855 5108 3211 5175 sempiternus
3238 5121 3251 5157 :
3283 5103 3380 5157 iste
3406 5116 3503 5154 au-

1925 5220 2032 5265 tem
2066 5205 2305 5262 turbidus
2333 5246 2347 5271 ,
2372 5203 2577 5257 fumeus
2603 5244 2618 5266 ,
2641 5199 3004 5270 corruptibilis
3024 5207 3181 5264 atque
3206 5201 3502 5260 corruptor.

1929 5302 2039 5357 Nec
2097 5309 2274 5355 tamen
2324 5294 2621 5364 corrumpit
2675 5303 2920 5360 montes,
2975 5289 3024 5341 in
3072 5286 3262 5355 quibus
3309 5281 3507 5352 jugiter

1930 5399 2119 5448 :estuat
2141 5433 2157 5457 ,
2189 5400 2548 5456 cavernasque
2578 5393 2860 5438 terrarum.
2894 5377 3088 5430 Verum
3117 5385 3233 5429 esto
3263 5415 3276 5435 ,
3320 5373 3389 5426 sit
3430 5371 3507 5426 illi

1933 5484 2033 5538 iste
2059 5481 2332 5538 dissimilis
2356 5521 2370 5543 ,
2402 5487 2461 5531 ut
2505 5475 2728 5547 terrenis
2765 5468 3174 5524 habitationibus
3209 5471 3505 5533 congruat:

1933 5590 2028 5631 cur
2052 5586 2183 5643 ergo
2216 5570 2403 5625 nolunt
2429 5575 2486 5620 ut
2511 5561 2792 5619 credamus
2815 5569 3053 5613 naturam
3080 5569 3362 5626 corporum
3397 5559 3509 5608 ter-

211 4859 344 4900 reno
372 4855 501 4909 ergo
526 4837 653 4908 quid
687 4836 811 4890 facit
840 4831 1108 4902 corpore?
1154 4828 1208 4883 in
1239 4825 1339 4881 hac
1368 4824 1508 4879 mole
1537 4820 1662 4892 quid
1702 4819 1811 4888 agit

213 4933 466 4991 subtilior
507 4926 795 4984 omnibus?
838 4926 889 4979 in
928 4924 1028 4977 hoc
1065 4920 1299 4991 pondere
1333 4916 1460 4987 quid
1497 4915 1606 4985 agit
1645 4914 1813 4967 levior

215 5022 511 5080 omnibus?
534 5019 587 5074 in
613 5018 714 5073 hac
736 5015 988 5072 tarditate
1010 5010 1137 5082 quid
1158 5008 1265 5080 agit
1285 5006 1513 5062 celerior
1532 5001 1814 5057 omnibus?

219 5118 368 5172 Itane
398 5129 493 5184 per
520 5107 679 5181 hujus
707 5118 816 5164 tam
846 5102 1162 5162 excellentis
1191 5109 1396 5154 natura:
1426 5097 1676 5152 meritum
1706 5108 1813 5148 non

223 5207 418 5272 poterit
439 5205 580 5262 ellici
605 5244 621 5270 ,
663 5210 724 5257 ut
762 5215 955 5270 corpus
993 5197 1110 5265 eius
1153 5193 1360 5248 levetur
1407 5190 1460 5244 in
1498 5188 1690 5244 cmlum
1717 5227 1732 5254 ,
1763 5193 1821 5241 et

227 5316 346 5360 :um
375 5301 549 5355 valeat
577 5311 718 5353 nunc
742 5303 930 5348 natura
953 5303 1238 5357 corporum
1269 5294 1607 5340 terrenarum
1637 5280 1820 5348 depri-

239 5409 377 5450 nere
407 5391 615 5446 animas
651 5387 899 5442 deorsum
925 5424 940 5449 ,
989 5377 1276 5450 aliquando
1319 5384 1372 5430 et
1413 5375 1607 5429 animae
1645 5373 1823 5427 levare

257 5497 443 5539 ursum
473 5491 682 5534 terrena
708 5488 928 5542 corpora
955 5486 1061 5524 non
1094 5466 1347 5522 valebunt
1377 5465 1401 5518 τ

306 5575 362 5630 5.
400 5573 518 5628 tam
543 5570 588 5624 si
612 5567 677 5622 ad
703 5579 887 5621 eorum
919 5561 1172 5617 miracula
1201 5557 1478 5612 veniamus
1504 5595 1519 5619 ,
1548 5568 1668 5623 quae
1689 5549 1825 5606 facta

297 5686 370 5749 (ιι)
409 5680 581 5733 Confer
620 5654 940 5734 Aristotelem,
980 5672 1067 5722 lib.
1107 5671 1138 5721 4
1175 5671 1240 5719 de
1292 5668 1463 5749 ego,“
1480 5677 1588 5749 cap.
1634 5658 1693 5712 θ.

1338 5701 1588 5786 Eme:
1645 5701 1693 5712 "
2003 5701 2940 5786 1raw-.5929:arescente:

200 5739 235 5861 ll
303 5811 375 5873 (ἐν)
400 5805 568 5857 confer
591 5814 753 5866 supra,
774 5799 858 5848 lib.
886 5797 959 5857 l0,
983 5808 1087 5859 cap.
1117 5795 1190 5854 t6,
1207 5807 1254 5842 ιι.
1281 5739 1583 5844 ﬁrmus.
2005 5777 2026 5807 ¹
2057 5739 2488 5831 etiam}???
2506 5739 3030 5814 iiiTidiétiiiiiii'xss.
