3960 6558
478 389 586 449 ’1⁸15

483 520 737 564 renorum
766 498 1050 573 aliquando
1071 489 1524 562 incorruptibilem
1554 485 1744 540 factam
1771 479 1908 535 cqu
1931 489 2063 529 con—

488 599 784 653 venientem
812 564 1040 647 futuram
1068 631 1082 655 ,
1114 588 1250 641 sicut
1276 597 1414 637 nunc
1441 578 1576 650 ignis
1598 569 1956 640 corruptibilis
1981 564 2069 619 his

487 692 739 748 convenit
764 686 960 743 terris?
987 684 1124 738 Nihil
1169 681 1325 751 igitur
1366 673 1591 728 alierum
1632 684 1694 722 cx
1745 658 2070 735 ponderibus

492 796 653 855 atque
679 782 865 837 ordine
889 779 1271 833 elementorum
1299 812 1313 832 ,
1352 766 1491 822 unde
1534 755 1880 828 utnniputenti
1922 752 2031 806 Deo
2054 788 2070 815 ,

493 841 776 945 quominus
817 869 975 923 faciat
1015 877 1238 935 corpora
1287 868 1464 913 nostra
1505 854 1625 908 talia
1652 893 1668 918 ,
1720 858 1779 903 ut
1814 848 1975 901 etiam
2021 841 2074 895 in
2098 916 2115 933 1

494 966 631 1019 ctelu
657 960 863 1032 possint
894 957 1131 1011 habitare
1155 994 1170 1019 ,
1206 948 1566 1022 prurscribant.

494 1073 722 1131 CAPUT
762 1066 1183 1127 Xll.—Contra
1225 1059 1504 1116 calumnias
1546 1052 1850 1122 inﬁdelium,
1899 1044 2078 1117 quibus

558 1165 871 1219 Christianos
895 1161 958 1213 de
991 1158 1180 1211 credita
1207 1154 1371 1207 carnis
1397 1146 1760 1203 resurrectione
1785 1140 2018 1195 irrident.

573 1280 625 1334 1.
701 1277 805 1333 Sed
831 1270 1294 1341 scrupulosissime
1340 1275 1620 1333 quterere,
1670 1266 1725 1312 et
1771 1254 1929 1309 fidem
1977 1264 2081 1321 qua

503 1370 773 1427 credimus
800 1373 1220 1421 resurrecturum
1265 1370 1501 1419 carnem,
1535 1353 1605 1405 ita
1635 1344 1945 1417 qurerendo,
1992 1354 2082 1397 as-

504 1465 681 1518 solent
724 1458 967 1522 irridere,
1007 1453 1195 1511 Utrum
1242 1449 1377 1504 fetus
1412 1443 1635 1501 abortivi
1668 1434 1990 1507 resurgant?
2017 1432 2086 1487 Et

502 1556 753 1626 quoniam
786 1550 1036 1605 Dominus
1061 1546 1154 1609 ait,
1182 1543 1339 1596 Amen
1369 1539 1482 1592 dico
1511 1535 1666 1597 vobis,
1695 1530 1912 1602 capillus
1940 1526 2085 1596 capi-

506 1649 570 1702 tis
593 1646 739 1701 vestri
767 1660 867 1697 non
896 1641 1070 1712 peribit
1100 1636 1250 1710 (Luc.
1287 1650 1399 1697 ut,
1432 1628 1517 1699 l8)
1548 1647 1560 1682 :
1592 1636 1766 1681 utrum
1804 1630 2005 1678 statura
2031 1627 2088 1672 et

508 1739 673 1794 robur
699 1735 922 1806 aequalia
960 1733 1132 1787 futura
1171 1729 1277 1782 sint
1306 1722 1574 1785 omnibus,
1614 1734 1679 1771 an
1709 1716 1937 1770 diversa:
1963 1725 2087 1765 cor-

506 1846 698 1904 porum
721 1801 1080 1899 quantitates“!
1104 1822 1159 1875 Si
1190 1819 1333 1873 cnim
1363 1813 1636 1885 :cqualitas
1655 1819 1939 1877 corporum
1966 1801 2089 1867 erit,
2182 1848 2187 1851 .

513 1897 657 1979 unde
681 1897 952 1975 habebunt
975 1913 1117 1986 quod
1145 1912 1232 1967 hic
1262 1924 1366 1963 non
1394 1906 1692 1961 habuerunt
1717 1901 1767 1953 in
1796 1897 1938 1951 mule
1966 1908 2091 1948 cor-

498 2004 658 2084 poris
699 2011 774 2066 illi
804 2007 1052 2069 abortivi,
1097 2004 1142 2058 si
1182 2006 1462 2067 resurgent
1500 2005 1556 2049 et
1585 1993 1724 2063 ipsi?
1754 1994 1860 2044 Aut
1899 1987 1943 2040 si
1986 1999 2093 2040 non

512 2112 813 2174 resurgent,
845 2100 968 2170 quia
1013 2111 1111 2151 nec
1157 2093 1265 2148 nati
1315 2099 1461 2152 sunt,
1502 2085 1595 2141 sed
1636 2082 1809 2145 ell‘usi,
1849 2076 2094 2148 eamdem

514 2172 861 2268 qu:estionem
903 2190 970 2245 de
1002 2185 1238 2259 parvulis
1269 2190 1501 2241 versant,
1531 2176 1672 2230 unde
1715 2172 1820 2227 illis
1848 2180 2097 2224 mensura

516 2260 779 2356 corporis,
808 2296 967 2353 quam
994 2291 1134 2333 nunc
1158 2274 1393 2329 defuisse
1417 2268 1677 2327 videmus,
1705 2260 1945 2324 accedat,
1974 2270 2098 2312 cum

516 2376 571 2431 in
600 2353 697 2431 hac
724 2382 879 2428 :etate
915 2358 1232 2425 moriuntur.
1264 2364 1447 2433 Neque
1482 2360 1624 2414 enim
1655 2353 1847 2411 dicturi
1888 2363 2098 2416 sumus,

518 2485 614 2525 eos
641 2482 747 2523 non
792 2472 1207 2522 resurrecturus,
1238 2456 1324 2527 qui
1370 2468 1475 2508 non
1515 2450 1686 2505 solum
1714 2439 2099 2517 generationis,

517 2575 705 2615 verum
729 2557 888 2612 etiam
918 2547 1340 2622 regenerationis
1362 2556 1587 2611 capaces
1610 2546 1750 2592 sunt.
1783 2532 1985 2588 Deinde
2014 2530 2103 2585 in.

520 2656 812 2720 terrogant,
844 2661 1000 2715 quem
1030 2641 1247 2696 modum
1295 2638 1407 2707 ipsa
1438 2631 1714 2703 a-qualitas
1740 2626 1983 2681 habitura
2008 2623 2103 2678 sit.

516 2742 579 2798 Si
600 2741 741 2795 enim
773 2749 878 2792 tam
908 2733 1082 2803 magni
1123 2740 1178 2785 et
1214 2738 1319 2782 tam
1355 2724 1494 2794 longi
1525 2729 1684 2778 erunt
1706 2732 1915 2778 omnes.
1944 2728 2104 2785 quam

518 2834 740 2889 fuerunt
764 2829 1083 2900 quicumque
1111 2823 1197 2876 hic
1222 2823 1435 2874 luerunt
1468 2812 1685 2869 maximi
1710 2822 1871 2880 atque
1910 2807 2109 2877 longis-

525 2924 668 2983 simi.
709 2936 814 2975 non
845 2919 1015 2973 solum
1058 2915 1125 2969 de
1166 2910 1418 2982 parvulis,
1467 2906 1563 2962 sed
1595 2905 1661 2959 de
1689 2900 1929 2972 plurimis
1957 2912 2107 2968 quae-

516 3008 708 3078 ‘rnnt‘,
740 3010 878 3064 unde
919 3008 1022 3061 illis
1056 3016 1395 3059 accessurum
1433 2998 1521 3061 sit,
1549 2995 1688 3067 quod
1722 2993 1807 3048 hic
1844 2989 2034 3055 defuit,
2064 2987 2111 3043 si

530 3106 633 3160 hoc
684 3102 905 3173 quisque
947 3097 1191 3166 recipiet,
1231 3090 1375 3163 quod
1419 3090 1504 3144 hic
1550 3086 1753 3142 habuit.
1808 3084 1863 3137 Si
1908 3089 2109 3146 autem,

531 3195 675 3267 quod
711 3194 785 3247 ait
813 3190 1121 3263 Apostolus,
1146 3198 1465 3242 occursurus
1490 3196 1587 3237 nos
1614 3191 1803 3234 omnes
1827 3178 1879 3231 in
1906 3190 2113 3229 metuu-

530 3264 642 3341 ram
669 3284 830 3339 anatis
854 3278 1179 3352 plenitudinis
1201 3274 1386 3331 Christi
1412 3271 1627 3344 (Ephes.
1654 3285 1728 3334 tv,
1761 3268 1880 3337 15);
1906 3276 1960 3322 et
1985 3264 2115 3320 illud

533 3377 784 3439 alterum,
818 3373 956 3438 Quos
987 3366 1360 3441 prwdestinauit
1386 3363 1705 3433 conformes'
1736 3358 1970 3431 imaginis
1992 3356 2118 3411 Filii

533 3467 615 3522 sui
640 3466 818 3535 (Itum.
847 3478 961 3522 vtu.
988 3460 1103 3530 ΞΘ),
1132 3459 1212 3513 sic
1249 3454 1649 3526 intelligendum
1677 3461 1781 3516 εει,
1820 3461 1878 3504 ut
1914 3456 2117 3504 statura

535 3568 592 3612 ct
618 3556 805 3611 modus
835 3552 1029 3610 Christi
1059 3549 1301 3620 corporis
1326 3546 1563 3601 omnium
1604 3544 1693 3615 qui
1724 3544 1777 3597 in
1806 3557 1970 3612 regno
1999 3540 2119 3610 ejus

538 3657 730 3713 erunt,
784 3645 1141 3701 humanorum
1191 3653 1475 3708 corporum
1523 3637 1594 3691 sit
1644 3633 1855 3689 futurus
1896 3648 1910 3687 :
1946 3630 2122 3685 Multis

541 3743 668 3807 erit,
691 3739 955 3810 inquiunt,
978 3736 1045 3790 de
1069 3731 1432 3804 magnitudine
1459 3736 1513 3784 et
1531 3724 1858 3796 longitudine
1880 3723 2124 3793 corporis

542 3829 930 3888 detrahendum
961 3844 975 3880 :
1003 3835 1058 3880 et
1085 3824 1173 3879 ubi
1209 3822 1319 3891 jam
1345 3821 1468 3886 erit,
1498 3818 1729 3890 Capillus
1768 3817 1948 3885 capitis
1977 3816 2124 3869 vestri

535 3925 642 3977 'non
666 3919 861 3991 peribit,
895 3919 937 3971 si
959 3917 1026 3971 de
1051 3916 1163 3985 ipsa
1191 3911 1431 3982 corporis
1454 3910 1745 3981 quantitate
1767 3918 1872 3963 tam
1900 3908 2124 3963 multum

543 4011 778 4082 peribit?
803 4006 1055 4075 Quamvis
1099 4013 1153 4059 et
1193 4003 1263 4058 de
1300 4002 1428 4072 ipsis
1466 3999 1672 4069 capillis
1698 3999 1869 4071 possit
1910 3999 2125 4069 inquiri,

542 4114 724 4161 ‘utrum
754 4098 941 4158 redeat
979 4095 1231 4170 quidquid
1262 4093 1603 4150 tundentibus
1641 4092 1857 4149 decidit.
1887 4090 2040 4158 Quod
2082 4090 2129 4146 si

548 4196 844 4253 rediturqu
874 4200 975 4257 est,
1007 4188 1128 4260 quis
1165 4203 1271 4243 non
1300 4185 1595 4242 exhorreat
1633 4185 1776 4241 illam
1815 4184 2130 4240 deformita-

550 4288 696 4344 tem?
743 4286 877 4343 Nam
920 4283 1025 4339 hoc
1069 4292 1124 4338 et
1162 4281 1231 4336 de
1271 4279 1535 4351 unguibus
1573 4278 1781 4334 videtur
1830 4278 2132 4334 necessario

548 4390 890 4444 secuturum,
940 4385 999 4431 ut
1048 4373 1234 4430 redeat
1272 4381 1381 4429 tam
1427 4372 1653 4427 multum
1699 4371 1840 4441 quod
1889 4371 2131 4442 corporis

551 4467 841 4528 curatura'
868 4466 1126 4523 desecuit.
1176 4465 1243 4520 Et
1285 4464 1374 4520 ubi
1418 4463 1523 4519 erit
1565 4462 1765 4517 decus?
1804 4461 1945 4531 quod
1983 4471 2135 4518 certe

553 4564 745 4635 majus,
773 4576 932 4634 quam
964 4561 1016 4615 in
1045 4560 1143 4613 ista
1182 4573 1306 4614 esse
1347 4556 1689 4625 corruptione
1718 4555 1910 4625 potuit,
1960 4554 2013 4609 in
2044 4554 2133 4610 illa

553 4659 665 4725 jam
706 4652 1105 4710 immortalitate
1139 4664 1260 4705 esse
1285 4648 1520 4704 debebit.
1550 4646 1605 4703 Si
1645 4656 1821 4701 autem
1853 4662 1959 4702 non
2005 4647 2135 4703 red-

558 4747 677 4810 ibit,
715 4759 845 4815 ergo
871 4743 1066 4815 peribit
1094 4760 1109 4798 :
1138 4740 1406 4811 quomodo
1440 4754 1587 4810 ergo.
1620 4740 1883 4810 inquiunt,
1913 4740 2137 4810 capillus

557 4837 747 4909 capitis
777 4851 883 4891 non
910 4833 1141 4905 peribit?
1174 4833 1249 4887 De
1276 4831 1443 4886 macie
1470 4846 1684 4901 quoque
1710 4830 1793 4885 vel
1821 4831 2138 4901 pinguedine

559 4928 808 4983 similiter
850 4926 1141 4994 disputant.
1181 4922 1312 4977 Nunt
1365 4921 1408 4975 si
1447 4920 1679 4990 aequales
1722 4935 1909 4975 omnes
1950 4932 2137 4987 erunt;

563 5033 670 5073 non
708 5016 889 5084 utique
929 5013 1020 5067 alii
1070 5013 1257 5078 macri,
1303 5011 1394 5065 alii
1424 5010 1646 5081 pingues
1687 5019 1864 5067 erunt.
1907 5011 2142 5067 Accedet

563 5124 693 5179 ergo
730 5105 848 5160 aliis
874 5103 1095 5173 aliquid,
1141 5103 1261 5156 aliis
1301 5096 1588 5156 minuetur.
1637 5103 1714 5157 Ac
1745 5117 1840 5172 per
1866 5102 1991 5169 hoc,
2034 5119 2139 5159 non

563 5197 703 5271 quod
749 5204 865 5253 erat
905 5192 1286 5266 recipiendum.
1328 5192 1424 5247 sed
1465 5192 1659 5247 alicubi
1700 5193 1999 5250 addendum
2036 5204 2140 5263 est,

564 5290 828 5364 quodnon
856 5286 987 5353 fuit;
1018 5294 1075 5341 et
1097 5284 1286 5340 alicubi
1310 5281 1656 5361 perdendum,
1683 5284 1825 5354 quod
1856 5284 1971 5340 fuit.

637 5385 693 5439 ε.
735 5384 811 5438 De
839 5382 967 5453 ipsis
1002 5380 1162 5435 etiam
1200 5360 1628 5447 corruptionibns
1669 5388 1723 5431 et
1758 5378 2144 5448 dilapsionibus

569 5490 852 5548 corporum
894 5480 1244 5539 mortuorum,
1274 5484 1396 5525 cum
1438 5467 1582 5522 aliud
1612 5478 1848 5523 vertatur
1891 5470 1943 5524 in
1970 5471 2145 5539 pulve-

630 5630 648 5699 ξ
678 5622 1035 5699 statuam!“
1053 5635 1194 5699 xeo.
1215 5616 1679 5699 adsensere
1696 5619 2143 5699 eameam»:-

626 5691 649 5718 ‘
683 5690 803 5762 utin
820 5687 1021 5762 addunt,
1045 5682 1566 5762 quod-verbum
1588 5682 2031 5762 hoc‘ApOstoli’loco
2048 5698 2147 5736 non

565 5751 770 5842 reperiri
792 5749 843 5796 in
867 5742 1205 5809 “nauseam
1220 5742 1317 5807 iam
1338 5742 1598 5808 aliquoties
1620 5751 1698 5795 est
1719 5742 2047 5797 Observatum.

684 5813 820 5873 ututi,
846 5826 981 5863 cura.
1007 5810 1283 5860 Ilelittslss
1303 5841 1319 5867 ,
1338 5813 1585 5856 curatura.
1800 5814 1803 5817 '

1546 365 1634 422 DE
1673 354 1990 418 ClVlTATE
2030 350 2161 416 DEI,
2200 349 2259 407 S.
2297 347 2669 408 AUGUSTINI

3676 342 3788 399 776

2170 486 2308 536 rem,
2340 469 2393 525 in
2423 479 2580 524 auras
2605 465 2748 523 aliud
2774 466 3093 532 exbaletur;
3120 462 3236 520 sint
3258 477 3397 533 quos
3427 461 3649 531 bestim,
3682 467 3791 519 sint

2173 578 2306 634 quos
2353 563 2490 633 ignis
2548 562 2837 625 absumat;
2884 558 3164 630 naufragio
3210 559 3297 613 vel
3351 558 3794 628 quibuscumque

2174 655 2327 725 aquis
2362 655 2433 708 ita
2463 651 2681 723 quidam
2711 660 2951 721 pereant,
2976 662 3034 706 ut
3058 665 3249 705 eorum
3279 664 3479 704 carnes
3507 650 3559 703 in
3586 650 3795 703 humu-

2176 762 2289 802 rem
2312 746 2535 817 putredo
2555 745 2843 809 dissolvat;
2871 750 2978 798 ‘non
3006 742 3357 799 mediocriter
3373 754 3795 812 permoventur.

2178 845 2337 907 atque
2365 836 2544 891 omnia
2587 836 2687 891 ista
2718 834 2955 905 recolligi
2992 834 3044 888 in
3072 849 3297 889 carnem
3329 842 3380 886 et
3425 832 3796 903 redintegrati

2180 943 2339 999 posse
2376 942 2482 983 non
2512 927 2755 984 credunt.
2795 926 3188 983 Consectantur
3220 926 3386 979 etiam
3414 939 3672 994 quasque
3700 925 3797 979 lte-

2182 1020 2377 1074 ditates
2401 1028 2457 1075 et
2482 1019 2630 1087 vitia,
2676 1018 2792 1074 sive
2818 1017 3131 1082 acccdant‘,
3160 1017 3283 1071 sive
3327 1026 3634 1070 nascantur
3664 1034 3679 1069 :
3713 1019 3797 1071 ubi

2183 1120 2239 1167 et
2277 1122 2613 1168 monstrosos
2657 1121 2842 1181 partus
2883 1125 3003 1165 cum
3048 1110 3280 1165 horrore
3328 1120 3495 1177 atque
3542 1109 3801 1166 irrisione

2106 1204 2109 1215 ‘
2184 1212 2627 1270 commemorant,
2648 1211 2705 1258 et
2729 1202 3009 1273 requirunt
3034 1217 3283 1271 quaenam
3317 1202 3592 1269 cujusque
3617 1200 3802 1254 defor-

2187 1297 2388 1351 mitatis
2414 1296 2738 1351 resurrectio
2766 1296 2836 1350 sit
2861 1294 3061 1350 futura.
3096 1295 3153 1351 Si
3180 1296 3329 1350 enim
3365 1295 3503 1349 nihil
3534 1296 3647 1349 tale
3679 1296 3802 1351 red-

2189 1386 2268 1443 ire
2295 1388 2347 1441 in
2375 1402 2571 1458 corpus
2596 1386 2827 1442 hominis
2869 1386 3193 1453 dixerimus,
3226 1390 3655 1457 responsionem
3701 1405 3803 1443 uu-

2190 1487 2354 1534 stram
2384 1478 2451 1535 de
2478 1479 2611 1535 locis
2631 1480 2929 1543 vulnerum,
2953 1496 3073 1537 cum
3097 1480 3291 1551 quibus
3323 1481 3621 1534 Dominum
3648 1480 3803 1536 Chri-

2191 1582 2334 1627 stum
2369 1573 2730 1627 resnrrexisse
2760 1572 3136 1641 przedicamus,
3176 1588 3238 1627 se
3262 1573 3655 1627 confutaturus
3682 1589 3801 1628 ese

2195 1676 2548 1736 pra‘sumunt.
2580 1665 2685 1721 Sed
2718 1665 2857 1720 inter
2876 1668 2988 1721 hare
3009 1666 3187 1720 omnia
3214 1668 3451 1737 qnznstio
3481 1666 3800 1721 difﬁcillima

2196 1758 2281 1811 illa
2323 1758 2657 1829 praponitur,
2706 1758 2758 1811 in
2801 1757 2954 1828 cujus
2989 1773 3207 1812 carnem
3252 1758 3496 1812 reditura
3544 1758 3615 1811 sit
3652 1774 3798 1819 caro,

2196 1865 2297 1919 qna
2335 1863 2530 1919 corpus
2565 1850 2807 1913 alterius,
2849 1852 3113 1905 vescentis
3140 1848 3373 1903 humana
3416 1850 3631 1903 viscera
3668 1849 3799 1904 fam

2198 1939 2573 2009 compellente,
2623 1938 2876 1993 nutritur.
2929 1939 2985 1994 lu
3024 1955 3241 1995 carnem
3289 1941 3497 2010 quippe
3539 1956 3797 1996 conversa

2199 2040 2282 2085 est
2310 2032 2443 2097 ejus,
2469 2031 2556 2100 qui
2590 2030 2780 2085 talibus
2802 2031 2931 2086 vixit
2957 2033 3254 2097 alimentis;
3274 2044 3331 2086 et
3360 2049 3425 2087 ea
3447 2048 3575 2103 qua:
3603 2034 3795 2088 macies

2200 2120 2507 2175 ostenderat
2555 2119 2896 2185 detrimenta,
2952 2124 3235 2193 supplevit.
3294 2124 3487 2181 Utrum
3540 2141 3673 2198 ergo
3720 2127 3792 2181 illi

2203 2211 2389 2267 redeat
2418 2211 2619 2268 homini
2642 2213 2794 2285 cujus
2822 2230 2950 2269 caro
2980 2216 3124 2286 prius
3150 2215 3270 2284 fuit,
3299 2234 3368 2270 an
3397 2218 3477 2273 illi
3505 2221 3683 2288 [tutius
3702 2236 3791 2274 eu-

2199 2302 2289 2373 jus
2317 2313 2499 2373 postea
2528 2304 2664 2360 facta
2705 2314 2805 2369 est,
2837 2306 2906 2361 ad
2949 2306 3051 2364 hoc
3089 2318 3498 2378 percontantur,
3539 2319 3602 2365 ut
3639 2312 3785 2367 fidem

2205 2397 2615 2451 resurrectionis
2654 2397 2917 2454 illudant:
2948 2414 3010 2454 ac
3051 2401 3129 2455 sic
3171 2403 3370 2456 animm
3410 2402 3677 2469 humana,
3704 2415 3784 2457 aut

2206 2490 2559 2555 alternantes,
2599 2490 2739 2545 sicut
2780 2491 2953 2559 Plato,
2979 2507 3135 2547 veras
3162 2492 3510 2547 inft-licitates
3540 2494 3784 2564 falsasque

2209 2581 2523 2650 promittant
2564 2580 2957 2648 beatitudines;
3000 2592 3094 2637 aut
3119 2594 3239 2654 post
3270 2586 3473 2639 multas
3502 2586 3674 2641 itidem
3702 2602 3784 2657 per

2210 2671 2420 2727 diversa
2447 2688 2671 2743 corpora
2702 2675 3088 2740 revolutiones,
3134 2677 3429 2747 aliquando
3462 2687 3633 2733 tamen
3658 2695 3783 2743 eam,

2211 2764 2351 2820 sicut
2377 2764 2724 2838 Porphyrius,
2756 2766 2909 2822 linire
2936 2768 3200 2833 miserias,
3223 2778 3280 2823 et
3308 2768 3377 2824 ad
3420 2785 3517 2824 eas
3542 2787 3782 2841 nunquam

2213 2856 2392 2913 redire
2416 2855 2716 2925 fateantur;
2746 2874 2850 2913 non
2877 2866 3059 2915 tamen
3083 2874 3285 2932 corpus
3312 2860 3562 2917 habendo
3585 2863 3781 2917 humor-

2216 2948 2343 3014 tale,
2372 2948 2466 3003 sed
2492 2963 2686 3020 corpus
2712 2964 2873 3005 omne
2897 2949 3170 3022 fugiendo.

2216 3060 2446 3118 CAPUT
2483 3060 2623 3117 Xlll.
2649 3090 2724 3103 -—
2746 3061 2826 3116 An
2851 3061 3063 3117 abortici
3089 3078 3190 3116 non
3220 3062 3515 3133 pertineant
3541 3063 3606 3115 ad
3635 3080 3776 3118 resar-

2316 3154 2609 3219 rcctionem,
2636 3153 2682 3208 si
2706 3153 2953 3223 pertinent
2979 3153 3050 3207 ad
3078 3169 3353 3208 numerum
3379 3164 3701 3209 mortuorum.

2291 3270 2372 3328 Ad
2415 3270 2533 3326 haec
2557 3285 2687 3341 ergo
2712 3284 2832 3341 qua:
2860 3269 2929 3325 ab
2962 3284 3148 3325 eorum
3192 3280 3350 3340 parte
3390 3270 3675 3333 contraria,
3714 3286 3779 3325 me

2220 3365 2505 3436 dirigente,
2543 3363 2672 3418 mihi
2720 3363 2967 3418 videntur
3010 3363 3273 3433 opposita,
3317 3364 3671 3419 misericordia
3706 3364 3779 3420 Dei

2223 3458 2360 3514 meis
2398 3457 2602 3512 nisibus
2643 3470 2800 3525 opem
2842 3455 3069 3519 ferente,
3110 3455 3497 3526 respondeam.
3538 3457 3779 3511 Abortivos

2169 3608 2175 3613 _
2225 3553 2384 3617 fetus,
2416 3552 2529 3622 qui,
2554 3567 2676 3606 cum
2699 3552 2810 3622 jam
2851 3551 3108 3605 vixissent
3133 3552 3183 3605 in
3211 3560 3392 3616 utero,
3422 3551 3495 3605 ibi
3522 3561 3635 3605 sunt
3659 3566 3778 3605 mur-

2227 3645 2326 3711 tui,
2365 3653 2766 3701 resurrecturos
2791 3654 2850 3699 ut
2887 3643 3178 3709 affirmare,
3226 3643 3298 3697 ita
3346 3658 3545 3713 negare
3584 3659 3673 3695 non
3699 3657 3777 3694 au-

2226 3738 2332 3795 deo
2360 3756 2375 3792 :
2405 3740 2648 3808 quamvis
2675 3752 2782 3793 non
2806 3737 3013 3793 videam
3042 3736 3312 3807 quomodo
3338 3736 3406 3791 ad
3436 3752 3533 3791 eos
3560 3751 3653 3790 non
3678 3751 3777 3804 per-

2232 3831 2401 3887 tineat
2428 3829 2751 3886 resurrectio
2779 3839 3132 3893 mortuorum,
3179 3827 3225 3882 si
3269 3842 3379 3882 non
3422 3827 3705 3882 eximunur
3724 3824 3777 3878 de

2232 3938 2458 3978 numero
2496 3932 2850 3977 mortuorum.
2901 3924 3008 3975 Aut
3052 3920 3195 3975 enim
3237 3935 3345 3973 non
3394 3934 3581 3973 omnes
3620 3914 3776 3971 mortui

2228 4010 2534 4084 hesurgent,
2564 4021 2620 4068 et
2653 4023 2811 4068 erunt
2835 4012 3027 4082 aliqua:
3053 4012 3300 4065 humanae
3324 4012 3521 4064 anima:
3557 4011 3658 4064 sine
3677 4024 3774 4063 cor-

2233 4105 2456 4183 poribus
2484 4105 2537 4160 in
2563 4114 2848 4170 aeternum,
2879 4118 2998 4173 quae
3026 4116 3255 4171 corpora
3297 4102 3551 4167 humana,
3578 4097 3773 4171 quamvis

2234 4197 2374 4252 intra
2401 4196 2607 4251 viscera
2636 4205 2900 4261 materna,
2933 4202 3210 4263 gestarant
3236 4211 3250 4246 :
3275 4201 3369 4247 aut
3394 4193 3439 4247 si
3480 4206 3651 4247 omnes
3683 4191 3770 4244 ani-

2236 4305 2341 4345 ma:
2373 4289 2617 4343 humana:
2641 4287 2900 4357 recipient
2928 4283 3263 4352 resurgentia
3309 4299 3404 4337 sua
3431 4291 3769 4352 corpora,'qu:e

2240 4381 2542 4438 habuerunt
2566 4380 2885 4449 ubicumque
2908 4377 3163 4442 viventia,
3206 4385 3260 4431 et
3288 4374 3563 4430 ntorientia
3586 4374 3767 4441 reliqtte-

2239 4483 2385 4542 ruut,
2415 4488 2521 4530 non
2552 4472 2765 4528 invenio
2792 4469 3241 4543 quemadmodum
3271 4469 3448 4523 dicam
3490 4467 3553 4522 ad
3588 4478 3765 4521 resurre-

2240 4572 2472 4627 ctionem
2497 4584 2606 4623 non
2629 4566 2899 4636 pertinere
2920 4571 3277 4625 mortuorum,
3307 4576 3648 4632 quoscumque
3664 4572 3765 4611 mor-

2241 4672 2366 4718 tuos
2396 4661 2555 4716 etiam
2596 4659 2652 4714 in
2689 4656 2856 4712 uteris
2881 4663 3136 4710 matrum.
3168 4654 3276 4709 Sed
3317 4652 3612 4718 utrumlibet
3632 4649 3683 4703 tle
3704 4648 3762 4701 his

2243 4755 2467 4826 quisque
2493 4750 2711 4816 sentiat,
2740 4746 2882 4815 quod
2908 4746 2978 4802 de
2996 4745 3110 4817 jam
3138 4745 3281 4799 natis
3312 4744 3588 4799 infantibus
3610 4739 3760 4795 dixeri—

2244 4861 2387 4913 mus,
2418 4844 2520 4900 hoc
2545 4843 2706 4899 etiam
2741 4840 2809 4897 de
2849 4839 2953 4895 illis
2994 4837 3401 4908 intelligendum
3446 4844 3545 4913 est,
3570 4835 3607 4890 si
3630 4848 3759 4889 restr-

2245 4908 2385 5010 gent-
2399 4933 2474 5010 (α)
2485 4975 2499 4990 .
3487 4908 3515 5007 ξ

2246 5048 2472 5107 CAPUT
2502 5045 2643 5103 XIV.
2672 5076 2746 5087 —
2770 5045 2849 5126 _An
2899 5045 3117 5117 infantes
3157 5042 3211 5096 in
3254 5057 3316 5096 ea
3357 5041 3463 5096 sint
3511 5033 3757 5095 resurrecturi

2321 5139 2613 5195 habitudine
2653 5136 2905 5209 corporis,
2944 5151 3098 5207 quam
3125 5132 3348 5187 habituri
3385 5142 3529 5209 erant
3551 5130 3676 5184 atatis
3695 5142 3757 5179 ιιι

2319 5251 2481 5290 σενα.

2296 5344 2456 5423 Quid
2483 5357 2613 5415 ergo
2654 5343 2724 5399 de
2759 5341 3047 5398 infantibus
3085 5337 3282 5394 dicturi
3316 5351 3527 5403 sumus,
3564 5333 3641 5389 nisi
3672 5328 3753 5401 quia

2252 5453 2357 5491 non
2387 5437 2438 5491 in
2466 5450 2528 5491 ea
2559 5432 2914 5490 resurrecturi
2954 5440 3079 5486 sunt
3104 5428 3347 5499 corporis
3386 5427 3655 5497 exiguitate,
3681 5434 3751 5489 qn

2250 5531 2482 5595 mortui;
2520 5527 2618 5584 sed
2641 5526 2784 5599 quod
2823 5527 2904 5582 eis
2940 5524 3141 5581 tardius
3168 5536 3508 5579 accessurum
3553 5528 3639 5574 erat
3661 5527 3749 5569 tem-

2253 5641 2403 5707 pore,
2436 5624 2537 5678 hoc
2565 5632 2689 5677 sunt
2724 5621 2820 5677 illo
2859 5618 2955 5691 Dei
2990 5632 3152 5689 opere
3192 5617 3330 5672 miro
3366 5625 3523 5686 atque
3546 5609 3747 5669 celerrimo

2315 5743 2334 5775 ι
2370 5737 2506 5790 viud.
2530 5744 2631 5786 Am.
2655 5741 2731 5783 Er.
2757 5740 2810 5783 et
2830 5740 2958 5790 Mss,
2981 5729 3080 5781 sive
3098 5729 3341 5780 accidant.

2316 5766 2397 5865 ξας
2408 5766 2811 5851 ’ῒοὶιῑῗῗὲὶοῖίὶῦἶ
2832 5766 2970 5844 ⁵31⁷³³έὲ
2981 5766 3193 5854 ζ’ἱὶιίῖἑοῗ
