  <div class='ocr_page' id='page_1' title='image "/cluster/home/n/w/nwhite01/storage/ocr_20150623/40-41/uva.x000217726/109.png"; bbox 0 0 3896 6382; ppageno 0'>
   <div class='ocr_carea' id='block_1_1' title="bbox 507 483 614 541">
    <p class='ocr_par' dir='ltr' id='par_1_1' title="bbox 507 483 614 541">
     <span class='ocr_line' id='line_1_1' title="bbox 507 483 614 541; baseline -0.019 0"><span class='ocrx_word' id='word_1_1' title='bbox 507 483 614 541; x_wconf 69' lang='grc' dir='ltr'><strong>ΞΜ</strong></span> 
     </span>
    </p>
   </div>
   <div class='ocr_carea' id='block_1_2' title="bbox 508 560 2090 658">
    <p class='ocr_par' dir='ltr' id='par_1_2' title="bbox 508 560 2090 658">
     <span class='ocr_line' id='line_1_2' title="bbox 508 560 2090 658; baseline -0.03 0"><span class='ocrx_word' id='word_1_2' title='bbox 508 598 731 658; x_wconf 90' lang='lat' dir='ltr'><strong>tendunt</strong></span> <span class='ocrx_word' id='word_1_3' title='bbox 756 595 772 625; x_wconf 84' lang='grc'>¹</span> <span class='ocrx_word' id='word_1_4' title='bbox 795 608 811 657; x_wconf 93' lang='lat'><strong>;</strong></span> <span class='ocrx_word' id='word_1_5' title='bbox 838 587 1009 643; x_wconf 91' lang='lat' dir='ltr'><strong>sciant</strong></span> <span class='ocrx_word' id='word_1_6' title='bbox 1035 579 1089 635; x_wconf 91' lang='lat' dir='ltr'><strong>in</strong></span> <span class='ocrx_word' id='word_1_7' title='bbox 1118 575 1333 633; x_wconf 82' lang='lat' dir='ltr'><strong>Christo</strong></span> <span class='ocrx_word' id='word_1_8' title='bbox 1358 567 1613 626; x_wconf 87' lang='lat' dir='ltr'><strong>cruciﬁxo</strong></span> <span class='ocrx_word' id='word_1_9' title='bbox 1638 566 1804 620; x_wconf 91' lang='lat' dir='ltr'><strong>multa</strong></span> <span class='ocrx_word' id='word_1_10' title='bbox 1844 560 2090 617; x_wconf 88' lang='lat' dir='ltr'><strong>homines</strong></span> 
     </span>
    </p>
   </div>
   <div class='ocr_carea' id='block_1_3' title="bbox 507 655 2093 751">
    <p class='ocr_par' dir='ltr' id='par_1_3' title="bbox 507 655 2093 751">
     <span class='ocr_line' id='line_1_3' title="bbox 507 655 2093 751; baseline -0.028 -2"><span class='ocrx_word' id='word_1_11' title='bbox 507 655 714 749; x_wconf 82' lang='lat' dir='ltr'><strong>discere</strong></span> <span class='ocrx_word' id='word_1_12' title='bbox 730 726 743 751; x_wconf 89' lang='lat'><strong>,</strong></span> <span class='ocrx_word' id='word_1_13' title='bbox 770 655 825 738; x_wconf 86' lang='lat' dir='ltr'><strong>et</strong></span> <span class='ocrx_word' id='word_1_14' title='bbox 844 678 1076 735; x_wconf 80' lang='lat' dir='ltr'><strong>maxime</strong></span> <span class='ocrx_word' id='word_1_15' title='bbox 1101 669 1245 744; x_wconf 87' lang='lat' dir='ltr'><strong>quod</strong></span> <span class='ocrx_word' id='word_1_16' title='bbox 1263 676 1399 723; x_wconf 86' lang='lat' dir='ltr'><strong>vetus</strong></span> <span class='ocrx_word' id='word_1_17' title='bbox 1426 665 1574 718; x_wconf 87' lang='lat' dir='ltr'><strong>homo</strong></span> <span class='ocrx_word' id='word_1_18' title='bbox 1596 669 1762 715; x_wconf 89' lang='lat' dir='ltr'><strong>noster</strong></span> <span class='ocrx_word' id='word_1_19' title='bbox 1787 655 1938 713; x_wconf 86' lang='lat' dir='ltr'><strong>simul</strong></span> <span class='ocrx_word' id='word_1_20' title='bbox 1976 671 2093 708; x_wconf 83' lang='lat' dir='ltr'><strong>cru-</strong></span> 
     </span>
    </p>
   </div>
   <div class='ocr_carea' id='block_1_4' title="bbox 507 750 2092 853">
    <p class='ocr_par' dir='ltr' id='par_1_4' title="bbox 507 750 2092 853">
     <span class='ocr_line' id='line_1_4' title="bbox 507 750 2092 853; baseline -0.026 -14"><span class='ocrx_word' id='word_1_21' title='bbox 507 785 689 853; x_wconf 76' lang='lat' dir='ltr'><strong>ciﬁxus</strong></span> <span class='ocrx_word' id='word_1_22' title='bbox 713 785 785 834; x_wconf 86' lang='lat' dir='ltr'><strong>est</strong></span> <span class='ocrx_word' id='word_1_23' title='bbox 808 817 823 841; x_wconf 94' lang='lat'><strong>,</strong></span> <span class='ocrx_word' id='word_1_24' title='bbox 846 784 899 827; x_wconf 88' lang='lat' dir='ltr'><strong>ut</strong></span> <span class='ocrx_word' id='word_1_25' title='bbox 946 776 1208 825; x_wconf 83' lang='lat' dir='ltr'><strong>evacuetur</strong></span> <span class='ocrx_word' id='word_1_26' title='bbox 1244 776 1425 831; x_wconf 86' lang='lat' dir='ltr'><strong>corpus</strong></span> <span class='ocrx_word' id='word_1_27' title='bbox 1470 754 1691 827; x_wconf 84' lang='lat' dir='ltr'><strong>peccati,</strong></span> <span class='ocrx_word' id='word_1_28' title='bbox 1734 760 1779 853; x_wconf 77' lang='lat' dir='ltr'><strong>et</strong></span> <span class='ocrx_word' id='word_1_29' title='bbox 1825 750 1961 853; x_wconf 77' lang='lat' dir='ltr'><strong>ultra</strong></span> <span class='ocrx_word' id='word_1_30' title='bbox 1990 762 2092 800; x_wconf 92' lang='lat' dir='ltr'><strong>non</strong></span> 
     </span>
    </p>
   </div>
   <div class='ocr_carea' id='block_1_5' title="bbox 507 839 2093 939">
    <p class='ocr_par' dir='ltr' id='par_1_5' title="bbox 507 839 2093 939">
     <span class='ocr_line' id='line_1_5' title="bbox 507 839 2093 939; baseline -0.025 -8"><span class='ocrx_word' id='word_1_31' title='bbox 507 839 782 931; x_wconf 67' lang='lat' dir='ltr'><strong>serviamus</strong></span> <span class='ocrx_word' id='word_1_32' title='bbox 809 839 1011 939; x_wconf 69' lang='lat' dir='ltr'><strong>peccato</strong></span> <span class='ocrx_word' id='word_1_33' title='bbox 1053 859 1227 928; x_wconf 81' lang='lat' dir='ltr'><strong>(Rom.</strong></span> <span class='ocrx_word' id='word_1_34' title='bbox 1255 870 1343 921; x_wconf 81' lang='lat' dir='ltr'><strong>vr,</strong></span> <span class='ocrx_word' id='word_1_35' title='bbox 1395 851 1489 920; x_wconf 88' lang='lat'><strong>6):</strong></span> <span class='ocrx_word' id='word_1_36' title='bbox 1522 846 1661 902; x_wconf 89' lang='lat' dir='ltr'><strong>unde</strong></span> <span class='ocrx_word' id='word_1_37' title='bbox 1703 843 1862 900; x_wconf 89' lang='lat' dir='ltr'><strong>etiam</strong></span> <span class='ocrx_word' id='word_1_38' title='bbox 1917 839 2093 939; x_wconf 31' lang='lat' dir='ltr'><strong>deﬁse</strong></span> 
     </span>
    </p>
   </div>
   <div class='ocr_carea' id='block_1_6' title="bbox 507 928 2093 1036">
    <p class='ocr_par' dir='ltr' id='par_1_6' title="bbox 507 928 2093 1036">
     <span class='ocr_line' id='line_1_6' title="bbox 507 928 2093 1036; baseline -0.027 -14"><span class='ocrx_word' id='word_1_39' title='bbox 507 928 626 1036; x_wconf 80' lang='lat' dir='ltr'><strong>ipso</strong></span> <span class='ocrx_word' id='word_1_40' title='bbox 650 928 821 1025; x_wconf 60' lang='lat' dir='ltr'><strong>dicit,</strong></span> <span class='ocrx_word' id='word_1_41' title='bbox 851 954 980 1011; x_wconf 80' lang='lat' dir='ltr'><strong>Mihi</strong></span> <span class='ocrx_word' id='word_1_42' title='bbox 1009 960 1174 1005; x_wconf 84' lang='lat' dir='ltr'><strong>autem</strong></span> <span class='ocrx_word' id='word_1_43' title='bbox 1190 946 1317 1001; x_wconf 85' lang='lat' dir='ltr'><strong>absit</strong></span> <span class='ocrx_word' id='word_1_44' title='bbox 1344 939 1558 1014; x_wconf 86' lang='lat' dir='ltr'><strong>gloriari</strong></span> <span class='ocrx_word' id='word_1_45' title='bbox 1581 981 1595 1003; x_wconf 94' lang='lat'><strong>,</strong></span> <span class='ocrx_word' id='word_1_46' title='bbox 1624 936 1722 1036; x_wconf 79' lang='lat' dir='ltr'><strong>nisi</strong></span> <span class='ocrx_word' id='word_1_47' title='bbox 1741 935 1793 988; x_wconf 89' lang='lat' dir='ltr'><strong>in</strong></span> <span class='ocrx_word' id='word_1_48' title='bbox 1813 947 1957 1036; x_wconf 72' lang='lat' dir='ltr'><strong>cruce</strong></span> <span class='ocrx_word' id='word_1_49' title='bbox 1984 928 2093 1034; x_wconf 81' lang='lat' dir='ltr'><strong>Do-</strong></span> 
     </span>
    </p>
   </div>
   <div class='ocr_carea' id='block_1_7' title="bbox 505 1022 2090 1111">
    <p class='ocr_par' dir='ltr' id='par_1_7' title="bbox 505 1022 2090 1111">
     <span class='ocr_line' id='line_1_7' title="bbox 505 1022 2090 1111; baseline -0.024 1"><span class='ocrx_word' id='word_1_50' title='bbox 505 1022 634 1111; x_wconf 75' lang='lat' dir='ltr'><strong>mini</strong></span> <span class='ocrx_word' id='word_1_51' title='bbox 660 1022 819 1109; x_wconf 84' lang='lat' dir='ltr'><strong>nostri</strong></span> <span class='ocrx_word' id='word_1_52' title='bbox 845 1047 879 1103; x_wconf 81' lang='lat' dir='ltr'><strong><em>J</em></strong></span> <span class='ocrx_word' id='word_1_53' title='bbox 884 1064 971 1103; x_wconf 87' lang='lat' dir='ltr'><strong>esu</strong></span> <span class='ocrx_word' id='word_1_54' title='bbox 995 1042 1178 1099; x_wconf 79' lang='lat' dir='ltr'><strong>Christi</strong></span> <span class='ocrx_word' id='word_1_55' title='bbox 1204 1080 1218 1105; x_wconf 92' lang='lat'><strong>,</strong></span> <span class='ocrx_word' id='word_1_56' title='bbox 1246 1053 1335 1107; x_wconf 87' lang='lat' dir='ltr'><strong>per</strong></span> <span class='ocrx_word' id='word_1_57' title='bbox 1360 1049 1505 1106; x_wconf 85' lang='lat' dir='ltr'><strong>quem</strong></span> <span class='ocrx_word' id='word_1_58' title='bbox 1530 1026 1655 1085; x_wconf 87' lang='lat' dir='ltr'><strong>mihi</strong></span> <span class='ocrx_word' id='word_1_59' title='bbox 1680 1026 1899 1082; x_wconf 86' lang='lat' dir='ltr'><strong>mundus</strong></span> <span class='ocrx_word' id='word_1_60' title='bbox 1926 1022 2090 1077; x_wconf 83' lang='lat' dir='ltr'><strong>cruci-</strong></span> 
     </span>
    </p>
   </div>
   <div class='ocr_carea' id='block_1_8' title="bbox 510 1115 2092 1219">
    <p class='ocr_par' dir='ltr' id='par_1_8' title="bbox 510 1115 2092 1219">
     <span class='ocr_line' id='line_1_8' title="bbox 510 1115 2092 1219; baseline -0.022 -16"><span class='ocrx_word' id='word_1_61' title='bbox 510 1150 644 1219; x_wconf 70' lang='lat' dir='ltr'><strong>ﬁxus</strong></span> <span class='ocrx_word' id='word_1_62' title='bbox 673 1153 786 1210; x_wconf 91' lang='lat' dir='ltr'><strong>est,</strong></span> <span class='ocrx_word' id='word_1_63' title='bbox 817 1150 863 1195; x_wconf 84' lang='lat' dir='ltr'><strong>et</strong></span> <span class='ocrx_word' id='word_1_64' title='bbox 886 1153 978 1209; x_wconf 88' lang='lat' dir='ltr'><strong>ego</strong></span> <span class='ocrx_word' id='word_1_65' title='bbox 1025 1126 1427 1200; x_wconf 86' lang='lat' dir='ltr'><strong>mundo(Galat.</strong></span> <span class='ocrx_word' id='word_1_66' title='bbox 1472 1138 1557 1189; x_wconf 80' lang='lat' dir='ltr'><strong>vr,</strong></span> <span class='ocrx_word' id='word_1_67' title='bbox 1602 1115 1969 1219; x_wconf 44' lang='lat' dir='ltr'><strong>14-).Proindc</strong></span> <span class='ocrx_word' id='word_1_68' title='bbox 2012 1120 2092 1168; x_wconf 84' lang='lat' dir='ltr'><strong>at-</strong></span> 
     </span>
    </p>
   </div>
   <div class='ocr_carea' id='block_1_9' title="bbox 509 1210 2094 1299">
    <p class='ocr_par' dir='ltr' id='par_1_9' title="bbox 509 1210 2094 1299">
     <span class='ocr_line' id='line_1_9' title="bbox 509 1210 2094 1299; baseline -0.025 -2"><span class='ocrx_word' id='word_1_69' title='bbox 509 1210 768 1299; x_wconf 71' lang='lat' dir='ltr'><strong>tendant,</strong></span> <span class='ocrx_word' id='word_1_70' title='bbox 800 1241 856 1287; x_wconf 88' lang='lat' dir='ltr'><strong>et</strong></span> <span class='ocrx_word' id='word_1_71' title='bbox 891 1227 1108 1283; x_wconf 82' lang='lat' dir='ltr'><strong>videant</strong></span> <span class='ocrx_word' id='word_1_72' title='bbox 1148 1213 1597 1291; x_wconf 85' lang='lat' dir='ltr'><strong>quemadmodum</strong></span> <span class='ocrx_word' id='word_1_73' title='bbox 1637 1210 1891 1266; x_wconf 81' lang='lat' dir='ltr'><strong>doceatur</strong></span> <span class='ocrx_word' id='word_1_74' title='bbox 1933 1214 2094 1275; x_wconf 89' lang='lat' dir='ltr'><strong>atque</strong></span> 
     </span>
    </p>
   </div>
   <div class='ocr_carea' id='block_1_10' title="bbox 507 1304 2094 1389">
    <p class='ocr_par' dir='ltr' id='par_1_10' title="bbox 507 1304 2094 1389">
     <span class='ocr_line' id='line_1_10' title="bbox 507 1304 2094 1389; baseline -0.024 0"><span class='ocrx_word' id='word_1_75' title='bbox 507 1334 746 1389; x_wconf 90' lang='lat' dir='ltr'><strong>discatur</strong></span> <span class='ocrx_word' id='word_1_76' title='bbox 774 1321 1017 1381; x_wconf 83' lang='lat' dir='ltr'><strong>Christus</strong></span> <span class='ocrx_word' id='word_1_77' title='bbox 1042 1313 1354 1377; x_wconf 88' lang='lat' dir='ltr'><strong>cruciﬁxus,</strong></span> <span class='ocrx_word' id='word_1_78' title='bbox 1381 1317 1436 1365; x_wconf 90' lang='lat' dir='ltr'><strong>et</strong></span> <span class='ocrx_word' id='word_1_79' title='bbox 1486 1306 1554 1362; x_wconf 89' lang='lat' dir='ltr'><strong>ad</strong></span> <span class='ocrx_word' id='word_1_80' title='bbox 1579 1304 1696 1376; x_wconf 88' lang='lat' dir='ltr'><strong>ejus</strong></span> <span class='ocrx_word' id='word_1_81' title='bbox 1742 1315 1957 1358; x_wconf 89' lang='lat' dir='ltr'><strong>crucem</strong></span> <span class='ocrx_word' id='word_1_82' title='bbox 1995 1312 2094 1353; x_wconf 85' lang='lat' dir='ltr'><strong>no-</strong></span> 
     </span>
    </p>
   </div>
   <div class='ocr_carea' id='block_1_11' title="bbox 507 1396 2095 1488">
    <p class='ocr_par' dir='ltr' id='par_1_11' title="bbox 507 1396 2095 1488">
     <span class='ocr_line' id='line_1_11' title="bbox 507 1396 2095 1488; baseline -0.021 -11"><span class='ocrx_word' id='word_1_83' title='bbox 507 1422 686 1479; x_wconf 89' lang='lat' dir='ltr'><strong>verint</strong></span> <span class='ocrx_word' id='word_1_84' title='bbox 715 1415 983 1488; x_wconf 84' lang='lat' dir='ltr'><strong>pertinere</strong></span> <span class='ocrx_word' id='word_1_85' title='bbox 1007 1406 1151 1480; x_wconf 90' lang='lat' dir='ltr'><strong>quod</strong></span> <span class='ocrx_word' id='word_1_86' title='bbox 1170 1403 1332 1461; x_wconf 90' lang='lat' dir='ltr'><strong>etiam</strong></span> <span class='ocrx_word' id='word_1_87' title='bbox 1362 1415 1458 1456; x_wconf 89' lang='lat' dir='ltr'><strong>nos</strong></span> <span class='ocrx_word' id='word_1_88' title='bbox 1483 1399 1537 1453; x_wconf 89' lang='lat' dir='ltr'><strong>in</strong></span> <span class='ocrx_word' id='word_1_89' title='bbox 1565 1396 1685 1467; x_wconf 84' lang='lat' dir='ltr'><strong>ejus</strong></span> <span class='ocrx_word' id='word_1_90' title='bbox 1716 1406 1943 1464; x_wconf 90' lang='lat' dir='ltr'><strong>corpore</strong></span> <span class='ocrx_word' id='word_1_91' title='bbox 1971 1404 2095 1447; x_wconf 90' lang='lat' dir='ltr'><strong>cru-</strong></span> 
     </span>
    </p>
   </div>
   <div class='ocr_carea' id='block_1_12' title="bbox 506 1483 2098 1584">
    <p class='ocr_par' dir='ltr' id='par_1_12' title="bbox 506 1483 2098 1584">
     <span class='ocr_line' id='line_1_12' title="bbox 506 1483 2098 1584; baseline -0.024 -13"><span class='ocrx_word' id='word_1_92' title='bbox 506 1483 774 1584; x_wconf 75' lang='lat' dir='ltr'><strong>ciﬁgimur</strong></span> <span class='ocrx_word' id='word_1_93' title='bbox 793 1502 1027 1568; x_wconf 89' lang='lat' dir='ltr'><strong>mundo;</strong></span> <span class='ocrx_word' id='word_1_94' title='bbox 1057 1498 1144 1555; x_wconf 90' lang='lat' dir='ltr'><strong>ubi</strong></span> <span class='ocrx_word' id='word_1_95' title='bbox 1171 1493 1481 1563; x_wconf 78' lang='lat' dir='ltr'><strong>intelligitur</strong></span> <span class='ocrx_word' id='word_1_96' title='bbox 1500 1487 1678 1544; x_wconf 92' lang='lat' dir='ltr'><strong>omnis</strong></span> <span class='ocrx_word' id='word_1_97' title='bbox 1703 1483 1960 1541; x_wconf 86' lang='lat' dir='ltr'><strong>coercitio</strong></span> <span class='ocrx_word' id='word_1_98' title='bbox 1988 1496 2098 1535; x_wconf 88' lang='lat' dir='ltr'><strong>ma-</strong></span> 
     </span>
    </p>
   </div>
   <div class='ocr_carea' id='block_1_13' title="bbox 508 1577 2099 1667">
    <p class='ocr_par' dir='ltr' id='par_1_13' title="bbox 508 1577 2099 1667">
     <span class='ocr_line' id='line_1_13' title="bbox 508 1577 2099 1667; baseline -0.023 -5"><span class='ocrx_word' id='word_1_99' title='bbox 508 1577 683 1662; x_wconf 73' lang='lat' dir='ltr'><strong>larum</strong></span> <span class='ocrx_word' id='word_1_100' title='bbox 706 1590 1258 1667; x_wconf 86' lang='lat' dir='ltr'><strong>concupiscentiarum</strong></span> <span class='ocrx_word' id='word_1_101' title='bbox 1290 1602 1304 1639; x_wconf 88' lang='lat'><strong>:</strong></span> <span class='ocrx_word' id='word_1_102' title='bbox 1334 1599 1397 1639; x_wconf 91' lang='lat' dir='ltr'><strong>ac</strong></span> <span class='ocrx_word' id='word_1_103' title='bbox 1417 1597 1511 1653; x_wconf 90' lang='lat' dir='ltr'><strong>per</strong></span> <span class='ocrx_word' id='word_1_104' title='bbox 1531 1579 1633 1635; x_wconf 87' lang='lat' dir='ltr'><strong>hoc</strong></span> <span class='ocrx_word' id='word_1_105' title='bbox 1660 1577 1775 1633; x_wconf 89' lang='lat' dir='ltr'><strong>ﬁeri</strong></span> <span class='ocrx_word' id='word_1_106' title='bbox 1792 1590 1899 1631; x_wconf 91' lang='lat' dir='ltr'><strong>non</strong></span> <span class='ocrx_word' id='word_1_107' title='bbox 1921 1578 2099 1645; x_wconf 86' lang='lat' dir='ltr'><strong>potest</strong></span> 
     </span>
    </p>
   </div>
   <div class='ocr_carea' id='block_1_14' title="bbox 512 1665 2096 1763">
    <p class='ocr_par' dir='ltr' id='par_1_14' title="bbox 512 1665 2096 1763">
     <span class='ocr_line' id='line_1_14' title="bbox 512 1665 2096 1763; baseline -0.021 -11"><span class='ocrx_word' id='word_1_108' title='bbox 512 1706 571 1751; x_wconf 91' lang='lat' dir='ltr'><strong>ut</strong></span> <span class='ocrx_word' id='word_1_109' title='bbox 597 1695 675 1750; x_wconf 91' lang='lat' dir='ltr'><strong>eis</strong></span> <span class='ocrx_word' id='word_1_110' title='bbox 694 1691 783 1763; x_wconf 85' lang='lat' dir='ltr'><strong>qui</strong></span> <span class='ocrx_word' id='word_1_111' title='bbox 814 1665 974 1744; x_wconf 84' lang='lat' dir='ltr'><strong>cruce</strong></span> <span class='ocrx_word' id='word_1_112' title='bbox 995 1680 1191 1739; x_wconf 87' lang='lat' dir='ltr'><strong>Christi</strong></span> <span class='ocrx_word' id='word_1_113' title='bbox 1216 1678 1512 1732; x_wconf 74' lang='lat' dir='ltr'><strong>formantur</strong></span> <span class='ocrx_word' id='word_1_114' title='bbox 1531 1674 1552 1703; x_wconf 82' lang='grc'>³</span> <span class='ocrx_word' id='word_1_115' title='bbox 1572 1712 1588 1738; x_wconf 88' lang='grc'>,</span> <span class='ocrx_word' id='word_1_116' title='bbox 1616 1668 1859 1740; x_wconf 87' lang='lat' dir='ltr'><strong>professa</strong></span> <span class='ocrx_word' id='word_1_117' title='bbox 1885 1665 2096 1722; x_wconf 76' lang='lat' dir='ltr'><strong>adulte-</strong></span> 
     </span>
    </p>
   </div>
   <div class='ocr_carea' id='block_1_15' title="bbox 510 1760 2096 1858">
    <p class='ocr_par' dir='ltr' id='par_1_15' title="bbox 510 1760 2096 1858">
     <span class='ocr_line' id='line_1_15' title="bbox 510 1760 2096 1858; baseline -0.021 -14"><span class='ocrx_word' id='word_1_118' title='bbox 510 1790 591 1844; x_wconf 87' lang='lat' dir='ltr'><strong>ria</strong></span> <span class='ocrx_word' id='word_1_119' title='bbox 618 1760 1009 1858; x_wconf 71' lang='lat' dir='ltr'><strong>permutantur.</strong></span> <span class='ocrx_word' id='word_1_120' title='bbox 1038 1775 1173 1831; x_wconf 85' lang='lat' dir='ltr'><strong>Nam</strong></span> <span class='ocrx_word' id='word_1_121' title='bbox 1200 1780 1253 1827; x_wconf 91' lang='lat' dir='ltr'><strong>et</strong></span> <span class='ocrx_word' id='word_1_122' title='bbox 1274 1766 1546 1841; x_wconf 85' lang='lat' dir='ltr'><strong>apostolus</strong></span> <span class='ocrx_word' id='word_1_123' title='bbox 1572 1764 1764 1819; x_wconf 85' lang='lat' dir='ltr'><strong>Petrus</strong></span> <span class='ocrx_word' id='word_1_124' title='bbox 1806 1760 1875 1817; x_wconf 91' lang='lat' dir='ltr'><strong>de</strong></span> <span class='ocrx_word' id='word_1_125' title='bbox 1914 1773 2096 1814; x_wconf 89' lang='lat' dir='ltr'><strong>sacra-</strong></span> 
     </span>
    </p>
   </div>
   <div class='ocr_carea' id='block_1_16' title="bbox 513 1854 2098 1949">
    <p class='ocr_par' dir='ltr' id='par_1_16' title="bbox 513 1854 2098 1949">
     <span class='ocr_line' id='line_1_16' title="bbox 513 1854 2098 1949; baseline -0.018 -11"><span class='ocrx_word' id='word_1_126' title='bbox 513 1854 696 1938; x_wconf 81' lang='lat' dir='ltr'><strong>mento</strong></span> <span class='ocrx_word' id='word_1_127' title='bbox 726 1878 891 1949; x_wconf 89' lang='lat' dir='ltr'><strong>ipsius</strong></span> <span class='ocrx_word' id='word_1_128' title='bbox 910 1872 1085 1929; x_wconf 88' lang='lat' dir='ltr'><strong>crucis</strong></span> <span class='ocrx_word' id='word_1_129' title='bbox 1105 1912 1120 1938; x_wconf 92' lang='lat'><strong>,</strong></span> <span class='ocrx_word' id='word_1_130' title='bbox 1149 1868 1253 1922; x_wconf 90' lang='lat' dir='ltr'><strong>hoc</strong></span> <span class='ocrx_word' id='word_1_131' title='bbox 1272 1874 1355 1921; x_wconf 91' lang='lat' dir='ltr'><strong>est</strong></span> <span class='ocrx_word' id='word_1_132' title='bbox 1372 1860 1633 1934; x_wconf 87' lang='lat' dir='ltr'><strong>passionis</strong></span> <span class='ocrx_word' id='word_1_133' title='bbox 1655 1856 1849 1913; x_wconf 88' lang='lat' dir='ltr'><strong>Christi</strong></span> <span class='ocrx_word' id='word_1_134' title='bbox 1868 1897 1883 1922; x_wconf 82' lang='lat'><strong>,</strong></span> <span class='ocrx_word' id='word_1_135' title='bbox 1911 1854 2098 1910; x_wconf 88' lang='lat' dir='ltr'><strong>admo-</strong></span> 
     </span>
    </p>
   </div>
   <div class='ocr_carea' id='block_1_17' title="bbox 512 1946 2100 2041">
    <p class='ocr_par' dir='ltr' id='par_1_17' title="bbox 512 1946 2100 2041">
     <span class='ocr_line' id='line_1_17' title="bbox 512 1946 2100 2041; baseline -0.019 -11"><span class='ocrx_word' id='word_1_136' title='bbox 512 1986 638 2035; x_wconf 88' lang='lat' dir='ltr'><strong>net.</strong></span> <span class='ocrx_word' id='word_1_137' title='bbox 669 1980 727 2026; x_wconf 93' lang='lat' dir='ltr'><strong>ut</strong></span> <span class='ocrx_word' id='word_1_138' title='bbox 749 1946 854 2041; x_wconf 79' lang='lat' dir='ltr'><strong>qui</strong></span> <span class='ocrx_word' id='word_1_139' title='bbox 880 1982 943 2022; x_wconf 91' lang='lat' dir='ltr'><strong>ea</strong></span> <span class='ocrx_word' id='word_1_140' title='bbox 990 1967 1369 2019; x_wconf 88' lang='lat' dir='ltr'><strong>consecrantur</strong></span> <span class='ocrx_word' id='word_1_141' title='bbox 1418 1968 1641 2026; x_wconf 87' lang='lat' dir='ltr'><strong>peccare</strong></span> <span class='ocrx_word' id='word_1_142' title='bbox 1691 1950 1977 2014; x_wconf 87' lang='lat' dir='ltr'><strong>desinant,</strong></span> <span class='ocrx_word' id='word_1_143' title='bbox 2026 1946 2100 2001; x_wconf 88' lang='lat' dir='ltr'><strong>ita</strong></span> 
     </span>
    </p>
   </div>
   <div class='ocr_carea' id='block_1_18' title="bbox 514 2041 2102 2136">
    <p class='ocr_par' dir='ltr' id='par_1_18' title="bbox 514 2041 2102 2136">
     <span class='ocr_line' id='line_1_18' title="bbox 514 2041 2102 2136; baseline -0.018 -14"><span class='ocrx_word' id='word_1_144' title='bbox 514 2068 738 2136; x_wconf 90' lang='lat' dir='ltr'><strong>loquens</strong></span> <span class='ocrx_word' id='word_1_145' title='bbox 770 2079 783 2115; x_wconf 90' lang='lat'><strong>:</strong></span> <span class='ocrx_word' id='word_1_146' title='bbox 814 2059 1015 2114; x_wconf 78' lang='lat' dir='ltr'><strong>Christo</strong></span> <span class='ocrx_word' id='word_1_147' title='bbox 1060 2070 1177 2125; x_wconf 90' lang='lat' dir='ltr'><strong>ergo</strong></span> <span class='ocrx_word' id='word_1_148' title='bbox 1216 2065 1364 2122; x_wconf 82' lang='lat' dir='ltr'><strong>passo</strong></span> <span class='ocrx_word' id='word_1_149' title='bbox 1392 2048 1444 2102; x_wconf 90' lang='lat' dir='ltr'><strong>in</strong></span> <span class='ocrx_word' id='word_1_150' title='bbox 1493 2061 1644 2101; x_wconf 88' lang='lat' dir='ltr'><strong>carne</strong></span> <span class='ocrx_word' id='word_1_151' title='bbox 1668 2084 1685 2112; x_wconf 90' lang='lat'><strong>,</strong></span> <span class='ocrx_word' id='word_1_152' title='bbox 1719 2053 1765 2098; x_wconf 91' lang='lat' dir='ltr'><strong>et</strong></span> <span class='ocrx_word' id='word_1_153' title='bbox 1814 2058 1900 2096; x_wconf 89' lang='lat' dir='ltr'><strong>vos</strong></span> <span class='ocrx_word' id='word_1_154' title='bbox 1926 2041 2102 2096; x_wconf 88' lang='lat' dir='ltr'><strong>eadem</strong></span> 
     </span>
    </p>
   </div>
   <div class='ocr_carea' id='block_1_19' title="bbox 515 2132 2100 2227">
    <p class='ocr_par' dir='ltr' id='par_1_19' title="bbox 515 2132 2100 2227">
     <span class='ocr_line' id='line_1_19' title="bbox 515 2132 2100 2227; baseline -0.017 -16"><span class='ocrx_word' id='word_1_155' title='bbox 515 2132 816 2227; x_wconf 87' lang='lat' dir='ltr'><strong>cogitatione</strong></span> <span class='ocrx_word' id='word_1_156' title='bbox 835 2146 1136 2211; x_wconf 76' lang='lat' dir='ltr'><strong>armamini;</strong></span> <span class='ocrx_word' id='word_1_157' title='bbox 1167 2143 1286 2211; x_wconf 89' lang='lat' dir='ltr'><strong>quia</strong></span> <span class='ocrx_word' id='word_1_158' title='bbox 1309 2140 1396 2209; x_wconf 87' lang='lat' dir='ltr'><strong>qui</strong></span> <span class='ocrx_word' id='word_1_159' title='bbox 1419 2146 1645 2192; x_wconf 86' lang='lat' dir='ltr'><strong>mortuus</strong></span> <span class='ocrx_word' id='word_1_160' title='bbox 1671 2142 1743 2189; x_wconf 84' lang='lat' dir='ltr'><strong>est</strong></span> <span class='ocrx_word' id='word_1_161' title='bbox 1768 2150 1919 2188; x_wconf 88' lang='lat' dir='ltr'><strong>carne</strong></span> <span class='ocrx_word' id='word_1_162' title='bbox 1944 2174 1960 2201; x_wconf 91' lang='lat'><strong>,</strong></span> <span class='ocrx_word' id='word_1_163' title='bbox 2007 2132 2100 2187; x_wconf 87' lang='lat' dir='ltr'><strong>de-</strong></span> 
     </span>
    </p>
   </div>
   <div class='ocr_carea' id='block_1_20' title="bbox 514 2223 2099 2315">
    <p class='ocr_par' dir='ltr' id='par_1_20' title="bbox 514 2223 2099 2315">
     <span class='ocr_line' id='line_1_20' title="bbox 514 2223 2099 2315; baseline -0.016 -14"><span class='ocrx_word' id='word_1_164' title='bbox 514 2223 599 2301; x_wconf 79' lang='lat' dir='ltr'><strong>siit</strong></span> <span class='ocrx_word' id='word_1_165' title='bbox 624 2259 860 2315; x_wconf 86' lang='lat' dir='ltr'><strong>peccare,</strong></span> <span class='ocrx_word' id='word_1_166' title='bbox 908 2248 962 2292; x_wconf 93' lang='lat' dir='ltr'><strong>ut</strong></span> <span class='ocrx_word' id='word_1_167' title='bbox 978 2239 1093 2308; x_wconf 84' lang='lat' dir='ltr'><strong>jam</strong></span> <span class='ocrx_word' id='word_1_168' title='bbox 1119 2249 1221 2287; x_wconf 90' lang='lat' dir='ltr'><strong>non</strong></span> <span class='ocrx_word' id='word_1_169' title='bbox 1259 2230 1518 2286; x_wconf 80' lang='lat' dir='ltr'><strong>hominum</strong></span> <span class='ocrx_word' id='word_1_170' title='bbox 1564 2225 1825 2282; x_wconf 75' lang='lat' dir='ltr'><strong>desideriis</strong></span> <span class='ocrx_word' id='word_1_171' title='bbox 1846 2265 1862 2289; x_wconf 87' lang='lat'><strong>,</strong></span> <span class='ocrx_word' id='word_1_172' title='bbox 1892 2223 1979 2279; x_wconf 86' lang='lat' dir='ltr'><strong>sed</strong></span> <span class='ocrx_word' id='word_1_173' title='bbox 2008 2239 2099 2277; x_wconf 88' lang='lat' dir='ltr'><strong>vo-</strong></span> 
     </span>
    </p>
   </div>
   <div class='ocr_carea' id='block_1_21' title="bbox 516 2316 2098 2396">
    <p class='ocr_par' dir='ltr' id='par_1_21' title="bbox 516 2316 2098 2396">
     <span class='ocr_line' id='line_1_21' title="bbox 516 2316 2098 2396; baseline -0.016 -2"><span class='ocrx_word' id='word_1_174' title='bbox 516 2341 709 2394; x_wconf 87' lang='lat' dir='ltr'><strong>luntate</strong></span> <span class='ocrx_word' id='word_1_175' title='bbox 733 2332 943 2389; x_wconf 84' lang='lat' dir='ltr'><strong>Domini</strong></span> <span class='ocrx_word' id='word_1_176' title='bbox 963 2328 1063 2384; x_wconf 91' lang='lat' dir='ltr'><strong>Dei</strong></span> <span class='ocrx_word' id='word_1_177' title='bbox 1085 2328 1333 2396; x_wconf 88' lang='lat' dir='ltr'><strong>reliquum</strong></span> <span class='ocrx_word' id='word_1_178' title='bbox 1363 2324 1415 2376; x_wconf 86' lang='lat' dir='ltr'><strong>in</strong></span> <span class='ocrx_word' id='word_1_179' title='bbox 1442 2336 1594 2375; x_wconf 86' lang='lat' dir='ltr'><strong>carne</strong></span> <span class='ocrx_word' id='word_1_180' title='bbox 1617 2320 1747 2373; x_wconf 82' lang='lat' dir='ltr'><strong>vivat</strong></span> <span class='ocrx_word' id='word_1_181' title='bbox 1780 2317 1822 2388; x_wconf 94' lang='lat' dir='ltr'><strong>(l</strong></span> <span class='ocrx_word' id='word_1_182' title='bbox 1852 2316 1994 2371; x_wconf 89' lang='lat' dir='ltr'><strong>Petr.</strong></span> <span class='ocrx_word' id='word_1_183' title='bbox 2026 2331 2098 2383; x_wconf 84' lang='lat' dir='ltr'><strong>tv,</strong></span> 
     </span>
    </p>
   </div>
   <div class='ocr_carea' id='block_1_22' title="bbox 519 2409 2102 2501">
    <p class='ocr_par' dir='ltr' id='par_1_22' title="bbox 519 2409 2102 2501">
     <span class='ocr_line' id='line_1_22' title="bbox 519 2409 2102 2501; baseline -0.015 -15"><span class='ocrx_word' id='word_1_184' title='bbox 519 2434 545 2486; x_wconf 79' lang='lat' dir='ltr'><strong>l</strong></span> <span class='ocrx_word' id='word_1_185' title='bbox 578 2472 591 2495; x_wconf 92' lang='lat'><strong>,</strong></span> <span class='ocrx_word' id='word_1_186' title='bbox 620 2428 677 2501; x_wconf 72' lang='lat'><strong>2)</strong></span> <span class='ocrx_word' id='word_1_187' title='bbox 701 2445 715 2493; x_wconf 86' lang='lat'><strong>;</strong></span> <span class='ocrx_word' id='word_1_188' title='bbox 742 2436 795 2482; x_wconf 92' lang='lat' dir='ltr'><strong>et</strong></span> <span class='ocrx_word' id='word_1_189' title='bbox 814 2434 1007 2480; x_wconf 71' lang='lat' dir='ltr'><strong>caetera</strong></span> <span class='ocrx_word' id='word_1_190' title='bbox 1027 2463 1043 2488; x_wconf 87' lang='lat'><strong>,</strong></span> <span class='ocrx_word' id='word_1_191' title='bbox 1073 2419 1263 2491; x_wconf 85' lang='lat' dir='ltr'><strong>quibus</strong></span> <span class='ocrx_word' id='word_1_192' title='bbox 1292 2420 1679 2484; x_wconf 89' lang='lat' dir='ltr'><strong>consequenter</strong></span> <span class='ocrx_word' id='word_1_193' title='bbox 1702 2409 1955 2475; x_wconf 86' lang='lat' dir='ltr'><strong>ostendit,</strong></span> <span class='ocrx_word' id='word_1_194' title='bbox 1980 2424 2102 2464; x_wconf 88' lang='lat' dir='ltr'><strong>eum</strong></span> 
     </span>
    </p>
   </div>
   <div class='ocr_carea' id='block_1_23' title="bbox 518 2503 2105 2593">
    <p class='ocr_par' dir='ltr' id='par_1_23' title="bbox 518 2503 2105 2593">
     <span class='ocr_line' id='line_1_23' title="bbox 518 2503 2105 2593; baseline -0.016 -15"><span class='ocrx_word' id='word_1_195' title='bbox 518 2523 790 2593; x_wconf 88' lang='lat' dir='ltr'><strong>pertinere</strong></span> <span class='ocrx_word' id='word_1_196' title='bbox 812 2516 879 2570; x_wconf 87' lang='lat' dir='ltr'><strong>ad</strong></span> <span class='ocrx_word' id='word_1_197' title='bbox 908 2514 1177 2570; x_wconf 83' lang='lat' dir='ltr'><strong>Christum</strong></span> <span class='ocrx_word' id='word_1_198' title='bbox 1204 2507 1515 2564; x_wconf 80' lang='lat' dir='ltr'><strong>cruciﬁxum</strong></span> <span class='ocrx_word' id='word_1_199' title='bbox 1533 2547 1546 2571; x_wconf 91' lang='lat'><strong>,</strong></span> <span class='ocrx_word' id='word_1_200' title='bbox 1582 2503 1683 2559; x_wconf 92' lang='lat' dir='ltr'><strong>hoc</strong></span> <span class='ocrx_word' id='word_1_201' title='bbox 1708 2512 1817 2569; x_wconf 91' lang='lat' dir='ltr'><strong>est,</strong></span> <span class='ocrx_word' id='word_1_202' title='bbox 1867 2516 1963 2571; x_wconf 90' lang='lat' dir='ltr'><strong>per</strong></span> <span class='ocrx_word' id='word_1_203' title='bbox 1987 2515 2105 2554; x_wconf 87' lang='lat' dir='ltr'><strong>car-</strong></span> 
     </span>
    </p>
   </div>
   <div class='ocr_carea' id='block_1_24' title="bbox 519 2591 2104 2681">
    <p class='ocr_par' dir='ltr' id='par_1_24' title="bbox 519 2591 2104 2681">
     <span class='ocr_line' id='line_1_24' title="bbox 519 2591 2104 2681; baseline -0.015 -12"><span class='ocrx_word' id='word_1_204' title='bbox 519 2591 642 2669; x_wconf 78' lang='lat' dir='ltr'><strong>nem</strong></span> <span class='ocrx_word' id='word_1_205' title='bbox 660 2624 897 2681; x_wconf 88' lang='lat' dir='ltr'><strong>passum,</strong></span> <span class='ocrx_word' id='word_1_206' title='bbox 920 2605 1010 2676; x_wconf 92' lang='lat' dir='ltr'><strong>qui</strong></span> <span class='ocrx_word' id='word_1_207' title='bbox 1032 2605 1083 2658; x_wconf 91' lang='lat' dir='ltr'><strong>in</strong></span> <span class='ocrx_word' id='word_1_208' title='bbox 1102 2604 1217 2673; x_wconf 88' lang='lat' dir='ltr'><strong>cjus</strong></span> <span class='ocrx_word' id='word_1_209' title='bbox 1235 2614 1458 2669; x_wconf 89' lang='lat' dir='ltr'><strong>corpore</strong></span> <span class='ocrx_word' id='word_1_210' title='bbox 1476 2594 1744 2651; x_wconf 86' lang='lat' dir='ltr'><strong>cruciﬁxis</strong></span> <span class='ocrx_word' id='word_1_211' title='bbox 1762 2596 1781 2625; x_wconf 75' lang='grc'>³</span> <span class='ocrx_word' id='word_1_212' title='bbox 1803 2591 2104 2648; x_wconf 88' lang='lat' dir='ltr'><strong>carnalibus</strong></span> 
     </span>
    </p>
   </div>
   <div class='ocr_carea' id='block_1_25' title="bbox 519 2688 1613 2764">
    <p class='ocr_par' dir='ltr' id='par_1_25' title="bbox 519 2688 1613 2764">
     <span class='ocr_line' id='line_1_25' title="bbox 519 2688 1613 2764; baseline -0.019 -3"><span class='ocrx_word' id='word_1_213' title='bbox 519 2701 798 2761; x_wconf 87' lang='lat' dir='ltr'><strong>desideriis</strong></span> <span class='ocrx_word' id='word_1_214' title='bbox 827 2698 963 2754; x_wconf 84' lang='lat' dir='ltr'><strong>bene</strong></span> <span class='ocrx_word' id='word_1_215' title='bbox 986 2697 1113 2750; x_wconf 88' lang='lat' dir='ltr'><strong>vivit</strong></span> <span class='ocrx_word' id='word_1_216' title='bbox 1130 2709 1225 2764; x_wconf 87' lang='lat' dir='ltr'><strong>per</strong></span> <span class='ocrx_word' id='word_1_217' title='bbox 1248 2688 1613 2759; x_wconf 80' lang='lat' dir='ltr'><strong>Evangelium.</strong></span> 
     </span>
    </p>
   </div>
   <div class='ocr_carea' id='block_1_26' title="bbox 594 2797 2105 2885">
    <p class='ocr_par' dir='ltr' id='par_1_26' title="bbox 594 2797 2105 2885">
     <span class='ocr_line' id='line_1_26' title="bbox 594 2797 2105 2885; baseline -0.014 -11"><span class='ocrx_word' id='word_1_218' title='bbox 594 2820 680 2874; x_wconf 76' lang='grc'><strong>16.</strong></span> <span class='ocrx_word' id='word_1_219' title='bbox 710 2815 846 2885; x_wconf 85' lang='lat' dir='ltr'><strong>Quid</strong></span> <span class='ocrx_word' id='word_1_220' title='bbox 867 2858 881 2881; x_wconf 93' lang='lat'><strong>,</strong></span> <span class='ocrx_word' id='word_1_221' title='bbox 913 2810 1054 2883; x_wconf 90' lang='lat' dir='ltr'><strong>quod</strong></span> <span class='ocrx_word' id='word_1_222' title='bbox 1069 2810 1228 2866; x_wconf 88' lang='lat' dir='ltr'><strong>etiam</strong></span> <span class='ocrx_word' id='word_1_223' title='bbox 1255 2807 1359 2861; x_wconf 88' lang='lat' dir='ltr'><strong>duo</strong></span> <span class='ocrx_word' id='word_1_224' title='bbox 1389 2805 1477 2858; x_wconf 91' lang='lat' dir='ltr'><strong>illa</strong></span> <span class='ocrx_word' id='word_1_225' title='bbox 1507 2808 1770 2872; x_wconf 60' lang='lat' dir='ltr'><strong>praecepta</strong></span> <span class='ocrx_word' id='word_1_226' title='bbox 1791 2841 1807 2866; x_wconf 85' lang='lat'><strong>,</strong></span> <span class='ocrx_word' id='word_1_227' title='bbox 1835 2798 1889 2853; x_wconf 91' lang='lat' dir='ltr'><strong>in</strong></span> <span class='ocrx_word' id='word_1_228' title='bbox 1915 2797 2105 2868; x_wconf 90' lang='lat' dir='ltr'><strong>quibus</strong></span> 
     </span>
    </p>
   </div>
   <div class='ocr_carea' id='block_1_27' title="bbox 525 2890 2102 2969">
    <p class='ocr_par' dir='ltr' id='par_1_27' title="bbox 525 2890 2102 2969">
     <span class='ocr_line' id='line_1_27' title="bbox 525 2890 2102 2969; baseline -0.016 -2"><span class='ocrx_word' id='word_1_229' title='bbox 525 2912 780 2967; x_wconf 87' lang='lat' dir='ltr'><strong>Dominus</strong></span> <span class='ocrx_word' id='word_1_230' title='bbox 832 2909 907 2960; x_wconf 86' lang='lat' dir='ltr'><strong>ait</strong></span> <span class='ocrx_word' id='word_1_231' title='bbox 935 2915 1099 2969; x_wconf 83' lang='lat' dir='ltr'><strong>totam</strong></span> <span class='ocrx_word' id='word_1_232' title='bbox 1144 2902 1337 2969; x_wconf 87' lang='lat' dir='ltr'><strong>Legem</strong></span> <span class='ocrx_word' id='word_1_233' title='bbox 1390 2895 1788 2963; x_wconf 88' lang='lat' dir='ltr'><strong>Prophetasque</strong></span> <span class='ocrx_word' id='word_1_234' title='bbox 1826 2890 2061 2961; x_wconf 84' lang='lat' dir='ltr'><strong>pendere</strong></span> <span class='ocrx_word' id='word_1_235' title='bbox 2087 2930 2102 2955; x_wconf 94' lang='lat'><strong>,</strong></span> 
     </span>
    </p>
   </div>
   <div class='ocr_carea' id='block_1_28' title="bbox 522 2982 2106 3068">
    <p class='ocr_par' dir='ltr' id='par_1_28' title="bbox 522 2982 2106 3068">
     <span class='ocr_line' id='line_1_28' title="bbox 522 2982 2106 3068; baseline -0.016 -9"><span class='ocrx_word' id='word_1_236' title='bbox 522 3005 647 3059; x_wconf 85' lang='lat' dir='ltr'><strong>huic</strong></span> <span class='ocrx_word' id='word_1_237' title='bbox 674 3016 783 3055; x_wconf 57' lang='lat' dir='ltr'><strong>suae</strong></span> <span class='ocrx_word' id='word_1_238' title='bbox 817 2995 1055 3068; x_wconf 87' lang='lat' dir='ltr'><strong>opinioni</strong></span> <span class='ocrx_word' id='word_1_239' title='bbox 1100 2988 1379 3059; x_wconf 73' lang='lat' dir='ltr'><strong>sull‘ragari</strong></span> <span class='ocrx_word' id='word_1_240' title='bbox 1425 2982 1789 3040; x_wconf 84' lang='lat' dir='ltr'><strong>arbitrantur?</strong></span> <span class='ocrx_word' id='word_1_241' title='bbox 1832 2992 1887 3037; x_wconf 90' lang='lat' dir='ltr'><strong>et</strong></span> <span class='ocrx_word' id='word_1_242' title='bbox 1921 2982 1998 3035; x_wconf 90' lang='lat' dir='ltr'><strong>sic</strong></span> <span class='ocrx_word' id='word_1_243' title='bbox 2043 2995 2106 3034; x_wconf 90' lang='lat' dir='ltr'><strong>ea</strong></span> 
     </span>
    </p>
   </div>
   <div class='ocr_carea' id='block_1_29' title="bbox 521 3075 2108 3155">
    <p class='ocr_par' dir='ltr' id='par_1_29' title="bbox 521 3075 2108 3155">
     <span class='ocr_line' id='line_1_29' title="bbox 521 3075 2108 3155; baseline -0.016 -2"><span class='ocrx_word' id='word_1_244' title='bbox 521 3100 958 3153; x_wconf 86' lang='lat' dir='ltr'><strong>commemorant,</strong></span> <span class='ocrx_word' id='word_1_245' title='bbox 981 3096 1041 3142; x_wconf 90' lang='lat' dir='ltr'><strong>ut</strong></span> <span class='ocrx_word' id='word_1_246' title='bbox 1055 3085 1301 3155; x_wconf 89' lang='lat' dir='ltr'><strong>quoniam</strong></span> <span class='ocrx_word' id='word_1_247' title='bbox 1315 3081 1542 3151; x_wconf 88' lang='lat' dir='ltr'><strong>primum</strong></span> <span class='ocrx_word' id='word_1_248' title='bbox 1562 3084 1881 3148; x_wconf 68' lang='lat' dir='ltr'><strong>prmeeptum</strong></span> <span class='ocrx_word' id='word_1_249' title='bbox 1907 3075 2108 3129; x_wconf 89' lang='lat' dir='ltr'><strong>dictum</strong></span> 
     </span>
    </p>
   </div>
   <div class='ocr_carea' id='block_1_30' title="bbox 522 3169 2107 3256">
    <p class='ocr_par' dir='ltr' id='par_1_30' title="bbox 522 3169 2107 3256">
     <span class='ocr_line' id='line_1_30' title="bbox 522 3169 2107 3256; baseline -0.016 -12"><span class='ocrx_word' id='word_1_250' title='bbox 522 3198 609 3244; x_wconf 89' lang='lat' dir='ltr'><strong>est</strong></span> <span class='ocrx_word' id='word_1_251' title='bbox 631 3231 645 3254; x_wconf 92' lang='lat'><strong>,</strong></span> <span class='ocrx_word' id='word_1_252' title='bbox 678 3186 872 3256; x_wconf 88' lang='lat' dir='ltr'><strong>Diliges</strong></span> <span class='ocrx_word' id='word_1_253' title='bbox 905 3180 1178 3234; x_wconf 87' lang='lat' dir='ltr'><strong>Dominum</strong></span> <span class='ocrx_word' id='word_1_254' title='bbox 1207 3174 1375 3229; x_wconf 88' lang='lat' dir='ltr'><strong>Deum</strong></span> <span class='ocrx_word' id='word_1_255' title='bbox 1397 3182 1538 3227; x_wconf 89' lang='lat' dir='ltr'><strong>tuum</strong></span> <span class='ocrx_word' id='word_1_256' title='bbox 1582 3188 1645 3225; x_wconf 81' lang='lat' dir='ltr'><strong>ea:</strong></span> <span class='ocrx_word' id='word_1_257' title='bbox 1668 3180 1770 3223; x_wconf 90' lang='lat' dir='ltr'><strong>toto</strong></span> <span class='ocrx_word' id='word_1_258' title='bbox 1798 3169 1949 3222; x_wconf 88' lang='lat' dir='ltr'><strong>corde</strong></span> <span class='ocrx_word' id='word_1_259' title='bbox 1977 3178 2062 3222; x_wconf 91' lang='lat' dir='ltr'><strong>tuo</strong></span> <span class='ocrx_word' id='word_1_260' title='bbox 2092 3208 2107 3235; x_wconf 95' lang='lat'><strong>,</strong></span> 
     </span>
    </p>
   </div>
   <div class='ocr_carea' id='block_1_31' title="bbox 525 3260 2111 3336">
    <p class='ocr_par' dir='ltr' id='par_1_31' title="bbox 525 3260 2111 3336">
     <span class='ocr_line' id='line_1_31' title="bbox 525 3260 2111 3336; baseline -0.016 1"><span class='ocrx_word' id='word_1_261' title='bbox 525 3294 571 3336; x_wconf 89' lang='lat' dir='ltr'><strong>et</strong></span> <span class='ocrx_word' id='word_1_262' title='bbox 600 3297 664 3335; x_wconf 81' lang='lat' dir='ltr'><strong>ea:</strong></span> <span class='ocrx_word' id='word_1_263' title='bbox 697 3288 804 3333; x_wconf 91' lang='lat' dir='ltr'><strong>tota</strong></span> <span class='ocrx_word' id='word_1_264' title='bbox 834 3277 1005 3329; x_wconf 89' lang='lat' dir='ltr'><strong>anima</strong></span> <span class='ocrx_word' id='word_1_265' title='bbox 1033 3282 1118 3325; x_wconf 86' lang='lat' dir='ltr'><strong>tua</strong></span> <span class='ocrx_word' id='word_1_266' title='bbox 1140 3312 1153 3334; x_wconf 92' lang='lat'><strong>,</strong></span> <span class='ocrx_word' id='word_1_267' title='bbox 1177 3279 1223 3323; x_wconf 89' lang='lat' dir='ltr'><strong>et</strong></span> <span class='ocrx_word' id='word_1_268' title='bbox 1260 3284 1321 3321; x_wconf 80' lang='lat' dir='ltr'><strong>ea:</strong></span> <span class='ocrx_word' id='word_1_269' title='bbox 1352 3275 1453 3319; x_wconf 89' lang='lat' dir='ltr'><strong>tota</strong></span> <span class='ocrx_word' id='word_1_270' title='bbox 1477 3274 1640 3318; x_wconf 83' lang='lat' dir='ltr'><strong>mente</strong></span> <span class='ocrx_word' id='word_1_271' title='bbox 1683 3272 1810 3329; x_wconf 88' lang='lat' dir='ltr'><strong>tua;</strong></span> <span class='ocrx_word' id='word_1_272' title='bbox 1836 3260 2111 3315; x_wconf 87' lang='lat' dir='ltr'><strong>secundum</strong></span> 
     </span>
    </p>
   </div>
   <div class='ocr_carea' id='block_1_32' title="bbox 521 3359 2113 3432">
    <p class='ocr_par' dir='ltr' id='par_1_32' title="bbox 521 3359 2113 3432">
     <span class='ocr_line' id='line_1_32' title="bbox 521 3359 2113 3432; baseline -0.016 -3"><span class='ocrx_word' id='word_1_273' title='bbox 521 3386 692 3429; x_wconf 79' lang='lat' dir='ltr'><strong>autem</strong></span> <span class='ocrx_word' id='word_1_274' title='bbox 718 3370 881 3426; x_wconf 83' lang='lat' dir='ltr'><strong>simile</strong></span> <span class='ocrx_word' id='word_1_275' title='bbox 900 3366 1013 3419; x_wconf 83' lang='lat' dir='ltr'><strong>huic</strong></span> <span class='ocrx_word' id='word_1_276' title='bbox 1038 3408 1053 3431; x_wconf 87' lang='lat'><strong>,</strong></span> <span class='ocrx_word' id='word_1_277' title='bbox 1082 3362 1275 3432; x_wconf 84' lang='lat' dir='ltr'><strong>Diliges</strong></span> <span class='ocrx_word' id='word_1_278' title='bbox 1298 3359 1581 3430; x_wconf 73' lang='lat' dir='ltr'><strong>proximum</strong></span> <span class='ocrx_word' id='word_1_279' title='bbox 1625 3365 1766 3410; x_wconf 89' lang='lat' dir='ltr'><strong>tuum</strong></span> <span class='ocrx_word' id='word_1_280' title='bbox 1803 3363 2042 3424; x_wconf 83' lang='lat' dir='ltr'><strong>tanquam</strong></span> <span class='ocrx_word' id='word_1_281' title='bbox 2066 3363 2113 3406; x_wconf 89' lang='lat' dir='ltr'><strong>te</strong></span> 
     </span>
    </p>
   </div>
   <div class='ocr_carea' id='block_1_33' title="bbox 522 3445 2109 3541">
    <p class='ocr_par' dir='ltr' id='par_1_33' title="bbox 522 3445 2109 3541">
     <span class='ocr_line' id='line_1_33' title="bbox 522 3445 2109 3541; baseline -0.017 -17"><span class='ocrx_word' id='word_1_282' title='bbox 522 3472 690 3541; x_wconf 85' lang='lat' dir='ltr'><strong>ipsum</strong></span> <span class='ocrx_word' id='word_1_283' title='bbox 716 3463 931 3537; x_wconf 83' lang='lat' dir='ltr'><strong>(Matth.</strong></span> <span class='ocrx_word' id='word_1_284' title='bbox 961 3474 1076 3514; x_wconf 83' lang='lat' dir='ltr'><strong>xxn</strong></span> <span class='ocrx_word' id='word_1_285' title='bbox 1099 3498 1114 3523; x_wconf 90' lang='lat'><strong>,</strong></span> <span class='ocrx_word' id='word_1_286' title='bbox 1167 3454 1392 3525; x_wconf 68' lang='lat'><strong>57-40);</strong></span> <span class='ocrx_word' id='word_1_287' title='bbox 1422 3454 1651 3522; x_wconf 90' lang='lat' dir='ltr'><strong>primum</strong></span> <span class='ocrx_word' id='word_1_288' title='bbox 1683 3448 1907 3503; x_wconf 75' lang='lat' dir='ltr'><strong>credant</strong></span> <span class='ocrx_word' id='word_1_289' title='bbox 1940 3445 2109 3516; x_wconf 89' lang='lat' dir='ltr'><strong>perti-</strong></span> 
     </span>
    </p>
   </div>
   <div class='ocr_carea' id='block_1_34' title="bbox 522 3538 2108 3625">
    <p class='ocr_par' dir='ltr' id='par_1_34' title="bbox 522 3538 2108 3625">
     <span class='ocr_line' id='line_1_34' title="bbox 522 3538 2108 3625; baseline -0.018 -7"><span class='ocrx_word' id='word_1_290' title='bbox 522 3538 654 3619; x_wconf 85' lang='lat' dir='ltr'><strong>nere</strong></span> <span class='ocrx_word' id='word_1_291' title='bbox 682 3559 748 3613; x_wconf 91' lang='lat' dir='ltr'><strong>ad</strong></span> <span class='ocrx_word' id='word_1_292' title='bbox 777 3551 1122 3625; x_wconf 87' lang='lat' dir='ltr'><strong>baptizandos</strong></span> <span class='ocrx_word' id='word_1_293' title='bbox 1149 3548 1194 3615; x_wconf 70' lang='grc'><strong>⁸,</strong></span> <span class='ocrx_word' id='word_1_294' title='bbox 1234 3547 1325 3603; x_wconf 86' lang='lat' dir='ltr'><strong>ubi</strong></span> <span class='ocrx_word' id='word_1_295' title='bbox 1374 3544 1584 3599; x_wconf 84' lang='lat' dir='ltr'><strong>dilectio</strong></span> <span class='ocrx_word' id='word_1_296' title='bbox 1615 3541 1709 3596; x_wconf 91' lang='lat' dir='ltr'><strong>Dei</strong></span> <span class='ocrx_word' id='word_1_297' title='bbox 1760 3538 2063 3609; x_wconf 65' lang='lat' dir='ltr'><strong>praecipitur</strong></span> <span class='ocrx_word' id='word_1_298' title='bbox 2092 3577 2108 3602; x_wconf 93' lang='lat'><strong>,</strong></span> 
     </span>
    </p>
   </div>
   <div class='ocr_carea' id='block_1_35' title="bbox 526 3630 2112 3709">
    <p class='ocr_par' dir='ltr' id='par_1_35' title="bbox 526 3630 2112 3709">
     <span class='ocr_line' id='line_1_35' title="bbox 526 3630 2112 3709; baseline -0.015 -1"><span class='ocrx_word' id='word_1_299' title='bbox 526 3650 820 3709; x_wconf 87' lang='lat' dir='ltr'><strong>secundum</strong></span> <span class='ocrx_word' id='word_1_300' title='bbox 849 3653 1027 3698; x_wconf 88' lang='lat' dir='ltr'><strong>autem</strong></span> <span class='ocrx_word' id='word_1_301' title='bbox 1076 3640 1142 3694; x_wconf 90' lang='lat' dir='ltr'><strong>ad</strong></span> <span class='ocrx_word' id='word_1_302' title='bbox 1188 3637 1517 3707; x_wconf 87' lang='lat' dir='ltr'><strong>baptizatos,</strong></span> <span class='ocrx_word' id='word_1_303' title='bbox 1568 3632 1657 3687; x_wconf 91' lang='lat' dir='ltr'><strong>ubi</strong></span> <span class='ocrx_word' id='word_1_304' title='bbox 1702 3630 1949 3685; x_wconf 88' lang='lat' dir='ltr'><strong>videntur</strong></span> <span class='ocrx_word' id='word_1_305' title='bbox 1994 3642 2112 3684; x_wconf 88' lang='lat' dir='ltr'><strong>esse</strong></span> 
     </span>
    </p>
   </div>
   <div class='ocr_carea' id='block_1_36' title="bbox 526 3719 2110 3800">
    <p class='ocr_par' dir='ltr' id='par_1_36' title="bbox 526 3719 2110 3800">
     <span class='ocr_line' id='line_1_36' title="bbox 526 3719 2110 3800; baseline -0.018 0"><span class='ocrx_word' id='word_1_306' title='bbox 526 3757 709 3800; x_wconf 89' lang='lat' dir='ltr'><strong>mores</strong></span> <span class='ocrx_word' id='word_1_307' title='bbox 729 3733 1148 3794; x_wconf 85' lang='lat' dir='ltr'><strong>conversationis</strong></span> <span class='ocrx_word' id='word_1_308' title='bbox 1177 3729 1426 3783; x_wconf 69' lang='lat' dir='ltr'><strong>humanm</strong></span> <span class='ocrx_word' id='word_1_309' title='bbox 1457 3743 1469 3777; x_wconf 90' lang='lat'>:</span> <span class='ocrx_word' id='word_1_310' title='bbox 1501 3724 1579 3779; x_wconf 90' lang='lat' dir='ltr'><strong>sic</strong></span> <span class='ocrx_word' id='word_1_311' title='bbox 1603 3721 1752 3777; x_wconf 88' lang='lat' dir='ltr'><strong>obliti</strong></span> <span class='ocrx_word' id='word_1_312' title='bbox 1799 3719 1939 3790; x_wconf 91' lang='lat' dir='ltr'><strong>quod</strong></span> <span class='ocrx_word' id='word_1_313' title='bbox 1976 3719 2110 3773; x_wconf 87' lang='lat' dir='ltr'><strong>seri-</strong></span> 
     </span>
    </p>
   </div>
   <div class='ocr_carea' id='block_1_37' title="bbox 526 3811 2114 3910">
    <p class='ocr_par' dir='ltr' id='par_1_37' title="bbox 526 3811 2114 3910">
     <span class='ocr_line' id='line_1_37' title="bbox 526 3811 2114 3910; baseline -0.019 -18"><span class='ocrx_word' id='word_1_314' title='bbox 526 3846 677 3910; x_wconf 89' lang='lat' dir='ltr'><strong>ptum</strong></span> <span class='ocrx_word' id='word_1_315' title='bbox 698 3840 799 3899; x_wconf 86' lang='lat' dir='ltr'><strong>est,</strong></span> <span class='ocrx_word' id='word_1_316' title='bbox 820 3830 879 3885; x_wconf 87' lang='lat' dir='ltr'><strong>Si</strong></span> <span class='ocrx_word' id='word_1_317' title='bbox 901 3830 1109 3897; x_wconf 79' lang='lat' dir='ltr'><strong>fratrem</strong></span> <span class='ocrx_word' id='word_1_318' title='bbox 1134 3834 1275 3877; x_wconf 89' lang='lat' dir='ltr'><strong>tuum</strong></span> <span class='ocrx_word' id='word_1_319' title='bbox 1290 3836 1435 3891; x_wconf 86' lang='lat' dir='ltr'><strong>quem</strong></span> <span class='ocrx_word' id='word_1_320' title='bbox 1458 3817 1592 3871; x_wconf 81' lang='lat' dir='ltr'><strong>vides</strong></span> <span class='ocrx_word' id='word_1_321' title='bbox 1614 3831 1713 3867; x_wconf 89' lang='lat' dir='ltr'><strong>non</strong></span> <span class='ocrx_word' id='word_1_322' title='bbox 1737 3814 1929 3884; x_wconf 81' lang='lat' dir='ltr'><strong>diligis,</strong></span> <span class='ocrx_word' id='word_1_323' title='bbox 1949 3811 2114 3865; x_wconf 89' lang='lat' dir='ltr'><strong>Deum</strong></span> 
     </span>
    </p>
   </div>
   <div class='ocr_carea' id='block_1_38' title="bbox 526 3902 2109 3999">
    <p class='ocr_par' dir='ltr' id='par_1_38' title="bbox 526 3902 2109 3999">
     <span class='ocr_line' id='line_1_38' title="bbox 526 3902 2109 3999; baseline -0.016 -18"><span class='ocrx_word' id='word_1_324' title='bbox 526 3902 673 3999; x_wconf 68' lang='lat' dir='ltr'><strong>quem</strong></span> <span class='ocrx_word' id='word_1_325' title='bbox 703 3940 803 3979; x_wconf 90' lang='lat' dir='ltr'><strong>non</strong></span> <span class='ocrx_word' id='word_1_326' title='bbox 844 3920 979 3975; x_wconf 83' lang='lat' dir='ltr'><strong>vides</strong></span> <span class='ocrx_word' id='word_1_327' title='bbox 1006 3916 1255 3988; x_wconf 89' lang='lat' dir='ltr'><strong>quomodo</strong></span> <span class='ocrx_word' id='word_1_328' title='bbox 1285 3912 1493 3980; x_wconf 84' lang='lat' dir='ltr'><strong>diligere</strong></span> <span class='ocrx_word' id='word_1_329' title='bbox 1526 3905 1711 3977; x_wconf 84' lang='lat' dir='ltr'><strong>poteris</strong></span> <span class='ocrx_word' id='word_1_330' title='bbox 1741 3904 1785 3975; x_wconf 91' lang='lat' dir='ltr'><strong>(l</strong></span> <span class='ocrx_word' id='word_1_331' title='bbox 1829 3902 1984 3956; x_wconf 81' lang='lat' dir='ltr'><strong>Joan.</strong></span> <span class='ocrx_word' id='word_1_332' title='bbox 2010 3919 2062 3957; x_wconf 84' lang='lat' dir='ltr'><strong>tv</strong></span> <span class='ocrx_word' id='word_1_333' title='bbox 2092 3943 2109 3970; x_wconf 94' lang='lat'><strong>,</strong></span> 
     </span>
    </p>
   </div>
   <div class='ocr_carea' id='block_1_39' title="bbox 527 3993 2116 4089">
    <p class='ocr_par' dir='ltr' id='par_1_39' title="bbox 527 3993 2116 4089">
     <span class='ocr_line' id='line_1_39' title="bbox 527 3993 2116 4089; baseline -0.019 -13"><span class='ocrx_word' id='word_1_334' title='bbox 527 3993 663 4089; x_wconf 65' lang='lat' dir='ltr'><strong>a0)?</strong></span> <span class='ocrx_word' id='word_1_335' title='bbox 690 4026 746 4073; x_wconf 88' lang='lat' dir='ltr'><strong>et</strong></span> <span class='ocrx_word' id='word_1_336' title='bbox 772 4013 900 4069; x_wconf 90' lang='lat' dir='ltr'><strong>illud</strong></span> <span class='ocrx_word' id='word_1_337' title='bbox 952 4009 1095 4065; x_wconf 90' lang='lat' dir='ltr'><strong>aliud</strong></span> <span class='ocrx_word' id='word_1_338' title='bbox 1145 4008 1198 4062; x_wconf 91' lang='lat' dir='ltr'><strong>in</strong></span> <span class='ocrx_word' id='word_1_339' title='bbox 1237 4004 1423 4061; x_wconf 89' lang='lat' dir='ltr'><strong>eadem</strong></span> <span class='ocrx_word' id='word_1_340' title='bbox 1455 3997 1691 4069; x_wconf 84' lang='lat' dir='ltr'><strong>Epistola</strong></span> <span class='ocrx_word' id='word_1_341' title='bbox 1742 3995 2002 4061; x_wconf 80' lang='lat' dir='ltr'><strong>Joannis,</strong></span> <span class='ocrx_word' id='word_1_342' title='bbox 2053 3993 2116 4048; x_wconf 67' lang='lat' dir='ltr'><strong>ss</strong></span> 
     </span>
    </p>
   </div>
   <div class='ocr_carea' id='block_1_40' title="bbox 531 4089 2116 4191">
    <p class='ocr_par' dir='ltr' id='par_1_40' title="bbox 531 4089 2116 4191">
     <span class='ocr_line' id='line_1_40' title="bbox 531 4089 2116 4191; baseline -0.018 -19"><span class='ocrx_word' id='word_1_343' title='bbox 531 4118 642 4191; x_wconf 83' lang='lat' dir='ltr'><strong>quis</strong></span> <span class='ocrx_word' id='word_1_344' title='bbox 673 4112 839 4183; x_wconf 84' lang='lat' dir='ltr'><strong>diligit</strong></span> <span class='ocrx_word' id='word_1_345' title='bbox 868 4108 1113 4163; x_wconf 88' lang='lat' dir='ltr'><strong>mundum</strong></span> <span class='ocrx_word' id='word_1_346' title='bbox 1133 4145 1151 4172; x_wconf 85' lang='lat'><strong>,</strong></span> <span class='ocrx_word' id='word_1_347' title='bbox 1206 4118 1308 4156; x_wconf 92' lang='lat' dir='ltr'><strong>non</strong></span> <span class='ocrx_word' id='word_1_348' title='bbox 1351 4106 1423 4152; x_wconf 85' lang='lat' dir='ltr'><strong>est</strong></span> <span class='ocrx_word' id='word_1_349' title='bbox 1470 4094 1692 4149; x_wconf 77' lang='lat' dir='ltr'><strong>Charitas</strong></span> <span class='ocrx_word' id='word_1_350' title='bbox 1745 4089 1917 4144; x_wconf 84' lang='lat' dir='ltr'><strong>Patris</strong></span> <span class='ocrx_word' id='word_1_351' title='bbox 1944 4091 1998 4143; x_wconf 88' lang='lat' dir='ltr'><strong>in</strong></span> <span class='ocrx_word' id='word_1_352' title='bbox 2024 4090 2116 4143; x_wconf 88' lang='lat' dir='ltr'><strong>illo</strong></span> 
     </span>
    </p>
   </div>
   <div class='ocr_carea' id='block_1_41' title="bbox 536 4184 2120 4283">
    <p class='ocr_par' dir='ltr' id='par_1_41' title="bbox 536 4184 2120 4283">
     <span class='ocr_line' id='line_1_41' title="bbox 536 4184 2120 4283; baseline -0.02 -16"><span class='ocrx_word' id='word_1_353' title='bbox 536 4184 648 4283; x_wconf 87' lang='lat' dir='ltr'><strong>(ld.</strong></span> <span class='ocrx_word' id='word_1_354' title='bbox 678 4225 746 4272; x_wconf 84' lang='grc' dir='ltr'><strong>ιι,</strong></span> <span class='ocrx_word' id='word_1_355' title='bbox 778 4206 891 4274; x_wconf 75' lang='grc'><strong>15).</strong></span> <span class='ocrx_word' id='word_1_356' title='bbox 919 4202 1035 4269; x_wconf 91' lang='lat' dir='ltr'><strong>Quo</strong></span> <span class='ocrx_word' id='word_1_357' title='bbox 1062 4206 1238 4253; x_wconf 90' lang='lat' dir='ltr'><strong>autem</strong></span> <span class='ocrx_word' id='word_1_358' title='bbox 1263 4191 1531 4264; x_wconf 86' lang='lat' dir='ltr'><strong>pertinent</strong></span> <span class='ocrx_word' id='word_1_359' title='bbox 1559 4186 1737 4243; x_wconf 85' lang='lat' dir='ltr'><strong>omnia</strong></span> <span class='ocrx_word' id='word_1_360' title='bbox 1778 4184 1973 4255; x_wconf 88' lang='lat' dir='ltr'><strong>ﬂagitia</strong></span> <span class='ocrx_word' id='word_1_361' title='bbox 2004 4197 2120 4238; x_wconf 84' lang='lat' dir='ltr'><strong>mo-</strong></span> 
     </span>
    </p>
   </div>
   <div class='ocr_carea' id='block_1_42' title="bbox 532 4275 2118 4359">
    <p class='ocr_par' dir='ltr' id='par_1_42' title="bbox 532 4275 2118 4359">
     <span class='ocr_line' id='line_1_42' title="bbox 532 4275 2118 4359; baseline -0.019 0"><span class='ocrx_word' id='word_1_362' title='bbox 532 4275 653 4359; x_wconf 76' lang='lat' dir='ltr'><strong>rum</strong></span> <span class='ocrx_word' id='word_1_363' title='bbox 692 4299 953 4355; x_wconf 87' lang='lat' dir='ltr'><strong>malorum</strong></span> <span class='ocrx_word' id='word_1_364' title='bbox 976 4337 990 4359; x_wconf 89' lang='lat'><strong>,</strong></span> <span class='ocrx_word' id='word_1_365' title='bbox 1030 4290 1136 4345; x_wconf 90' lang='lat' dir='ltr'><strong>nisi</strong></span> <span class='ocrx_word' id='word_1_366' title='bbox 1189 4286 1257 4341; x_wconf 91' lang='lat' dir='ltr'><strong>ad</strong></span> <span class='ocrx_word' id='word_1_367' title='bbox 1315 4282 1500 4338; x_wconf 85' lang='lat' dir='ltr'><strong>mtmdi</strong></span> <span class='ocrx_word' id='word_1_368' title='bbox 1544 4280 1701 4350; x_wconf 90' lang='lat' dir='ltr'><strong>hujus</strong></span> <span class='ocrx_word' id='word_1_369' title='bbox 1731 4275 2118 4333; x_wconf 87' lang='lat' dir='ltr'><strong>dilectionem?</strong></span> 
     </span>
    </p>
   </div>
   <div class='ocr_carea' id='block_1_43' title="bbox 532 4368 2121 4465">
    <p class='ocr_par' dir='ltr' id='par_1_43' title="bbox 532 4368 2121 4465">
     <span class='ocr_line' id='line_1_43' title="bbox 532 4368 2121 4465; baseline -0.021 -11"><span class='ocrx_word' id='word_1_370' title='bbox 532 4398 612 4453; x_wconf 81' lang='lat' dir='ltr'><strong>Ac</strong></span> <span class='ocrx_word' id='word_1_371' title='bbox 638 4409 732 4465; x_wconf 87' lang='lat' dir='ltr'><strong>per</strong></span> <span class='ocrx_word' id='word_1_372' title='bbox 756 4392 858 4446; x_wconf 89' lang='lat' dir='ltr'><strong>hoc</strong></span> <span class='ocrx_word' id='word_1_373' title='bbox 882 4385 1009 4442; x_wconf 88' lang='lat' dir='ltr'><strong>illud</strong></span> <span class='ocrx_word' id='word_1_374' title='bbox 1033 4382 1265 4453; x_wconf 89' lang='lat' dir='ltr'><strong>primum</strong></span> <span class='ocrx_word' id='word_1_375' title='bbox 1294 4382 1618 4448; x_wconf 58' lang='lat' dir='ltr'><strong>praeceptum</strong></span> <span class='ocrx_word' id='word_1_376' title='bbox 1640 4413 1655 4437; x_wconf 95' lang='lat'><strong>,</strong></span> <span class='ocrx_word' id='word_1_377' title='bbox 1674 4370 1827 4465; x_wconf 83' lang='lat' dir='ltr'><strong>quod</strong></span> <span class='ocrx_word' id='word_1_378' title='bbox 1856 4368 1923 4423; x_wconf 91' lang='lat' dir='ltr'><strong>ad</strong></span> <span class='ocrx_word' id='word_1_379' title='bbox 1949 4368 2121 4437; x_wconf 88' lang='lat' dir='ltr'><strong>bapti-</strong></span> 
     </span>
    </p>
   </div>
   <div class='ocr_carea' id='block_1_44' title="bbox 534 4460 2121 4554">
    <p class='ocr_par' dir='ltr' id='par_1_44' title="bbox 534 4460 2121 4554">
     <span class='ocr_line' id='line_1_44' title="bbox 534 4460 2121 4554; baseline -0.021 -8"><span class='ocrx_word' id='word_1_380' title='bbox 534 4460 734 4545; x_wconf 79' lang='lat' dir='ltr'><strong>zandos</strong></span> <span class='ocrx_word' id='word_1_381' title='bbox 779 4481 1045 4554; x_wconf 85' lang='lat' dir='ltr'><strong>pertinere</strong></span> <span class='ocrx_word' id='word_1_382' title='bbox 1100 4471 1458 4535; x_wconf 86' lang='lat' dir='ltr'><strong>arbitrantur,</strong></span> <span class='ocrx_word' id='word_1_383' title='bbox 1511 4467 1626 4522; x_wconf 87' lang='lat' dir='ltr'><strong>sine</strong></span> <span class='ocrx_word' id='word_1_384' title='bbox 1673 4464 1828 4519; x_wconf 92' lang='lat' dir='ltr'><strong>bonis</strong></span> <span class='ocrx_word' id='word_1_385' title='bbox 1878 4460 2121 4517; x_wconf 90' lang='lat' dir='ltr'><strong>moribus</strong></span> 
     </span>
    </p>
   </div>
   <div class='ocr_carea' id='block_1_45' title="bbox 533 4554 2120 4639">
    <p class='ocr_par' dir='ltr' id='par_1_45' title="bbox 533 4554 2120 4639">
     <span class='ocr_line' id='line_1_45' title="bbox 533 4554 2120 4639; baseline -0.018 -4"><span class='ocrx_word' id='word_1_386' title='bbox 533 4577 809 4636; x_wconf 88' lang='lat' dir='ltr'><strong>observari</strong></span> <span class='ocrx_word' id='word_1_387' title='bbox 835 4573 980 4628; x_wconf 88' lang='lat' dir='ltr'><strong>nullo</strong></span> <span class='ocrx_word' id='word_1_388' title='bbox 1002 4574 1155 4639; x_wconf 89' lang='lat' dir='ltr'><strong>pacto</strong></span> <span class='ocrx_word' id='word_1_389' title='bbox 1174 4571 1366 4634; x_wconf 90' lang='lat' dir='ltr'><strong>potest.</strong></span> <span class='ocrx_word' id='word_1_390' title='bbox 1389 4560 1524 4616; x_wconf 86' lang='lat' dir='ltr'><strong>Nolo</strong></span> <span class='ocrx_word' id='word_1_391' title='bbox 1546 4556 1784 4629; x_wconf 89' lang='lat' dir='ltr'><strong>pluribus</strong></span> <span class='ocrx_word' id='word_1_392' title='bbox 1807 4554 2082 4609; x_wconf 87' lang='lat' dir='ltr'><strong>immorari</strong></span> <span class='ocrx_word' id='word_1_393' title='bbox 2105 4570 2120 4607; x_wconf 90' lang='lat'><strong>:</strong></span> 
     </span>
    </p>
   </div>
   <div class='ocr_carea' id='block_1_46' title="bbox 537 4644 2124 4734">
    <p class='ocr_par' dir='ltr' id='par_1_46' title="bbox 537 4644 2124 4734">
     <span class='ocr_line' id='line_1_46' title="bbox 537 4644 2124 4734; baseline -0.019 -9"><span class='ocrx_word' id='word_1_394' title='bbox 537 4684 661 4725; x_wconf 91' lang='lat' dir='ltr'><strong>nam</strong></span> <span class='ocrx_word' id='word_1_395' title='bbox 681 4666 967 4734; x_wconf 72' lang='lat' dir='ltr'><strong>diligenter</strong></span> <span class='ocrx_word' id='word_1_396' title='bbox 990 4656 1326 4716; x_wconf 86' lang='lat' dir='ltr'><strong>considerata</strong></span> <span class='ocrx_word' id='word_1_397' title='bbox 1347 4653 1447 4707; x_wconf 90' lang='lat' dir='ltr'><strong>ista</strong></span> <span class='ocrx_word' id='word_1_398' title='bbox 1476 4650 1583 4704; x_wconf 91' lang='lat' dir='ltr'><strong>duo</strong></span> <span class='ocrx_word' id='word_1_399' title='bbox 1608 4654 1903 4717; x_wconf 85' lang='lat' dir='ltr'><strong>praecepta,</strong></span> <span class='ocrx_word' id='word_1_400' title='bbox 1945 4644 2016 4698; x_wconf 89' lang='lat' dir='ltr'><strong>ita</strong></span> <span class='ocrx_word' id='word_1_401' title='bbox 2056 4658 2124 4734; x_wconf 79' lang='lat' dir='ltr'><strong>ex</strong></span> 
     </span>
    </p>
   </div>
   <div class='ocr_carea' id='block_1_47' title="bbox 535 4733 2126 4819">
    <p class='ocr_par' dir='ltr' id='par_1_47' title="bbox 535 4733 2126 4819">
     <span class='ocr_line' id='line_1_47' title="bbox 535 4733 2126 4819; baseline -0.018 -3"><span class='ocrx_word' id='word_1_402' title='bbox 535 4733 801 4816; x_wconf 81' lang='lat' dir='ltr'><strong>alterutro</strong></span> <span class='ocrx_word' id='word_1_403' title='bbox 811 4766 1052 4809; x_wconf 81' lang='lat' dir='ltr'><strong>connexa</strong></span> <span class='ocrx_word' id='word_1_404' title='bbox 1066 4747 1423 4819; x_wconf 87' lang='lat' dir='ltr'><strong>reperiuntur,</strong></span> <span class='ocrx_word' id='word_1_405' title='bbox 1438 4749 1494 4794; x_wconf 89' lang='lat' dir='ltr'><strong>ut</strong></span> <span class='ocrx_word' id='word_1_406' title='bbox 1510 4754 1608 4794; x_wconf 92' lang='lat' dir='ltr'><strong>nec</strong></span> <span class='ocrx_word' id='word_1_407' title='bbox 1620 4736 1834 4792; x_wconf 91' lang='lat' dir='ltr'><strong>dilectio</strong></span> <span class='ocrx_word' id='word_1_408' title='bbox 1847 4735 1940 4789; x_wconf 89' lang='lat' dir='ltr'><strong>Dei</strong></span> <span class='ocrx_word' id='word_1_409' title='bbox 1958 4733 2126 4804; x_wconf 85' lang='lat' dir='ltr'><strong>possit</strong></span> 
     </span>
    </p>
   </div>
   <div class='ocr_carea' id='block_1_48' title="bbox 536 4828 2128 4909">
    <p class='ocr_par' dir='ltr' id='par_1_48' title="bbox 536 4828 2128 4909">
     <span class='ocr_line' id='line_1_48' title="bbox 536 4828 2128 4909; baseline -0.018 -1"><span class='ocrx_word' id='word_1_410' title='bbox 536 4852 720 4908; x_wconf 89' lang='lat' dir='ltr'><strong>essein</strong></span> <span class='ocrx_word' id='word_1_411' title='bbox 738 4844 1023 4909; x_wconf 90' lang='lat' dir='ltr'><strong>homine,si</strong></span> <span class='ocrx_word' id='word_1_412' title='bbox 1038 4857 1142 4897; x_wconf 90' lang='lat' dir='ltr'><strong>non</strong></span> <span class='ocrx_word' id='word_1_413' title='bbox 1158 4838 1328 4908; x_wconf 75' lang='lat' dir='ltr'><strong>diligit</strong></span> <span class='ocrx_word' id='word_1_414' title='bbox 1342 4832 1769 4906; x_wconf 77' lang='lat' dir='ltr'><strong>proximum,nec</strong></span> <span class='ocrx_word' id='word_1_415' title='bbox 1784 4828 1999 4884; x_wconf 89' lang='lat' dir='ltr'><strong>dilectio</strong></span> <span class='ocrx_word' id='word_1_416' title='bbox 2012 4843 2128 4898; x_wconf 87' lang='lat' dir='ltr'><strong>pro-</strong></span> 
     </span>
    </p>
   </div>
   <div class='ocr_carea' id='block_1_49' title="bbox 535 4918 2123 5007">
    <p class='ocr_par' dir='ltr' id='par_1_49' title="bbox 535 4918 2123 5007">
     <span class='ocr_line' id='line_1_49' title="bbox 535 4918 2123 5007; baseline -0.018 -7"><span class='ocrx_word' id='word_1_417' title='bbox 535 4943 687 5007; x_wconf 77' lang='lat' dir='ltr'><strong>ximi,</strong></span> <span class='ocrx_word' id='word_1_418' title='bbox 713 4941 876 4997; x_wconf 90' lang='lat' dir='ltr'><strong>sinon</strong></span> <span class='ocrx_word' id='word_1_419' title='bbox 887 4934 1060 5005; x_wconf 90' lang='lat' dir='ltr'><strong>diligit</strong></span> <span class='ocrx_word' id='word_1_420' title='bbox 1084 4933 1272 4988; x_wconf 90' lang='lat' dir='ltr'><strong>Deum.</strong></span> <span class='ocrx_word' id='word_1_421' title='bbox 1287 4926 1391 4984; x_wconf 88' lang='lat' dir='ltr'><strong>Sed</strong></span> <span class='ocrx_word' id='word_1_422' title='bbox 1412 4924 1477 4980; x_wconf 89' lang='lat' dir='ltr'><strong>ad</strong></span> <span class='ocrx_word' id='word_1_423' title='bbox 1494 4939 1604 4978; x_wconf 89' lang='lat' dir='ltr'><strong>rem</strong></span> <span class='ocrx_word' id='word_1_424' title='bbox 1621 4936 1740 4992; x_wconf 72' lang='lat' dir='ltr'><strong>qua:</strong></span> <span class='ocrx_word' id='word_1_425' title='bbox 1762 4935 1902 4976; x_wconf 91' lang='lat' dir='ltr'><strong>nunc</strong></span> <span class='ocrx_word' id='word_1_426' title='bbox 1927 4918 2123 4990; x_wconf 91' lang='lat' dir='ltr'><strong>agitur,</strong></span> 
     </span>
    </p>
   </div>
   <div class='ocr_carea' id='block_1_50' title="bbox 538 5012 1892 5106">
    <p class='ocr_par' dir='ltr' id='par_1_50' title="bbox 538 5012 1892 5106">
     <span class='ocr_line' id='line_1_50' title="bbox 538 5012 1892 5106; baseline -0.018 -14"><span class='ocrx_word' id='word_1_427' title='bbox 538 5035 682 5106; x_wconf 89' lang='lat' dir='ltr'><strong>quod</strong></span> <span class='ocrx_word' id='word_1_428' title='bbox 709 5032 777 5089; x_wconf 90' lang='lat' dir='ltr'><strong>de</strong></span> <span class='ocrx_word' id='word_1_429' title='bbox 797 5031 879 5086; x_wconf 90' lang='lat' dir='ltr'><strong>his</strong></span> <span class='ocrx_word' id='word_1_430' title='bbox 904 5027 1109 5084; x_wconf 89' lang='lat' dir='ltr'><strong>duobus</strong></span> <span class='ocrx_word' id='word_1_431' title='bbox 1136 5019 1418 5096; x_wconf 76' lang='lat' dir='ltr'><strong>praeceptis</strong></span> <span class='ocrx_word' id='word_1_432' title='bbox 1437 5017 1666 5072; x_wconf 82' lang='lat' dir='ltr'><strong>diximus</strong></span> <span class='ocrx_word' id='word_1_433' title='bbox 1681 5012 1892 5070; x_wconf 91' lang='lat' dir='ltr'><strong>sufﬁcit.</strong></span> 
     </span>
    </p>
   </div>
   <div class='ocr_carea' id='block_1_51' title="bbox 611 5139 2129 5221">
    <p class='ocr_par' dir='ltr' id='par_1_51' title="bbox 611 5139 2129 5221">
     <span class='ocr_line' id='line_1_51' title="bbox 611 5139 2129 5221; baseline -0.018 -2"><span class='ocrx_word' id='word_1_434' title='bbox 611 5160 837 5218; x_wconf 85' lang='lat' dir='ltr'><strong>CAPUT</strong></span> <span class='ocrx_word' id='word_1_435' title='bbox 879 5157 1069 5213; x_wconf 80' lang='lat' dir='ltr'><strong>XL—</strong></span> <span class='ocrx_word' id='word_1_436' title='bbox 1098 5155 1187 5209; x_wconf 79' lang='lat' dir='ltr'><strong>l7.</strong></span> <span class='ocrx_word' id='word_1_437' title='bbox 1218 5149 1475 5221; x_wconf 86' lang='lat' dir='ltr'><strong>Objectio,</strong></span> <span class='ocrx_word' id='word_1_438' title='bbox 1520 5145 1654 5215; x_wconf 84' lang='lat' dir='ltr'><strong>quod</strong></span> <span class='ocrx_word' id='word_1_439' title='bbox 1695 5142 1946 5198; x_wconf 71' lang='lat' dir='ltr'><strong>lsraelitis</strong></span> <span class='ocrx_word' id='word_1_440' title='bbox 1986 5139 2129 5211; x_wconf 83' lang='lat' dir='ltr'><strong>prius</strong></span> 
     </span>
    </p>
   </div>
   <div class='ocr_carea' id='block_1_52' title="bbox 540 5234 2127 5320">
    <p class='ocr_par' dir='ltr' id='par_1_52' title="bbox 540 5234 2127 5320">
     <span class='ocr_line' id='line_1_52' title="bbox 540 5234 2127 5320; baseline -0.016 -7"><span class='ocrx_word' id='word_1_441' title='bbox 540 5274 681 5313; x_wconf 87' lang='lat' dir='ltr'><strong>mare</strong></span> <span class='ocrx_word' id='word_1_442' title='bbox 702 5253 989 5310; x_wconf 86' lang='lat' dir='ltr'><strong>transierint</strong></span> <span class='ocrx_word' id='word_1_443' title='bbox 1014 5260 1061 5304; x_wconf 89' lang='lat' dir='ltr'><strong>et</strong></span> <span class='ocrx_word' id='word_1_444' title='bbox 1086 5256 1197 5320; x_wconf 83' lang='lat' dir='ltr'><strong>post</strong></span> <span class='ocrx_word' id='word_1_445' title='bbox 1228 5246 1387 5316; x_wconf 88' lang='lat' dir='ltr'><strong>legem</strong></span> <span class='ocrx_word' id='word_1_446' title='bbox 1415 5239 1715 5308; x_wconf 84' lang='lat' dir='ltr'><strong>acceperint.</strong></span> <span class='ocrx_word' id='word_1_447' title='bbox 1740 5236 1809 5293; x_wconf 83' lang='lat' dir='ltr'><strong>At</strong></span> <span class='ocrx_word' id='word_1_448' title='bbox 1859 5234 2001 5290; x_wconf 88' lang='lat' dir='ltr'><strong>enim</strong></span> <span class='ocrx_word' id='word_1_449' title='bbox 2024 5247 2127 5304; x_wconf 84' lang='lat' dir='ltr'><strong>p0—</strong></span> 
     </span>
    </p>
   </div>
   <div class='ocr_carea' id='block_1_53' title="bbox 541 5327 2125 5423">
    <p class='ocr_par' dir='ltr' id='par_1_53' title="bbox 541 5327 2125 5423">
     <span class='ocr_line' id='line_1_53' title="bbox 541 5327 2125 5423; baseline -0.016 -18"><span class='ocrx_word' id='word_1_450' title='bbox 541 5351 696 5423; x_wconf 83' lang='lat' dir='ltr'><strong>pnlus</strong></span> <span class='ocrx_word' id='word_1_451' title='bbox 734 5346 897 5401; x_wconf 88' lang='lat' dir='ltr'><strong>lsrael</strong></span> <span class='ocrx_word' id='word_1_452' title='bbox 923 5344 1154 5415; x_wconf 89' lang='lat' dir='ltr'><strong>primum</strong></span> <span class='ocrx_word' id='word_1_453' title='bbox 1184 5354 1279 5408; x_wconf 88' lang='lat' dir='ltr'><strong>per</strong></span> <span class='ocrx_word' id='word_1_454' title='bbox 1310 5349 1456 5390; x_wconf 90' lang='lat' dir='ltr'><strong>mare</strong></span> <span class='ocrx_word' id='word_1_455' title='bbox 1496 5330 1732 5386; x_wconf 83' lang='lat' dir='ltr'><strong>Rubrum</strong></span> <span class='ocrx_word' id='word_1_456' title='bbox 1763 5327 1953 5383; x_wconf 91' lang='lat' dir='ltr'><strong>ductus</strong></span> <span class='ocrx_word' id='word_1_457' title='bbox 2002 5334 2085 5381; x_wconf 91' lang='lat' dir='ltr'><strong>est</strong></span> <span class='ocrx_word' id='word_1_458' title='bbox 2110 5367 2125 5392; x_wconf 92' lang='lat'><strong>,</strong></span> 
     </span>
    </p>
   </div>
   <div class='ocr_carea' id='block_1_54' title="bbox 540 5418 2127 5514">
    <p class='ocr_par' dir='ltr' id='par_1_54' title="bbox 540 5418 2127 5514">
     <span class='ocr_line' id='line_1_54' title="bbox 540 5418 2127 5514; baseline -0.016 -17"><span class='ocrx_word' id='word_1_459' title='bbox 540 5418 648 5514; x_wconf 83' lang='lat' dir='ltr'><strong>quo</strong></span> <span class='ocrx_word' id='word_1_460' title='bbox 672 5437 998 5509; x_wconf 89' lang='lat' dir='ltr'><strong>signiﬁcatur</strong></span> <span class='ocrx_word' id='word_1_461' title='bbox 1022 5432 1326 5504; x_wconf 88' lang='lat' dir='ltr'><strong>Baptismus</strong></span> <span class='ocrx_word' id='word_1_462' title='bbox 1353 5443 1368 5493; x_wconf 90' lang='lat'><strong>;</strong></span> <span class='ocrx_word' id='word_1_463' title='bbox 1395 5434 1451 5481; x_wconf 90' lang='lat' dir='ltr'><strong>et</strong></span> <span class='ocrx_word' id='word_1_464' title='bbox 1478 5433 1662 5495; x_wconf 89' lang='lat' dir='ltr'><strong>postea</strong></span> <span class='ocrx_word' id='word_1_465' title='bbox 1692 5422 1862 5491; x_wconf 87' lang='lat' dir='ltr'><strong>legem</strong></span> <span class='ocrx_word' id='word_1_466' title='bbox 1884 5418 2127 5490; x_wconf 89' lang='lat' dir='ltr'><strong>accepit,</strong></span> 
     </span>
    </p>
   </div>
   <div class='ocr_carea' id='block_1_55' title="bbox 606 5585 1419 5644">
    <p class='ocr_par' dir='ltr' id='par_1_55' title="bbox 606 5585 1419 5644">
     <span class='ocr_line' id='line_1_55' title="bbox 606 5585 1419 5644; baseline -0.015 -1"><span class='ocrx_word' id='word_1_467' title='bbox 606 5594 624 5625; x_wconf 71' lang='grc' dir='ltr'><strong><em>ι</em></strong></span> <span class='ocrx_word' id='word_1_468' title='bbox 661 5593 734 5644; x_wconf 83' lang='lat' dir='ltr'><strong>sic</strong></span> <span class='ocrx_word' id='word_1_469' title='bbox 755 5598 860 5641; x_wconf 78' lang='lat' dir='ltr'><strong>Mss.</strong></span> <span class='ocrx_word' id='word_1_470' title='bbox 896 5596 951 5639; x_wconf 81' lang='grc' dir='ltr'><strong>Αι</strong></span> <span class='ocrx_word' id='word_1_471' title='bbox 974 5589 1110 5644; x_wconf 82' lang='lat' dir='ltr'><strong>editi,</strong></span> <span class='ocrx_word' id='word_1_472' title='bbox 1135 5585 1419 5637; x_wconf 83' lang='lat' dir='ltr'><strong>concedunt.</strong></span> 
     </span>
    </p>
   </div>
   <div class='ocr_carea' id='block_1_56' title="bbox 606 5622 2133 5720">
    <p class='ocr_par' dir='ltr' id='par_1_56' title="bbox 606 5622 2133 5720">
     <span class='ocr_line' id='line_1_56' title="bbox 606 5622 2133 5720; baseline -0.005 7"><span class='ocrx_word' id='word_1_473' title='bbox 606 5622 628 5720; x_wconf 69' lang='grc' dir='ltr'><strong>ἓ</strong></span> <span class='ocrx_word' id='word_1_474' title='bbox 886 5622 1886 5720; x_wconf 48' lang='grc' dir='ltr'><strong>ἕὼῒὲλὲδὲἢᾶὖψνρέιξςξξε,ξηι</strong></span> <span class='ocrx_word' id='word_1_475' title='bbox 1900 5640 2133 5720; x_wconf 55' lang='lat' dir='ltr'><strong>esse</strong></span> 
     </span>
    </p>
   </div>
   <div class='ocr_carea' id='block_1_57' title="bbox 532 5702 2131 5778">
    <p class='ocr_par' dir='ltr' id='par_1_57' title="bbox 532 5702 2131 5778">
     <span class='ocr_line' id='line_1_57' title="bbox 532 5702 2131 5778; baseline -0.008 -12"><span class='ocrx_word' id='word_1_476' title='bbox 532 5716 650 5769; x_wconf 70' lang='lat' dir='ltr'><strong>aliis</strong></span> <span class='ocrx_word' id='word_1_477' title='bbox 673 5702 721 5765; x_wconf 86' lang='lat' dir='ltr'><strong>et</strong></span> <span class='ocrx_word' id='word_1_478' title='bbox 737 5702 921 5777; x_wconf 58' lang='lat' dir='ltr'><strong>aias,</strong></span> <span class='ocrx_word' id='word_1_479' title='bbox 948 5724 1155 5778; x_wconf 62' lang='lat' dir='ltr'><strong>quinum</strong></span> <span class='ocrx_word' id='word_1_480' title='bbox 1174 5702 1403 5774; x_wconf 65' lang='grc' dir='ltr'><strong>μ·ωάρυί</strong></span> <span class='ocrx_word' id='word_1_481' title='bbox 1425 5705 1549 5766; x_wconf 86' lang='lat' dir='ltr'><strong>loco,</strong></span> <span class='ocrx_word' id='word_1_482' title='bbox 1567 5702 1905 5766; x_wconf 76' lang='lat' dir='ltr'><strong>informantur,</strong></span> <span class='ocrx_word' id='word_1_483' title='bbox 1928 5702 2131 5763; x_wconf 83' lang='lat' dir='ltr'><strong>habent,</strong></span> 
     </span>
    </p>
   </div>
   <div class='ocr_carea' id='block_1_58' title="bbox 545 5783 1976 5909">
    <p class='ocr_par' dir='ltr' id='par_1_58' title="bbox 545 5783 1976 5909">
     <span class='ocr_line' id='line_1_58' title="bbox 545 5783 1976 5909; baseline 0.036 -82"><span class='ocrx_word' id='word_1_484' title='bbox 545 5783 1094 5909; x_wconf 39' lang='lat' dir='ltr'><strong>forgtgt‘lvfmwg.</strong></span> <span class='ocrx_word' id='word_1_485' title='bbox 1111 5832 1403 5909; x_wconf 46' lang='lat' dir='ltr'><strong>{inlaudati}:</strong></span> <span class='ocrx_word' id='word_1_486' title='bbox 1419 5843 1486 5909; x_wconf 63' lang='lat' dir='ltr'><strong>ex</strong></span> <span class='ocrx_word' id='word_1_487' title='bbox 1497 5828 1650 5909; x_wconf 40' lang='lat' dir='ltr'><strong>.editiJs</strong></span> <span class='ocrx_word' id='word_1_488' title='bbox 1666 5828 1770 5878; x_wconf 88' lang='lat' dir='ltr'><strong>aliis</strong></span> <span class='ocrx_word' id='word_1_489' title='bbox 1793 5835 1976 5902; x_wconf 69' lang='lat' dir='ltr'><strong>etuas.</strong></span> 
     </span>
    </p>
   </div>
   <div class='ocr_carea' id='block_1_59' title="bbox 610 5890 2134 5968">
    <p class='ocr_par' dir='ltr' id='par_1_59' title="bbox 610 5890 2134 5968">
     <span class='ocr_line' id='line_1_59' title="bbox 610 5890 2134 5968; baseline -0.003 1"><span class='ocrx_word' id='word_1_490' title='bbox 610 5906 632 5935; x_wconf 69' lang='grc' dir='ltr'><strong>ι</strong></span> <span class='ocrx_word' id='word_1_491' title='bbox 660 5890 805 5968; x_wconf 57' lang='grc' dir='ltr'><strong>ωε,</strong></span> <span class='ocrx_word' id='word_1_492' title='bbox 829 5890 1716 5968; x_wconf 65' lang='grc' dir='ltr'><strong>ρνίτνίωηρευεςεπενεαςέρρνιεωηαωη</strong></span> <span class='ocrx_word' id='word_1_493' title='bbox 1731 5904 1751 5956; x_wconf 69' lang='grc' dir='ltr'><strong><em>ς</em></strong></span> <span class='ocrx_word' id='word_1_494' title='bbox 1766 5892 2134 5957; x_wconf 70' lang='grc' dir='ltr'><strong>οιιιίεεονετδο.</strong></span> 
     </span>
    </p>
   </div>
   <div class='ocr_carea' id='block_1_60' title="bbox 550 5958 1439 6021">
    <p class='ocr_par' dir='ltr' id='par_1_60' title="bbox 550 5958 1439 6021">
     <span class='ocr_line' id='line_1_60' title="bbox 550 5958 1439 6021; baseline -0.02 0"><span class='ocrx_word' id='word_1_495' title='bbox 550 5965 755 6021; x_wconf 75' lang='lat' dir='ltr'><strong>credant</strong></span> <span class='ocrx_word' id='word_1_496' title='bbox 792 5958 926 6013; x_wconf 64' lang='lat' dir='ltr'><strong>hired</strong></span> <span class='ocrx_word' id='word_1_497' title='bbox 947 5958 1217 6010; x_wconf 75' lang='lat' dir='ltr'><strong>restituitur</strong></span> <span class='ocrx_word' id='word_1_498' title='bbox 1241 5968 1305 6005; x_wconf 77' lang='lat' dir='ltr'><strong>ex</strong></span> <span class='ocrx_word' id='word_1_499' title='bbox 1330 5962 1439 6004; x_wconf 78' lang='lat' dir='ltr'><strong>uss.</strong></span> 
     </span>
    </p>
   </div>
   <div class='ocr_carea' id='block_1_61' title="bbox 1491 436 2803 505">
    <p class='ocr_par' dir='ltr' id='par_1_61' title="bbox 1491 436 2803 505">
     <span class='ocr_line' id='line_1_61' title="bbox 1491 436 2803 505; baseline -0.01 0"><span class='ocrx_word' id='word_1_500' title='bbox 1491 450 1579 505; x_wconf 85' lang='lat' dir='ltr'><strong>DE</strong></span> <span class='ocrx_word' id='word_1_501' title='bbox 1616 446 1773 504; x_wconf 86' lang='lat' dir='ltr'><strong>FIDE</strong></span> <span class='ocrx_word' id='word_1_502' title='bbox 1812 445 1899 502; x_wconf 86' lang='lat' dir='ltr'><strong>ET</strong></span> <span class='ocrx_word' id='word_1_503' title='bbox 1937 438 2297 503; x_wconf 82' lang='lat' dir='ltr'><strong>OPERIBUS.</strong></span> <span class='ocrx_word' id='word_1_504' title='bbox 2338 438 2397 497; x_wconf 91' lang='lat' dir='ltr'><strong>S.</strong></span> <span class='ocrx_word' id='word_1_505' title='bbox 2436 436 2803 497; x_wconf 82' lang='lat' dir='ltr'><strong>AUGUSTINI</strong></span> 
     </span>
    </p>
   </div>
   <div class='ocr_carea' id='block_1_62' title="bbox 2202 550 3750 628">
    <p class='ocr_par' dir='ltr' id='par_1_62' title="bbox 2202 550 3750 628">
     <span class='ocr_line' id='line_1_62' title="bbox 2202 550 3750 628; baseline -0.004 -18"><span class='ocrx_word' id='word_1_506' title='bbox 2202 554 2292 610; x_wconf 90' lang='lat' dir='ltr'><strong>ubi</strong></span> <span class='ocrx_word' id='word_1_507' title='bbox 2319 555 2549 611; x_wconf 87' lang='lat' dir='ltr'><strong>disceret</strong></span> <span class='ocrx_word' id='word_1_508' title='bbox 2589 550 3035 624; x_wconf 89' lang='lat' dir='ltr'><strong>quemadmodum</strong></span> <span class='ocrx_word' id='word_1_509' title='bbox 3062 550 3284 607; x_wconf 89' lang='lat' dir='ltr'><strong>viveret.</strong></span> <span class='ocrx_word' id='word_1_510' title='bbox 3312 550 3422 608; x_wconf 88' lang='lat' dir='ltr'><strong>Cur</strong></span> <span class='ocrx_word' id='word_1_511' title='bbox 3446 565 3570 623; x_wconf 82' lang='lat' dir='ltr'><strong>ergo</strong></span> <span class='ocrx_word' id='word_1_512' title='bbox 3592 552 3750 628; x_wconf 83' lang='lat' dir='ltr'><strong>bapti.</strong></span> 
     </span>
    </p>
   </div>
   <div class='ocr_carea' id='block_1_63' title="bbox 2197 643 3751 718">
    <p class='ocr_par' dir='ltr' id='par_1_63' title="bbox 2197 643 3751 718">
     <span class='ocr_line' id='line_1_63' title="bbox 2197 643 3751 718; baseline 0.001 -16"><span class='ocrx_word' id='word_1_513' title='bbox 2197 646 2381 702; x_wconf 81' lang='lat' dir='ltr'><strong>zandis</strong></span> <span class='ocrx_word' id='word_1_514' title='bbox 2405 647 2489 701; x_wconf 92' lang='lat' dir='ltr'><strong>vel</strong></span> <span class='ocrx_word' id='word_1_515' title='bbox 2527 645 2838 718; x_wconf 87' lang='lat' dir='ltr'><strong>Symbolum</strong></span> <span class='ocrx_word' id='word_1_516' title='bbox 2881 644 3137 699; x_wconf 89' lang='lat' dir='ltr'><strong>tradimus</strong></span> <span class='ocrx_word' id='word_1_517' title='bbox 3162 684 3178 711; x_wconf 93' lang='lat'><strong>,</strong></span> <span class='ocrx_word' id='word_1_518' title='bbox 3209 643 3635 718; x_wconf 85' lang='lat' dir='ltr'><strong>reddendumque</strong></span> <span class='ocrx_word' id='word_1_519' title='bbox 3676 665 3751 707; x_wconf 81' lang='lat' dir='ltr'><strong>ro-</strong></span> 
     </span>
    </p>
   </div>
   <div class='ocr_carea' id='block_1_64' title="bbox 2196 734 3750 811">
    <p class='ocr_par' dir='ltr' id='par_1_64' title="bbox 2196 734 3750 811">
     <span class='ocr_line' id='line_1_64' title="bbox 2196 734 3750 811; baseline 0.001 -18"><span class='ocrx_word' id='word_1_520' title='bbox 2196 737 2509 809; x_wconf 85' lang='lat' dir='ltr'><strong>poscimus?</strong></span> <span class='ocrx_word' id='word_1_521' title='bbox 2538 736 2677 791; x_wconf 86' lang='lat' dir='ltr'><strong>Nihil</strong></span> <span class='ocrx_word' id='word_1_522' title='bbox 2703 736 2845 792; x_wconf 92' lang='lat' dir='ltr'><strong>enim</strong></span> <span class='ocrx_word' id='word_1_523' title='bbox 2879 735 2985 791; x_wconf 89' lang='lat' dir='ltr'><strong>tale</strong></span> <span class='ocrx_word' id='word_1_524' title='bbox 3012 734 3208 810; x_wconf 85' lang='lat' dir='ltr'><strong>factum</strong></span> <span class='ocrx_word' id='word_1_525' title='bbox 3236 744 3319 792; x_wconf 91' lang='lat' dir='ltr'><strong>est</strong></span> <span class='ocrx_word' id='word_1_526' title='bbox 3342 751 3467 807; x_wconf 84' lang='lat' dir='ltr'><strong>erga</strong></span> <span class='ocrx_word' id='word_1_527' title='bbox 3495 737 3611 794; x_wconf 76' lang='lat' dir='ltr'><strong>iilos</strong></span> <span class='ocrx_word' id='word_1_528' title='bbox 3632 756 3750 811; x_wconf 74' lang='lat' dir='ltr'><strong>quos</strong></span> 
     </span>
    </p>
   </div>
   <div class='ocr_carea' id='block_1_65' title="bbox 2197 826 3748 900">
    <p class='ocr_par' dir='ltr' id='par_1_65' title="bbox 2197 826 3748 900">
     <span class='ocr_line' id='line_1_65' title="bbox 2197 826 3748 900; baseline 0.003 -16"><span class='ocrx_word' id='word_1_529' title='bbox 2197 843 2294 899; x_wconf 86' lang='lat' dir='ltr'><strong>per</strong></span> <span class='ocrx_word' id='word_1_530' title='bbox 2318 844 2463 883; x_wconf 89' lang='lat' dir='ltr'><strong>mare</strong></span> <span class='ocrx_word' id='word_1_531' title='bbox 2485 828 2724 883; x_wconf 82' lang='lat' dir='ltr'><strong>Rubrum</strong></span> <span class='ocrx_word' id='word_1_532' title='bbox 2750 828 2890 883; x_wconf 88' lang='lat' dir='ltr'><strong>Deus</strong></span> <span class='ocrx_word' id='word_1_533' title='bbox 2909 827 2977 882; x_wconf 91' lang='lat' dir='ltr'><strong>ab</strong></span> <span class='ocrx_word' id='word_1_534' title='bbox 2996 826 3267 900; x_wconf 13' lang='lat' dir='ltr'><strong>.Egyptiis</strong></span> <span class='ocrx_word' id='word_1_535' title='bbox 3312 826 3569 883; x_wconf 88' lang='lat' dir='ltr'><strong>liberavit.</strong></span> <span class='ocrx_word' id='word_1_536' title='bbox 3592 829 3646 886; x_wconf 87' lang='lat' dir='ltr'><strong>Si</strong></span> <span class='ocrx_word' id='word_1_537' title='bbox 3665 847 3748 887; x_wconf 89' lang='lat' dir='ltr'><strong>au-</strong></span> 
     </span>
    </p>
   </div>
   <div class='ocr_carea' id='block_1_66' title="bbox 2198 919 3752 991">
    <p class='ocr_par' dir='ltr' id='par_1_66' title="bbox 2198 919 3752 991">
     <span class='ocr_line' id='line_1_66' title="bbox 2198 919 3752 991; baseline 0.002 -13"><span class='ocrx_word' id='word_1_538' title='bbox 2198 929 2307 978; x_wconf 89' lang='lat' dir='ltr'><strong>tem</strong></span> <span class='ocrx_word' id='word_1_539' title='bbox 2354 929 2500 977; x_wconf 87' lang='lat' dir='ltr'><strong>recte</strong></span> <span class='ocrx_word' id='word_1_540' title='bbox 2542 920 2844 991; x_wconf 87' lang='lat' dir='ltr'><strong>intelligunt</strong></span> <span class='ocrx_word' id='word_1_541' title='bbox 2886 919 2988 976; x_wconf 91' lang='lat' dir='ltr'><strong>hoc</strong></span> <span class='ocrx_word' id='word_1_542' title='bbox 3027 919 3317 991; x_wconf 81' lang='lat' dir='ltr'><strong>signiﬁcari</strong></span> <span class='ocrx_word' id='word_1_543' title='bbox 3356 921 3752 990; x_wconf 71' lang='lat' dir='ltr'><strong>prarctulentibus</strong></span> 
     </span>
    </p>
   </div>
   <div class='ocr_carea' id='block_1_67' title="bbox 2198 1010 3751 1087">
    <p class='ocr_par' dir='ltr' id='par_1_67' title="bbox 2198 1010 3751 1087">
     <span class='ocr_line' id='line_1_67' title="bbox 2198 1010 3751 1087; baseline 0 -19"><span class='ocrx_word' id='word_1_544' title='bbox 2198 1012 2466 1085; x_wconf 86' lang='lat' dir='ltr'><strong>mysteriis</strong></span> <span class='ocrx_word' id='word_1_545' title='bbox 2483 1011 2551 1068; x_wconf 90' lang='lat' dir='ltr'><strong>de</strong></span> <span class='ocrx_word' id='word_1_546' title='bbox 2579 1011 2839 1083; x_wconf 86' lang='lat' dir='ltr'><strong>sanguine</strong></span> <span class='ocrx_word' id='word_1_547' title='bbox 2863 1011 2980 1067; x_wconf 89' lang='lat' dir='ltr'><strong>ovis</strong></span> <span class='ocrx_word' id='word_1_548' title='bbox 3004 1011 3247 1083; x_wconf 87' lang='lat' dir='ltr'><strong>postibus</strong></span> <span class='ocrx_word' id='word_1_549' title='bbox 3272 1010 3406 1067; x_wconf 84' lang='lat' dir='ltr'><strong>illito</strong></span> <span class='ocrx_word' id='word_1_550' title='bbox 3430 1052 3446 1081; x_wconf 92' lang='lat'><strong>,</strong></span> <span class='ocrx_word' id='word_1_551' title='bbox 3470 1020 3522 1067; x_wconf 88' lang='lat' dir='ltr'><strong>et</strong></span> <span class='ocrx_word' id='word_1_552' title='bbox 3548 1011 3614 1068; x_wconf 90' lang='lat' dir='ltr'><strong>de</strong></span> <span class='ocrx_word' id='word_1_553' title='bbox 3640 1028 3751 1087; x_wconf 62' lang='lat' dir='ltr'><strong>az}.</strong></span> 
     </span>
    </p>
   </div>
   <div class='ocr_carea' id='block_1_68' title="bbox 2198 1100 3752 1176">
    <p class='ocr_par' dir='ltr' id='par_1_68' title="bbox 2198 1100 3752 1176">
     <span class='ocr_line' id='line_1_68' title="bbox 2198 1100 3752 1176; baseline 0.001 -13"><span class='ocrx_word' id='word_1_554' title='bbox 2198 1107 2301 1164; x_wconf 89' lang='lat' dir='ltr'><strong>mis</strong></span> <span class='ocrx_word' id='word_1_555' title='bbox 2330 1106 2652 1162; x_wconf 89' lang='lat' dir='ltr'><strong>sinceritatis</strong></span> <span class='ocrx_word' id='word_1_556' title='bbox 2679 1114 2734 1161; x_wconf 91' lang='lat' dir='ltr'><strong>et</strong></span> <span class='ocrx_word' id='word_1_557' title='bbox 2772 1104 3011 1161; x_wconf 85' lang='lat' dir='ltr'><strong>veritatis</strong></span> <span class='ocrx_word' id='word_1_558' title='bbox 3030 1100 3227 1176; x_wconf 73' lang='lat' dir='ltr'><strong>(Exod.</strong></span> <span class='ocrx_word' id='word_1_559' title='bbox 3249 1103 3494 1175; x_wconf 74' lang='lat' dir='ltr'><strong>xu-xrv);</strong></span> <span class='ocrx_word' id='word_1_560' title='bbox 3525 1120 3616 1161; x_wconf 91' lang='lat' dir='ltr'><strong>cur</strong></span> <span class='ocrx_word' id='word_1_561' title='bbox 3660 1122 3752 1164; x_wconf 87' lang='lat' dir='ltr'><strong>non</strong></span> 
     </span>
    </p>
   </div>
   <div class='ocr_carea' id='block_1_69' title="bbox 2202 1198 3755 1272">
    <p class='ocr_par' dir='ltr' id='par_1_69' title="bbox 2202 1198 3755 1272">
     <span class='ocr_line' id='line_1_69' title="bbox 2202 1198 3755 1272; baseline -0.003 -15"><span class='ocrx_word' id='word_1_562' title='bbox 2202 1201 2364 1257; x_wconf 89' lang='lat' dir='ltr'><strong>etiam</strong></span> <span class='ocrx_word' id='word_1_563' title='bbox 2390 1199 2522 1255; x_wconf 91' lang='lat' dir='ltr'><strong>illud</strong></span> <span class='ocrx_word' id='word_1_564' title='bbox 2543 1207 2933 1271; x_wconf 87' lang='lat' dir='ltr'><strong>consequenter</strong></span> <span class='ocrx_word' id='word_1_565' title='bbox 2968 1198 3301 1269; x_wconf 91' lang='lat' dir='ltr'><strong>intelligunt,</strong></span> <span class='ocrx_word' id='word_1_566' title='bbox 3330 1202 3502 1268; x_wconf 71' lang='lat' dir='ltr'><strong>ipsam</strong></span> <span class='ocrx_word' id='word_1_567' title='bbox 3530 1198 3595 1254; x_wconf 90' lang='lat' dir='ltr'><strong>ab</strong></span> <span class='ocrx_word' id='word_1_568' title='bbox 3612 1198 3755 1272; x_wconf 65' lang='lat' dir='ltr'><strong>Egy-</strong></span> 
     </span>
    </p>
   </div>
   <div class='ocr_carea' id='block_1_70' title="bbox 2203 1290 3752 1365">
    <p class='ocr_par' dir='ltr' id='par_1_70' title="bbox 2203 1290 3752 1365">
     <span class='ocr_line' id='line_1_70' title="bbox 2203 1290 3752 1365; baseline 0 -17"><span class='ocrx_word' id='word_1_569' title='bbox 2203 1293 2328 1365; x_wconf 91' lang='lat' dir='ltr'><strong>ptiis</strong></span> <span class='ocrx_word' id='word_1_570' title='bbox 2344 1292 2733 1363; x_wconf 89' lang='lat' dir='ltr'><strong>separationem</strong></span> <span class='ocrx_word' id='word_1_571' title='bbox 2751 1290 3051 1362; x_wconf 89' lang='lat' dir='ltr'><strong>signiﬁcare</strong></span> <span class='ocrx_word' id='word_1_572' title='bbox 3068 1290 3453 1347; x_wconf 69' lang='lat' dir='ltr'><strong>discessionem</strong></span> <span class='ocrx_word' id='word_1_573' title='bbox 3477 1304 3510 1345; x_wconf 84' lang='lat' dir='ltr'><strong>a</strong></span> <span class='ocrx_word' id='word_1_574' title='bbox 3526 1292 3752 1362; x_wconf 85' lang='lat' dir='ltr'><strong>peccatis,</strong></span> 
     </span>
    </p>
   </div>
   <div class='ocr_carea' id='block_1_71' title="bbox 2201 1383 3757 1458">
    <p class='ocr_par' dir='ltr' id='par_1_71' title="bbox 2201 1383 3757 1458">
     <span class='ocr_line' id='line_1_71' title="bbox 2201 1383 3757 1458; baseline 0 -17"><span class='ocrx_word' id='word_1_575' title='bbox 2201 1401 2362 1458; x_wconf 88' lang='lat' dir='ltr'><strong>quam</strong></span> <span class='ocrx_word' id='word_1_576' title='bbox 2396 1385 2697 1457; x_wconf 87' lang='lat' dir='ltr'><strong>baptizandi</strong></span> <span class='ocrx_word' id='word_1_577' title='bbox 2734 1384 3095 1456; x_wconf 78' lang='lat' dir='ltr'><strong>proﬁtentur?</strong></span> <span class='ocrx_word' id='word_1_578' title='bbox 3119 1383 3203 1440; x_wconf 84' lang='lat' dir='ltr'><strong>Ad</strong></span> <span class='ocrx_word' id='word_1_579' title='bbox 3241 1383 3344 1439; x_wconf 90' lang='lat' dir='ltr'><strong>hoc</strong></span> <span class='ocrx_word' id='word_1_580' title='bbox 3369 1383 3513 1440; x_wconf 89' lang='lat' dir='ltr'><strong>enim</strong></span> <span class='ocrx_word' id='word_1_581' title='bbox 3552 1384 3757 1455; x_wconf 84' lang='lat' dir='ltr'><strong>pertinet</strong></span> 
     </span>
    </p>
   </div>
   <div class='ocr_carea' id='block_1_72' title="bbox 2200 1476 3756 1551">
    <p class='ocr_par' dir='ltr' id='par_1_72' title="bbox 2200 1476 3756 1551">
     <span class='ocr_line' id='line_1_72' title="bbox 2200 1476 3756 1551; baseline -0.003 -17"><span class='ocrx_word' id='word_1_582' title='bbox 2200 1480 2343 1551; x_wconf 90' lang='lat' dir='ltr'><strong>quod</strong></span> <span class='ocrx_word' id='word_1_583' title='bbox 2370 1494 2401 1533; x_wconf 89' lang='lat' dir='ltr'><strong>a</strong></span> <span class='ocrx_word' id='word_1_584' title='bbox 2442 1478 2601 1534; x_wconf 86' lang='lat' dir='ltr'><strong>Petro</strong></span> <span class='ocrx_word' id='word_1_585' title='bbox 2625 1478 2823 1534; x_wconf 91' lang='lat' dir='ltr'><strong>dictum</strong></span> <span class='ocrx_word' id='word_1_586' title='bbox 2851 1485 2973 1545; x_wconf 90' lang='lat' dir='ltr'><strong>est,</strong></span> <span class='ocrx_word' id='word_1_587' title='bbox 3003 1477 3148 1549; x_wconf 82' lang='lat' dir='ltr'><strong>Agite</strong></span> <span class='ocrx_word' id='word_1_588' title='bbox 3184 1477 3528 1548; x_wconf 67' lang='lat' dir='ltr'><strong>potnitentiam</strong></span> <span class='ocrx_word' id='word_1_589' title='bbox 3548 1518 3565 1545; x_wconf 91' lang='lat'><strong>,</strong></span> <span class='ocrx_word' id='word_1_590' title='bbox 3604 1486 3655 1531; x_wconf 84' lang='lat' dir='ltr'><strong>.et</strong></span> <span class='ocrx_word' id='word_1_591' title='bbox 3689 1476 3756 1531; x_wconf 80' lang='lat' dir='ltr'><strong>ba-</strong></span> 
     </span>
    </p>
   </div>
   <div class='ocr_carea' id='block_1_73' title="bbox 2202 1568 3759 1645">
    <p class='ocr_par' dir='ltr' id='par_1_73' title="bbox 2202 1568 3759 1645">
     <span class='ocr_line' id='line_1_73' title="bbox 2202 1568 3759 1645; baseline -0.003 -18"><span class='ocrx_word' id='word_1_592' title='bbox 2202 1574 2417 1645; x_wconf 75' lang='lat' dir='ltr'><strong>ptizatur</strong></span> <span class='ocrx_word' id='word_1_593' title='bbox 2435 1572 2773 1643; x_wconf 82' lang='lat' dir='ltr'><strong>unusquisque</strong></span> <span class='ocrx_word' id='word_1_594' title='bbox 2798 1580 3018 1625; x_wconf 85' lang='lat' dir='ltr'><strong>vestrum</strong></span> <span class='ocrx_word' id='word_1_595' title='bbox 3043 1571 3097 1624; x_wconf 89' lang='lat' dir='ltr'><strong>in</strong></span> <span class='ocrx_word' id='word_1_596' title='bbox 3122 1570 3324 1624; x_wconf 87' lang='lat' dir='ltr'><strong>nomine</strong></span> <span class='ocrx_word' id='word_1_597' title='bbox 3379 1568 3584 1623; x_wconf 88' lang='lat' dir='ltr'><strong>Domini</strong></span> <span class='ocrx_word' id='word_1_598' title='bbox 3622 1569 3759 1623; x_wconf 87' lang='lat' dir='ltr'><strong>nostri</strong></span> 
     </span>
    </p>
   </div>
   <div class='ocr_carea' id='block_1_74' title="bbox 2200 1661 3759 1736">
    <p class='ocr_par' dir='ltr' id='par_1_74' title="bbox 2200 1661 3759 1736">
     <span class='ocr_line' id='line_1_74' title="bbox 2200 1661 3759 1736; baseline -0.002 -15"><span class='ocrx_word' id='word_1_599' title='bbox 2200 1665 2324 1722; x_wconf 85' lang='lat' dir='ltr'><strong>Jesu</strong></span> <span class='ocrx_word' id='word_1_600' title='bbox 2344 1665 2529 1721; x_wconf 81' lang='lat' dir='ltr'><strong>Christi</strong></span> <span class='ocrx_word' id='word_1_601' title='bbox 2558 1681 2577 1719; x_wconf 91' lang='lat'><em>:</em></span> <span class='ocrx_word' id='word_1_602' title='bbox 2606 1673 2852 1736; x_wconf 88' lang='lat' dir='ltr'><strong>tanquam</strong></span> <span class='ocrx_word' id='word_1_603' title='bbox 2881 1664 3118 1729; x_wconf 89' lang='lat' dir='ltr'><strong>diceret,</strong></span> <span class='ocrx_word' id='word_1_604' title='bbox 3146 1662 3399 1718; x_wconf 90' lang='lat' dir='ltr'><strong>Recedite</strong></span> <span class='ocrx_word' id='word_1_605' title='bbox 3422 1662 3491 1717; x_wconf 92' lang='lat' dir='ltr'><strong>ab</strong></span> <span class='ocrx_word' id='word_1_606' title='bbox 3508 1661 3759 1733; x_wconf 65' lang='lat' dir='ltr'><strong>Egypta,</strong></span> 
     </span>
    </p>
   </div>
   <div class='ocr_carea' id='block_1_75' title="bbox 2202 1754 3764 1831">
    <p class='ocr_par' dir='ltr' id='par_1_75' title="bbox 2202 1754 3764 1831">
     <span class='ocr_line' id='line_1_75' title="bbox 2202 1754 3764 1831; baseline -0.004 -14"><span class='ocrx_word' id='word_1_607' title='bbox 2202 1768 2257 1817; x_wconf 90' lang='lat' dir='ltr'><strong>et</strong></span> <span class='ocrx_word' id='word_1_608' title='bbox 2280 1775 2375 1831; x_wconf 89' lang='lat' dir='ltr'><strong>per</strong></span> <span class='ocrx_word' id='word_1_609' title='bbox 2389 1774 2536 1815; x_wconf 89' lang='lat' dir='ltr'><strong>mare</strong></span> <span class='ocrx_word' id='word_1_610' title='bbox 2552 1758 2791 1813; x_wconf 80' lang='lat' dir='ltr'><strong>Rubrum</strong></span> <span class='ocrx_word' id='word_1_611' title='bbox 2814 1756 3056 1812; x_wconf 88' lang='lat' dir='ltr'><strong>transite.</strong></span> <span class='ocrx_word' id='word_1_612' title='bbox 3081 1755 3234 1812; x_wconf 88' lang='lat' dir='ltr'><strong>Unde</strong></span> <span class='ocrx_word' id='word_1_613' title='bbox 3260 1756 3384 1811; x_wconf 89' lang='lat' dir='ltr'><strong>etin</strong></span> <span class='ocrx_word' id='word_1_614' title='bbox 3406 1754 3640 1824; x_wconf 86' lang='lat' dir='ltr'><strong>Epistola</strong></span> <span class='ocrx_word' id='word_1_615' title='bbox 3663 1769 3764 1825; x_wconf 70' lang='lat' dir='ltr'><strong>quae</strong></span> 
     </span>
    </p>
   </div>
   <div class='ocr_carea' id='block_1_76' title="bbox 2203 1846 3764 1918">
    <p class='ocr_par' dir='ltr' id='par_1_76' title="bbox 2203 1846 3764 1918">
     <span class='ocr_line' id='line_1_76' title="bbox 2203 1846 3764 1918; baseline -0.006 -8"><span class='ocrx_word' id='word_1_616' title='bbox 2203 1854 2271 1910; x_wconf 87' lang='lat' dir='ltr'><strong>ad</strong></span> <span class='ocrx_word' id='word_1_617' title='bbox 2298 1853 2552 1909; x_wconf 72' lang='lat' dir='ltr'><strong>liebrteos</strong></span> <span class='ocrx_word' id='word_1_618' title='bbox 2579 1850 2921 1915; x_wconf 89' lang='lat' dir='ltr'><strong>inscribitur,</strong></span> <span class='ocrx_word' id='word_1_619' title='bbox 2959 1865 3083 1904; x_wconf 89' lang='lat' dir='ltr'><strong>cum</strong></span> <span class='ocrx_word' id='word_1_620' title='bbox 3112 1863 3297 1904; x_wconf 91' lang='lat' dir='ltr'><strong>eorum</strong></span> <span class='ocrx_word' id='word_1_621' title='bbox 3322 1847 3413 1917; x_wconf 91' lang='lat' dir='ltr'><strong>qui</strong></span> <span class='ocrx_word' id='word_1_622' title='bbox 3452 1846 3764 1918; x_wconf 77' lang='lat' dir='ltr'><strong>baptizantur</strong></span> 
     </span>
    </p>
   </div>
   <div class='ocr_carea' id='block_1_77' title="bbox 2204 1940 3766 2013">
    <p class='ocr_par' dir='ltr' id='par_1_77' title="bbox 2204 1940 3766 2013">
     <span class='ocr_line' id='line_1_77' title="bbox 2204 1940 3766 2013; baseline -0.005 -10"><span class='ocrx_word' id='word_1_623' title='bbox 2204 1952 2754 2004; x_wconf 85' lang='lat' dir='ltr'><strong>commemorarentur</strong></span> <span class='ocrx_word' id='word_1_624' title='bbox 2782 1943 2931 1999; x_wconf 89' lang='lat' dir='ltr'><strong>initia</strong></span> <span class='ocrx_word' id='word_1_625' title='bbox 2950 1984 2965 2009; x_wconf 92' lang='lat'><strong>,</strong></span> <span class='ocrx_word' id='word_1_626' title='bbox 2994 1941 3167 2013; x_wconf 90' lang='lat' dir='ltr'><strong>posita</strong></span> <span class='ocrx_word' id='word_1_627' title='bbox 3189 1949 3274 1997; x_wconf 88' lang='lat' dir='ltr'><strong>est</strong></span> <span class='ocrx_word' id='word_1_628' title='bbox 3316 1941 3388 1996; x_wconf 90' lang='lat' dir='ltr'><strong>ibi</strong></span> <span class='ocrx_word' id='word_1_629' title='bbox 3418 1940 3719 2010; x_wconf 74' lang='lat' dir='ltr'><strong>poenitentia</strong></span> <span class='ocrx_word' id='word_1_630' title='bbox 3739 1955 3766 1995; x_wconf 85' lang='lat' dir='ltr'><strong>a</strong></span> 
     </span>
    </p>
   </div>
   <div class='ocr_carea' id='block_1_78' title="bbox 2203 2031 3767 2109">
    <p class='ocr_par' dir='ltr' id='par_1_78' title="bbox 2203 2031 3767 2109">
     <span class='ocr_line' id='line_1_78' title="bbox 2203 2031 3767 2109; baseline -0.008 -13"><span class='ocrx_word' id='word_1_631' title='bbox 2203 2039 2431 2096; x_wconf 90' lang='lat' dir='ltr'><strong>mortuis</strong></span> <span class='ocrx_word' id='word_1_632' title='bbox 2455 2037 2728 2109; x_wconf 89' lang='lat' dir='ltr'><strong>operibus.</strong></span> <span class='ocrx_word' id='word_1_633' title='bbox 2767 2035 2857 2092; x_wconf 92' lang='lat' dir='ltr'><strong>Sic</strong></span> <span class='ocrx_word' id='word_1_634' title='bbox 2902 2034 3047 2090; x_wconf 90' lang='lat' dir='ltr'><strong>enim</strong></span> <span class='ocrx_word' id='word_1_635' title='bbox 3092 2032 3266 2089; x_wconf 92' lang='lat' dir='ltr'><strong>dicit:</strong></span> <span class='ocrx_word' id='word_1_636' title='bbox 3314 2031 3442 2086; x_wconf 87' lang='lat' dir='ltr'><strong>Ideo</strong></span> <span class='ocrx_word' id='word_1_637' title='bbox 3482 2031 3767 2086; x_wconf 80' lang='lat' dir='ltr'><strong>remittentes</strong></span> 
     </span>
    </p>
   </div>
   <div class='ocr_carea' id='block_1_79' title="bbox 2204 2123 3765 2194">
    <p class='ocr_par' dir='ltr' id='par_1_79' title="bbox 2204 2123 3765 2194">
     <span class='ocr_line' id='line_1_79' title="bbox 2204 2123 3765 2194; baseline -0.007 -7"><span class='ocrx_word' id='word_1_638' title='bbox 2204 2132 2352 2187; x_wconf 88' lang='lat' dir='ltr'><strong>initia</strong></span> <span class='ocrx_word' id='word_1_639' title='bbox 2373 2130 2564 2186; x_wconf 85' lang='lat' dir='ltr'><strong>Christi</strong></span> <span class='ocrx_word' id='word_1_640' title='bbox 2583 2128 2816 2194; x_wconf 87' lang='lat' dir='ltr'><strong>verbum,</strong></span> <span class='ocrx_word' id='word_1_641' title='bbox 2840 2128 2894 2182; x_wconf 85' lang='lat' dir='ltr'><strong>in</strong></span> <span class='ocrx_word' id='word_1_642' title='bbox 2913 2125 3392 2181; x_wconf 87' lang='lat' dir='ltr'><strong>consummationem</strong></span> <span class='ocrx_word' id='word_1_643' title='bbox 3423 2123 3739 2193; x_wconf 81' lang='lat' dir='ltr'><strong>respiciamus</strong></span> <span class='ocrx_word' id='word_1_644' title='bbox 3753 2162 3765 2186; x_wconf 91' lang='lat'><strong>,</strong></span> 
     </span>
    </p>
   </div>
   <div class='ocr_carea' id='block_1_80' title="bbox 2206 2215 3767 2292">
    <p class='ocr_par' dir='ltr' id='par_1_80' title="bbox 2206 2215 3767 2292">
     <span class='ocr_line' id='line_1_80' title="bbox 2206 2215 3767 2292; baseline -0.007 -14"><span class='ocrx_word' id='word_1_645' title='bbox 2206 2240 2308 2279; x_wconf 91' lang='lat' dir='ltr'><strong>non</strong></span> <span class='ocrx_word' id='word_1_646' title='bbox 2332 2225 2513 2277; x_wconf 89' lang='lat' dir='ltr'><strong>iterum</strong></span> <span class='ocrx_word' id='word_1_647' title='bbox 2521 2222 2767 2292; x_wconf 87' lang='lat' dir='ltr'><strong>jacientes</strong></span> <span class='ocrx_word' id='word_1_648' title='bbox 2786 2219 3173 2289; x_wconf 80' lang='lat' dir='ltr'><strong>fundamentum</strong></span> <span class='ocrx_word' id='word_1_649' title='bbox 3192 2216 3494 2287; x_wconf 79' lang='lat' dir='ltr'><strong>paenitentia:</strong></span> <span class='ocrx_word' id='word_1_650' title='bbox 3515 2231 3555 2269; x_wconf 80' lang='grc' dir='ltr'><em>α</em></span> <span class='ocrx_word' id='word_1_651' title='bbox 3582 2215 3767 2269; x_wconf 81' lang='lat' dir='ltr'><strong>mortuis</strong></span> 
     </span>
    </p>
   </div>
   <div class='ocr_carea' id='block_1_81' title="bbox 2206 2305 3770 2386">
    <p class='ocr_par' dir='ltr' id='par_1_81' title="bbox 2206 2305 3770 2386">
     <span class='ocr_line' id='line_1_81' title="bbox 2206 2305 3770 2386; baseline -0.006 -16"><span class='ocrx_word' id='word_1_652' title='bbox 2206 2315 2442 2386; x_wconf 86' lang='lat' dir='ltr'><strong>aperibus</strong></span> <span class='ocrx_word' id='word_1_653' title='bbox 2466 2356 2481 2381; x_wconf 90' lang='lat'><strong>,</strong></span> <span class='ocrx_word' id='word_1_654' title='bbox 2511 2322 2556 2367; x_wconf 91' lang='lat' dir='ltr'><strong>et</strong></span> <span class='ocrx_word' id='word_1_655' title='bbox 2582 2312 2701 2383; x_wconf 81' lang='lat' dir='ltr'><strong>ﬁdei</strong></span> <span class='ocrx_word' id='word_1_656' title='bbox 2741 2312 2795 2365; x_wconf 89' lang='lat' dir='ltr'><strong>in</strong></span> <span class='ocrx_word' id='word_1_657' title='bbox 2826 2310 2985 2365; x_wconf 89' lang='lat' dir='ltr'><strong>Deum</strong></span> <span class='ocrx_word' id='word_1_658' title='bbox 3004 2352 3019 2377; x_wconf 89' lang='lat'><strong>,</strong></span> <span class='ocrx_word' id='word_1_659' title='bbox 3057 2308 3245 2363; x_wconf 82' lang='lat' dir='ltr'><strong>lavacri</strong></span> <span class='ocrx_word' id='word_1_660' title='bbox 3280 2306 3525 2360; x_wconf 68' lang='lat' dir='ltr'><strong>doctrina:</strong></span> <span class='ocrx_word' id='word_1_661' title='bbox 3549 2346 3564 2373; x_wconf 94' lang='lat'><strong>,</strong></span> <span class='ocrx_word' id='word_1_662' title='bbox 3593 2305 3770 2375; x_wconf 51' lang='lat' dir='ltr'><strong>impoti.</strong></span> 
     </span>
    </p>
   </div>
   <div class='ocr_carea' id='block_1_82' title="bbox 2208 2400 3771 2472">
    <p class='ocr_par' dir='ltr' id='par_1_82' title="bbox 2208 2400 3771 2472">
     <span class='ocr_line' id='line_1_82' title="bbox 2208 2400 3771 2472; baseline -0.008 -9"><span class='ocrx_word' id='word_1_663' title='bbox 2208 2410 2356 2463; x_wconf 88' lang='lat' dir='ltr'><strong>tionis</strong></span> <span class='ocrx_word' id='word_1_664' title='bbox 2380 2424 2625 2461; x_wconf 84' lang='lat' dir='ltr'><strong>manuum</strong></span> <span class='ocrx_word' id='word_1_665' title='bbox 2646 2448 2660 2472; x_wconf 92' lang='lat'><strong>,</strong></span> <span class='ocrx_word' id='word_1_666' title='bbox 2686 2403 3060 2460; x_wconf 88' lang='lat' dir='ltr'><strong>resurrectionis</strong></span> <span class='ocrx_word' id='word_1_667' title='bbox 3099 2403 3248 2456; x_wconf 89' lang='lat' dir='ltr'><strong>etiam</strong></span> <span class='ocrx_word' id='word_1_668' title='bbox 3283 2409 3599 2454; x_wconf 87' lang='lat' dir='ltr'><strong>mortuorum</strong></span> <span class='ocrx_word' id='word_1_669' title='bbox 3623 2409 3667 2452; x_wconf 89' lang='lat' dir='ltr'><strong>et</strong></span> <span class='ocrx_word' id='word_1_670' title='bbox 3692 2400 3771 2469; x_wconf 85' lang='lat' dir='ltr'><strong>ju-</strong></span> 
     </span>
    </p>
   </div>
   <div class='ocr_carea' id='block_1_83' title="bbox 2208 2490 3775 2570">
    <p class='ocr_par' dir='ltr' id='par_1_83' title="bbox 2208 2490 3775 2570">
     <span class='ocr_line' id='line_1_83' title="bbox 2208 2490 3775 2570; baseline -0.006 -16"><span class='ocrx_word' id='word_1_671' title='bbox 2208 2501 2328 2554; x_wconf 87' lang='lat' dir='ltr'><strong>dicii</strong></span> <span class='ocrx_word' id='word_1_672' title='bbox 2347 2500 2518 2554; x_wconf 76' lang='lat' dir='ltr'><strong>telerni</strong></span> <span class='ocrx_word' id='word_1_673' title='bbox 2550 2497 2735 2570; x_wconf 86' lang='lat' dir='ltr'><strong>(Hebr.</strong></span> <span class='ocrx_word' id='word_1_674' title='bbox 2760 2512 2812 2551; x_wconf 74' lang='lat' dir='ltr'><strong>vr</strong></span> <span class='ocrx_word' id='word_1_675' title='bbox 2838 2536 2853 2564; x_wconf 86' lang='lat'><strong>,</strong></span> <span class='ocrx_word' id='word_1_676' title='bbox 2888 2496 2913 2550; x_wconf 82' lang='grc'><strong>1</strong></span> <span class='ocrx_word' id='word_1_677' title='bbox 2938 2536 2951 2559; x_wconf 89' lang='grc'><em>,</em></span> <span class='ocrx_word' id='word_1_678' title='bbox 2982 2494 3059 2565; x_wconf 73' lang='grc'><strong>2).</strong></span> <span class='ocrx_word' id='word_1_679' title='bbox 3090 2493 3215 2548; x_wconf 69' lang='lat' dir='ltr'><strong>Haec</strong></span> <span class='ocrx_word' id='word_1_680' title='bbox 3240 2492 3398 2562; x_wconf 89' lang='lat' dir='ltr'><strong>igitur</strong></span> <span class='ocrx_word' id='word_1_681' title='bbox 3423 2491 3606 2561; x_wconf 89' lang='lat' dir='ltr'><strong>omnia</strong></span> <span class='ocrx_word' id='word_1_682' title='bbox 3632 2490 3775 2562; x_wconf 82' lang='lat' dir='ltr'><strong>perti-</strong></span> 
     </span>
    </p>
   </div>
   <div class='ocr_carea' id='block_1_84' title="bbox 2208 2585 3775 2661">
    <p class='ocr_par' dir='ltr' id='par_1_84' title="bbox 2208 2585 3775 2661">
     <span class='ocr_line' id='line_1_84' title="bbox 2208 2585 3775 2661; baseline -0.006 -12"><span class='ocrx_word' id='word_1_683' title='bbox 2208 2609 2338 2649; x_wconf 89' lang='lat' dir='ltr'><strong>nere</strong></span> <span class='ocrx_word' id='word_1_684' title='bbox 2363 2592 2430 2647; x_wconf 93' lang='lat' dir='ltr'><strong>ad</strong></span> <span class='ocrx_word' id='word_1_685' title='bbox 2460 2593 2605 2647; x_wconf 88' lang='lat' dir='ltr'><strong>initia</strong></span> <span class='ocrx_word' id='word_1_686' title='bbox 2636 2591 3026 2661; x_wconf 82' lang='lat' dir='ltr'><strong>neophytorum</strong></span> <span class='ocrx_word' id='word_1_687' title='bbox 3053 2588 3183 2642; x_wconf 87' lang='lat' dir='ltr'><strong>satis</strong></span> <span class='ocrx_word' id='word_1_688' title='bbox 3204 2594 3493 2656; x_wconf 90' lang='lat' dir='ltr'><strong>aperteque</strong></span> <span class='ocrx_word' id='word_1_689' title='bbox 3520 2585 3775 2655; x_wconf 84' lang='lat' dir='ltr'><strong>Scriptura</strong></span> 
     </span>
    </p>
   </div>
   <div class='ocr_carea' id='block_1_85' title="bbox 2210 2677 3775 2753">
    <p class='ocr_par' dir='ltr' id='par_1_85' title="bbox 2210 2677 3775 2753">
     <span class='ocr_line' id='line_1_85' title="bbox 2210 2677 3775 2753; baseline -0.006 -13"><span class='ocrx_word' id='word_1_690' title='bbox 2210 2692 2453 2741; x_wconf 89' lang='lat' dir='ltr'><strong>testatur.</strong></span> <span class='ocrx_word' id='word_1_691' title='bbox 2486 2683 2622 2753; x_wconf 83' lang='lat' dir='ltr'><strong>Quid</strong></span> <span class='ocrx_word' id='word_1_692' title='bbox 2648 2691 2729 2738; x_wconf 89' lang='lat' dir='ltr'><strong>est</strong></span> <span class='ocrx_word' id='word_1_693' title='bbox 2764 2690 2943 2737; x_wconf 88' lang='lat' dir='ltr'><strong>autem</strong></span> <span class='ocrx_word' id='word_1_694' title='bbox 2995 2696 3025 2735; x_wconf 91' lang='lat' dir='ltr'><strong>a</strong></span> <span class='ocrx_word' id='word_1_695' title='bbox 3073 2678 3301 2734; x_wconf 86' lang='lat' dir='ltr'><strong>mortuis</strong></span> <span class='ocrx_word' id='word_1_696' title='bbox 3329 2678 3587 2748; x_wconf 89' lang='lat' dir='ltr'><strong>operibus</strong></span> <span class='ocrx_word' id='word_1_697' title='bbox 3622 2677 3775 2749; x_wconf 62' lang='lat' dir='ltr'><strong>pinni-</strong></span> 
     </span>
    </p>
   </div>
   <div class='ocr_carea' id='block_1_86' title="bbox 2210 2769 3776 2843">
    <p class='ocr_par' dir='ltr' id='par_1_86' title="bbox 2210 2769 3776 2843">
     <span class='ocr_line' id='line_1_86' title="bbox 2210 2769 3776 2843; baseline -0.007 -10"><span class='ocrx_word' id='word_1_698' title='bbox 2210 2777 2374 2833; x_wconf 89' lang='lat' dir='ltr'><strong>tcntia</strong></span> <span class='ocrx_word' id='word_1_699' title='bbox 2394 2818 2407 2841; x_wconf 92' lang='lat'><strong>,</strong></span> <span class='ocrx_word' id='word_1_700' title='bbox 2439 2774 2542 2830; x_wconf 90' lang='lat' dir='ltr'><strong>nisi</strong></span> <span class='ocrx_word' id='word_1_701' title='bbox 2568 2775 2635 2830; x_wconf 91' lang='lat' dir='ltr'><strong>ab</strong></span> <span class='ocrx_word' id='word_1_702' title='bbox 2673 2774 2755 2828; x_wconf 88' lang='lat' dir='ltr'><strong>his</strong></span> <span class='ocrx_word' id='word_1_703' title='bbox 2779 2788 2899 2843; x_wconf 69' lang='lat' dir='ltr'><strong>qua:</strong></span> <span class='ocrx_word' id='word_1_704' title='bbox 2925 2780 3137 2842; x_wconf 89' lang='lat' dir='ltr'><strong>oportet</strong></span> <span class='ocrx_word' id='word_1_705' title='bbox 3162 2770 3505 2837; x_wconf 89' lang='lat' dir='ltr'><strong>mortiﬁcari,</strong></span> <span class='ocrx_word' id='word_1_706' title='bbox 3543 2781 3604 2825; x_wconf 92' lang='lat' dir='ltr'><strong>ut</strong></span> <span class='ocrx_word' id='word_1_707' title='bbox 3648 2769 3776 2824; x_wconf 81' lang='lat' dir='ltr'><strong>viva-</strong></span> 
     </span>
    </p>
   </div>
   <div class='ocr_carea' id='block_1_87' title="bbox 2213 2863 3775 2937">
    <p class='ocr_par' dir='ltr' id='par_1_87' title="bbox 2213 2863 3775 2937">
     <span class='ocr_line' id='line_1_87' title="bbox 2213 2863 3775 2937; baseline -0.005 -13"><span class='ocrx_word' id='word_1_708' title='bbox 2213 2870 2509 2937; x_wconf 79' lang='lat' dir='ltr'><strong>mus?quae</strong></span> <span class='ocrx_word' id='word_1_709' title='bbox 2540 2867 2584 2922; x_wconf 90' lang='lat' dir='ltr'><strong>si</strong></span> <span class='ocrx_word' id='word_1_710' title='bbox 2636 2866 2895 2921; x_wconf 91' lang='lat' dir='ltr'><strong>adulteria</strong></span> <span class='ocrx_word' id='word_1_711' title='bbox 2949 2863 3438 2932; x_wconf 82' lang='lat' dir='ltr'><strong>fornicationesque</strong></span> <span class='ocrx_word' id='word_1_712' title='bbox 3493 2878 3606 2917; x_wconf 88' lang='lat' dir='ltr'><strong>non</strong></span> <span class='ocrx_word' id='word_1_713' title='bbox 3634 2870 3775 2927; x_wconf 89' lang='lat' dir='ltr'><strong>sunt,</strong></span> 
     </span>
    </p>
   </div>
   <div class='ocr_carea' id='block_1_88' title="bbox 2211 2940 3779 3031">
    <p class='ocr_par' dir='ltr' id='par_1_88' title="bbox 2211 2940 3779 3031">
     <span class='ocr_line' id='line_1_88' title="bbox 2211 2940 3779 3031; baseline -0.004 -16"><span class='ocrx_word' id='word_1_714' title='bbox 2211 2960 2335 3031; x_wconf 88' lang='lat' dir='ltr'><strong>quid</strong></span> <span class='ocrx_word' id='word_1_715' title='bbox 2359 2960 2468 3029; x_wconf 92' lang='lat' dir='ltr'><strong>jam</strong></span> <span class='ocrx_word' id='word_1_716' title='bbox 2495 2959 2633 3013; x_wconf 89' lang='lat' dir='ltr'><strong>inter</strong></span> <span class='ocrx_word' id='word_1_717' title='bbox 2657 2972 2819 3029; x_wconf 88' lang='lat' dir='ltr'><strong>opera</strong></span> <span class='ocrx_word' id='word_1_718' title='bbox 2859 2940 3068 3010; x_wconf 84' lang='lat' dir='ltr'><strong>mortua</strong></span> <span class='ocrx_word' id='word_1_719' title='bbox 3112 2954 3493 3009; x_wconf 89' lang='lat' dir='ltr'><strong>nominandum</strong></span> <span class='ocrx_word' id='word_1_720' title='bbox 3537 2954 3659 3011; x_wconf 81' lang='lat' dir='ltr'><strong>eSt?</strong></span> <span class='ocrx_word' id='word_1_721' title='bbox 3706 2953 3779 3008; x_wconf 86' lang='lat' dir='ltr'><strong>Sic</strong></span> 
     </span>
    </p>
   </div>
   <div class='ocr_carea' id='block_1_89' title="bbox 2211 3042 3779 3117">
    <p class='ocr_par' dir='ltr' id='par_1_89' title="bbox 2211 3042 3779 3117">
     <span class='ocr_line' id='line_1_89' title="bbox 2211 3042 3779 3117; baseline -0.006 -11"><span class='ocrx_word' id='word_1_722' title='bbox 2211 3061 2390 3106; x_wconf 87' lang='lat' dir='ltr'><strong>autem</strong></span> <span class='ocrx_word' id='word_1_723' title='bbox 2417 3066 2523 3104; x_wconf 87' lang='lat' dir='ltr'><strong>non</strong></span> <span class='ocrx_word' id='word_1_724' title='bbox 2548 3048 2744 3103; x_wconf 90' lang='lat' dir='ltr'><strong>sufﬁcit</strong></span> <span class='ocrx_word' id='word_1_725' title='bbox 2770 3046 3030 3117; x_wconf 80' lang='lat' dir='ltr'><strong>professio</strong></span> <span class='ocrx_word' id='word_1_726' title='bbox 3059 3046 3378 3101; x_wconf 87' lang='lat' dir='ltr'><strong>recessionis</strong></span> <span class='ocrx_word' id='word_1_727' title='bbox 3398 3060 3426 3098; x_wconf 92' lang='lat' dir='ltr'><strong>a</strong></span> <span class='ocrx_word' id='word_1_728' title='bbox 3456 3045 3674 3112; x_wconf 88' lang='lat' dir='ltr'><strong>talibus,</strong></span> <span class='ocrx_word' id='word_1_729' title='bbox 3696 3042 3779 3099; x_wconf 82' lang='lat' dir='ltr'><strong>nisi</strong></span> 
     </span>
    </p>
   </div>
   <div class='ocr_carea' id='block_1_90' title="bbox 2212 3139 3781 3212">
    <p class='ocr_par' dir='ltr' id='par_1_90' title="bbox 2212 3139 3781 3212">
     <span class='ocr_line' id='line_1_90' title="bbox 2212 3139 3781 3212; baseline -0.007 -11"><span class='ocrx_word' id='word_1_730' title='bbox 2212 3146 2374 3201; x_wconf 89' lang='lat' dir='ltr'><strong>etiam</strong></span> <span class='ocrx_word' id='word_1_731' title='bbox 2424 3145 2634 3199; x_wconf 89' lang='lat' dir='ltr'><strong>lavacro</strong></span> <span class='ocrx_word' id='word_1_732' title='bbox 2664 3140 3080 3212; x_wconf 85' lang='lat' dir='ltr'><strong>regenerationis</strong></span> <span class='ocrx_word' id='word_1_733' title='bbox 3117 3147 3303 3194; x_wconf 91' lang='lat' dir='ltr'><strong>cuncta</strong></span> <span class='ocrx_word' id='word_1_734' title='bbox 3332 3139 3635 3208; x_wconf 82' lang='lat' dir='ltr'><strong>praeterita,</strong></span> <span class='ocrx_word' id='word_1_735' title='bbox 3682 3151 3781 3208; x_wconf 77' lang='lat' dir='ltr'><strong>qua:</strong></span> 
     </span>
    </p>
   </div>
   <div class='ocr_carea' id='block_1_91' title="bbox 2212 3229 3781 3305">
    <p class='ocr_par' dir='ltr' id='par_1_91' title="bbox 2212 3229 3781 3305">
     <span class='ocr_line' id='line_1_91' title="bbox 2212 3229 3781 3305; baseline -0.007 -13"><span class='ocrx_word' id='word_1_736' title='bbox 2212 3238 2359 3292; x_wconf 89' lang='lat' dir='ltr'><strong>velut</strong></span> <span class='ocrx_word' id='word_1_737' title='bbox 2403 3242 2833 3305; x_wconf 87' lang='lat' dir='ltr'><strong>persequuntur,</strong></span> <span class='ocrx_word' id='word_1_738' title='bbox 2886 3238 3103 3301; x_wconf 90' lang='lat' dir='ltr'><strong>peccata</strong></span> <span class='ocrx_word' id='word_1_739' title='bbox 3131 3229 3452 3294; x_wconf 77' lang='lat' dir='ltr'><strong>deleantur,</strong></span> <span class='ocrx_word' id='word_1_740' title='bbox 3509 3229 3652 3284; x_wconf 85' lang='lat' dir='ltr'><strong>sicut</strong></span> <span class='ocrx_word' id='word_1_741' title='bbox 3694 3241 3781 3282; x_wconf 89' lang='lat' dir='ltr'><strong>non</strong></span> 
     </span>
    </p>
   </div>
   <div class='ocr_carea' id='block_1_92' title="bbox 2215 3318 3784 3392">
    <p class='ocr_par' dir='ltr' id='par_1_92' title="bbox 2215 3318 3784 3392">
     <span class='ocr_line' id='line_1_92' title="bbox 2215 3318 3784 3392; baseline -0.006 -9"><span class='ocrx_word' id='word_1_742' title='bbox 2215 3328 2425 3384; x_wconf 77' lang='lat' dir='ltr'><strong>suﬂ‘ecit</strong></span> <span class='ocrx_word' id='word_1_743' title='bbox 2450 3326 2702 3380; x_wconf 89' lang='lat' dir='ltr'><strong>lsraelitis</strong></span> <span class='ocrx_word' id='word_1_744' title='bbox 2732 3322 2982 3378; x_wconf 89' lang='lat' dir='ltr'><strong>recedere</strong></span> <span class='ocrx_word' id='word_1_745' title='bbox 3036 3321 3105 3376; x_wconf 91' lang='lat' dir='ltr'><strong>ab</strong></span> <span class='ocrx_word' id='word_1_746' title='bbox 3128 3320 3395 3392; x_wconf 65' lang='lat' dir='ltr'><strong>Egypto,</strong></span> <span class='ocrx_word' id='word_1_747' title='bbox 3442 3318 3552 3376; x_wconf 89' lang='lat' dir='ltr'><strong>nisi</strong></span> <span class='ocrx_word' id='word_1_748' title='bbox 3581 3335 3642 3376; x_wconf 86' lang='lat' dir='ltr'><strong>ea</strong></span> <span class='ocrx_word' id='word_1_749' title='bbox 3686 3333 3784 3391; x_wconf 72' lang='lat' dir='ltr'><strong>qua</strong></span> 
     </span>
    </p>
   </div>
   <div class='ocr_carea' id='block_1_93' title="bbox 2217 3409 3784 3488">
    <p class='ocr_par' dir='ltr' id='par_1_93' title="bbox 2217 3409 3784 3488">
     <span class='ocr_line' id='line_1_93' title="bbox 2217 3409 3784 3488; baseline -0.004 -16"><span class='ocrx_word' id='word_1_750' title='bbox 2217 3418 2597 3488; x_wconf 89' lang='lat' dir='ltr'><strong>insequebatur</strong></span> <span class='ocrx_word' id='word_1_751' title='bbox 2641 3415 2873 3470; x_wconf 92' lang='lat' dir='ltr'><strong>hostium</strong></span> <span class='ocrx_word' id='word_1_752' title='bbox 2919 3412 3205 3468; x_wconf 87' lang='lat' dir='ltr'><strong>multitudo</strong></span> <span class='ocrx_word' id='word_1_753' title='bbox 3243 3413 3481 3483; x_wconf 90' lang='lat' dir='ltr'><strong>ejusdem</strong></span> <span class='ocrx_word' id='word_1_754' title='bbox 3512 3411 3679 3468; x_wconf 88' lang='lat' dir='ltr'><strong>maris</strong></span> <span class='ocrx_word' id='word_1_755' title='bbox 3703 3409 3784 3465; x_wconf 82' lang='lat' dir='ltr'><strong>ﬁu-</strong></span> 
     </span>
    </p>
   </div>
   <div class='ocr_carea' id='block_1_94' title="bbox 2216 3504 3785 3578">
    <p class='ocr_par' dir='ltr' id='par_1_94' title="bbox 2216 3504 3785 3578">
     <span class='ocr_line' id='line_1_94' title="bbox 2216 3504 3785 3578; baseline -0.004 -13"><span class='ocrx_word' id='word_1_756' title='bbox 2216 3510 2390 3565; x_wconf 89' lang='lat' dir='ltr'><strong>ctibus</strong></span> <span class='ocrx_word' id='word_1_757' title='bbox 2422 3508 2686 3574; x_wconf 87' lang='lat' dir='ltr'><strong>interiret,</strong></span> <span class='ocrx_word' id='word_1_758' title='bbox 2720 3507 2809 3577; x_wconf 90' lang='lat' dir='ltr'><strong>qui</strong></span> <span class='ocrx_word' id='word_1_759' title='bbox 2840 3506 2934 3560; x_wconf 88' lang='lat' dir='ltr'><strong>Dei</strong></span> <span class='ocrx_word' id='word_1_760' title='bbox 2960 3506 3156 3578; x_wconf 92' lang='lat' dir='ltr'><strong>populo</strong></span> <span class='ocrx_word' id='word_1_761' title='bbox 3186 3507 3476 3562; x_wconf 90' lang='lat' dir='ltr'><strong>transituro</strong></span> <span class='ocrx_word' id='word_1_762' title='bbox 3502 3504 3785 3563; x_wconf 82' lang='lat' dir='ltr'><strong>liberando-</strong></span> 
     </span>
    </p>
   </div>
   <div class='ocr_carea' id='block_1_95' title="bbox 2216 3595 3788 3671">
    <p class='ocr_par' dir='ltr' id='par_1_95' title="bbox 2216 3595 3788 3671">
     <span class='ocr_line' id='line_1_95' title="bbox 2216 3595 3788 3671; baseline -0.002 -18"><span class='ocrx_word' id='word_1_763' title='bbox 2216 3616 2320 3671; x_wconf 91' lang='lat' dir='ltr'><strong>que</strong></span> <span class='ocrx_word' id='word_1_764' title='bbox 2356 3607 2661 3670; x_wconf 87' lang='lat' dir='ltr'><strong>patuerunt.</strong></span> <span class='ocrx_word' id='word_1_765' title='bbox 2692 3596 2793 3663; x_wconf 87' lang='lat' dir='ltr'><strong>Qui</strong></span> <span class='ocrx_word' id='word_1_766' title='bbox 2813 3610 2940 3666; x_wconf 88' lang='lat' dir='ltr'><strong>ergo</strong></span> <span class='ocrx_word' id='word_1_767' title='bbox 2965 3597 3245 3666; x_wconf 84' lang='lat' dir='ltr'><strong>proﬁtetur</strong></span> <span class='ocrx_word' id='word_1_768' title='bbox 3269 3597 3337 3652; x_wconf 90' lang='lat' dir='ltr'><strong>ab</strong></span> <span class='ocrx_word' id='word_1_769' title='bbox 3360 3595 3632 3654; x_wconf 87' lang='lat' dir='ltr'><strong>adulterio</strong></span> <span class='ocrx_word' id='word_1_770' title='bbox 3666 3595 3788 3652; x_wconf 85' lang='lat' dir='ltr'><strong>nolle</strong></span> 
     </span>
    </p>
   </div>
   <div class='ocr_carea' id='block_1_96' title="bbox 2217 3689 3784 3762">
    <p class='ocr_par' dir='ltr' id='par_1_96' title="bbox 2217 3689 3784 3762">
     <span class='ocr_line' id='line_1_96' title="bbox 2217 3689 3784 3762; baseline -0.004 -12"><span class='ocrx_word' id='word_1_771' title='bbox 2217 3710 2276 3751; x_wconf 88' lang='lat' dir='ltr'><strong>se</strong></span> <span class='ocrx_word' id='word_1_772' title='bbox 2301 3702 2507 3748; x_wconf 90' lang='lat' dir='ltr'><strong>mutare</strong></span> <span class='ocrx_word' id='word_1_773' title='bbox 2527 3734 2541 3757; x_wconf 89' lang='lat'><strong>,</strong></span> <span class='ocrx_word' id='word_1_774' title='bbox 2569 3690 2836 3762; x_wconf 91' lang='lat' dir='ltr'><strong>quomodo</strong></span> <span class='ocrx_word' id='word_1_775' title='bbox 2862 3704 2957 3759; x_wconf 91' lang='lat' dir='ltr'><strong>per</strong></span> <span class='ocrx_word' id='word_1_776' title='bbox 2977 3705 3124 3744; x_wconf 90' lang='lat' dir='ltr'><strong>mare</strong></span> <span class='ocrx_word' id='word_1_777' title='bbox 3144 3689 3386 3745; x_wconf 89' lang='lat' dir='ltr'><strong>Rubrum</strong></span> <span class='ocrx_word' id='word_1_778' title='bbox 3413 3689 3665 3758; x_wconf 89' lang='lat' dir='ltr'><strong>ducetur,</strong></span> <span class='ocrx_word' id='word_1_779' title='bbox 3686 3702 3784 3745; x_wconf 88' lang='lat' dir='ltr'><strong>cum</strong></span> 
     </span>
    </p>
   </div>
   <div class='ocr_carea' id='block_1_97' title="bbox 2217 3780 3787 3855">
    <p class='ocr_par' dir='ltr' id='par_1_97' title="bbox 2217 3780 3787 3855">
     <span class='ocr_line' id='line_1_97' title="bbox 2217 3780 3787 3855; baseline -0.004 -16"><span class='ocrx_word' id='word_1_780' title='bbox 2217 3786 2285 3839; x_wconf 92' lang='lat' dir='ltr'><strong>ab</strong></span> <span class='ocrx_word' id='word_1_781' title='bbox 2313 3783 2548 3855; x_wconf 66' lang='lat' dir='ltr'><strong>Egypto</strong></span> <span class='ocrx_word' id='word_1_782' title='bbox 2574 3782 2750 3837; x_wconf 90' lang='lat' dir='ltr'><strong>adhuc</strong></span> <span class='ocrx_word' id='word_1_783' title='bbox 2776 3788 2989 3835; x_wconf 88' lang='lat' dir='ltr'><strong>recuset</strong></span> <span class='ocrx_word' id='word_1_784' title='bbox 3016 3780 3346 3835; x_wconf 87' lang='lat' dir='ltr'><strong>abscedere?</strong></span> <span class='ocrx_word' id='word_1_785' title='bbox 3371 3780 3581 3838; x_wconf 87' lang='lat' dir='ltr'><strong>Deinde</strong></span> <span class='ocrx_word' id='word_1_786' title='bbox 3601 3796 3703 3837; x_wconf 92' lang='lat' dir='ltr'><strong>non</strong></span> <span class='ocrx_word' id='word_1_787' title='bbox 3724 3787 3787 3833; x_wconf 85' lang='lat' dir='ltr'><strong>at-</strong></span> 
     </span>
    </p>
   </div>
   <div class='ocr_carea' id='block_1_98' title="bbox 2221 3870 3789 3945">
    <p class='ocr_par' dir='ltr' id='par_1_98' title="bbox 2221 3870 3789 3945">
     <span class='ocr_line' id='line_1_98' title="bbox 2221 3870 3789 3945; baseline -0.005 -11"><span class='ocrx_word' id='word_1_788' title='bbox 2221 3879 2446 3934; x_wconf 88' lang='lat' dir='ltr'><strong>tendunt</strong></span> <span class='ocrx_word' id='word_1_789' title='bbox 2468 3880 2519 3931; x_wconf 91' lang='lat' dir='ltr'><strong>in</strong></span> <span class='ocrx_word' id='word_1_790' title='bbox 2549 3892 2612 3931; x_wconf 91' lang='lat' dir='ltr'><strong>ea</strong></span> <span class='ocrx_word' id='word_1_791' title='bbox 2638 3877 2755 3945; x_wconf 81' lang='lat' dir='ltr'><strong>lege</strong></span> <span class='ocrx_word' id='word_1_792' title='bbox 2776 3915 2792 3941; x_wconf 91' lang='lat'><strong>,</strong></span> <span class='ocrx_word' id='word_1_793' title='bbox 2819 3888 2938 3945; x_wconf 85' lang='lat' dir='ltr'><strong>quae</strong></span> <span class='ocrx_word' id='word_1_794' title='bbox 2969 3881 3092 3942; x_wconf 90' lang='lat' dir='ltr'><strong>post</strong></span> <span class='ocrx_word' id='word_1_795' title='bbox 3112 3872 3392 3928; x_wconf 90' lang='lat' dir='ltr'><strong>transitum</strong></span> <span class='ocrx_word' id='word_1_796' title='bbox 3427 3876 3605 3930; x_wconf 90' lang='lat' dir='ltr'><strong>maris</strong></span> <span class='ocrx_word' id='word_1_797' title='bbox 3648 3870 3789 3930; x_wconf 89' lang='lat' dir='ltr'><strong>Rubri</strong></span> 
     </span>
    </p>
   </div>
   <div class='ocr_carea' id='block_1_99' title="bbox 2220 3963 3790 4042">
    <p class='ocr_par' dir='ltr' id='par_1_99' title="bbox 2220 3963 3790 4042">
     <span class='ocr_line' id='line_1_99' title="bbox 2220 3963 3790 4042; baseline -0.006 -15"><span class='ocrx_word' id='word_1_798' title='bbox 2220 3973 2299 4028; x_wconf 90' lang='lat' dir='ltr'><strong>illi</strong></span> <span class='ocrx_word' id='word_1_799' title='bbox 2329 3971 2527 4042; x_wconf 91' lang='lat' dir='ltr'><strong>populo</strong></span> <span class='ocrx_word' id='word_1_800' title='bbox 2552 3969 2675 4025; x_wconf 90' lang='lat' dir='ltr'><strong>data</strong></span> <span class='ocrx_word' id='word_1_801' title='bbox 2699 3978 2815 4033; x_wconf 90' lang='lat' dir='ltr'><strong>est,</strong></span> <span class='ocrx_word' id='word_1_802' title='bbox 2849 3966 3078 4037; x_wconf 88' lang='lat' dir='ltr'><strong>primum</strong></span> <span class='ocrx_word' id='word_1_803' title='bbox 3113 3979 3235 4021; x_wconf 87' lang='lat' dir='ltr'><strong>esse</strong></span> <span class='ocrx_word' id='word_1_804' title='bbox 3273 3973 3646 4035; x_wconf 61' lang='lat' dir='ltr'><strong>praeceptum,</strong></span> <span class='ocrx_word' id='word_1_805' title='bbox 3689 3963 3790 4021; x_wconf 77' lang='lat' dir='ltr'><strong>Non</strong></span> 
     </span>
    </p>
   </div>
   <div class='ocr_carea' id='block_1_100' title="bbox 2220 4056 3792 4131">
    <p class='ocr_par' dir='ltr' id='par_1_100' title="bbox 2220 4056 3792 4131">
     <span class='ocr_line' id='line_1_100' title="bbox 2220 4056 3792 4131; baseline -0.004 -12"><span class='ocrx_word' id='word_1_806' title='bbox 2220 4073 2363 4120; x_wconf 87' lang='lat' dir='ltr'><strong>erunt</strong></span> <span class='ocrx_word' id='word_1_807' title='bbox 2388 4064 2478 4117; x_wconf 84' lang='lat' dir='ltr'><strong>tibi</strong></span> <span class='ocrx_word' id='word_1_808' title='bbox 2497 4062 2587 4116; x_wconf 88' lang='lat' dir='ltr'><strong>alii</strong></span> <span class='ocrx_word' id='word_1_809' title='bbox 2613 4061 2686 4115; x_wconf 88' lang='lat' dir='ltr'><strong>dii</strong></span> <span class='ocrx_word' id='word_1_810' title='bbox 2712 4068 2898 4131; x_wconf 68' lang='lat' dir='ltr'><strong>praeter</strong></span> <span class='ocrx_word' id='word_1_811' title='bbox 2916 4074 3015 4112; x_wconf 89' lang='lat' dir='ltr'><strong>me.</strong></span> <span class='ocrx_word' id='word_1_812' title='bbox 3035 4056 3157 4113; x_wconf 84' lang='lat' dir='ltr'><strong>Non</strong></span> <span class='ocrx_word' id='word_1_813' title='bbox 3179 4058 3333 4129; x_wconf 79' lang='lat' dir='ltr'><strong>facies</strong></span> <span class='ocrx_word' id='word_1_814' title='bbox 3356 4057 3443 4112; x_wconf 87' lang='lat' dir='ltr'><strong>tibi</strong></span> <span class='ocrx_word' id='word_1_815' title='bbox 3470 4058 3642 4127; x_wconf 81' lang='lat' dir='ltr'><strong>idola,</strong></span> <span class='ocrx_word' id='word_1_816' title='bbox 3661 4071 3792 4128; x_wconf 66' lang='lat' dir='ltr'><strong>nm</strong></span> 
     </span>
    </p>
   </div>
   <div class='ocr_carea' id='block_1_101' title="bbox 2219 4148 3786 4222">
    <p class='ocr_par' dir='ltr' id='par_1_101' title="bbox 2219 4148 3786 4222">
     <span class='ocr_line' id='line_1_101' title="bbox 2219 4148 3786 4222; baseline -0.005 -10"><span class='ocrx_word' id='word_1_817' title='bbox 2219 4158 2380 4212; x_wconf 89' lang='lat' dir='ltr'><strong>ullum</strong></span> <span class='ocrx_word' id='word_1_818' title='bbox 2411 4154 2740 4209; x_wconf 86' lang='lat' dir='ltr'><strong>simulacrum</strong></span> <span class='ocrx_word' id='word_1_819' title='bbox 2767 4194 2781 4218; x_wconf 94' lang='lat'><strong>,</strong></span> <span class='ocrx_word' id='word_1_820' title='bbox 2809 4166 3137 4222; x_wconf 60' lang='lat' dir='ltr'><strong>quacumque</strong></span> <span class='ocrx_word' id='word_1_821' title='bbox 3182 4149 3239 4202; x_wconf 90' lang='lat' dir='ltr'><strong>in</strong></span> <span class='ocrx_word' id='word_1_822' title='bbox 3271 4148 3395 4203; x_wconf 82' lang='lat' dir='ltr'><strong>caelo</strong></span> <span class='ocrx_word' id='word_1_823' title='bbox 3417 4158 3536 4203; x_wconf 89' lang='lat' dir='ltr'><strong>sunt</strong></span> <span class='ocrx_word' id='word_1_824' title='bbox 3562 4164 3753 4205; x_wconf 72' lang='lat' dir='ltr'><strong>surum</strong></span> <span class='ocrx_word' id='word_1_825' title='bbox 3771 4184 3786 4212; x_wconf 87' lang='grc'><em>,</em></span> 
     </span>
    </p>
   </div>
   <div class='ocr_carea' id='block_1_102' title="bbox 2220 4243 3792 4322">
    <p class='ocr_par' dir='ltr' id='par_1_102' title="bbox 2220 4243 3792 4322">
     <span class='ocr_line' id='line_1_102' title="bbox 2220 4243 3792 4322; baseline -0.006 -17"><span class='ocrx_word' id='word_1_826' title='bbox 2220 4261 2267 4306; x_wconf 87' lang='lat' dir='ltr'><strong>et</strong></span> <span class='ocrx_word' id='word_1_827' title='bbox 2285 4263 2608 4322; x_wconf 80' lang='lat' dir='ltr'><strong>quwcumque</strong></span> <span class='ocrx_word' id='word_1_828' title='bbox 2630 4247 2685 4300; x_wconf 91' lang='lat' dir='ltr'><strong>in</strong></span> <span class='ocrx_word' id='word_1_829' title='bbox 2712 4254 2845 4299; x_wconf 89' lang='lat' dir='ltr'><strong>terra</strong></span> <span class='ocrx_word' id='word_1_830' title='bbox 2873 4244 3109 4298; x_wconf 89' lang='lat' dir='ltr'><strong>deorsum</strong></span> <span class='ocrx_word' id='word_1_831' title='bbox 3132 4282 3147 4309; x_wconf 92' lang='lat'><strong>,</strong></span> <span class='ocrx_word' id='word_1_832' title='bbox 3171 4250 3218 4297; x_wconf 89' lang='lat' dir='ltr'><strong>et</strong></span> <span class='ocrx_word' id='word_1_833' title='bbox 3241 4257 3570 4313; x_wconf 62' lang='lat' dir='ltr'><strong>quacumque</strong></span> <span class='ocrx_word' id='word_1_834' title='bbox 3592 4243 3648 4296; x_wconf 89' lang='lat' dir='ltr'><strong>in</strong></span> <span class='ocrx_word' id='word_1_835' title='bbox 3679 4255 3792 4310; x_wconf 73' lang='lat' dir='ltr'><strong>aqua</strong></span> 
     </span>
    </p>
   </div>
   <div class='ocr_carea' id='block_1_103' title="bbox 2222 4334 3791 4407">
    <p class='ocr_par' dir='ltr' id='par_1_103' title="bbox 2222 4334 3791 4407">
     <span class='ocr_line' id='line_1_103' title="bbox 2222 4334 3791 4407; baseline -0.008 -8"><span class='ocrx_word' id='word_1_836' title='bbox 2222 4355 2269 4400; x_wconf 91' lang='lat' dir='ltr'><strong>et</strong></span> <span class='ocrx_word' id='word_1_837' title='bbox 2294 4344 2384 4399; x_wconf 88' lang='lat' dir='ltr'><strong>sub</strong></span> <span class='ocrx_word' id='word_1_838' title='bbox 2416 4351 2584 4407; x_wconf 87' lang='lat' dir='ltr'><strong>terra;</strong></span> <span class='ocrx_word' id='word_1_839' title='bbox 2614 4356 2717 4394; x_wconf 90' lang='lat' dir='ltr'><strong>non</strong></span> <span class='ocrx_word' id='word_1_840' title='bbox 2737 4337 2973 4393; x_wconf 84' lang='lat' dir='ltr'><strong>adorabis</strong></span> <span class='ocrx_word' id='word_1_841' title='bbox 2989 4353 3049 4392; x_wconf 91' lang='lat' dir='ltr'><strong>ea</strong></span> <span class='ocrx_word' id='word_1_842' title='bbox 3070 4377 3087 4403; x_wconf 91' lang='lat'><strong>,</strong></span> <span class='ocrx_word' id='word_1_843' title='bbox 3119 4351 3277 4404; x_wconf 86' lang='lat' dir='ltr'><strong>neque</strong></span> <span class='ocrx_word' id='word_1_844' title='bbox 3299 4336 3479 4389; x_wconf 85' lang='lat' dir='ltr'><strong>servies</strong></span> <span class='ocrx_word' id='word_1_845' title='bbox 3505 4339 3580 4389; x_wconf 84' lang='lat' dir='ltr'><strong>eis</strong></span> <span class='ocrx_word' id='word_1_846' title='bbox 3615 4334 3791 4407; x_wconf 66' lang='lat' dir='ltr'><strong>(Exod.</strong></span> 
     </span>
    </p>
   </div>
   <div class='ocr_carea' id='block_1_104' title="bbox 2223 4425 3791 4509">
    <p class='ocr_par' dir='ltr' id='par_1_104' title="bbox 2223 4425 3791 4509">
     <span class='ocr_line' id='line_1_104' title="bbox 2223 4425 3791 4509; baseline -0.011 -14"><span class='ocrx_word' id='word_1_847' title='bbox 2223 4456 2325 4505; x_wconf 87' lang='lat' dir='ltr'><strong>xx,</strong></span> <span class='ocrx_word' id='word_1_848' title='bbox 2356 4439 2420 4505; x_wconf 75' lang='grc'><strong>4,</strong></span> <span class='ocrx_word' id='word_1_849' title='bbox 2451 4438 2545 4509; x_wconf 82' lang='grc'><strong>5);</strong></span> <span class='ocrx_word' id='word_1_850' title='bbox 2571 4443 2627 4490; x_wconf 91' lang='lat' dir='ltr'><strong>et</strong></span> <span class='ocrx_word' id='word_1_851' title='bbox 2649 4442 2845 4490; x_wconf 70' lang='lat' dir='ltr'><strong>caetera</strong></span> <span class='ocrx_word' id='word_1_852' title='bbox 2874 4429 2943 4485; x_wconf 91' lang='lat' dir='ltr'><strong>ad</strong></span> <span class='ocrx_word' id='word_1_853' title='bbox 2976 4429 3079 4485; x_wconf 89' lang='lat' dir='ltr'><strong>hoc</strong></span> <span class='ocrx_word' id='word_1_854' title='bbox 3109 4438 3434 4499; x_wconf 70' lang='lat' dir='ltr'><strong>przeceptum</strong></span> <span class='ocrx_word' id='word_1_855' title='bbox 3463 4425 3791 4497; x_wconf 86' lang='lat' dir='ltr'><strong>pertinentia.</strong></span> 
     </span>
    </p>
   </div>
   <div class='ocr_carea' id='block_1_105' title="bbox 2223 4519 3794 4597">
    <p class='ocr_par' dir='ltr' id='par_1_105' title="bbox 2223 4519 3794 4597">
     <span class='ocr_line' id='line_1_105' title="bbox 2223 4519 3794 4597; baseline -0.009 -11"><span class='ocrx_word' id='word_1_856' title='bbox 2223 4531 2507 4588; x_wconf 82' lang='lat' dir='ltr'><strong>Afﬁrment</strong></span> <span class='ocrx_word' id='word_1_857' title='bbox 2535 4529 2713 4597; x_wconf 90' lang='lat' dir='ltr'><strong>itaque</strong></span> <span class='ocrx_word' id='word_1_858' title='bbox 2747 4524 2870 4590; x_wconf 90' lang='lat' dir='ltr'><strong>isti,</strong></span> <span class='ocrx_word' id='word_1_859' title='bbox 2917 4523 2963 4577; x_wconf 90' lang='lat' dir='ltr'><strong>si</strong></span> <span class='ocrx_word' id='word_1_860' title='bbox 2986 4521 3201 4589; x_wconf 89' lang='lat' dir='ltr'><strong>volunt,</strong></span> <span class='ocrx_word' id='word_1_861' title='bbox 3229 4528 3415 4575; x_wconf 91' lang='lat' dir='ltr'><strong>contra</strong></span> <span class='ocrx_word' id='word_1_862' title='bbox 3441 4519 3617 4590; x_wconf 86' lang='lat' dir='ltr'><strong>ipsam</strong></span> <span class='ocrx_word' id='word_1_863' title='bbox 3662 4532 3794 4575; x_wconf 87' lang='lat' dir='ltr'><strong>suam</strong></span> 
     </span>
    </p>
   </div>
   <div class='ocr_carea' id='block_1_106' title="bbox 2225 4609 3796 4685">
    <p class='ocr_par' dir='ltr' id='par_1_106' title="bbox 2225 4609 3796 4685">
     <span class='ocr_line' id='line_1_106' title="bbox 2225 4609 3796 4685; baseline -0.01 -6"><span class='ocrx_word' id='word_1_864' title='bbox 2225 4618 2800 4685; x_wconf 89' lang='lat' dir='ltr'><strong>assertionem,etiam</strong></span> <span class='ocrx_word' id='word_1_865' title='bbox 2825 4615 2895 4670; x_wconf 92' lang='lat' dir='ltr'><strong>de</strong></span> <span class='ocrx_word' id='word_1_866' title='bbox 2939 4612 3100 4669; x_wconf 88' lang='lat' dir='ltr'><strong>unius</strong></span> <span class='ocrx_word' id='word_1_867' title='bbox 3143 4611 3239 4668; x_wconf 90' lang='lat' dir='ltr'><strong>Dei</strong></span> <span class='ocrx_word' id='word_1_868' title='bbox 3280 4611 3426 4667; x_wconf 89' lang='lat' dir='ltr'><strong>cultu</strong></span> <span class='ocrx_word' id='word_1_869' title='bbox 3468 4609 3796 4681; x_wconf 80' lang='lat' dir='ltr'><strong>cavendaque</strong></span> 
     </span>
    </p>
   </div>
   <div class='ocr_carea' id='block_1_107' title="bbox 2225 4704 3796 4776">
    <p class='ocr_par' dir='ltr' id='par_1_107' title="bbox 2225 4704 3796 4776">
     <span class='ocr_line' id='line_1_107' title="bbox 2225 4704 3796 4776; baseline -0.007 -9"><span class='ocrx_word' id='word_1_870' title='bbox 2225 4710 2526 4768; x_wconf 88' lang='lat' dir='ltr'><strong>idololatria</strong></span> <span class='ocrx_word' id='word_1_871' title='bbox 2545 4748 2561 4775; x_wconf 94' lang='lat'><strong>,</strong></span> <span class='ocrx_word' id='word_1_872' title='bbox 2589 4724 2694 4764; x_wconf 91' lang='lat' dir='ltr'><strong>non</strong></span> <span class='ocrx_word' id='word_1_873' title='bbox 2725 4706 2899 4761; x_wconf 90' lang='lat' dir='ltr'><strong>adhuc</strong></span> <span class='ocrx_word' id='word_1_874' title='bbox 2922 4704 3253 4776; x_wconf 88' lang='lat' dir='ltr'><strong>baptizandis</strong></span> <span class='ocrx_word' id='word_1_875' title='bbox 3271 4745 3286 4769; x_wconf 92' lang='lat'><strong>,</strong></span> <span class='ocrx_word' id='word_1_876' title='bbox 3318 4704 3413 4760; x_wconf 88' lang='lat' dir='ltr'><strong>sed</strong></span> <span class='ocrx_word' id='word_1_877' title='bbox 3437 4705 3550 4775; x_wconf 90' lang='lat' dir='ltr'><strong>jam</strong></span> <span class='ocrx_word' id='word_1_878' title='bbox 3579 4704 3796 4775; x_wconf 80' lang='lat' dir='ltr'><strong>baptiza-</strong></span> 
     </span>
    </p>
   </div>
   <div class='ocr_carea' id='block_1_108' title="bbox 2226 4791 3797 4873">
    <p class='ocr_par' dir='ltr' id='par_1_108' title="bbox 2226 4791 3797 4873">
     <span class='ocr_line' id='line_1_108' title="bbox 2226 4791 3797 4873; baseline -0.008 -13"><span class='ocrx_word' id='word_1_879' title='bbox 2226 4807 2295 4860; x_wconf 91' lang='lat' dir='ltr'><strong>tis</strong></span> <span class='ocrx_word' id='word_1_880' title='bbox 2343 4817 2463 4859; x_wconf 89' lang='lat' dir='ltr'><strong>esse</strong></span> <span class='ocrx_word' id='word_1_881' title='bbox 2514 4798 2909 4873; x_wconf 65' lang='lat' dir='ltr'><strong>praedicandum</strong></span> <span class='ocrx_word' id='word_1_882' title='bbox 2942 4817 2955 4854; x_wconf 92' lang='lat'><strong>:</strong></span> <span class='ocrx_word' id='word_1_883' title='bbox 2993 4806 3048 4852; x_wconf 90' lang='lat' dir='ltr'><strong>et</strong></span> <span class='ocrx_word' id='word_1_884' title='bbox 3074 4810 3184 4852; x_wconf 91' lang='lat' dir='ltr'><strong>non</strong></span> <span class='ocrx_word' id='word_1_885' title='bbox 3206 4796 3317 4866; x_wconf 91' lang='lat' dir='ltr'><strong>jam</strong></span> <span class='ocrx_word' id='word_1_886' title='bbox 3361 4796 3576 4863; x_wconf 90' lang='lat' dir='ltr'><strong>dicant,</strong></span> <span class='ocrx_word' id='word_1_887' title='bbox 3608 4796 3686 4852; x_wconf 89' lang='lat' dir='ltr'><strong>eis</strong></span> <span class='ocrx_word' id='word_1_888' title='bbox 3720 4791 3797 4864; x_wconf 89' lang='lat' dir='ltr'><strong>qui</strong></span> 
     </span>
    </p>
   </div>
   <div class='ocr_carea' id='block_1_109' title="bbox 2226 4883 3799 4968">
    <p class='ocr_par' dir='ltr' id='par_1_109' title="bbox 2226 4883 3799 4968">
     <span class='ocr_line' id='line_1_109' title="bbox 2226 4883 3799 4968; baseline -0.01 -16"><span class='ocrx_word' id='word_1_889' title='bbox 2226 4896 2555 4968; x_wconf 89' lang='lat' dir='ltr'><strong>Baptismum</strong></span> <span class='ocrx_word' id='word_1_890' title='bbox 2586 4891 2884 4964; x_wconf 89' lang='lat' dir='ltr'><strong>percepturi</strong></span> <span class='ocrx_word' id='word_1_891' title='bbox 2927 4898 3084 4956; x_wconf 90' lang='lat' dir='ltr'><strong>sunt,</strong></span> <span class='ocrx_word' id='word_1_892' title='bbox 3136 4888 3297 4944; x_wconf 86' lang='lat' dir='ltr'><strong>ﬁdem</strong></span> <span class='ocrx_word' id='word_1_893' title='bbox 3342 4896 3546 4943; x_wconf 88' lang='lat' dir='ltr'><strong>tantum</strong></span> <span class='ocrx_word' id='word_1_894' title='bbox 3596 4902 3713 4958; x_wconf 66' lang='lat' dir='ltr'><strong>quae</strong></span> <span class='ocrx_word' id='word_1_895' title='bbox 3753 4883 3799 4938; x_wconf 92' lang='lat' dir='ltr'><strong>in</strong></span> 
     </span>
    </p>
   </div>
   <div class='ocr_carea' id='block_1_110' title="bbox 2228 4979 3797 5054">
    <p class='ocr_par' dir='ltr' id='par_1_110' title="bbox 2228 4979 3797 5054">
     <span class='ocr_line' id='line_1_110' title="bbox 2228 4979 3797 5054; baseline -0.01 -8"><span class='ocrx_word' id='word_1_896' title='bbox 2228 4991 2398 5047; x_wconf 89' lang='lat' dir='ltr'><strong>Deum</strong></span> <span class='ocrx_word' id='word_1_897' title='bbox 2418 4996 2501 5044; x_wconf 90' lang='lat' dir='ltr'><strong>est</strong></span> <span class='ocrx_word' id='word_1_898' title='bbox 2524 4985 2871 5043; x_wconf 90' lang='lat' dir='ltr'><strong>intimandam</strong></span> <span class='ocrx_word' id='word_1_899' title='bbox 2896 5024 2912 5051; x_wconf 90' lang='lat'><strong>,</strong></span> <span class='ocrx_word' id='word_1_900' title='bbox 2940 4991 2996 5039; x_wconf 90' lang='lat' dir='ltr'><strong>et</strong></span> <span class='ocrx_word' id='word_1_901' title='bbox 3020 4991 3142 5054; x_wconf 89' lang='lat' dir='ltr'><strong>post</strong></span> <span class='ocrx_word' id='word_1_902' title='bbox 3166 4981 3283 5051; x_wconf 83' lang='lat' dir='ltr'><strong>ejus</strong></span> <span class='ocrx_word' id='word_1_903' title='bbox 3322 4979 3658 5037; x_wconf 88' lang='lat' dir='ltr'><strong>Sacramenti</strong></span> <span class='ocrx_word' id='word_1_904' title='bbox 3686 4990 3797 5048; x_wconf 83' lang='lat' dir='ltr'><strong>per-</strong></span> 
     </span>
    </p>
   </div>
   <div class='ocr_carea' id='block_1_111' title="bbox 2231 5070 3797 5156">
    <p class='ocr_par' dir='ltr' id='par_1_111' title="bbox 2231 5070 3797 5156">
     <span class='ocr_line' id='line_1_111' title="bbox 2231 5070 3797 5156; baseline -0.01 -15"><span class='ocrx_word' id='word_1_905' title='bbox 2231 5084 2530 5156; x_wconf 90' lang='lat' dir='ltr'><strong>ceptionem</strong></span> <span class='ocrx_word' id='word_1_906' title='bbox 2559 5082 2626 5138; x_wconf 91' lang='lat' dir='ltr'><strong>de</strong></span> <span class='ocrx_word' id='word_1_907' title='bbox 2647 5079 2887 5137; x_wconf 89' lang='lat' dir='ltr'><strong>moribus</strong></span> <span class='ocrx_word' id='word_1_908' title='bbox 2902 5078 3025 5133; x_wconf 69' lang='lat' dir='ltr'><strong>vitte</strong></span> <span class='ocrx_word' id='word_1_909' title='bbox 3045 5083 3298 5147; x_wconf 88' lang='lat' dir='ltr'><strong>tanquam</strong></span> <span class='ocrx_word' id='word_1_910' title='bbox 3324 5073 3392 5129; x_wconf 88' lang='lat' dir='ltr'><strong>de</strong></span> <span class='ocrx_word' id='word_1_911' title='bbox 3416 5070 3654 5129; x_wconf 88' lang='lat' dir='ltr'><strong>secundo</strong></span> <span class='ocrx_word' id='word_1_912' title='bbox 3681 5083 3797 5141; x_wconf 72' lang='lat' dir='ltr'><strong>pra:-</strong></span> 
     </span>
    </p>
   </div>
   <div class='ocr_carea' id='block_1_112' title="bbox 2230 5161 3800 5247">
    <p class='ocr_par' dir='ltr' id='par_1_112' title="bbox 2230 5161 3800 5247">
     <span class='ocr_line' id='line_1_112' title="bbox 2230 5161 3800 5247; baseline -0.011 -14"><span class='ocrx_word' id='word_1_913' title='bbox 2230 5184 2388 5247; x_wconf 91' lang='lat' dir='ltr'><strong>cepto</strong></span> <span class='ocrx_word' id='word_1_914' title='bbox 2409 5191 2502 5231; x_wconf 89' lang='lat' dir='ltr'><strong>eos</strong></span> <span class='ocrx_word' id='word_1_915' title='bbox 2526 5172 2665 5245; x_wconf 92' lang='lat' dir='ltr'><strong>quod</strong></span> <span class='ocrx_word' id='word_1_916' title='bbox 2701 5172 2769 5227; x_wconf 90' lang='lat' dir='ltr'><strong>ad</strong></span> <span class='ocrx_word' id='word_1_917' title='bbox 2799 5169 3138 5226; x_wconf 89' lang='lat' dir='ltr'><strong>dilectionem</strong></span> <span class='ocrx_word' id='word_1_918' title='bbox 3185 5166 3416 5239; x_wconf 86' lang='lat' dir='ltr'><strong>proximi</strong></span> <span class='ocrx_word' id='word_1_919' title='bbox 3462 5164 3694 5235; x_wconf 87' lang='lat' dir='ltr'><strong>pertinet</strong></span> <span class='ocrx_word' id='word_1_920' title='bbox 3728 5161 3800 5216; x_wconf 78' lang='lat' dir='ltr'><strong>in-</strong></span> 
     </span>
    </p>
   </div>
   <div class='ocr_carea' id='block_1_113' title="bbox 2235 5261 3804 5336">
    <p class='ocr_par' dir='ltr' id='par_1_113' title="bbox 2235 5261 3804 5336">
     <span class='ocr_line' id='line_1_113' title="bbox 2235 5261 3804 5336; baseline -0.01 -11"><span class='ocrx_word' id='word_1_921' title='bbox 2235 5268 2536 5326; x_wconf 90' lang='lat' dir='ltr'><strong>struendos.</strong></span> <span class='ocrx_word' id='word_1_922' title='bbox 2564 5267 2860 5336; x_wconf 86' lang='lat' dir='ltr'><strong>Utrumque</strong></span> <span class='ocrx_word' id='word_1_923' title='bbox 2886 5263 3030 5320; x_wconf 90' lang='lat' dir='ltr'><strong>enim</strong></span> <span class='ocrx_word' id='word_1_924' title='bbox 3057 5261 3143 5317; x_wconf 83' lang='lat' dir='ltr'><strong>lex</strong></span> <span class='ocrx_word' id='word_1_925' title='bbox 3169 5261 3440 5328; x_wconf 91' lang='lat' dir='ltr'><strong>continet,</strong></span> <span class='ocrx_word' id='word_1_926' title='bbox 3486 5272 3647 5329; x_wconf 85' lang='lat' dir='ltr'><strong>quam</strong></span> <span class='ocrx_word' id='word_1_927' title='bbox 3697 5262 3804 5327; x_wconf 82' lang='lat' dir='ltr'><strong>post</strong></span> 
     </span>
    </p>
   </div>
   <div class='ocr_carea' id='block_1_114' title="bbox 2234 5351 3802 5429">
    <p class='ocr_par' dir='ltr' id='par_1_114' title="bbox 2234 5351 3802 5429">
     <span class='ocr_line' id='line_1_114' title="bbox 2234 5351 3802 5429; baseline -0.012 -9"><span class='ocrx_word' id='word_1_928' title='bbox 2234 5378 2382 5421; x_wconf 88' lang='lat' dir='ltr'><strong>mare</strong></span> <span class='ocrx_word' id='word_1_929' title='bbox 2412 5362 2648 5417; x_wconf 90' lang='lat' dir='ltr'><strong>Rubrum</strong></span> <span class='ocrx_word' id='word_1_930' title='bbox 2675 5368 2926 5429; x_wconf 87' lang='lat' dir='ltr'><strong>tanquam</strong></span> <span class='ocrx_word' id='word_1_931' title='bbox 2954 5365 3078 5427; x_wconf 89' lang='lat' dir='ltr'><strong>post</strong></span> <span class='ocrx_word' id='word_1_932' title='bbox 3094 5355 3423 5425; x_wconf 87' lang='lat' dir='ltr'><strong>Baptismum</strong></span> <span class='ocrx_word' id='word_1_933' title='bbox 3457 5351 3687 5423; x_wconf 88' lang='lat' dir='ltr'><strong>populus</strong></span> <span class='ocrx_word' id='word_1_934' title='bbox 3722 5360 3802 5402; x_wconf 86' lang='lat' dir='ltr'><strong>ac-</strong></span> 
     </span>
    </p>
   </div>
   <div class='ocr_carea' id='block_1_115' title="bbox 2231 5445 3806 5526">
    <p class='ocr_par' dir='ltr' id='par_1_115' title="bbox 2231 5445 3806 5526">
     <span class='ocr_line' id='line_1_115' title="bbox 2231 5445 3806 5526; baseline -0.013 -14"><span class='ocrx_word' id='word_1_935' title='bbox 2231 5455 2408 5526; x_wconf 88' lang='lat' dir='ltr'><strong>cepit;</strong></span> <span class='ocrx_word' id='word_1_936' title='bbox 2433 5468 2532 5509; x_wconf 91' lang='lat' dir='ltr'><strong>nec</strong></span> <span class='ocrx_word' id='word_1_937' title='bbox 2573 5453 2644 5507; x_wconf 91' lang='lat' dir='ltr'><strong>ita</strong></span> <span class='ocrx_word' id='word_1_938' title='bbox 2691 5451 2825 5507; x_wconf 85' lang='lat' dir='ltr'><strong>facta</strong></span> <span class='ocrx_word' id='word_1_939' title='bbox 2855 5456 2939 5505; x_wconf 91' lang='lat' dir='ltr'><strong>est</strong></span> <span class='ocrx_word' id='word_1_940' title='bbox 2982 5446 3287 5503; x_wconf 89' lang='lat' dir='ltr'><strong>distributio</strong></span> <span class='ocrx_word' id='word_1_941' title='bbox 3312 5450 3729 5515; x_wconf 61' lang='lat' dir='ltr'><strong>praeceptorum,</strong></span> <span class='ocrx_word' id='word_1_942' title='bbox 3755 5445 3806 5493; x_wconf 89' lang='lat' dir='ltr'><strong>ut</strong></span> 
     </span>
    </p>
   </div>
   <div class='ocr_carea' id='block_1_116' title="bbox 2231 5530 3804 5604">
    <p class='ocr_par' dir='ltr' id='par_1_116' title="bbox 2231 5530 3804 5604">
     <span class='ocr_line' id='line_1_116' title="bbox 2231 5530 3804 5604; baseline -0.013 0"><span class='ocrx_word' id='word_1_943' title='bbox 2231 5557 2355 5604; x_wconf 91' lang='lat' dir='ltr'><strong>ante</strong></span> <span class='ocrx_word' id='word_1_944' title='bbox 2395 5545 2539 5602; x_wconf 91' lang='lat' dir='ltr'><strong>illius</strong></span> <span class='ocrx_word' id='word_1_945' title='bbox 2591 5544 2752 5600; x_wconf 91' lang='lat' dir='ltr'><strong>maris</strong></span> <span class='ocrx_word' id='word_1_946' title='bbox 2791 5542 3074 5599; x_wconf 91' lang='lat' dir='ltr'><strong>transitum</strong></span> <span class='ocrx_word' id='word_1_947' title='bbox 3120 5539 3189 5595; x_wconf 89' lang='lat' dir='ltr'><strong>de</strong></span> <span class='ocrx_word' id='word_1_948' title='bbox 3235 5536 3470 5593; x_wconf 84' lang='lat' dir='ltr'><strong>cavenda</strong></span> <span class='ocrx_word' id='word_1_949' title='bbox 3516 5530 3804 5590; x_wconf 84' lang='lat' dir='ltr'><strong>idololatria</strong></span> 
     </span>
    </p>
   </div>
   <div class='ocr_carea' id='block_1_117' title="bbox 2236 5625 3809 5715">
    <p class='ocr_par' dir='ltr' id='par_1_117' title="bbox 2236 5625 3809 5715">
     <span class='ocr_line' id='line_1_117' title="bbox 2236 5625 3809 5715; baseline -0.014 -16"><span class='ocrx_word' id='word_1_950' title='bbox 2236 5642 2385 5715; x_wconf 88' lang='lat' dir='ltr'><strong>plebs</strong></span> <span class='ocrx_word' id='word_1_951' title='bbox 2403 5640 2706 5706; x_wconf 87' lang='lat' dir='ltr'><strong>doceretur,</strong></span> <span class='ocrx_word' id='word_1_952' title='bbox 2729 5646 2785 5693; x_wconf 89' lang='lat' dir='ltr'><strong>et</strong></span> <span class='ocrx_word' id='word_1_953' title='bbox 2812 5645 3160 5709; x_wconf 86' lang='lat' dir='ltr'><strong>posteaquam</strong></span> <span class='ocrx_word' id='word_1_954' title='bbox 3186 5632 3544 5705; x_wconf 81' lang='lat' dir='ltr'><strong>transierunt,</strong></span> <span class='ocrx_word' id='word_1_955' title='bbox 3573 5625 3809 5683; x_wconf 85' lang='lat' dir='ltr'><strong>audirent</strong></span> 
     </span>
    </p>
   </div>
   <div class='ocr_carea' id='block_1_118' title="bbox 2235 5718 3807 5801">
    <p class='ocr_par' dir='ltr' id='par_1_118' title="bbox 2235 5718 3807 5801">
     <span class='ocr_line' id='line_1_118' title="bbox 2235 5718 3807 5801; baseline -0.01 -13"><span class='ocrx_word' id='word_1_956' title='bbox 2235 5732 2602 5789; x_wconf 88' lang='lat' dir='ltr'><strong>honorandum</strong></span> <span class='ocrx_word' id='word_1_957' title='bbox 2656 5740 2860 5801; x_wconf 88' lang='lat' dir='ltr'><strong>patrem</strong></span> <span class='ocrx_word' id='word_1_958' title='bbox 2888 5742 2943 5786; x_wconf 89' lang='lat' dir='ltr'><strong>et</strong></span> <span class='ocrx_word' id='word_1_959' title='bbox 2967 5737 3224 5794; x_wconf 90' lang='lat' dir='ltr'><strong>matrem,</strong></span> <span class='ocrx_word' id='word_1_960' title='bbox 3257 5741 3364 5783; x_wconf 91' lang='lat' dir='ltr'><strong>non</strong></span> <span class='ocrx_word' id='word_1_961' title='bbox 3392 5718 3765 5781; x_wconf 68' lang='lat' dir='ltr'><strong>mmcbandum</strong></span> <span class='ocrx_word' id='word_1_962' title='bbox 3792 5754 3807 5783; x_wconf 91' lang='lat'><strong>,</strong></span> 
     </span>
    </p>
   </div>
   <div class='ocr_carea' id='block_1_119' title="bbox 2236 5804 3806 5890">
    <p class='ocr_par' dir='ltr' id='par_1_119' title="bbox 2236 5804 3806 5890">
     <span class='ocr_line' id='line_1_119' title="bbox 2236 5804 3806 5890; baseline -0.013 -8"><span class='ocrx_word' id='word_1_963' title='bbox 2236 5842 2340 5882; x_wconf 88' lang='lat' dir='ltr'><strong>non</strong></span> <span class='ocrx_word' id='word_1_964' title='bbox 2371 5822 2750 5888; x_wconf 84' lang='lat' dir='ltr'><strong>occidendum,</strong></span> <span class='ocrx_word' id='word_1_965' title='bbox 2794 5833 2849 5877; x_wconf 91' lang='lat' dir='ltr'><strong>et</strong></span> <span class='ocrx_word' id='word_1_966' title='bbox 2885 5831 3079 5883; x_wconf 70' lang='lat' dir='ltr'><strong>caetera</strong></span> <span class='ocrx_word' id='word_1_967' title='bbox 3126 5822 3280 5879; x_wconf 73' lang='lat' dir='ltr'><strong>bona:</strong></span> <span class='ocrx_word' id='word_1_968' title='bbox 3308 5827 3467 5890; x_wconf 87' lang='lat' dir='ltr'><strong>atque</strong></span> <span class='ocrx_word' id='word_1_969' title='bbox 3513 5804 3806 5873; x_wconf 79' lang='lat' dir='ltr'><strong>innocentis</strong></span> 
     </span>
    </p>
   </div>
   <div class='ocr_carea' id='block_1_120' title="bbox 2236 5916 2954 5981">
    <p class='ocr_par' dir='ltr' id='par_1_120' title="bbox 2236 5916 2954 5981">
     <span class='ocr_line' id='line_1_120' title="bbox 2236 5916 2954 5981; baseline -0.011 -2"><span class='ocrx_word' id='word_1_970' title='bbox 2236 5917 2661 5979; x_wconf 83' lang='lat' dir='ltr'><strong>conversationis</strong></span> <span class='ocrx_word' id='word_1_971' title='bbox 2686 5916 2954 5981; x_wconf 66' lang='lat' dir='ltr'><strong>humanm.</strong></span> 
     </span>
    </p>
   </div>
  </div>
