3926 6386
120 314 240 369 777

116 429 457 498 recepturi?
495 428 551 484 In
580 430 839 485 sententia
869 430 1063 500 quippe
1103 428 1331 493 Domini,
1382 426 1467 480 ubi
1508 425 1602 491 ait,
1628 422 1728 479 Ca-

118 516 297 585 pillus
338 520 525 588 capitis
551 521 698 573 vestri
725 537 823 574 non
854 520 1028 589 peribit
1059 520 1208 592 (Luc.
1240 534 1353 581 ut,
1385 517 1497 588 i8),
1527 516 1725 571 dictum

114 614 211 660 est
256 623 382 664 non
408 608 710 663 defuturum
742 624 860 664 esse
898 611 1038 679 quod
1077 610 1192 673 fuit,
1222 623 1328 662 non
1356 618 1532 662 autem
1561 619 1724 675 nega-

116 708 241 751 tum
283 709 382 755 est
421 700 721 756 adfuturum
761 716 881 757 esse
926 700 1065 771 quod
1106 701 1291 755 defuit.
1337 699 1510 755 Defuit
1546 710 1725 755 autem

115 786 335 843 infanti
364 801 577 846 mortuo
602 792 834 861 perfecta
853 792 1114 860 quantitas
1135 792 1215 845 soi
1240 792 1479 860 corporis
1507 808 1520 844 :
1550 789 1726 860 perfe-

110 886 212 931 cto
238 879 454 949 quippe
483 880 668 935 infanti
695 880 842 935 deest
868 880 1043 949 utique
1068 880 1320 950 perfectio
1350 879 1722 949 magnitudinis

113 971 477 1039 corporalis;
504 987 623 1041 qua:
661 987 781 1025 cum
810 972 1113 1037 accesserit,
1138 971 1247 1039 jam
1288 980 1487 1025 statura
1516 970 1722 1039 longior

110 1071 248 1113 esse
278 1073 400 1114 non
430 1060 616 1129 possit.
642 1060 790 1114 Hunc
818 1059 1156 1129 perfectionis
1185 1058 1397 1135 modum
1424 1059 1498 1113 sic
1526 1057 1723 1112 habent

114 1162 350 1218 omnes,
399 1160 459 1205 ut
502 1167 621 1205 cum
672 1151 762 1205 illo
811 1151 1174 1221 concipiantur
1205 1158 1363 1219 atque
1404 1156 1718 1214 nascantur;

119 1238 215 1292 sed
263 1238 477 1295 habent
516 1241 568 1294 in
605 1242 830 1305 ratione,
862 1254 968 1294 non
1010 1240 1061 1293 in
1100 1239 1241 1293 mole
1267 1254 1283 1292 :
1312 1240 1446 1293 sicut
1476 1239 1587 1307 ipsa
1608 1237 1718 1307 jam

110 1327 382 1383 membra
418 1330 595 1383 omnia
637 1339 763 1384 sunt
789 1330 1015 1383 latenter
1044 1331 1097 1382 in
1142 1328 1365 1393 semine,
1396 1342 1517 1381 cum
1555 1327 1718 1381 etiam

109 1418 264 1472 natis
297 1420 565 1475 nonnulia
591 1420 763 1476 adhuc
787 1420 983 1484 desint,
1025 1420 1161 1474 sicut
1200 1419 1408 1484 dentes,
1434 1433 1496 1473 ac
1520 1420 1564 1473 si
1592 1416 1718 1488 quid

108 1508 430 1576 ejusmodi.
479 1509 535 1563 ln
561 1526 662 1579 qua
690 1496 898 1565 ratione
936 1508 1344 1578 uniuscujusque
1369 1508 1603 1563 materia:
1632 1508 1716 1563 in—

106 1598 227 1653 dita
247 1601 554 1668 corporali,
581 1601 689 1669 jam
720 1598 1131 1669 quodammodo,
1168 1608 1222 1652 ut
1250 1598 1319 1652 ita
1344 1597 1541 1662 dicam,
1567 1596 1716 1651 licia-

108 1690 268 1744 tum‘
308 1704 442 1746 esse
476 1691 687 1745 videtur
711 1689 808 1762 (a),
852 1689 992 1761 quod
1022 1688 1255 1744 nondum
1295 1696 1396 1755 est,
1438 1688 1544 1742 imo
1573 1686 1714 1756 quod

107 1780 269 1846 latet,
308 1781 417 1836 sed
440 1795 656 1836 accessu
683 1781 940 1850 temporis
965 1780 1085 1844 erit,
1116 1779 1199 1834 vel
1219 1778 1392 1848 potius
1417 1775 1708 1848 apparebit.

107 1872 170 1926 In
215 1872 326 1927 hac
372 1886 507 1942 ergo
550 1873 724 1927 infans
746 1871 856 1941 jam
898 1871 1078 1926 brevis
1115 1878 1208 1925 aut
1244 1870 1432 1939 longus
1473 1877 1576 1932 est,
1621 1867 1710 1937 qui

104 1961 298 2016 brevis
328 1961 596 2031 longusve
637 1960 842 2015 futurus
888 1967 990 2016 est.
1035 1958 1337 2015 Secundum
1366 1960 1503 2012 hanc
1544 1956 1710 2011 ratio-

105 2069 236 2106 nem
282 2054 537 2122 profecto
581 2052 634 2106 in
678 2052 1065 2107 resurrectione
1114 2049 1353 2120 corporis
1395 2049 1709 2104 detrimenta

102 2142 368 2212 corporis
420 2157 527 2198 non
572 2143 817 2197 timemus
852 2158 865 2195 :
898 2141 1039 2212 quia,
1079 2140 1179 2195 etsi
1220 2139 1491 2210 aequalitas
1534 2137 1708 2193 futura

92 2243 261 2288 ’esset
288 2234 562 2300 omnium,
599 2234 669 2287 ita
698 2242 755 2288 ut
790 2247 975 2287 omnes
999 2246 1165 2301 usque
1194 2230 1259 2285 ad
1285 2231 1554 2301 gigantcas
1592 2244 1706 2284 ma-

102 2325 439 2393 gnitudines
479 2325 833 2396 pervenirent,
869 2339 934 2380 ne
969 2324 1045 2378 illi
1068 2324 1194 2393 qui’
1234 2322 1448 2378 maximi
1474 2321 1703 2387 fuerunt,

104 2416 291 2469 minus
319 2415 592 2471 haberent
634 2414 831 2486 aliquid
873 2416 925 2469 in
968 2422 1189 2477 statura,
1222 2411 1363 2483 quod
1404 2412 1482 2467 eis
1520 2419 1705 2466 contra

102 2507 451 2562 sententiam
488 2506 684 2562 Christi
727 2506 942 2575 periret,
997 2504 1086 2575 qui
1123 2504 1273 2570 dixit,
1311 2518 1423 2560 nec
1458 2503 1705 2573 capillum

102 2599 303 2667 capitis
352 2613 489 2653 esse
509 2600 837 2668 periturum;
882 2594 1121 2651 Creatori
1161 2597 1341 2666 utique
1367 2595 1455 2664 qui
1501 2595 1706 2651 creavit

104 2698 303 2743 cuncta
331 2688 410 2742 de
438 2688 626 2755 nihilo,
654 2686 920 2758 quomodo
960 2685 1115 2741 desse
1141 2694 1335 2755 posset,
1366 2683 1507 2739 unde
1543 2684 1707 2740 adde-

107 2787 196 2832 ret
221 2777 374 2846 quod
406 2776 709 2833 addendum
734 2792 854 2833 esse
879 2778 1046 2831 mirus
1065 2776 1252 2830 artifex
1281 2775 1501 2830 nosset?

108 2870 347 2925 CAPUT
389 2868 508 2924 XV.
556 2898 629 2909 --
667 2868 747 2922 An
795 2870 862 2921 ad
923 2867 1175 2921 Dominici
1224 2871 1448 2937 corporis
1498 2866 1704 2922 modum

217 2960 459 3013 onmium
490 2969 799 3013 mortuorum
838 2967 1178 3011 resurrectura
1215 2957 1315 3009 sint
1358 2973 1591 3026 corpora.

180 3040 296 3098 Sed
348 3044 536 3111 utique
573 3041 815 3096 Christus
862 3042 915 3095 in
957 3054 1018 3095 ea
1058 3054 1305 3093 mensura
1343 3040 1599 3109 corporis,
1649 3040 1701 3094 in

111 3149 217 3203 qua
248 3142 337 3189 est
372 3140 635 3198 mortuus,
663 3131 943 3196 reurrexit,
975 3144 1073 3186 nec
1100 3127 1183 3184 fas
1202 3128 1224 3160 ³
1251 3136 1333 3183 est
1353 3128 1552 3193 dicere,
1578 3144 1700 3184 cum

112 3206 535 3279 resurrectionis
572 3223 805 3277 omnium
847 3231 1055 3290 tempus
1096 3219 1320 3284 venerit,
1369 3233 1700 3273 accessuram

112 3316 338 3385 corpori
386 3314 502 3384 ejus
529 3328 646 3368 eam
691 3311 1125 3383 magnitudinem,
1154 3325 1310 3380 quam
1352 3324 1459 3364 non
1498 3309 1699 3376 habuit,

114 3402 338 3472 quando
361 3402 417 3457 in
441 3417 504 3458 ea
536 3402 830 3472 discipulis,
862 3402 913 3455 in
938 3416 1043 3472 qua
1069 3400 1172 3455 illis
1194 3408 1308 3455 erat
1337 3408 1513 3465 notus,
1536 3414 1700 3467 appa-

111 3495 246 3561 ruit,
293 3503 355 3549 ut
396 3494 717 3565 longissimis
767 3492 882 3548 fieri
928 3493 1095 3563 possit
1135 3491 1373 3561 aequalis.
1422 3490 1480 3547 Si
1524 3500 1702 3546 autem

109 3588 419 3642 dixerimus
462 3587 529 3642 ad
574 3587 831 3642 Dominici
876 3586 1117 3655 corporis
1142 3583 1357 3640 modum
1386 3586 1543 3641 etiam
1571 3599 1705 3654 quo-

110 3693 350 3750 rumque
379 3678 582 3750 majora
607 3693 831 3749 corpora
859 3676 1166 3751 redigenda,
1198 3677 1390 3747 peribit
1415 3677 1483 3731 de
1508 3675 1703 3730 multo-

110 3785 233 3825 rum
281 3771 603 3839 corporibus
644 3771 948 3840 plurimum,
997 3785 1117 3825 cum
1158 3768 1273 3839 ipse
1311 3782 1413 3824 nec
1454 3766 1702 3837 capillum

107 3860 422 3928 periturum
448 3873 573 3913 esse
596 3860 918 3927 promiserit.
950 3860 1134 3915 Restat
1166 3873 1316 3927 ergo,
1346 3866 1403 3912 ut
1429 3873 1577 3912 suam
1612 3874 1702 3913 re-

106 3949 280 4018 cipiat
314 3946 550 4017 quieque
574 3962 897 4014 mensuram,
923 3964 1083 4019 quam
1109 3949 1191 4003 vel
1219 3948 1399 4002 habuit
1424 3948 1475 4002 in
1510 3948 1701 4017 juven-

106 4046 248 4105 tute,
276 4036 497 4092 etiamsi
522 4052 683 4092 senex
708 4046 790 4093 est
813 4049 1050 4093 mortuus
1068 4053 1084 4103 ;
1104 4038 1189 4093 vel
1218 4038 1388 4091 fuerat
1406 4036 1699 4105 habiturus,

112 4130 159 4183 si
189 4139 277 4184 est
298 4136 436 4183 ante
459 4127 756 4184 defunctus.
785 4130 957 4197 Atque
993 4127 1119 4181 illud
1149 4127 1287 4197 quod
1314 4140 1701 4181 commemora-

113 4219 190 4273 vit
222 4218 523 4288 Apostolus
546 4217 614 4272 de
654 4232 901 4272 mensura
936 4217 1105 4271 (etatis
1130 4214 1474 4287 plenitudinis
1503 4214 1703 4269 Christi

114 4308 338 4382 (Eplies.
371 4324 450 4375 tv,
487 4310 601 4379 i5),
646 4318 737 4364 aut
775 4318 992 4379 propter
1038 4307 1180 4362 aliud
1224 4308 1574 4377 intelligamus
1617 4305 1702 4359 di-

118 4410 264 4455 ctum
294 4414 445 4465 esse,
474 4399 527 4455 id
552 4409 653 4465 est,
682 4410 738 4454 ut
776 4401 852 4454 illi
880 4400 1034 4469 capiti
1076 4400 1128 4453 in
1155 4398 1360 4468 populis
1384 4398 1701 4453 Christianis

122 4491 420 4546 accedente
471 4492 706 4546 omnium
757 4490 1081 4560 perfectione
1125 4488 1480 4544 membrorum
1529 4490 1702 4543 (etatis

123 4580 237 4649 ejus
278 4594 534 4636 mensura
584 4581 945 4650 compleatur;
984 4589 1093 4646 aut,
1132 4579 1177 4634 si
1217 4578 1318 4633 hoc
1358 4578 1425 4634 de
1468 4594 1704 4633 resurre-

123 4672 301 4725 ctione
329 4684 615 4739 corporum
644 4669 841 4725 dictum
869 4678 973 4737 est,
1018 4670 1096 4724 sic
1135 4668 1454 4737 accipiamus
1477 4668 1697 4735 dictum,

128 4767 185 4811 ut
213 4774 313 4815 nec
347 4760 511 4827 ultra,
538 4775 637 4815 nec
666 4759 1110 4830 infrajuvenilem
1128 4758 1150 4791 ⁸
1174 4760 1398 4815 formam
1425 4771 1703 4831 resurgant

126 4862 354 4918 corpora
391 4858 759 4915 mortuorum;
788 4850 880 4905 sed
924 4850 975 4904 in
1015 4850 1132 4919 ejus
1168 4850 1358 4905 astate“
1397 4858 1452 4906 et
1488 4850 1700 4916 robore,

128 4952 296 5008 usque
318 4940 387 4994 ad
412 4956 571 5009 quam
592 4940 860 4995 Christum
890 4941 973 4993 hic.
1001 4940 1308 5009 pervenisse
1335 4940 1698 5010 cognovimus.

129 5028 279 5083 Circa
322 5030 539 5100 triginta
580 5030 775 5099 quippe
817 5042 984 5083 annos
1021 5028 1342 5084 definierunt
1386 5044 1504 5085 esse
1543 5030 1702 5086 etiam

190 5178 207 5208 ι
244 5179 380 5229 vind.
406 5189 507 5230 Am.
531 5187 583 5229 et
603 5185 697 5238 Ern,
720 5180 953 5230 innatant.

190 5239 212 5269 ⁸
244 5246 374 5301 Lov.,
401 5254 462 5290 ne
484 5240 557 5291 illi
572 5241 767 5305 quidem
783 5240 887 5306 qui.
925 5242 1091 5302 Abest,
1114 5240 1326 5305 quidem,
1343 5240 1405 5289 ab
1433 5240 1577 5290 editis
1597 5240 1704 5292 aliis

132 5304 559 5364 ct_manusa'iptis.
1386 5361 1395 5364 ,
1545 5360 1555 5364 -

616 5368 711 5424 El."
735 5364 887 5427 nefas,
910 5364 1206 5426 Castigantut'
1232 5375 1294 5415 ex
1339 5361 1483 5411 editis
1513 5360 1622 5413 aliis
1646 5370 1698 5414 et

132 5426 481 5486 minuscriptis.
798 5426 801 5427 ⁷

191 5488 215 5511 δ
246 5492 450 5535 veteres
473 5485 598 5543 libri,
636 5482 938 5545 jnvenafem;
963 5491 1016 5534 et
1038 5483 1177 5546 infra,
1217 5496 1321 5547 cap.
1349 5482 1426 5544 16,
1440 5482 1656 5544 juvenali
1684 5496 1703 5534 :

134 5555 277 5595 atque
295 5549 359 5595 ita
376 5554 668 5595 constanter.

240 5610 311 5657 sic
325 5615 432 5657 uss.
454 5615 509 5656 At
532 5608 667 5665 editi,
691 5607 775 5655 sed
800 5604 851 5655 in
874 5619 930 5655 ea
946 5611 1103 5655 wtate.

198 5671 268 5731 (a)
321 5672 519 5731 Dictum,
549 5664 859 5731 translatione
883 5670 1187 5731 texentium;
1227 5668 1360 5729 quasi
1395 5669 1491 5729 jam
1510 5664 1589 5714 illa
1609 5678 1702 5717 ceu

138 5728 232 5779 tela
251 5728 386 5781 texta
410 5736 487 5777 est
510 5730 557 5776 in
581 5741 747 5790 puero,
766 5728 855 5777 sed
876 5740 970 5776 non
994 5728 1257 5789 explicata;
1318 5728 1425 5779 Lup.
1454 5735 1604 5779 Vives.

370 5813 595 5875 SANCT.
643 5813 919 5873 Auovsr.
966 5809 1101 5871 Vll.

1277 311 1476 368 LIBER
1519 304 1871 363 VICESIHUS
1911 311 2277 369 SECUNDUS.

3294 327 3396 384 778

1836 424 2014 479 smculi
2064 423 2217 493 hujus
2262 424 2549 481 doctissimi
2603 428 2842 485 homines
2885 431 3397 508 juventutcm:qu:n

1832 530 1954 569 cum
1989 515 2148 570 fuerit
2175 518 2345 585 spatio
2372 520 2586 588 proprio
2612 522 2909 587 terminata,
2950 524 3070 579 inde
3085 526 3193 593 jam
3224 527 3395 583 homi-

1829 618 1953 658 nem
1982 605 2036 657 in
2061 604 2374 659 detrimenta
2411 622 2629 676 vergere
2657 611 2924 679 gravioris
2952 626 3015 666 ac
3051 614 3234 669 senilis
3262 626 3394 669 tnta-

1829 694 1915 749 tis.
1943 694 2010 749 Et
2038 695 2157 749 ideo
2186 712 2290 750 non
2319 711 2436 751 esse
2464 698 2681 763 dictum,
2707 699 2763 754 ln
2792 715 3093 757 mensuram
3116 706 3390 774 corporis;

1826 784 1931 850 vel,
1959 784 2014 839 ln
2052 801 2355 842 mensuram
2397 798 2611 845 statura:
2637 807 2650 843 :
2675 791 2789 859 sed,
2830 793 2883 845 in
2917 809 3202 848 mensuram
3228 799 3391 852 a-tatis

1823 874 2145 946 plenitudinis
2167 876 2370 933 Christi.

1823 964 2045 1022 CAPUT
2075 966 2213 1022 XVI.
2232 968 2487 1033 —Qualis
2511 970 2833 1042 intelligenda
2857 974 2923 1026 sit
2952 984 3239 1029 sanctorum
3263 993 3387 1033 con-

2136 1058 2375 1125 formatio
2415 1060 2481 1111 ad
2506 1060 2773 1131 imaginem
2801 1061 2928 1117 Filii
2955 1063 3069 1119 Dei.

1891 1145 2023 1200 illud
2051 1148 2207 1201 etiam
2235 1150 2373 1217 quod
2401 1150 2475 1204 ait
2498 1192 2512 1214 ,
2541 1155 2923 1221 prwdestinatos
2950 1156 3230 1224 conformes
3254 1158 3387 1213 ima-

1818 1236 1950 1305 ginis
1980 1235 2104 1290 Filii
2156 1237 2249 1291 Dei
2277 1237 2445 1307 (Rom.
2492 1256 2608 1302 vni.
2648 1241 2738 1312 29)
2764 1284 2778 1308 ,
2803 1253 2977 1311 potest
3006 1254 3061 1299 et
3089 1247 3383 1302 secundum

1819 1322 2126 1378 interiorem
2176 1326 2443 1381 hominem
2468 1329 2712 1399 intelligi.
2750 1330 2900 1387 Unde
2939 1335 3091 1388 nobis
3118 1336 3223 1391 alio
3266 1337 3384 1391 loco

1816 1413 1964 1480 dicit,
1985 1414 2153 1469 Nolite
2171 1419 2477 1487 conformari
2498 1419 2615 1471 huic
2638 1420 2844 1488 sascufo,
2866 1424 2953 1476 sed
2975 1425 3316 1491 reformamini
3331 1428 3383 1482 in

1815 1503 2033 1585 novitate
2070 1506 2247 1559 mentis
2288 1516 2462 1560 vestrae
2513 1509 2532 1579 (
2559 1507 2695 1562 Ibid.
2718 1525 2791 1563 xu
2817 1552 2834 1577 ,
2865 1510 2900 1564 2
2924 1513 2965 1583 ).
3007 1512 3105 1569 Ubi
3142 1530 3269 1584 ergo
3294 1531 3379 1571 re-

1814 1590 2141 1659 formamur,
2174 1609 2241 1649 ne
2288 1595 2677 1651 conformemur
2717 1598 2843 1654 huic
2892 1602 3088 1656 szeculo
3116 1644 3130 1667 ,
3153 1604 3225 1658 ibi
3256 1620 3386 1660 con-

1812 1678 2101 1736 formamur
2128 1682 2221 1737 Dei
2268 1682 2425 1739 Filio.
2453 1684 2631 1741 Potest
2678 1694 2733 1741 et
2769 1687 2846 1742 sic
2874 1691 3062 1761 accipi,
3086 1701 3162 1759 ut,
3186 1709 3380 1763 quem-

1811 1770 2096 1827 admodum
2144 1773 2231 1828 ille
2282 1774 2436 1829 nobis
2486 1776 2846 1844 mortalitate,
2896 1778 2967 1833 ita
3032 1795 3129 1836 nos
3170 1782 3247 1837 illi
3296 1785 3380 1840 ef-

1810 1860 2050 1916 ficiamur
2114 1862 2507 1919 immortalitate
2573 1865 2877 1923 conformes
2924 1870 3112 1939 :quod
3167 1874 3379 1941 quidem

1808 1960 1863 2004 et
1880 1951 1946 2005 ad
1996 1951 2164 2021 ipsam
2210 1956 2653 2011 resurrectionem
2702 1972 2985 2029 corporum
3030 1964 3280 2032 pertinet.
3320 1966 3380 2021 Si

1807 2053 1983 2098 autem
2001 2046 2157 2101 etiam
2176 2046 2229 2100 in
2256 2046 2337 2101 his
2354 2048 2548 2115 verbis,
2568 2064 2672 2121 qua
2695 2050 2862 2107 forma
2889 2064 3245 2111 resurrectura
3272 2058 3380 2113 sint

1808 2148 2031 2203 corpora
2066 2151 2247 2191 sumus
2266 2137 2561 2203 admoniti;
2612 2141 2748 2194 sicut
2792 2142 2879 2196 illa
2919 2158 3195 2213 mensura,
3223 2148 3294 2201 ita
3323 2158 3377 2203 et

1807 2225 1904 2279 ista
1958 2226 2337 2293 conformatio,
2381 2243 2487 2283 non
2520 2232 2827 2299 quantitatis
2875 2233 3213 2304 intelligenda
3254 2245 3375 2304 est,

1805 2314 1898 2367 sed
1938 2318 2127 2369 :ctatis.
2165 2315 2464 2387 Resurgent
2487 2318 2663 2389 itaque
2692 2334 2878 2375 omnes
2911 2332 3014 2376 tam
3043 2326 3217 2394 magni
3255 2340 3378 2380 cor-

1808 2418 1957 2474 pore,
1988 2420 2145 2476 quam
2172 2406 2258 2462 vel
2286 2418 2439 2463 erant
2466 2450 2483 2477 ,
2511 2410 2593 2464 vel
2616 2409 2773 2465 futuri
2793 2421 2944 2467 erant
2970 2413 3021 2467 in
3055 2414 3273 2484 juvenili
3299 2432 3376 2470 aa-

1807 2506 1943 2562 tate,
1967 2501 2207 2569 quamvis
2234 2500 2364 2555 nihil
2388 2501 2598 2567 oberit,
2620 2503 2827 2558 etiamsi
2872 2505 2973 2559 erit
3009 2506 3264 2561 infantilis
3290 2509 3378 2563 vel

1804 2589 1984 2643 senilis
2023 2589 2261 2659 corporis
2290 2591 2455 2645 forma
2484 2632 2499 2658 ,
2546 2590 2635 2645 ubi
2676 2606 2775 2646 nec
2804 2594 2999 2648 mentis
3024 2636 3039 2661 ,
3073 2610 3170 2650 nec
3212 2597 3377 2666 ipsius

1804 2678 2042 2747 corporis
2069 2679 2173 2732 ulla
2203 2680 2498 2735 remanebit
2518 2681 2817 2736 infirmitas.
2837 2682 2986 2738 Unde
3009 2685 3169 2739 etiam
3193 2686 3239 2739 si
3260 2687 3378 2755 quis

1804 2769 1857 2823 in
1884 2785 1949 2824 eo
1974 2771 2212 2839 corporis
2233 2772 2391 2825 modo
2416 2813 2431 2837 ,
2463 2772 2513 2825 in
2553 2788 2658 2842 quo
2681 2773 2956 2829 defunctus
2986 2784 3067 2829 est
3088 2817 3103 2842 ,
3136 2791 3381 2833 resurre—

1802 2870 2009 2915 cturum
2028 2878 2453 2933 unumquemque
2473 2864 2764 2930 contendit,
2792 2882 2896 2918 non
2914 2878 2995 2921 est
3012 2872 3143 2921 'cum
3167 2869 3262 2923 illo
3292 2872 3374 2923 la-

1803 2953 2015 3007 boriosa
2040 2954 2459 3008 contradictione
2488 2954 2848 3024 pugnandum.

1802 3042 2024 3099 CAPUT
2052 3042 2215 3098 XVII.
2240 3044 2409 3098 -σ-Αη
2455 3044 2509 3097 in
2536 3060 2627 3099 suo
2666 3061 2787 3098 sexu
2833 3046 3180 3101 resuscitanda
3229 3057 3379 3119 atque

2098 3150 2337 3189 mansura
2359 3136 2459 3190 sint
2499 3151 2714 3205 corpora
2744 3136 3067 3207 feminarum.

1872 3223 2120 3279 Nonnulli
2150 3234 2365 3294 propter
2390 3223 2493 3279 hoc
2534 3226 2675 3295 quod
2701 3225 2898 3280 dictum
2943 3236 3064 3294 est,
3095 3226 3264 3284 Donec
3288 3245 3374 3283 oe-

1802 3331 2064 3369 curramus
2107 3331 2275 3369 omncs
2303 3316 2320 3346 ί
2350 3315 2404 3368 in
2434 3315 2596 3367 virum
2640 3318 2956 3386 perfectum,
2998 3316 3049 3370 in
3093 3334 3377 3373 mensuram

1801 3405 1963 3459 (etatis
1988 3404 2315 3475 planitudinis
2339 3402 2525 3459 Christi
2550 3404 2765 3475 (Ephes.
2796 3422 2869 3470 iv,
2915 3407 3005 3477 15)
3032 3424 3045 3472 ;
3077 3416 3151 3473 et,
3174 3414 3380 3479 confor-

1803 3514 1905 3551 mes
1924 3498 2158 3567 imaginis
2188 3495 2314 3549 Filii
2336 3495 2430 3549 Dei
2451 3517 2470 3560 ;
2498 3512 2595 3551 nec
2626 3499 2676 3549 in
2698 3512 2827 3551 sexu
2846 3496 3076 3552 femineo
3098 3514 3375 3555 resurrec—

1804 3595 1948 3641 turus
1972 3585 2195 3640 feminas
2216 3584 2435 3639 credunt
2464 3626 2478 3649 ,
2510 3585 2604 3638 sed
2631 3585 2681 3637 iu
2706 3584 2841 3639 virili
2880 3600 3065 3640 omnes
3091 3589 3238 3641 aiunt
3263 3587 3376 3658 (a);

1803 3676 2050 3747 quoniam
2079 3677 2214 3731 Deus
2242 3676 2415 3730 solum
2444 3676 2612 3729 virum
2643 3676 2767 3730 fecit
2810 3690 2877 3729 ex
2926 3675 3050 3729 limo
3076 3717 3090 3743 ,
3123 3675 3373 3731 feminam

1803 3781 1872 3823 ex
1900 3766 2034 3821 viro.
2052 3764 2157 3821 Sed
2184 3765 2315 3819 mihi
2344 3765 2534 3820 melius
2554 3778 2741 3834 sapere
2767 3764 3032 3832 videntur,
3060 3766 3148 3835 qui
3176 3775 3378 3819 utrum-

1803 3873 1907 3928 que
1951 3872 2136 3912 sexum
2186 3865 2611 3911 resurrecturum
2647 3868 2766 3911 esse
2814 3869 2923 3909 non
2969 3856 3232 3911 dubitant.
3263 3854 3380 3912 Non

1803 3949 1944 4003 enim
1972 3947 2135 4003 libido
2158 3946 2227 4000 ibi
2256 3948 2377 4011 erit,
2427 3962 2545 4017 qua:
2569 3946 2895 4002 confusionis
2926 3956 3214 4003 estcausa.
3240 3947 3377 4005 Nam

1805 4040 2107 4111 priusquam
2138 4046 2466 4107 peccassent,
2500 4036 2625 4090 nudi
2652 4048 2825 4104 erant,
2854 4047 2907 4092 et
2950 4053 3058 4092 non
3086 4036 3381 4095 confunde-

1806 4130 1999 4184 bantur
2027 4128 2106 4182 vir
2130 4135 2184 4182 et
2212 4126 2428 4181 femina.
2457 4126 2776 4195 Corporibus
2803 4141 2931 4197 ergo
2963 4126 3071 4181 illis
3117 4128 3246 4181 vitia
3278 4127 3377 4183 de-

1805 4218 2085 4274 trahentur
2106 4259 2122 4284 ,
2148 4226 2333 4272 natura
2366 4216 2685 4270 servabitur.
2714 4215 2827 4269 Non
2858 4226 2940 4270 est
2968 4226 3145 4271 autem
3189 4218 3377 4273 vitium

1807 4324 1971 4365 sexus
1998 4309 2258 4363 femineus
2287 4325 2301 4361 :
2330 4307 2425 4361 sed
2448 4315 2636 4360 natura
2669 4323 2682 4359 :
2714 4321 2832 4376 quin
2860 4316 2983 4362 tunc
3008 4307 3219 4376 quidem
3249 4317 3303 4362 et
3342 4324 3375 4363 a

1806 4398 2091 4455 concubitu
2136 4408 2190 4453 et
2228 4413 2259 4453 a
2314 4406 2470 4468 partu
2520 4397 2769 4451 immunis
2824 4398 2965 4452 erit;
2994 4407 3151 4452 erunt
3198 4406 3378 4454 tamen

1808 4490 2051 4545 membra
2081 4488 2329 4554 feminea,
2363 4502 2468 4542 non
2494 4487 2889 4542 accommodata
2920 4488 3035 4542 usui
3060 4489 3252 4555 veteri,
3281 4489 3375 4545 sed

1815 4580 1994 4635 decori
2022 4594 2180 4648 novo,
2208 4593 2313 4648 quo
2368 4592 2475 4632 non
2498 4577 2760 4633 alliciatur
2786 4578 3091 4648 aspicientis
3115 4580 3375 4653 concupi-

1805 4674 2051 4739 scentia,
2120 4686 2238 4742 qua:
2307 4670 2449 4725 nulla
2498 4670 2636 4737 erit,
2691 4669 2786 4725 sed
2837 4670 2932 4725 Dei
2996 4670 3242 4733 laudetur
3290 4687 3378 4727 sa-

1807 4763 2004 4833 pientia
2039 4772 2196 4832 atque
2244 4760 2545 4827 clementia,
2572 4760 2662 4830 qui
2688 4768 2743 4815 et
2770 4759 2911 4830 quod
2938 4773 3044 4815 non
3066 4769 3180 4815 erat
3209 4750 3379 4829 fecit,
3416 4746 3423 4749 ἤ

1805 4863 1859 4909 et
1897 4852 2143 4908 liberavit
2196 4866 2229 4905 a
2295 4851 2634 4919 corruptione
2699 4850 2839 4919 quod
2884 4850 3026 4905 fecit.
3092 4850 3163 4907 Ut
3232 4852 3377 4908 enim

1807 4945 1861 4999 in
1887 4943 2106 4998 exordio
2144 4941 2355 5012 generis
2381 4939 2599 4995 humani
2624 4938 2691 4995 de
2730 4941 2895 4994 latere
2923 4940 3023 5001 yiri
3064 4940 3381 4998 dormientis

1808 5044 1956 5091 costa
1983 5034 2221 5089 detracta
2264 5031 2461 5087 femina
2486 5029 2674 5095 fieret,
2708 5029 2975 5083 Christum
3004 5040 3059 5085 et
3085 5030 3379 5092 Ecdesiam

1808 5127 1896 5181 tali
1924 5125 2061 5180 facto
2082 5126 2192 5193 jam
2218 5131 2343 5177 tunc
2368 5119 2675 5192 prophetari
2705 5120 3002 5189 oportebat.
3031 5120 3205 5191 Sopor
3223 5124 3373 5191 quip-

1809 5230 1875 5285 pe
1902 5214 2101 5270 illeviri
2129 5212 2281 5285 (Gen.
2305 5226 2341 5266 ll
2369 5249 2386 5278 ,
2415 5210 2534 5280 21),
2566 5224 2711 5265 mors
2735 5219 2852 5265 erat
2873 5209 3070 5265 Christi
3102 5211 3198 5287 (ὁ),
3225 5213 3372 5283 cujus

1807 5306 2065 5362 exanimis
2087 5305 2141 5360 in
2169 5318 2326 5359 cruce
2348 5302 2625 5373 pendentis
2666 5302 2802 5358 latus
2836 5302 3018 5358 lancea
3052 5304 3377 5373 perforatum

1873 5419 1890 5450 ι
1927 5419 2008 5468 Hic
2031 5417 2081 5465 in
2103 5414 2205 5465 sola
2228 5415 2444 5465 editione
2469 5421 2578 5464 Lor.
2608 5411 2812 5470 additur,
2831 5411 2883 5462 in
2903 5412 3130 5464 unitatem
3149 5412 3283 5470 ﬁdei.

1875 5479 1949 5540 (a)
1974 5484 2149 5543 Auctor,
2166 5485 2244 5527 est
2261 5478 2589 5543 Hieronymus,
2632 5474 2833 5543 Epistola
2857 5474 2917 5523 ad
2934 5474 3301 5543 .Pammat-hium,
3330 5477 3378 5543 in

1810 5552 1873 5589 eo
1886 5536 2065 5588 errore
2085 5537 2235 5586 fuisse
2256 5536 2532 5598 Origenem.
2568 5536 2784 5598 Armenia
2806 5536 3030 5598 eumdem
3052 5550 3272 5585 errorem
3291 5540 3378 5591 tri-

1809 5601 1913 5651 buit
1928 5600 2075 5648 Guido
2095 5594 2362 5657 Carmenta,
2382 5604 2433 5647 et
2455 5598 2683 5646 vicesimo
2705 5594 2810 5645 loco
2837 5596 2967 5646 inter
2990 5610 3159 5648 eorum
3181 5610 3379 5652 errores

1808 5669 2053 5712 recenset.
2077 5668 2323 5714 COQUEUS.

1869 5723 1940 5787 (ὁ)
1962 5722 2091 5773 conf.
2117 5720 2201 5771 lib.
2226 5720 2257 5770 2
2276 5720 2339 5772 de
2354 5726 2469 5770 Gen.
2494 5726 2623 5771 cont.
2640 5717 2837 5765 Manich.
2862 5730 2913 5767 ιι.
2930 5720 3011 5767 37.

2566 5799 3035 5880 (Yingt~cinq.j
