3960 6478
571 298 671 351 ’ῑῖ9

565 416 668 474 est,
695 416 852 477 atque
880 406 1001 461 inde
1034 404 1245 475 sanguis
1284 412 1335 458 et
1364 418 1494 472 aqua
1525 402 1769 471 profluxit
1793 399 1969 473 (Joan.
2005 416 2089 453 XIX
2114 441 2127 464 ,

567 499 657 567 54)
686 512 835 566 :quat
876 504 1203 551 sacramenta
1229 508 1347 548 esse
1376 494 1616 547 novimus
1637 531 1650 557 ,
1678 491 1868 560 quibus
1899 490 2127 544 adifica-

568 598 652 641 tur
681 586 934 644 Ecclesia.
958 585 1091 639 Nam
1120 584 1221 638 hoc
1248 583 1405 637 etiam
1427 582 1588 637 verbo
1611 582 1877 650 Scriptura
1906 596 1995 633 usa
2019 589 2128 642 est,

565 681 650 735 ubi
681 696 783 736 non
809 679 1020 750 legitur,
1043 678 1330 743 Formavit,
1354 685 1445 732 aut
1470 677 1673 742 Finxit;
1701 673 2131 743 sed,xEdiﬁcavit

567 770 674 823 eam
716 770 768 822 in
810 768 1065 824 muliaem
1098 767 1245 839 (Gen.
1292 782 1327 820 ιι
1354 808 1369 834 ,
1396 766 1491 837 22)
1526 783 1538 820 :
1588 765 1726 820 unde
1755 774 1810 820 et
1846 764 2131 834 Apostolus

564 859 965 915 mdilicationem
993 861 1121 915 dicit
1163 858 1399 927 corporis
1428 858 1621 914 Christi
1652 858 1866 929 (Ephes.
1894 872 1971 923 tv,
2005 855 2092 925 l2)
2113 898 2128 922 ,

564 951 703 1018 quod
733 962 814 1006 est
862 950 1120 1007 Ecclesia.
1165 950 1418 1005 Creatura
1451 959 1532 1004 est
1574 965 1699 1019 ergo
1758 949 1847 1002 Dei
1903 946 2126 1011 femina,

565 1042 699 1096 sicut
732 1042 812 1096 vir
846 1061 858 1096 :
889 1042 983 1098 sed
1004 1051 1061 1097 ut
1087 1041 1155 1098 de
1180 1042 1295 1097 viro
1323 1042 1493 1106 fieret,
1522 1040 1692 1094 unitas
1714 1038 2079 1094 commendata
2112 1053 2126 1102 ;

567 1142 619 1185 ut
648 1141 822 1186 autem
855 1132 944 1186 illo
970 1132 1129 1188 modo
1159 1132 1312 1187 fieret
1336 1174 1351 1199 ,
1378 1132 1621 1186 Christus
1645 1173 1660 1197 ,
1688 1140 1745 1184 ut
1771 1130 1966 1185 dictum
2009 1136 2087 1181 est
2110 1168 2126 1193 ,

564 1232 619 1275 et
658 1222 894 1277 Ecclesia
925 1222 1142 1292 figurata
1193 1231 1293 1277 est.
1323 1221 1421 1289 Qui
1473 1236 1600 1291 ergo
1630 1229 1909 1289 utrumque
1946 1232 2127 1272 sexum

568 1312 830 1379 instituit,
864 1322 1143 1382 utrumque
1182 1312 1443 1366 reSIituet.
1478 1311 1715 1379 Denique
1740 1319 1793 1363 et
1821 1310 1931 1377 ipse
1975 1307 2128 1361 Jesus

569 1402 930 1473 interrogatus
956 1418 985 1457 a
1014 1401 1338 1467 Sadducmis,
1360 1402 1451 1471 qui
1480 1400 1739 1469 negabant
1778 1399 2123 1453 resurrectio-

558 1508 702 1558 nem,
731 1496 882 1564 cujus
908 1501 1109 1565 septem
1160 1492 1381 1547 fratrum
1407 1492 1509 1546 erit
1537 1506 1669 1545 uxor
1691 1532 1706 1555 ,
1734 1505 1889 1560 quam
1935 1488 2127 1557 singuli

560 1583 855 1639 habuerunt
880 1625 895 1651 ,
930 1584 1053 1638 dum
1084 1583 1307 1653 quisque
1335 1596 1521 1635 eorum
1572 1580 1735 1635 vellet
1762 1578 1994 1634 defuneti
2039 1594 2122 1632 se-

561 1689 704 1741 mcn,
734 1676 869 1729 sicut
893 1675 1002 1729 Lex
1018 1684 1359 1746 praeceperat,
1389 1673 1652 1728 excitare:
1685 1671 1901 1737 Erratis,
1937 1672 2123 1740 inquit,

561 1770 831 1822 nescientes
861 1767 1175 1837 Scripturas,
1204 1781 1362 1834 neque
1378 1765 1612 1818 virtutem
1630 1763 1724 1817 Dei
1748 1762 1959 1833 (Matth.
1995 1777 2124 1829 χχιι,

552 1856 668 1931 29).
699 1858 909 1913 Etcum
944 1859 1090 1913 locus
1136 1867 1279 1912 esset
1306 1858 1345 1923 ⁸,
1372 1865 1428 1910 ιιι
1456 1857 1677 1920 diceret,
1732 1856 1805 1911 De
1834 1870 1935 1925 qna
1983 1855 2125 1909 enim

554 1965 641 2003 me
671 1949 1026 2019 interrogatis,
1050 1950 1132 2004 vir
1159 1948 1258 2003 erit
1285 1948 1443 2003 etiam
1472 1947 1603 2016 ipsa,
1638 1960 1741 2000 non
1774 1947 1992 2017 malle;
2020 1960 2125 1999 non

555 2040 655 2093 hoc
676 2039 808 2093 dixit
841 2040 971 2094 :sed
1001 2040 1136 2094 dixit
1166 2080 1179 2105 ,
1212 2038 1277 2096 In
1304 2040 1664 2093 resurrectione
1689 2038 1820 2091 enim
1851 2054 2005 2106 neque
2030 2053 2128 2089 nu-

554 2132 665 2184 bent
689 2172 704 2197 ,
737 2148 892 2203 neque
941 2148 1121 2186 uxores
1150 2132 1369 2197 ducent,
1392 2130 1480 2183 sed
1509 2139 1623 2182 sunt
1651 2130 1778 2183 sicut
1832 2128 2005 2198 Angeli
2032 2127 2125 2180 Dei

550 2222 603 2274 in
657 2220 779 2275 ctelo
809 2219 968 2292 (Ibid.
1015 2220 1128 2291 50).
1161 2220 1414 2291 quuales
1445 2221 1626 2290 utique
1662 2220 1878 2289 Angelis
1909 2220 2125 2273 immor-

551 2313 753 2368 talitate
778 2328 840 2369 ac
864 2313 1136 2380 felicitate,
1171 2329 1277 2368 non
1322 2328 1482 2368 carne
1512 2331 1525 2367 :
1558 2314 1695 2367 sicut
1741 2328 1839 2367 nec
1878 2328 2116 2366 resurre-

536 2405 758 2470 uione,
810 2420 911 2475 qua
962 2420 1065 2459 non
1096 2404 1431 2475 indiguerunt
1469 2405 1689 2475 Angeli;
1720 2407 1967 2474 quoniam
2027 2420 2122 2459 nec

549 2496 683 2549 mori
724 2503 1025 2565 potuerunt.
1047 2495 1262 2565 Nuptias
1281 2511 1407 2565 ergo
1430 2495 1685 2549 Dominus
1720 2495 1929 2548 futuras
1960 2510 2119 2565 nega-

552 2585 632 2640 vit
660 2600 778 2641 esse
807 2588 858 2639 in
890 2587 1282 2641 resurrectione
1311 2627 1326 2651 ,
1351 2601 1455 2639 non
1492 2585 1713 2640 feminas
1737 2602 1749 2639 :
1782 2596 1835 2641 et
1865 2587 1935 2640 ibi
1961 2602 2121 2656 nega-

548 2677 644 2741 vit,
674 2678 762 2731 ubi
785 2677 904 2731 talis
948 2678 1175 2747 quaestio
1205 2677 1527 2741 vertebatur,
1558 2687 1613 2731 ut
1633 2693 1749 2731 eam
1780 2686 1969 2746 negato
1990 2693 2121 2732 sexu

550 2768 792 2823 muliebri
839 2768 1099 2824 celeriore
1147 2768 1394 2822 facilitate
1448 2768 1791 2833 dissolveret,
1823 2770 1866 2823 si
1894 2783 2013 2823 eum
2046 2769 2120 2823 ibi

550 2868 905 2927 praenosceret
952 2875 1057 2915 non
1086 2859 1355 2914 futurum:
1391 2860 1497 2915 imo
1535 2865 1693 2915 etiam
1744 2862 1974 2916 futurum
2000 2875 2119 2917 esse

548 2952 775 3005 firmavit
814 2952 1058 3017 dicendo,
1094 2951 1213 3005 Non
1241 2954 1461 3019 nubent,
1485 2953 1625 3022 quod
1648 2954 1713 3007 ad
1749 2952 1974 3008 feminas
2003 2969 2119 3022 per-

545 3041 719 3108 tinet;
749 3058 905 3112 neque
951 3058 1127 3097 uxores
1170 3044 1396 3108 ducent,
1450 3044 1587 3113 quod
1619 3044 1685 3097 ad
1734 3046 1893 3107 viros,
1952 3044 2120 3099 Erunt

546 3146 709 3201 ergo,
741 3148 858 3202 qua:
897 3134 977 3189 vel
1021 3135 1220 3190 nubere
1266 3133 1350 3189 hic
1393 3135 1587 3200 solent,
1620 3136 1699 3190 vel
1746 3137 1939 3191 ducere
1978 3151 2115 3191 uxoo

544 3242 631 3282 res
657 3244 669 3280 :
700 3227 793 3282 sed
835 3227 903 3281 ibi
936 3227 1036 3282 huc
1065 3243 1167 3281 non
1205 3227 1416 3282 facient.

541 3340 766 3396 CAPUT
797 3331 980 3395 XVlll.
1010 3370 1083 3380 —
1110 3340 1188 3394 De
1213 3341 1317 3393 viro
1373 3304 1635 3410 perfecto,
1663 3340 1717 3394 id
1764 3349 1835 3393 est
1875 3340 2074 3395 Christo
2101 3382 2114 3403 ,

613 3442 660 3486 et
684 3448 892 3503 corpore
919 3434 1027 3503 ejus
1052 3475 1065 3499 ,
1092 3434 1147 3487 id
1174 3444 1243 3489 est
1272 3433 1504 3491 Ecclesia
1540 3476 1553 3499 ,
1584 3450 1697 3505 qua:
1721 3444 1790 3489 est
1819 3436 1979 3505 ipsius
2008 3433 2118 3505 ple-

618 3526 812 3580 nitudo.

615 3637 839 3692 Proinde
866 3636 1005 3707 quod
1034 3638 1109 3693 ait
1132 3640 1414 3708 Apostolus
1433 3681 1445 3705 ,
1472 3653 1787 3695 occursuros
1815 3655 1910 3695 nos
1931 3656 2116 3697 omnes

536 3734 591 3785 in
617 3732 783 3785 virum
807 3730 1120 3800 perfectum,
1156 3733 1313 3786 tutius
1344 3732 1509 3802 ipsius
1547 3733 1996 3787 circumstantiam
2038 3735 2114 3789 le-

540 3823 733 3876 ctionis
768 3821 1107 3877 considerare
1132 3822 1406 3890 debemus,
1435 3840 1551 3893 qua:
1596 3825 1663 3878 ita
1692 3840 1750 3880 se
1779 3825 1936 3880 habet
1970 3844 1980 3879 :
2016 3828 2117 3893 Qui

542 3914 794 3967 descendit
818 3954 832 3979 ,
854 3914 1023 3984 inquit
1051 3953 1064 3976 ,
1098 3915 1203 3984 ipse
1229 3926 1299 3968 est
1323 3925 1366 3969 et
1391 3917 1477 3987 qtti
1506 3919 1728 3971 ascendit
1773 3935 1923 3989 super
1947 3936 2116 3975 omnes

546 4005 733 4073 c¢los,
762 4014 818 4059 ut
863 4005 1157 4077 adimpleret
1204 4009 1391 4061 omnia.
1419 4008 1487 4063 Et
1539 4010 1646 4079 ipse
1691 4011 1827 4064 dedit
1873 4012 2116 4077 quosdam

544 4096 744 4167 quidem
769 4095 1057 4167 Apostolos,
1079 4098 1321 4168 quosdam
1346 4110 1512 4153 autem
1544 4100 1845 4170 Prophetas,
1873 4103 2116 4173 quosdam

545 4205 661 4241 vero
684 4187 1049 4260 Evangelistas,
1078 4190 1322 4259 quosdam
1353 4202 1517 4245 autem
1546 4203 1770 4261 pastores
1797 4204 1841 4246 et
1865 4194 2112 4257 doctores,

540 4278 608 4330 ad
635 4280 1114 4334 consummationem
1142 4290 1453 4345 sanctorum,
1477 4282 1529 4334 in
1559 4298 1684 4351 opus
1725 4284 1988 4337 ministerii
2017 4325 2032 4349 ,
2064 4285 2114 4337 in

538 4370 925 4439 wdiﬁcationem
967 4373 1190 4442 corporis
1222 4371 1409 4427 Christi
1435 4414 1448 4436 ,
1478 4373 1634 4427 donec
1663 4390 1982 4429 occurramus
2008 4392 2115 4429 om-

540 4479 630 4517 nes
654 4463 705 4516 in
735 4464 975 4517 unitatem
998 4465 1118 4532 ﬁdei
1149 4504 1165 4529 ,
1190 4473 1234 4518 et
1260 4464 1561 4534 agnitionem
1595 4463 1719 4518 Filii
1745 4465 1856 4528 Dei,
1885 4466 1935 4518 in
1957 4469 2115 4520 virum

544 4552 835 4621 perfectum,
868 4554 921 4607 in
949 4570 1230 4608 mensuram
1258 4555 1423 4608 (etatis
1451 4555 1782 4625 plenitudinis
1804 4554 1990 4610 Cltristi
2017 4574 2035 4610 :
2061 4566 2115 4610 ut

472 4654 480 4661 ‘
536 4641 676 4695 ultra
701 4658 802 4695 non
821 4643 975 4695 sintus
1004 4644 1220 4712 parvuli,
1237 4644 1424 4713 jactati
1443 4655 1487 4697 et
1514 4645 1800 4698 circumluti
1817 4648 1954 4699 onmi
1974 4658 2114 4702 vento

544 4732 787 4787 doctrina:
807 4775 821 4798 ,
843 4734 898 4787 in
950 4734 1183 4790 illusione
1212 4736 1466 4790 hominum
1492 4778 1505 4802 ,
1551 4738 1604 4791 in
1633 4749 1710 4791 ast
1751 4741 1819 4792 tia
1845 4741 1865 4771 ¹
1892 4741 1959 4793 ad
2007 4760 2113 4795 mn-

544 4824 876 4879 chinationem
899 4826 1084 4880 erroris
1107 4842 1125 4880 :
1149 4827 1403 4881 veritatem
1452 4837 1617 4882 autem
1642 4830 1880 4900 facientes
1908 4832 1960 4885 in
1995 4834 2114 4887 cha-

543 4914 690 4966 ritate
712 4930 989 4984 augeantur
1014 4917 1067 4969 in
1118 4915 1207 4970 illo
1234 4933 1323 4986 per
1348 4919 1536 4981 omnia,
1562 4920 1646 4988 qui
1693 4930 1764 4973 est
1790 4931 1939 4992 caput
1963 4921 2112 4978 Chri-

541 5015 648 5058 stus
676 5022 703 5069 ζ
723 5021 785 5058 ex
808 5021 909 5076 quo
935 5016 1095 5059 totum
1144 5023 1327 5077 corpus
1352 5025 1631 5064 connexum
1658 5052 1672 5075 ,
1705 5024 1750 5065 ει
1800 5025 2108 5084 compactum

544 5110 633 5164 per
656 5109 847 5149 omnem
874 5103 1056 5147 tactum
1081 5096 1562 5152 subministrationis
1587 5141 1601 5166 ,
1630 5101 1903 5155 secundum
1936 5120 2106 5173 opera.

540 5188 728 5240 tionem
752 5187 805 5239 in
830 5201 1111 5239 mensuram
1138 5186 1529 5258 uniuscujusque
1555 5192 1732 5257 partis,
1756 5192 2112 5250 incrementum

546 5276 772 5346 corporis
798 5276 919 5347 facit
946 5276 996 5329 in
1018 5275 1400 5343 atdilicationetu
1428 5280 1524 5341 sui,
1554 5280 1605 5331 in
1632 5281 1876 5335 charitate
1897 5282 2108 5354 (Ep/tes.

546 5383 617 5431 iv,
650 5368 858 5437 10-16).
899 5366 1037 5422 Ecce
1067 5368 1152 5437 qui
1201 5376 1281 5421 est
1305 5367 1383 5421 vir
1415 5366 1698 5437 perfecms,
1730 5381 1885 5440 caput
1911 5382 1964 5428 et
1990 5389 2115 5430 cor:

550 5471 667 5526 pus,
694 5457 835 5527 quod
863 5467 1070 5513 constat
1097 5456 1343 5512 omnibus
1368 5457 1617 5514 membris
1641 5499 1657 5527 ,
1696 5476 1817 5531 qua:
1842 5478 1939 5517 suo
1977 5472 2111 5519 tem-

611 5589 631 5620 ι
664 5589 797 5637 Vind.
816 5597 913 5637 Am.
936 5596 987 5639 et
1008 5595 1104 5645 Eia.
1121 5594 1303 5641 Etcum
1321 5597 1458 5655 aptus
1472 5590 1604 5644 locus
1618 5597 1754 5644 esset.
1775 5564 1961 5658 Aliquot
1981 5603 2109 5658 Mss.,

547 5652 604 5698 Et
613 5661 724 5712 cum
736 5662 878 5712 ocyus
900 5658 1035 5712 esset.

608 5708 631 5739 ⁸
660 5710 731 5757 Sic
752 5708 855 5758 Mss.
890 5711 1007 5762 Edili
1029 5723 1165 5773 vero,
1189 5712 1239 5763 in
1260 5712 1496 5764 astutiam.

1609 289 1697 345 DE
1735 285 2051 345 ClV'lTATE
2091 287 2224 356 DEI,
2255 288 2311 344 S.
2354 288 2716 345 AUGUSTlNl
3710 291 3797 345 ’ῖΒῦ

2241 417 2366 470 pore
2411 404 2836 471 complebuntnr.
2869 403 3118 471 Quotidie
3171 413 3355 457 tamen
3393 400 3565 455 eidem
3608 406 3799 471 corpori

2237 496 2512 559 accedunt,
2550 498 2673 549 dum
2701 497 2992 551 :cdifn-atur
3023 497 3298 559 Ecclesia,
3332 494 3419 549 cui
3452 494 3677 561 dicitur,
3718 496 3804 552 Vos

2235 594 2397 639 autem
2425 589 2541 639 estis
2569 603 2748 656 corpus
2774 588 2984 653 Christi,
3032 599 3078 640 et
3108 588 3337 640 membra
3363 586 3411 654 (ι
3442 584 3561 641 Cor.
3588 603 3677 653 ιιι,
3702 588 3801 657 27).

2237 676 2301 730 Et
2330 677 2485 742 alibi,
2521 678 2626 731 Pro
2651 695 2859 749 corpore
2887 722 2901 745 ,
2935 681 3129 749 inquit,
3164 696 3296 751 ejus,
3327 679 3468 745 quod
3492 689 3566 733 est
3595 679 3803 734 Ecclesia

2236 766 2451 837 (Coloss.
2477 785 2511 833 l,
2543 768 2660 840 2i).
2690 770 2925 841 itemque
2960 772 3127 835 alibi,
3187 771 3333 825 Unus
3398 772 3588 841 panis,
3663 789 3805 825 nam

2235 874 2416 927 corpus
2447 860 2589 913 multi
2613 877 2784 914 sumus
2806 861 2849 934 (Ι
2879 862 2995 915 Cor.
3025 878 3081 929 x,
3114 861 3204 933 l7)
3266 862 3340 916 De
3385 862 3541 931 cujus
3580 864 3804 931 corporis

2234 949 2584 1005 azditicatione
2631 959 2684 1006 et
2733 952 2818 1006 hic
2844 952 3044 1007 dictum
3099 962 3220 1019 est,
3279 954 3361 1005 Ad
3425 957 3804 1007 consummatio-

2234 1055 2345 1091 nem
2369 1049 2686 1107 sanctorum,
2733 1043 2785 1095 in
2813 1058 2940 1113 Opus
2992 1044 3295 1110 ministerii,
3324 1045 3377 1096 in
3432 1044 3801 1112 aediﬁcationem

2232 1132 2456 1200 corporis
2503 1131 2722 1187 Christi.
2771 1148 2836 1188 ac
2885 1134 3078 1189 deinde
3125 1135 3429 1203 subjectum
3482 1134 3626 1190 unde
3674 1151 3803 1191 nunc

2232 1221 2456 1289 agimus,
2490 1220 2660 1276 Donec
2684 1239 3006 1278 occurramus
3033 1242 3203 1279 omnes
3227 1227 3282 1278 in
3318 1225 3569 1279 unitatem
3599 1227 3735 1293 ﬁdei,
3757 1239 3797 1281 et

2231 1312 2533 1380 agnitionem
2559 1312 2683 1367 Filii
2710 1313 2825 1376 Dei,
2852 1316 2903 1368 in
2930 1317 3089 1369 virum
3120 1318 3423 1387 perfectum,
3448 1321 3500 1371 in
3532 1336 3803 1372 mansuram

2230 1403 2391 1455 (etatis
2417 1403 2741 1473 plenitudinis
2786 1403 3003 1466 Christi,
3028 1418 3081 1459 et
3107 1416 3339 1472 caztera;
3388 1408 3571 1464 donec
3617 1409 3793 1464 eadem

2232 1506 2480 1547 mensura
2521 1493 2571 1545 in
2610 1508 2831 1563 Corpore
2862 1494 3197 1565 intelligenda
3228 1506 3374 1551 esset
3407 1538 3421 1561 ,
3454 1500 3799 1564 ostenderet,

2230 1579 2412 1636 dicens
2445 1600 2457 1635 :
2487 1582 2777 1653 Augeamur
2826 1585 2877 1637 in
2919 1583 3008 1638 illo
3054 1602 3143 1657 per
3171 1588 3339 1639 omnia
3370 1629 3385 1651 ,
3418 1591 3507 1658 qui
3550 1600 3624 1642 est
3665 1603 3801 1659 caput

2231 1672 2495 1735 Christus;
2522 1691 2584 1728 ea:
2606 1691 2704 1743 quo
2732 1684 2891 1729 totum
2910 1691 3094 1741 corpus
3138 1694 3422 1731 connexum
3450 1720 3466 1747 ,
3501 1689 3551 1732 et
3580 1696 3803 1748 compac-

2231 1774 2335 1818 tum
2384 1782 2472 1834 per
2520 1781 2713 1819 omnem
2743 1775 2928 1819 tactum
2966 1767 3446 1822 subministrattmtis
3473 1809 3489 1834 ,
3542 1772 3802 1824 secundm

2229 1856 2563 1925 operationem
2578 1857 2627 1910 in
2643 1873 2927 1911 mensuram
2951 1857 3342 1928 uniuscujusque
3358 1861 3544 1927 partis.
3570 1861 3801 1915 Sicnlest

2227 1961 2355 2016 ergo
2380 1961 2626 2000 mensura
2653 1947 3069 2017 uniuscujusque
3097 1948 3258 2017 partis
3283 1966 3297 2011 ;
3330 1949 3405 2003 ita
3433 1949 3597 2004 totius
3623 1966 3798 2019 corpo-

2229 2038 2323 2103 ris,
2355 2038 2492 2105 quod
2519 2040 2763 2093 omnibus
2801 2040 2909 2094 suis
2934 2040 3173 2109 partibus
3220 2050 3432 2094 constat
3458 2084 3472 2103 ,
3504 2054 3588 2096 est
3632 2047 3795 2113 utique

2227 2145 2471 2184 mensura
2493 2130 2851 2200 plenitudinis,
2872 2130 2938 2185 de
2952 2146 3051 2201 qua
3078 2131 3277 2185 dictum
3300 2141 3413 2187 est:
3436 2131 3500 2185 In
3524 2150 3795 2187 mensuram

2226 2224 2385 2273 anatis
2428 2221 2753 2290 plenitudinis
2781 2220 2983 2275 Christi.
3012 2224 3179 2287 Quam
3232 2222 3619 2291 plenitudinem
3646 2226 3791 2278 etiam

2226 2311 2316 2366 illo
2338 2314 2769 2367 commemoravit
2792 2313 2928 2377 loco,
2961 2313 3048 2367 ubi
3075 2315 3149 2368 ait
3176 2314 3241 2368 de
3266 2313 3484 2369 Cbristo
3512 2334 3525 2368 :
3549 2315 3614 2368 Et
3633 2318 3787 2386 ipsum

2227 2402 2363 2457 dedit
2416 2412 2565 2473 caput
2612 2421 2761 2473 super
2807 2405 2975 2458 omnia
3016 2403 3254 2459 Ecclesia:
3299 2407 3317 2436 ί
3344 2446 3358 2469 ,
3389 2422 3505 2476 quia
3560 2417 3629 2461 est
3676 2424 3776 2460 cor-

2227 2509 2319 2559 pus
2342 2494 2469 2562 ejus,
2504 2494 2763 2561 plenitudo
2788 2496 2897 2563 ejus
2921 2535 2935 2559 ,
2978 2497 3064 2564 qui
3106 2496 3274 2549 omnia
3300 2497 3354 2550 in
3375 2498 3607 2551 omnibus
3630 2498 3790 2568 impla-

2225 2592 2306 2636 tur
2332 2586 2351 2615 ’
2381 2583 2593 2652 (Ep/tes.
2628 2604 2679 2651 ι,
2712 2586 2781 2639 22
2812 2597 2858 2640 et
2886 2586 2999 2657 23).
3042 2586 3237 2641 Verum
3263 2588 3307 2641 si
3338 2587 3444 2643 hoc
3464 2588 3531 2644 ad
3573 2604 3811 2645 resume»

2223 2675 2412 2728 etiouis
2441 2675 2682 2739 formam,
2710 2677 2760 2729 in
2790 2693 2888 2747 qua
2918 2679 3019 2732 erit
3048 2678 3431 2749 unusquisque,
3467 2680 3778 2737 referendum

2223 2774 2401 2829 esset;
2430 2766 2552 2836 quid
2584 2782 2680 2822 nos
2710 2768 2991 2837 impediret
3042 2770 3314 2824 nominato
3340 2771 3461 2826 viro
3513 2773 3781 2843 intelligere

2221 2866 2272 2910 et
2297 2856 2539 2911 feminam
2563 2900 2577 2925 ,
2611 2868 2668 2912 ut
2702 2860 2873 2913 virum
2902 2875 2996 2929 pro
3025 2860 3238 2915 homine
3264 2862 3502 2931 positum
3533 2866 3775 2933 accipere-

2221 2950 2381 3003 mus?
2425 2948 2572 3005 Sicut
2600 2951 2649 3005 in
2677 2966 2742 3005 eo
2767 2951 2906 3020 quod
2930 2952 3129 3006 dictum
3156 2962 3257 3018 est,
3287 2952 3483 3009 Beatus
3531 2957 3603 3010 rir
3625 2958 3701 3025 qui
3726 2959 3779 3008 ti-

2222 3052 2319 3096 met
2342 3041 2614 3097 Dominum
2640 3042 2942 3115 (Psal.cx1,
2975 3044 3025 3116 l)
3054 3061 3068 3101 :
3099 3047 3280 3116 utique
3310 3047 3387 3102 ibi
3411 3058 3539 3103 sunt
3560 3058 3612 3104 et
3648 3048 3774 3104 femi-

2220 3149 2322 3198 nae,
2352 3149 2470 3203 quae
2496 3135 2683 3189 timent
2722 3136 3023 3190 Dominum.

2220 3226 2442 3282 CAPUT
2468 3226 2610 3281 XIX.
2638 3257 2708 3267 —
2735 3227 2883 3292 Quod
2903 3228 3073 3281 omnia
3088 3230 3316 3299 corporis
3338 3231 3484 3297 vitia,
3516 3232 3682 3301 qucein
3702 3233 3777 3283 liae

2282 3318 2389 3370 vita
2426 3317 2651 3371 humano
2684 3318 2940 3370 contraria
2976 3327 3091 3372 sunt
3117 3318 3315 3381 decori,
3360 3321 3412 3373 in
3442 3322 3777 3374 resurrectione

2284 3423 2389 3461 non
2418 3409 2519 3462 siut
2540 3411 2713 3479 futura
2733 3448 2747 3473 ,
2780 3407 2864 3461 ubi
2894 3419 3122 3463 manente
3149 3411 3377 3463 naturali
3408 3411 3705 3475 substantia,
3733 3413 3775 3463 in

2280 3518 2444 3555 unam
2484 3501 2907 3571 pulchritudinem
2934 3511 2981 3555 et
3007 3503 3226 3572 qualitas
3257 3514 3529 3558 concurret
3561 3514 3604 3558 et
3638 3521 3775 3571 quau-

2290 3594 2425 3647 titas.

2294 3687 2343 3739 l.
2364 3685 2618 3755 Quidjam
2641 3684 2988 3755 respondeam
3010 3685 3077 3741 de
3094 3686 3301 3755 capillis
3321 3694 3485 3757 atque
3510 3687 3773 3758 unguibus?

2216 3775 2393 3831 Semel
2434 3776 2631 3846 quippe
2679 3775 2948 3830 intellecto
2980 3780 3051 3830 ita
3082 3776 3211 3830 nihil
3260 3778 3563 3846 periturum
3591 3776 3773 3831 esseda

2217 3880 2461 3935 corpore,
2493 3875 2549 3920 ut
2576 3865 2814 3921 deforme
2839 3865 2970 3919 nihil
2996 3866 3067 3920 sit
3096 3867 3146 3919 in
3172 3880 3423 3935 corpore,
3454 3868 3614 3922 simul
3642 3866 3773 3921 intel-

2219 3956 2396 4026 ligitur
2433 3971 2496 4011 ea
2525 3970 2644 4025 qua:
2680 3955 2973 4010 deformem
3022 3955 3223 4010 factura
3254 3955 3467 4012 fuerant
3512 3957 3772 4011 enormita-

2218 4057 2345 4112 tem,
2370 4063 2561 4104 massa:
2606 4047 2706 4117 ipsi
2731 4062 3008 4103 accessura
3032 4062 3171 4114 esse,
3218 4064 3324 4103 non
3357 4048 3489 4104 locis
3531 4051 3583 4103 in
3604 4050 3771 4119 quibus

2219 4140 2577 4193 membrorum
2614 4136 2785 4192 forma
2830 4146 3093 4208 turpetur.
3134 4138 3293 4193 Velut
3334 4139 3380 4194 si
3421 4139 3488 4193 de
3529 4140 3649 4193 limo
3689 4152 3768 4191 vas

2220 4231 2392 4296 ﬁeret,
2420 4230 2560 4300 quod
2589 4245 2774 4284 rursus
2816 4230 2867 4283 in
2898 4230 3149 4285 cmndum
3182 4229 3365 4285 limum
3415 4231 3673 4287 redactum
3702 4241 3767 4283 ln-

2220 4330 2330 4377 tum
2372 4323 2438 4377 de
2469 4331 2577 4376 toto
2607 4322 2795 4376 iterum
2842 4323 3014 4387 fieret,
3048 4337 3154 4376 non
3197 4335 3341 4377 esset
3381 4339 3597 4378 necesse
3623 4332 3671 4375 nt
3692 4322 3762 4375 illa

2221 4431 2341 4483 pars
2371 4415 2502 4478 limi,
2533 4430 2648 4483 qum
2672 4414 2722 4466 in
2761 4428 2889 4467 ansa
2921 4412 3109 4479 fuerat,
3141 4414 3205 4467 ad
3232 4430 3417 4469 ansam
3446 4415 3661 4476 rediret,
3689 4422 3763 4465 aut

2219 4523 2336 4575 qua:
2377 4506 2594 4559 fundum
2640 4504 2871 4570 fecerat,
2917 4506 3027 4575 ipsa
3069 4522 3253 4559 rursus
3300 4506 3497 4561 faceret
3538 4506 3757 4561 fundum:

2218 4596 2343 4651 dum
2367 4606 2542 4651 tamen
2574 4604 2741 4650 totum
2766 4606 3126 4652 reverteretur
3152 4598 3204 4651 in
3229 4607 3420 4663 totum,
3450 4598 3499 4651 id
3522 4606 3619 4661 est,
3645 4608 3762 4649 tozus

2220 4688 2310 4742 ille
2338 4688 2494 4742 limus
2538 4689 2588 4741 in
2632 4697 2800 4743 totum
2832 4704 2924 4742 vos
2966 4690 3107 4742 nulla
3153 4690 3233 4744 sui
3288 4690 3490 4759 perdita
3533 4699 3762 4760 mrtem-

2219 4788 2440 4833 mearet.
2473 4780 2808 4849 Quapmpter
2848 4782 2893 4834 si
2923 4782 3094 4850 capilli
3142 4782 3301 4837 toties
3347 4783 3485 4837 tonsi
3526 4794 3760 4848 unguesve

2218 4872 2418 4927 desecti
2447 4872 2512 4926 ad
2534 4873 2648 4927 loca
2666 4888 2757 4927 sua
2777 4873 3088 4928 deformiter
3106 4874 3349 4941 redeunt,
3375 4890 3481 4929 non
3500 4873 3721 4929 redibunt
3744 4888 3755 4921 :

2219 4976 2316 5016 nec
2354 4970 2531 5016 tamen
2560 4962 2751 5031 cuique
2776 4962 3073 5031 resurgenti
3111 4963 3392 5031 peribunt,
3422 4965 3539 5033 quia
3568 4965 3614 5017 in
3639 4975 3758 5015 eam-

2218 5051 2337 5106 dem
2377 5068 2621 5116 carnem,
2675 5062 2733 5107 ut
2775 5068 3163 5122 quemcumque
3207 5054 3276 5108 ibi
3336 5055 3508 5109 locum
3548 5051 3786 5122 corporis'

2222 5152 2455 5208 teneant,
2486 5151 2691 5197 servata
2732 5143 2957 5211 partium
2998 5145 3363 5213 congruentia,
3398 5146 3621 5200 materia:
3656 5158 3754 5195 mu-

2219 5234 2479 5288 tabilitate
2511 5244 2806 5288 vertentur.
2834 5234 3083 5300 Quamvis
3108 5235 3246 5304 quod
3272 5237 3347 5291 ait
3379 5237 3647 5299 Dominus,
3670 5234 3750 5288 Ca-

2220 5324 2373 5395 pillus
2400 5325 2580 5392 capitis
2608 5325 2759 5378 uestri
2784 5342 2883 5378 non
2909 5325 3084 5395 peribit
3108 5323 3258 5398 (an.
3294 5343 3401 5394 xxx,
3438 5329 3554 5396 18),
3582 5342 3675 5381 non
3698 5322 3749 5377 de

2282 5416 2298 5447 ι
2334 5414 2470 5472 Editi,
2494 5427 2638 5479 super
2660 5427 2846 5479 onmem
2868 5413 3145 5479 Ecclesium.
3178 5423 3235 5466 At
3271 5417 3485 5467 melioris
3644 5421 3747 5465 βεδε.

2214 5488 2356 5540 super
2378 5474 2817 5540 onmia'Ecclesite.
2856 5479 2928 5526 sic
2945 5478 3092 5525 etiam
3129 5478 3186 5540 in_
3202 5479 3452 5540 veteribus
3475 5477 3627 5540 nibliis
3656 5482 3743 5521 Cur-

2216 5537 2514 5606 beiensibus,
2523 5537 2663 5606 juxta
2688 5549 2898 5606 grzecum
2923 5546 3041 5606 aut,
3077 5537 3317 5606 Ecclea'te,
3356 5540 3429 5606 sit
3456 5538 3590 5586 dativi
3612 5546 3744 5606 casus

2216 5612 2311 5670 non
2332 5599 2554 5705 genittgqi.
2580 5598 2808 5659 ttzec'ipsa
2850 5598 2995 5647 lectio
3033 5607 3107 5648 est
3130 5601 3394 5661 Hieronymi
3417 5601 3465 5647 in
3486 5603 3741 5646 Commenta-

2218 5674 2300 5705 rns
2321 5669 2441 5705 AIIOS
2513 5672 2544 5705 Ι.

2218 5665 2300 5709 riis
2321 5665 2544 5718 Apostoli.

2289 5722 2307 5750 ⁸
2342 5721 2409 5767 sic
2429 5727 2530 5767 Mss.
2557 5724 2610 5767 At
2636 5717 2770 5779 edin,
2788 5718 3031 5779 adimplet.
