3926 6386
133 342 242 399 781

131 451 514 523 longitudine,
546 454 639 510 sed
664 455 731 511 de
757 471 978 513 numero
1006 460 1314 530 capillorum
1335 461 1531 516 dictum
1557 463 1724 517 multo

131 542 323 609 aptius
376 545 551 610 possit
599 545 835 617 intelligi.
885 548 1033 604 Unde
1072 560 1129 605 et
1166 552 1291 607 alibi
1343 552 1499 618 dicit,
1544 553 1729 626 Capilli

131 631 325 700 capitis
347 636 506 686 vestri
526 640 769 689 numerati
789 647 902 692 sunt
925 656 1093 694 omnes
1116 642 1132 672 ¹
1159 640 1306 712 (Luc.
1336 658 1432 710 xtt,
1455 641 1531 714 Ἰ).
1548 642 1729 713 Neque

133 720 242 774 hoc
290 722 424 777 ideo
446 724 698 792 dixerim,
750 730 889 799 quod
933 732 1130 800 aliquid
1172 734 1468 790 existimem
1515 739 1729 806 corpori

131 809 401 879 cuiquam
430 815 453 844 ³
483 816 807 882 periturum,
845 819 984 887 quod
1032 822 1338 877 naturaliter
1381 823 1585 891 inerat;
1632 825 1727 881 sed

132 902 283 969 quod
315 902 565 961 deforme
590 916 769 963 natum
796 910 967 965 fuerat
991 912 1122 981 (non
1143 915 1321 984 utique
1345 916 1412 971 ob
1431 917 1593 986 aliud,
1624 919 1725 973 nisi

132 1001 193 1045 ut
225 992 360 1047 hinc
389 1011 605 1065 quoque
630 1000 1035 1070 ostenderetur,
1065 1019 1220 1073 quam
1246 1006 1316 1061 sit
1344 1009 1567 1076 ptenalis
1594 1024 1723 1064 con-

132 1082 273 1138 ditio
307 1085 415 1139 ista
451 1089 801 1159 mortalium),
831 1093 909 1147 sic
934 1108 1055 1149 esse
1086 1094 1402 1174 rediturum,
1434 1107 1489 1151 ut
1516 1109 1722 1153 servata

134 1174 464 1242 integritate
508 1178 850 1246 substantia,
879 1182 1186 1238 deformitas
1225 1195 1426 1255 pereat.
1478 1187 1531 1241 Si
1579 1176 1722 1243 enim

133 1272 376 1320 statuam
416 1276 593 1335 potest
621 1270 809 1325 artifex
835 1272 994 1328 homo
1014 1314 1030 1340 ,
1061 1288 1218 1344 quam
1254 1286 1469 1345 propter
1494 1278 1722 1348 aliquam

131 1368 361 1409 causam
391 1358 689 1415 deformem
717 1361 933 1430 fecerat,
963 1364 1213 1433 conﬂare,
1238 1374 1292 1421 et
1312 1367 1722 1435 pulcherrimam

132 1443 393 1511 reddere,
431 1448 502 1501 ita
527 1459 585 1503 ut
611 1450 740 1506 nihil
770 1452 893 1507 inde
917 1454 1245 1521 substantiae,
1275 1456 1369 1511 sed
1398 1456 1513 1511 sola
1542 1457 1722 1514 defor-

133 1534 299 1588 mitas
334 1547 564 1605 pereat,
595 1554 657 1595 ac
682 1542 725 1596 si
775 1542 899 1611 quid
930 1543 984 1598 in
1020 1543 1108 1598 illa
1149 1544 1314 1614 figura
1357 1547 1537 1615 priore
1574 1548 1722 1604 inde-

131 1635 331 1681 center
354 1631 625 1695 exstabat,
654 1648 751 1686 nee
783 1634 1043 1703 parilitate
1066 1635 1087 1667 '
1114 1637 1337 1706 partium
1364 1640 1715 1711 congruebat,

134 1732 247 1773 non
276 1719 349 1774 de
384 1730 520 1789 toto,
549 1723 688 1778 unde
718 1724 947 1792 fecerat,
975 1737 1246 1797 amputare
1269 1737 1429 1800 atque
1451 1746 1718 1802 separare,

135 1809 231 1863 sed
262 1810 337 1863 ita
369 1826 728 1884 conspargere
764 1816 1050 1872 universo‘
1074 1826 1233 1887 atque
1261 1820 1507 1889 miscere,
1537 1832 1595 1877 ut
1620 1838 1719 1879 nec

133 1896 444 1956 foeditatem
473 1902 661 1969 faciat,
689 1921 788 1963 nec
840 1907 1041 1963 minuat
1081 1911 1455 1979 quantitatem;
1487 1914 1612 1983 quid
1652 1914 1720 1971 de

133 1992 519 2062 omnipotente
559 1995 776 2052 Artifice
816 1998 1152 2055 sentiendum
1196 2002 1313 2055 est?
1360 2003 1569 2073 Ergone
1611 2020 1717 2061 non

136 2084 342 2151 poterit
368 2100 613 2155 quasque
637 2086 999 2144 deformitates
1024 2089 1371 2147 humanorum
1397 2109 1676 2164 corporum
1699 2137 1715 2163 ,

134 2186 243 2227 non
273 2175 447 2231 modo
490 2178 732 2245 usitatas,
760 2196 949 2237 verum
970 2183 1129 2237 etiam
1172 2199 1322 2239 raras
1359 2193 1517 2256 atque
1561 2203 1717 2243 mon-

134 2270 373 2332 strosas,
408 2281 530 2335 quae
556 2266 681 2324 huic
705 2270 914 2327 miserae
942 2272 1059 2328 vitae
1089 2284 1406 2344 congruunt,
1432 2277 1719 2333 abhorrent

133 2362 314 2408 autem
345 2356 419 2409 ab
449 2357 539 2411 illa
566 2358 737 2414 futura
768 2360 1018 2418 felicitate
1046 2373 1371 2433 sanctorum,
1399 2367 1477 2421 sic
1505 2367 1716 2424 auferre

132 2457 198 2498 ac
242 2446 500 2513 perdere,
529 2458 585 2503 ut
614 2464 971 2523 quascumque
1011 2468 1192 2509 earum
1240 2455 1471 2525 faciunt,
1498 2460 1597 2514 etsi
1622 2461 1718 2515 'na—

134 2537 353 2603 turalia,
400 2549 576 2595 tamen
609 2542 853 2603 indecora
883 2558 1220 2603 excrementa
1263 2548 1570 2605 substantia:
1592 2566 1715 2607 cor-

135 2629 362 2696 poralis,
397 2632 540 2686 nulla
562 2632 676 2703 ejus
704 2635 1052 2693 diminutione
1079 2639 1365 2694 tollantur?

205 2720 262 2773 2.
294 2724 376 2777 Ac
404 2740 500 2793 per
529 2723 629 2779 hoc
651 2740 754 2781 non
774 2736 853 2782 est
879 2729 1071 2784 macris
1100 2731 1446 2799 pinguibnsve
1472 2740 1714 2789 metuen-

134 2810 287 2878 dum,
329 2830 402 2871 ne
428 2814 500 2869 ibi
539 2816 697 2872 etiam
738 2818 1023 2887 talessint,
1051 2821 1249 2890 quales,
1279 2822 1321 2877 si
1350 2813 1583 2892 possent,
1616 2840 1715 2881 nec

135 2903 223 2959 hic
247 2920 375 2961 esse
402 2907 715 2964 voluissent.
739 2910 925 2966 Omnis
949 2910 1089 2965 enim
1115 2914 1353 2981 corporis
1381 2913 1714 2982 pulchritudo

133 3004 212 3049 est
243 2997 484 3066 partium
530 3001 869 3069 congruentia
896 3016 1016 3055 cum
1054 3002 1277 3071 quadam
1308 3003 1501 3059 coloris
1534 3006 1713 3061 suavi-

135 3096 264 3143 tate.
290 3090 395 3145 Ubi
423 3100 598 3147 autem
621 3104 825 3148 nonest
850 3095 1077 3163 partium
1099 3099 1462 3167 congruentia,
1486 3100 1713 3158 autideo

133 3179 261 3248 quid
283 3180 526 3246 offendit,
548 3184 668 3252 quia
700 3199 918 3252 pravum
948 3195 1031 3240 est
1050 3186 1093 3250 ⁸,
1118 3196 1207 3240 aut
1230 3188 1346 3241 ideo
1361 3192 1481 3258 quia
1506 3204 1709 3259 parum,

133 3277 227 3321 aut
249 3269 376 3324 ideo
406 3272 527 3339 quia
554 3273 793 3327 nimium.
824 3274 1052 3329 Proinde
1079 3276 1217 3329 nulla
1244 3277 1344 3330 erit
1380 3277 1709 3349 deformitas,

130 3374 294 3429 quam
334 3361 461 3415 facit
488 3363 882 3433 incongruentia
928 3365 1185 3434 partium,
1220 3366 1305 3419 ubi
1328 3375 1381 3421 et
1405 3383 1522 3438 qua:
1551 3385 1711 3440 prava

133 3463 261 3506 sunt
305 3456 676 3525 corrigentur;
727 3465 780 3511 et
808 3457 947 3526 quod
998 3458 1173 3512 minus
1217 3468 1299 3512 est
1339 3476 1495 3531 quam
1534 3462 1706 3531 decet,

131 3542 277 3598 unde
295 3541 526 3599 Creator
563 3546 727 3611 novit,
773 3546 896 3603 inde
942 3547 1301 3618 supplebitur;
1332 3561 1387 3605 et
1413 3552 1551 3620 quod
1593 3553 1708 3621 plus

129 3641 214 3686 cst
241 3648 406 3703 quam
435 3634 607 3703 decet,
637 3638 873 3691 materiae
915 3650 1122 3693 servata
1169 3640 1500 3710 integritate,
1530 3642 1709 3697 detra-

130 3721 311 3777 hetur.
341 3723 553 3779 Coloris
600 3741 759 3796 porro
801 3729 1032 3783 suavitas
1081 3740 1275 3800 quanta
1306 3732 1428 3797 erit,
1469 3732 1554 3787 ubi
1580 3732 1708 3802 justi

128 3813 418 3883 fulgebunt
433 3817 568 3870 sicut
588 3818 666 3871 sol
686 3819 735 3871 in
758 3835 920 3889 regno
937 3820 1109 3875 Patris
1119 3823 1200 3877 sui
1223 3821 1429 3893 (Matth.
1451 3839 1562 3891 χιιι,
1577 3825 1709 3896 45)?

126 3906 265 3971 Qua:
290 3904 510 3960 claritas
549 3908 600 3961 in
628 3908 825 3964 Christi
855 3926 1077 3981 corpore
1100 3954 1114 3977 ,
1140 3929 1259 3967 cum
1288 3915 1611 3983 resurrexit,
1641 3918 1710 3973 ab

128 3995 307 4050 oculis
351 3994 731 4067 discipulorum
773 4003 947 4069 potius
973 4003 1277 4057 abscondita
1324 4003 1519 4071 fuisse,
1551 4021 1706 4076 quam

127 4085 375 4140 defuisse
396 4087 657 4143 credenda
680 4098 777 4144 cst.
800 4088 914 4144 Non
951 4091 1090 4144 enim
1117 4106 1233 4146 eam
1267 4093 1429 4148 ferret
1449 4094 1708 4151 humanus

130 4186 297 4247 atque
329 4177 572 4233 infirmus
617 4188 895 4247 aspectus,
932 4180 1141 4250 quando
1182 4183 1316 4237 illea
1358 4184 1469 4239 suis
1516 4184 1584 4239 ita
1611 4184 1706 4240 de—

134 4267 289 4322 beret
316 4266 538 4333 attendi,
566 4279 623 4322 ut
645 4280 824 4338 posset
848 4273 1082 4341 agnosci.
1109 4272 1225 4340 Quo
1250 4274 1499 4342 pertinuit
1524 4276 1703 4344 etiam,

136 4366 197 4411 nt
225 4360 679 4413 contrectantibus
700 4361 1003 4416 ostenderet
1027 4375 1241 4416 suorum
1270 4363 1544 4419 vulnerum
1571 4366 1709 4421 cica-

32 4488 47 4503 .
139 4449 337 4513 trices;
367 4456 426 4502 ut
452 4450 606 4503 etiam
640 4451 816 4506 cibum
864 4460 1150 4521 potumque
1177 4462 1447 4518 sumeret,
1479 4469 1582 4509 non
1607 4456 1705 4509 ali-

140 4548 441 4593 mentorum
469 4540 754 4611 indigentia
775 4584 790 4609 ,
820 4542 914 4597 sed
942 4556 1003 4596 ea
1030 4557 1132 4612 qua
1162 4550 1216 4597 et
1254 4543 1354 4599 hoc
1379 4553 1586 4614 pOterat
1614 4560 1708 4616 po-

142 4635 353 4682 testate.
390 4628 521 4683 Cum
552 4640 725 4685 autem
772 4630 973 4701 aliquid
1020 4647 1125 4686 non
1176 4632 1420 4701 videtur,
1466 4636 1706 4704 quamvis

145 4718 300 4783 adsit,
325 4734 355 4773 a
383 4720 573 4790 quibus
611 4722 732 4788 alia,
780 4737 897 4791 quae
945 4723 1141 4792 pariter
1178 4723 1391 4791 adsunt,
1443 4724 1702 4793 videntur,

146 4808 281 4862 sicut
325 4810 470 4864 illam
498 4811 796 4866 claritatem
837 4812 1061 4868 dicimus
1094 4812 1325 4869 adfuisse
1366 4828 1470 4869 non
1507 4815 1702 4882 visam,

144 4915 174 4953 a
222 4901 416 4970 quibus
464 4903 563 4956 alia
617 4902 961 4971 videbantur,
1014 4907 1217 4974 ἀορασία
1255 4920 1428 4974 graece
1475 4905 1702 4962 dicitur:

144 4993 281 5060 quod
310 4993 480 5049 nostri
528 4995 843 5064 interpretes
888 4995 1046 5049 latine
1072 4995 1249 5051 dicere
1291 5011 1394 5050 non
1435 4998 1697 5064 valentes,

145 5083 197 5135 in
226 5085 362 5139 libro
391 5084 661 5141 Geneseos
684 5085 973 5141 caecitatem
1016 5086 1342 5155 interpretati
1372 5098 1513 5143 sunt.
1558 5089 1706 5145 Hanc

146 5174 282 5229 enim
309 5175 454 5246 passi
475 5186 598 5230 sunt
623 5175 932 5245 Sodomitzn,
954 5176 1165 5247 quando
1180 5178 1487 5247 quaerebant
1510 5180 1703 5234 ostium

208 5371 225 5443 ξ
259 5380 375 5432 vox,
398 5384 575 5443 mutu,
592 5372 733 5443 abest
754 5384 783 5422 a
802 5374 1136 5436 manuscriptis
1152 5372 1276 5423 etab
1291 5372 1431 5423 editis
1448 5372 1580 5423 Vind.
1602 5382 1699 5424 Arn.

209 5493 229 5564 ξ
259 5497 329 5564 sic
350 5493 701 5564 uss._§tiediti,‘
719 5494 970 5564 parilitati.

208 5553 228 5616 ξ
258 5555 359 5603 Sola
382 5556 529 5605 editio
546 5563 675 5616 μοι,
690 5553 926 5606 universa.

208 5615 328 5688 {Sic
347 5616 529 5688 aliquot
550 5615 666 5666 Mss.
694 5625 749 5665 At
771 5616 1072 5688 editi,__loco,
1100 5615 1703 5688 pravumthabenthpar-

151 5684 253 5722 rum
266 5688 307 5740 _:_
318 5676 637 5740 praeterquam
658 5679 784 5740 quod
810 5692 871 5728 ex
892 5676 991 5728 illis
1010 5676 1123 5739 duo,
1165 5684 1237 5726 Er.
1260 5685 1309 5729 et
1328 5684 1436 5728 Lov.
1460 5676 1700 5737 omittunt,

154 5741 230 5785 aut
259 5734 363 5788 ideo
381 5736 494 5803 quia
513 5734 701 5804 paraui.

1283 350 1482 407 LIBER
1522 349 1879 409 VlGESiMUS
1922 356 2290 417 SECUNDUS.

3299 375 3402 435 782

1836 468 1964 537 justi
1994 470 2113 537 viri,
2146 485 2244 525 nec
2267 478 2514 541 poterant
2538 475 2775 532 invenire
2804 477 2951 549 (Gen.
2983 497 3094 549 xxx,
3128 484 3240 552 ll).
3269 486 3398 554 Quae

1838 558 1884 612 si
1908 560 2118 614 caecitas
2149 560 2354 629 fuisset,
2386 580 2489 634 qua
2514 566 2573 620 tit
2602 575 2660 622 ut
2705 568 2834 624 nihil
2865 572 3029 639 possit
3068 573 3393 639 videri,‘non

1837 651 2028 703 ostium
2051 667 2154 721 quo
2175 653 2596 726 ingrederentur,
2623 659 2717 714 sed
2736 658 2899 717 duces
2921 660 3127 721 itineris
3146 681 3173 720 a
3202 668 3395 738 quibus

1837 738 1959 794 inde
1981 740 2389 810 abducerentur,
2420 745 2746 816 inquirerent
2780 751 2878 820 (a).

1905 830 1958 885 ὅ.
1990 829 2157 905 [XX.]
2198 833 2390 891 Nescio
2438 854 2543 909 quo
2595 850 2773 896 autem
2814 843 2973 899 modo
3019 846 3098 902 sic
3138 848 3399 906 afﬁcimur

1833 935 2015 977 amore
2043 932 2333 994 martyrum
2360 926 2751 996 beatorum,,ut
2776 932 3003 990 velimus
3032 935 3084 991 in
3114 937 3207 993 illo
3231 953 3397 1009 regno

1833 1011 1885 1065 in
1916 1028 2098 1068 eorum
2122 1018 2431 1085 corporibus
2457 1020 2637 1077 videre
2656 1024 2933 1081 vulnerum
2958 1028 3247 1096 cicatrices,
3278 1049 3396 1102 quae

1834 1119 1928 1172 pro
1951 1106 2144 1162 Christi
2176 1111 2391 1167 nomine
2436 1115 2800 1184 pertulerunt:
2832 1127 2887 1173 et
2931 1120 3154 1178 fortasse
3186 1124 3396 1180 videbi-

1833 1211 1969 1251 mus.
2002 1197 2115 1253 Non
2143 1202 2285 1256 enim
2315 1202 2625 1261 deformitas
2654 1208 2703 1262 in
2730 1210 2808 1265 eis
2828 1252 2842 1275 ,
2877 1211 2971 1267 sed
2999 1212 3228 1284 dignitas
3253 1218 3357 1271 erit
3378 1258 3393 1282 ,
3428 1212 3431 1215 λ

1830 1297 1881 1341 et
1909 1290 2189 1363 qumdam,
2213 1296 2453 1363 quamvis
2492 1298 2543 1352 in
2584 1313 2825 1369 corpore,
2860 1319 2965 1359 non
3011 1308 3269 1377 corporis,
3300 1310 3395 1366 sed

1828 1378 2036 1433 virtutis
2058 1381 2393 1450 pulchritudo
2413 1385 2648 1458 fulgebit.
2667 1389 2776 1447 Nec
2802 1392 2920 1449 ideo
2950 1404 3126 1452 tamen
3149 1398 3195 1454 si
3219 1399 3394 1469 aliqua
3440 1400 3461 1439 "f

1828 1472 2145 1541 martyribus
2186 1484 2454 1544 amputata
2496 1487 2552 1534 et
2590 1480 2762 1536 ablata
2807 1493 2932 1539 sunt
2973 1486 3210 1543 membra
3235 1531 3251 1557 ,
3279 1491 3396 1547 sine

1828 1559 1956 1630 ipsis
1998 1558 2252 1620 membris
2282 1578 2438 1623 erunt
2479 1570 2530 1624 in
2585 1576 2975 1633 resurrectione
3019 1590 3347 1638 mortuorum
3373 1624 3391 1649 ,

1827 1651 2017 1719 quibus
2042 1652 2240 1708 dictum
2272 1666 2370 1724 est,
2416 1657 2642 1728 Capillus
2665 1664 2846 1731 capitis
2880 1669 3028 1721 vestri
3052 1685 3150 1723 non
3193 1672 3391 1739 peribit.

1828 1741 1931 1795 Sed
1973 1742 2019 1796 si
2062 1742 2162 1798 hoc
2205 1744 2417 1802 decebit
2443 1749 2495 1803 in
2549 1751 2638 1805 illo
2667 1768 2805 1808 novo
2847 1758 3060 1823 saeculo,
3091 1768 3150 1812 ιιι
3198 1761 3391 1816 iudicia

1825 1830 2178 1900 gloriosorum
2221 1837 2496 1893 vulnerum
2535 1840 2587 1895 in
2618 1842 2710 1897 illa
2742 1844 3023 1901 immortali
3063 1862 3220 1905 carne
3269 1865 3389 1906 cer-

1825 1932 2037 1990 nantur,
2066 1925 2153 1979 ubi
2181 1927 2417 1982 membra
2442 1971 2455 1997 ,
2479 1938 2537 1984 ut
2563 1933 3007 2002 praeciderentur,
3036 1952 3279 2005 percussa
3308 1941 3392 1996 vel

1769 2059 1777 2066 .
1822 2023 1968 2068 secta
1995 2024 2137 2082 sunt,
2166 2016 2239 2072 ibi
2264 2018 2556 2087 cicatrices,
2585 2022 2679 2079 sed
2708 2032 2880 2080 tamen
2908 2026 3106 2083 eisdem
3135 2031 3392 2087 membris

1822 2104 2063 2173 redditis,
2106 2123 2212 2163 non
2250 2111 2489 2179 perditis,
2536 2116 2881 2185 apparebunt.
2921 2118 3176 2186 Quamvis
3211 2122 3390 2197 itaque

1823 2196 1998 2249 omnia
2026 2211 2145 2267 quae
2171 2201 2477 2258 acciderunt
2499 2207 2708 2274 corpori
2734 2208 2879 2273 vitia,
2912 2220 3037 2264 tunc
3064 2227 3168 2265 non
3197 2196 3384 2276 erunt;

1822 2302 1929 2341 non
1959 2299 2083 2343 sunt
2111 2300 2283 2347 tamen
2324 2292 2625 2363 deputanda
2658 2297 2743 2354 vel
2788 2300 3104 2370 appellanda
3132 2303 3255 2358 vitia
3286 2304 3391 2359 vir-

1821 2378 1946 2431 tutis
1991 2378 2205 2434 indicia.

1820 2531 2045 2590 CAPUT
2073 2535 2190 2591 XX.
2219 2567 2289 2578 -—
2315 2538 2463 2605 Quod
2490 2543 2543 2595 in
2581 2546 2938 2600 resurrectione
2962 2556 3268 2601 mortuorum
3295 2565 3390 2602 na-

1891 2636 2004 2680 tura
2032 2644 2298 2698 corporum
2325 2633 2620 2698 quibuslibet
2658 2638 2818 2689 modis
2852 2638 3206 2709 dissipatorum
3230 2642 3283 2695 in
3310 2644 3391 2697 itt-

1889 2728 2083 2791 tegrum
2106 2723 2451 2795 undecumque
2470 2727 2751 2782 revocanda
2775 2730 2861 2783 sit.

1892 2872 1943 2926 l.
1975 2872 2124 2927 Absit
2144 2884 2321 2930 autem
2349 2885 2406 2931 ut
2430 2878 2496 2933 ad
2524 2880 2883 2936 resuscitanda
2912 2896 3133 2952 carpam
3158 2885 3386 2956 vitaeque

1818 2962 2090 3019 reddenda
2118 2978 2223 3017 non
2270 2966 2438 3033 possit
2469 2968 2853 3035 omnipotentia
2893 2970 3160 3027 Creatoris
3206 2976 3386 3029 omnia

1817 3070 2097 3123 revocare,
2120 3071 2242 3125 qua:
2268 3056 2351 3111 vel
2378 3058 2577 3123 bestite,
2608 3061 2696 3115 vel
2718 3061 2853 3131 ignis
2878 3062 3190 3134 absumpsit,
3218 3066 3304 3122 vel
3330 3068 3385 3122 in

1820 3148 2091 3216 pulverem
2122 3148 2425 3204 cineremve
2454 3150 2767 3219 collapsum,
2800 3152 2882 3207 vel
2918 3153 2970 3208 in
2995 3155 3267 3210 humorem
3296 3172 3389 3211 so-

1818 3240 2007 3306 lutum,
2024 3241 2107 3296 vel
2135 3241 2187 3297 in
2204 3257 2363 3301 auras
2381 3251 2464 3300 est
2478 3244 2797 3299 exlialatum.
2825 3245 2979 3301 Absit
2998 3255 3055 3302 ut
3069 3247 3217 3303 sinus
3240 3250 3386 3305 ullus

1815 3338 2183 3401 secretumque
2224 3342 2426 3388 natura:
2456 3334 2527 3388 ita
2556 3335 2775 3405 recipiat
2810 3335 3011 3407 aliquid
3055 3337 3383 3395 subtractum

1816 3424 2059 3478 sensibus
2098 3425 2313 3489 nostris,
2356 3434 2414 3479 ut
2440 3427 2676 3481 omnium
2702 3426 2968 3484 Creatoris
2995 3439 3086 3485 aut
3109 3430 3268 3486 lateat
3292 3447 3382 3488 eos

1814 3515 2127 3582 gnitionem,
2166 3525 2257 3569 aut
2289 3516 2501 3586 effugiat
2548 3528 2878 3587 potestatem.
2909 3520 3075 3575 Deum
3107 3532 3255 3578 certe
3284 3538 3382 3578 vo-

1814 3604 1947 3671 lens,
1989 3606 2120 3660 sicut
2162 3617 2396 3677 poterat,
2433 3609 2653 3665 definire
2681 3611 2867 3666 Cicero
2895 3620 3070 3668 tantus
3093 3623 3276 3671 auctor
3303 3616 3384 3686 ip-

1813 3711 1995 3753 sorum
2016 3742 2032 3766 ,
2101 3699 2248 3755 Mens
2292 3703 2523 3771 quantum
2554 3743 2569 3767 ,
2600 3703 2800 3774 inquit,
2832 3714 2903 3758 est
2932 3704 3099 3759 soluta
3136 3716 3182 3761 et
3203 3707 3381 3775 libera,

1812 3800 2001 3844 secreta
2043 3791 2103 3843 ab
2141 3792 2277 3845 omni
2338 3794 2644 3847 concretione
2664 3796 2882 3859 mortali,
2912 3796 3080 3849 omnia
3102 3796 3315 3852 sentiens
3333 3808 3386 3854 et

1812 3898 2029 3948 movens,
2055 3884 2262 3951 ipsaque
2287 3885 2497 3949 praedita
2519 3894 2653 3938 motu
2677 3887 2975 3957 sempiterno
3001 3887 3021 3961 (
3050 3887 3253 3944 Tuscul.
3291 3890 3378 3945 lib.

1814 3972 1879 4035 1,
1925 3989 2040 4041 cap.
2088 3973 2202 4042 27).
2235 3973 2346 4028 Hoc
2392 3985 2567 4029 autem
2622 3978 2820 4045 reperit
2877 3978 2928 4032 in
2978 3979 3233 4053 doctrinis
3269 3997 3384 4037 ma-

1812 4077 2035 4132 gnorum
2079 4062 2538 4133 philosophorum.
2590 4065 2658 4121 Ut
2704 4067 2861 4136 igitur
2900 4070 3191 4123 secundum
3237 4070 3383 4137 ipsos

1813 4157 2032 4229 loquar,
2060 4158 2326 4227 quomodo
2353 4158 2550 4228 aliquid
2578 4158 2659 4213 vel
2682 4159 2810 4214 latet
2832 4160 3006 4213 omnia
3036 4161 3375 4226 sentientem,

1811 4249 1896 4304 vel
1936 4249 2350 4304 irrcvocabiliter
2374 4249 2502 4320 fugit
2530 4251 2705 4305 omnia
2731 4251 3070 4305 moventem?

1880 4342 1933 4395 2.
1965 4340 2116 4397 Unde
2136 4341 2243 4410 jam
2272 4341 2429 4396 etiam
2470 4340 2692 4411 quaestio
2719 4341 2805 4394 illa
2832 4340 3085 4395 solvenda
3113 4352 3227 4408 cst,
3259 4360 3378 4413 qua:

1812 4432 2078 4487 difficilior
2123 4431 2329 4484 videtur
2367 4431 2617 4486 czeteris:
2671 4430 2757 4484 ubi
2787 4430 3062 4497 qumritur,
3103 4446 3222 4485 cum
3253 4448 3379 4489 caro

1813 4522 2009 4577 mortui
2044 4521 2277 4577 hominis
2316 4520 2476 4575 etiam
2510 4519 2727 4573 alterius
2755 4518 2816 4573 ﬁt
2845 4519 3069 4574 viventis
3106 4535 3255 4588 caro,
3292 4524 3377 4576 cui

1812 4614 1987 4684 potius
2035 4626 2219 4667 eorum
2270 4612 2323 4665 in
2374 4609 2765 4665 resurrectione
2812 4608 3082 4664 reddatur.
3137 4610 3193 4666 Si
3234 4612 3378 4667 enim

1812 4703 2070 4774 quispiam
2114 4700 2390 4756 confectus
2419 4699 2556 4758 fame
2597 4707 2757 4769 atque
2782 4698 3090 4768 compulsus
3134 4710 3379 4756 vescatur

1812 4794 2162 4850 cadaveribus
2186 4791 2458 4847 hominum
2480 4831 2495 4856 ,
2522 4788 2663 4857 quod
2691 4789 2888 4844 malum
2928 4789 3211 4859 aliquoties
3238 4791 3379 4845 acci-

1810 4888 1982 4952 disse,
2008 4897 2062 4941 et
2090 4895 2243 4939 vetus
2266 4891 2488 4938 testatur
2535 4879 2755 4935 historia
2775 4921 2792 4948 ,
2818 4889 2873 4936 et
2899 4891 3201 4936 nostrorum
3238 4891 3379 4937 tem-

1812 4992 1997 5046 porqu
2052 4974 2283 5028 infelicia
2329 4971 2694 5040 experimenta
2740 4970 3036 5025 docuerunt
3084 4969 3192 5043 (b);
3248 4987 3375 5025 num

1811 5068 2086 5137 quisquam
2113 5063 2341 5120 veridica
2370 5063 2575 5117 ratione
2595 5060 2901 5126 contendet,
2926 5069 3091 5116 totum
3113 5062 3375 5133 digestum

1876 5240 1949 5303 (α)
1980 5238 2107 5303 Conf-
2133 5243 2306 5303 ριιεθει-
2334 5237 2382 5285 in
2404 5242 2521 5303 0.90-
2545 5240 2717 5303 qltatst-
2743 5233 2822 5303 €3-

1872 5294 1943 5365 (bj
1977 5294 2165 5365 Indicat'
2187 5300 2388 5365 fortasse
2409 5294 2577 5344 diram‘
2600 5294 2729 5365 illam
2760 5295 2967 5365 famem,
3000 5302 3111 5365 quae
3136 5297 3377 5365 humanos

1808 5353 2076 5425 Oppressit,
2098 5363 2213 5411 dum
2234 5359 2574 5425 obsiderentur
2594 5358 2656 5405 ab
2673 5354 2863 5425 alariae.
2877 5353 3214 5425 (anno’phristi
3236 5354 3369 5425 409),

1808 5410 2289 5498 δὲίιιίείεὸὲοιηοηυε
2305 5422 2355 5492 ἓη
2378 5420 2576 5498 ¹ξίδείὶῑί³
2600 5410 3278 5498 ῗίέἒΐὲἷίέἓξίηέὲ’.ἒέε·ηἳιῗὲνξ
3305 5410 3373 5498 *ξίέ

1810 5492 1862 5535 οι
1877 5477 2215 5545 Hieronymus,
2239 5480 2439 5545 Epistula
2466 5477 2930 5545 16,_adt_’rincip.iam
2951 5477 3189 5545 virginem
3213 5488 3227 5521 :
3256 5493 3282 5545 ει
3312 5477 3374 5522 Ad

1816 5564 1840 5594 ι
1861 5536 2091 5597 nefandos
2109 5535 2245 5596 cibos
2262 5535 2422 5606 erupit
2440 5536 2757 5588 esurientium
2777 5535 2971 5606 rabies,
2995 5541 3047 5606 et
3068 5546 3154 5606 sua
3161 5535 3377 5606 invicem

1817 5626 1840 5655 ιι
1860 5594 2085 5657 Heraea
2100 5594 2369 5661 laniarunt;
2389 5604 2501 5650 dum
2536 5608 2688 5647 mater
2711 5607 2807 5645 non
2831 5596 2980 5661 parcit
3000 5594 3194 5661 laetanti
3226 5596 3377 5643 infan-

1819 5687 1840 5715 α
1860 5654 2014 5730 ιῖζῖ
2027 5654 2519 5726 ὲῖιόίιοςίινὶιύιριιο,
2557 5674 2704 5723 quem
2737 5654 2881 5718 paulo
2920 5662 3035 5730 ante
3065 5654 3317 5706 effuderat.
3345 5671 3370 5701 ι

2967 5722 3211 5773 (100th
