3960 6490
608 273 712 329 ’183

608 388 775 445 fuisse
794 401 886 453 per
911 383 1044 437 imos
1065 390 1287 447 meatus,
1313 379 1440 434 nihil
1468 377 1589 433 inde
1612 378 1666 431 in
1689 378 1804 446 ejus
1824 390 2034 430 carnem
2058 389 2176 427 mu-

613 487 775 532 tatum
796 484 959 543 atque
982 484 1318 534 conversum,
1349 483 1468 523 cum
1501 468 1610 537 ipsa
1640 467 1836 521 macies
1863 480 1979 534 qua:
2005 463 2101 517 fuit
2126 471 2181 518 et

609 581 716 621 non
734 574 848 631 -est,
888 564 1016 620 satis
1046 561 1241 616 iudicet
1266 576 1385 631 qua:
1412 560 1514 614 illis
1551 558 1688 613 escis
1716 556 2029 611 detrimenta
2054 568 2179 623 sup-

611 658 747 727 pleta
776 656 923 709 sint?
957 654 1071 708 Jam
1117 652 1292 720 itaque
1335 650 1509 719 aliqua
1551 648 1709 718 paulo
1746 656 1869 701 ante
1912 644 2175 714 prremisi,

606 763 726 818 qua:
751 746 816 800 ad
847 746 1004 799 istum
1029 756 1238 812 quoque
1260 738 1454 794 nodum
1476 736 1783 792 solvendum
1816 734 1989 788 valere
2016 732 2180 788 debe-

607 837 761 892 bunt.
789 830 1054 903 Quidquid
1082 831 1222 885 enim
1249 828 1488 884 carnium
1514 826 1755 880 exhausit
1782 824 1965 888 fames,
2000 827 2179 892 utique

607 930 659 983 in
686 940 842 982 auras
860 935 940 981 est
964 924 1267 981 exhalatum
1295 941 1308 976 :
1340 921 1479 977 unde
1503 921 1733 975 diximus
1757 919 2176 987 omnipotentem

604 1019 772 1074 Deum
804 1031 957 1087 posse
986 1029 1237 1071 revocare
1266 1012 1406 1083 quod
1432 1012 1579 1081 fugit.
1611 1010 1882 1065 Reddetur
1904 1022 2030 1079 ergo
2053 1022 2177 1063 caro

604 1109 691 1163 illa
718 1108 938 1171 homini,
968 1106 1019 1160 in
1049 1120 1154 1175 quo
1182 1119 1301 1160 esse
1328 1117 1452 1159 caro
1475 1100 1703 1156 humana
1732 1100 1973 1169 primitus
1994 1098 2173 1167 coepit.

603 1199 685 1252 Ab
714 1198 805 1252 illo
830 1198 1024 1267 quippe
1050 1196 1217 1250 altero
1256 1203 1504 1263 tanquam
1544 1202 1726 1246 mutuo
1766 1199 1972 1258 sumpta
2013 1188 2176 1257 depu-

605 1287 761 1342 tanda
784 1296 863 1341 est
888 1302 900 1339 :
933 1300 1052 1355 quae
1078 1285 1212 1339 sicut
1239 1298 1313 1337 aes
1336 1283 1563 1337 alienum
1583 1322 1598 1349 ,
1629 1280 1675 1336 ei
1708 1279 2029 1334 redhibeuda
2058 1288 2173 1347 est,

603 1378 976 1446 undesumpta
1001 1383 1101 1430 est.
1132 1374 1234 1430 Sua
1261 1388 1391 1428 vero
1413 1373 1510 1440 illi,
1533 1386 1688 1442 quem
1715 1370 2174 1438 famesexinanie-

602 1476 714 1535 rat,
744 1467 812 1522 ab
840 1482 904 1521 eo
926 1465 1030 1535 qui
1058 1473 1230 1535 potest
1267 1464 1425 1519 etiam
1452 1462 1695 1517 exhalata
1738 1476 2005 1527 revocare,
2040 1461 2173 1516 red-

600 1556 775 1612 detur.
806 1555 1058 1623 Quamvis
1084 1554 1183 1609 etsi
1215 1553 1457 1607 omuibus
1481 1552 1701 1622 perisset
1726 1553 1916 1617 modis,
1948 1567 2047 1607 nec
2071 1552 2174 1607 ulla

601 1646 717 1716 ejus
745 1647 992 1701 materies
1030 1645 1083 1699 in
1119 1644 1245 1699 ullis
1289 1652 1490 1697 naturae
1536 1642 1752 1697 latebris
1795 1643 2169 1709 remansisset,

600 1738 742 1793 unde
767 1737 956 1803 vellet,
985 1752 1100 1791 eam
1136 1744 1409 1806 repararet
1433 1734 1798 1803 Omnipotens.
1831 1732 1934 1788 Sed
1958 1744 2174 1804 propter

598 1830 915 1885 sententiam
944 1828 1193 1883 Veritatis
1216 1869 1230 1891 ,
1255 1842 1358 1897 qua
1384 1826 1581 1882 dictum
1608 1833 1707 1891 est,
1737 1826 1966 1895 Capillus
1992 1826 2171 1896 capitis

598 1920 745 1975 vestri
773 1936 873 1973 non
900 1918 1110 1988 peribit;
1138 1917 1426 1973 absurdum
1460 1925 1543 1971 est
1566 1924 1625 1971 ut
1649 1925 1911 1987 putemus,
1929 1931 2052 1971 cum
2075 1932 2170 1972 ca-

599 2008 757 2078 pillus
796 2008 1024 2062 hominis
1055 2007 1227 2077 perire
1256 2020 1362 2061 non
1394 2005 1593 2076 possit,
1622 2013 1794 2060 tantas
1818 2019 2005 2061 carnes
2034 2006 2171 2062 fame

598 2099 845 2169 depastus
869 2107 1028 2168 atque
1054 2105 1395 2166 consumptas
1414 2095 1589 2167 perire
1614 2096 1864 2166 potuisse.

668 2191 725 2247 ὃ.
750 2189 951 2257 Quibus
977 2188 1222 2243 omnibus
1250 2201 1346 2259 pro
1375 2196 1557 2243 nostro
1579 2187 1794 2243 modulo
1820 2187 2171 2244 consideratis

591 2292 753 2354 atque
796 2282 1210 2349 tractatis,.ba2c
1238 2296 1443 2337 summa
1476 2281 1776 2347 conﬁcitur,
1809 2289 1865 2335 ut
1907 2281 1960 2335 in
1986 2296 2168 2336 resur-

597 2376 833 2429 rectione
859 2374 1032 2428 carnis
1059 2374 1109 2427 in
1133 2381 1387 2428 :cternum
1416 2387 1507 2428 eas
1538 2361 1810 2426 mensuras
1839 2371 2029 2427 habeat
2044 2386 2168 2426 cor-

598 2478 786 2534 porum
834 2462 1180 2533 magnitudo,
1224 2476 1355 2533 quas
1403 2461 1629 2515 habebat
1681 2461 2013 2531 perficienda:
2054 2462 2167 2516 sive

596 2556 843 2626 perfecta:
874 2555 1126 2625 cujusque
1154 2554 1316 2608 indita
1356 2554 1565 2622 corpori
1603 2553 1739 2607 ratio
1762 2552 2079 2623 juventutis,
2113 2554 2163 2608 in

595 2647 957 2702 membrorum
1001 2661 1211 2715 quoque
1252 2645 1487 2699 omnium
1526 2644 1755 2699 modulis
1799 2658 2036 2716 congruo
2074 2646 2167 2700 de-

592 2750 717 2791 core
767 2744 995 2790 servato.
1028 2735 1177 2802 Quod
1227 2734 1393 2790 decus
1441 2744 1500 2790 ut
1552 2744 1825 2800 servetur,
1876 2737 1921 2790 si
1969 2737 2163 2807 aliquid

592 2825 862 2896 demptum
905 2825 1060 2880 fuerit
1110 2825 1373 2880 indecenti
1418 2825 1570 2879 alicui
1597 2826 1876 2896 grauditati
1919 2827 1972 2881 in
2017 2837 2164 2897 parte

592 2917 764 2986 aliqua
791 2915 1120 2981 constituta),
1150 2914 1290 2985 quod
1322 2931 1416 2985 per
1442 2926 1605 2970 totum
1651 2926 1957 2987 spargatur,
1988 2927 2045 2972 ut
2072 2934 2164 2974 ue-

592 3020 694 3075 que
718 3005 768 3060 id
797 3014 1012 3074 pereat,
1042 3014 1095 3061 et
1122 3008 1462 3076 congruentia
1504 3007 1728 3077 partium
1754 3008 1947 3077 ubique
1984 3016 2165 3064 tenea-

593 3106 695 3163 tur,
727 3111 832 3152 non
859 3106 940 3151 est
966 3097 1277 3159 absurdum,
1314 3108 1368 3151 ut
1396 3086 1587 3168 aliquid
1614 3098 1735 3153 inde
1759 3098 1918 3153 etiam
1947 3107 2163 3155 staturae

590 3188 828 3260 corporis
850 3188 975 3243 addi
1017 3203 1172 3259 posse
1211 3188 1522 3249 credamus;
1554 3204 1674 3243 cum
1718 3190 1964 3245 omnibus
2000 3192 2161 3261 parti-

590 3283 708 3347 bus,
740 3290 796 3336 ut
819 3281 1071 3336 decorem
1114 3281 1449 3347 custodiant,
1478 3281 1527 3335 id
1558 3282 1907 3349 distribuitur,
1949 3283 2088 3353 quod
2115 3285 2160 3339 si

589 3371 879 3427 enormiter
905 3372 957 3426 in
997 3385 1100 3426 una
1131 3381 1306 3437 e~sct,
1337 3372 1514 3441 utique
1558 3386 1662 3425 non
1706 3371 1938 3427 deceret.
1986 3373 2087 3426 Aut
2115 3373 2159 3427 si

587 3461 922 3518 contenditur
948 3462 1000 3515 in
1021 3475 1083 3517 ea
1111 3477 1213 3531 que
1236 3480 1246 3511 ι
1270 3477 1373 3531 que
1401 3471 1599 3516 statura
1629 3463 1867 3531 corporis
1912 3478 2158 3518 resurre-

587 3561 793 3607 cturum
814 3566 953 3617 esse,
977 3551 1029 3605 in
1057 3566 1156 3620 qua
1183 3550 1461 3605 defunctus
1486 3560 1586 3615 est,
1616 3567 1721 3604 non
1744 3554 2049 3622 pugnaciter
2076 3568 2161 3608 rc-

587 3641 877 3697 sistendutn
903 3651 1024 3707 est;
1056 3650 1258 3695 tantum
1280 3642 1418 3695 alisit
1436 3642 1608 3697 omnis
1633 3642 1961 3710 deformitas,
1986 3644 2158 3701 omnis

591 3731 889 3797 inﬁrmitas,
918 3730 1091 3786 omnis
1119 3731 1365 3794 tarditas,
1398 3731 1674 3799 onmisque
1696 3733 1965 3801 corruptio
1984 3774 1999 3798 ,
2032 3742 2088 3788 et
2113 3735 2157 3788 si

586 3830 711 3900 quid
747 3828 889 3883 aliud
920 3827 1045 3883 illud
1075 3842 1181 3882 nou
1208 3827 1361 3881 decet
1389 3841 1629 3895 regnum,
1650 3826 1712 3879 ~iu
1752 3841 1858 3896 quo
1912 3842 2155 3882 resurre~

586 3920 778 3976 ctionis
802 3927 855 3973 et
879 3916 1243 3987 promissionis
1268 3916 1356 3970 lilii
1378 3916 1608 3985 aequales
1624 3925 1781 3970 erunt
1807 3917 2020 3987 Angelis
2038 3918 2150 3985 Dei,

584 4008 629 4064 si
654 4021 761 4063 non
790 4019 1033 4077 corpore,
1068 4019 1173 4060 non
1193 4011 1367 4069 astate,
1384 4014 1535 4059 certe
1556 4003 1826 4061 Felicitate.

564 4159 807 4216 CAPUT
849 4158 990 4215 XXI.
1022 4189 1090 4199 —
1126 4156 1208 4212 De
1244 4158 1457 4211 novitate
1481 4157 1716 4227 corporis
1754 4157 2059 4227 spiritualis,
2103 4175 2156 4213 tu

912 4268 1060 4321 quant
1088 4262 1373 4305 sanctorum
1399 4265 1516 4303 caro
1542 4249 1830 4304 mutabitur.

650 4383 982 4438 Ίζθειίιιιιυιιιιι
1011 4398 1135 4449 ergo
1166 4391 1216 4433 et
1251 4379 1497 4449 quidquid
1535 4380 1602 4434 de
1641 4382 1950 4450 corporibus
1988 4382 2117 4435 vivis
2138 4422 2151 4446 ,

588 4476 670 4530 vel
699 4486 815 4544 post
840 4484 1061 4531 mortem
1090 4472 1155 4526 de
1178 4470 1528 4525 cadaveribus
1562 4472 1745 4540 periit,
1772 4480 1826 4526 et
1852 4472 2009 4528 simul
2033 4487 2152 4526 cum

587 4584 651 4622 eo
678 4566 816 4636 quod
858 4566 907 4619 iu
939 4566 1193 4632 sepulcris
1223 4563 1493 4629 remansit,
1524 4564 1578 4616 in
1607 4564 1892 4632 spiritualis
1918 4566 2155 4634 corporis

588 4658 875 4711 novitatem
919 4670 983 4709 ex
1027 4653 1271 4708 animalis
1314 4652 1549 4722 corporis
1592 4662 1853 4709 vetustate
1896 4665 2151 4709 mutatum

586 4756 843 4817 resurget,
874 4744 1264 4813 incorruptione
1289 4750 1444 4812 atque
1468 4743 1859 4799 immortalitate
1884 4746 2150 4799 vestitum.

587 4838 693 4893 Sed
720 4838 818 4892 etsi
847 4836 931 4891 vel
956 4850 1080 4890 casu
1107 4834 1282 4904 aliquo
1305 4833 1451 4905 gravi
1482 4835 1565 4887 vel
1604 4833 1935 4889 inimicorum
1964 4836 2152 4891 imma-

582 4931 751 4985 nitate
775 4937 940 4983 totum
966 4927 1175 4997 penitus
1198 4934 1501 4981 conteratur
1527 4926 1579 4980 in
1606 4927 1892 4996 pulverem,
1921 4937 2077 4998 atque
2100 4930 2153 4984 in

583 5034 742 5077 auras
774 5018 858 5073 vel
889 5018 941 5071 in
967 5031 1129 5087 aquas
1162 5017 1457 5085 dispersum
1499 5026 1751 5086 quantum
1788 5020 1899 5073 ﬁeri
1942 5028 2151 5087 potest,

585 5124 845 5181 nusquam
888 5120 1007 5162 esse
1048 5106 1251 5160 sinatur
1282 5107 1527 5171 omnino,
1558 5107 1699 5161 nullo
1728 5108 1885 5163 modo
1914 5110 2154 5165 subtrahi

584 5201 779 5273 poterit
805 5196 1198 5267 omnipotentize
1226 5194 1509 5257 Creatoris,
1538 5197 1631 5250 sed
1658 5199 1877 5265 capillus
1903 5200 1952 5252 in
1978 5213 2042 5254 eo
2066 5214 2154 5254 ca-

585 5294 708 5364 pitis
739 5307 843 5347 non
869 5290 1077 5360 peribit.
1104 5287 1222 5342 Erit
1246 5301 1371 5356 ergo
1391 5287 1595 5356 spiritui
1617 5288 1821 5340 subdita
1847 5303 1972 5343 caro
1999 5290 2153 5360 Spiri-

586 5386 764 5448 tualis,
792 5382 884 5437 sed
912 5392 1087 5436 tamen
1108 5395 1258 5446 caro,
1287 5394 1391 5433 non
1421 5379 1636 5446 spiritus
1661 5394 1674 5430 :
1705 5380 1842 5434 sicut
1861 5382 2006 5435 carni
2029 5382 2155 5438 sub-

588 5474 729 5528 ditus
759 5473 853 5526 fuit
890 5472 1104 5541 spiritus
1143 5471 1256 5539 ipse
1291 5468 1544 5530 carnalis.
1581 5468 1673 5523 sed
1703 5478 1876 5524 tamett
1904 5472 2149 5542 spiritus,

586 5579 692 5617 non
719 5578 863 5616 caro.
885 5562 1047 5631 Cujus
1068 5561 1142 5616 rei
1170 5560 1858 5631 habemusexperimentum
1882 5562 1936 5617 in
1957 5574 2151 5619 nostra:

586 5666 757 5707 omna:
783 5651 1132 5708 deformitate.
1158 5650 1273 5708 Non
1302 5652 1440 5707 enim
1467 5652 1755 5711 secundum
1779 5668 1992 5713 carnem
2011 5697 2025 5725 ,
2052 5656 2147 5715 sed

1661 263 1744 317 DE
1784 262 2096 317 ClVl'l'ATIi
2139 260 2269 328 DEI,
2292 259 2347 316 S.
2390 261 2751 321 AUGUSTINI
3713 275 3777 331 iii

2288 376 2468 445 utique
2495 378 2785 432 secundum
2821 378 3063 448 Spiritum
3098 377 3350 432 carnales
3376 388 3547 444 erant,
3569 383 3780 451 quilusait

2286 465 2612 533 Apostolus:
2648 466 2767 521 Non
2806 469 2944 538 potui
2980 468 3123 522 nobis
3160 468 3302 537 loqui
3331 471 3472 538 quasi
3497 472 3782 543 spirituum,

2281 554 2370 607 sed
2397 557 2540 623 quasi
2566 557 2849 611 carnalibus
2873 558 2917 628 (Ι
2943 554 3059 612 Cor.
3096 573 3180 624 tu,
3213 558 3289 625 I).
3318 558 3384 611 Et
3410 557 3556 615 homo
3576 564 3785 630 spiritalis

2282 646 2359 701 sic
2388 648 2441 700 in
2481 647 2580 703 hac
2619 651 2721 702 vita
2751 648 2959 712 dicitur,
2992 659 3047 703 ut
3079 657 3271 703 tamen
3302 664 3519 719 corpore
3548 653 3689 707 adhuc
3707 671 3783 711 car-

2282 737 2415 790 nalis
2442 738 2540 805 sit,
2570 749 2626 793 et
2652 739 2827 793 videat
2863 740 3019 793 aliam
3057 741 3250 809 legem
3291 740 3345 792 in
3376 742 3608 795 membris
3630 746 3788 802 suism-

2280 836 2599 897 puguantem
2629 829 2729 899 legi
2756 830 2950 884 mentis
2968 844 3077 885 sua:
3101 828 3292 900 (Rom.
3315 844 3404 894 vtt,
3427 829 3513 900 23)
3540 833 3651 886 :erit
3668 845 3790 890 autem

2280 920 2437 975 etiam
2466 935 2691 990 corpore
2717 922 3024 991 spiritualis,
3055 937 3191 977 cum
3224 921 3416 976 eadem
3441 936 3557 976 caro
3581 924 3643 978 sic
3663 941 3790 981 resur-

2280 1009 2507 1077 rexerit,
2534 1018 2592 1064 ut
2629 1010 2718 1064 ﬁat
2753 1011 2895 1081 quod
2932 1013 3199 1081 scriptum
3229 1019 3349 1077 est,
3383 1012 3646 1065 Seminum-
3666 1032 3791 1083 corpu

2278 1099 2515 1163 animale,
2541 1108 2763 1168 resurget
2784 1116 2965 1169 corpus
2988 1102 3271 1171 spirituale
3296 1102 3335 1171 (Ι
3358 1101 3474 1155 Cor.
3500 1119 3580 1168 xv,
3604 1104 3689 1173 i2).
3707 1107 3791 1173 Qua

2277 1189 2347 1242 sit
2373 1197 2570 1255 autem,
2598 1200 2652 1244 et
2679 1205 2833 1259 quam
2863 1206 3051 1262 magna
3078 1192 3394 1262 spiritualis
3423 1195 3638 1263 corporis
3658 1199 3791 1265 gratia,

2278 1279 2525 1349 quoniam
2557 1280 2792 1335 nondum
2834 1282 2975 1337 venit
3005 1283 3055 1337 in
3081 1285 3526 1353 experimentum
3544 1325 3559 1348 ,
3584 1301 3732 1340 metu
3751 1303 3794 1341 ne

2279 1369 2617 1423 temerarium
2642 1370 2711 1424 sit
2731 1384 2890 1426 omne
2908 1371 3047 1441 quod
3071 1372 3144 1427 de
3172 1372 3267 1426 illa
3296 1372 3558 1441 profertur
3575 1374 3791 1444 eloquium.

2277 1456 2655 1513 Verumtamen
2690 1460 2812 1530 quia
2849 1461 2961 1530 spei
2992 1471 3200 1516 nostra:
3237 1462 3495 1531 gaudium
3533 1473 3713 1531 propter
3733 1465 3795 1517 Dei

2277 1546 2485 1601 laudem
2510 1563 2616 1602 non
2642 1558 2725 1603 est
2749 1550 3050 1616 tacendum,
3075 1559 3133 1607 et
3160 1551 3236 1606 de
3264 1551 3468 1606 intimis
3490 1552 3692 1608 ardentis
3711 1570 3795 1609 san-

2274 1636 2345 1690 cti
2374 1638 2572 1691 amoris
2599 1638 2842 1693 medullis
2866 1638 3063 1694 dictum
3088 1650 3181 1695 est
3200 1681 3218 1707 ,
3251 1639 3474 1695 Domine
3492 1682 3507 1705 ,
3537 1642 3671 1695 dilui
3688 1644 3794 1695 dero-

2274 1743 2378 1781 rem
2407 1728 2585 1783 domus
2612 1740 2713 1784 tute
2737 1728 2919 1802 (Psal.
2948 1747 3071 1797 xxv,
3102 1731 3179 1801 8)
3209 1748 3229 1787 :
3255 1732 3327 1787 de
3352 1732 3504 1788 donis
3529 1733 3628 1802 ejus
3649 1749 3738 1804 qua
3758 1737 3792 1789 in

2275 1819 2375 1875 hac
2402 1823 2846 1877 azrumnosissima
2872 1823 2978 1877 vita
3003 1823 3163 1880 bonis
3194 1825 3464 1895 malisque
3490 1824 3694 1895 largitur,
3714 1828 3796 1895 ipso

2273 1914 2583 1983 adjuvante,
2626 1915 3003 1985 conjiciamus,
3046 1926 3103 1972 ut
3150 1931 3482 1987 possumus,
3510 1925 3722 1987 quantum
3747 1919 3793 1971 sit

2274 2005 2420 2069 illud,
2454 2006 2591 2077 quod
2621 2008 2853 2062 nondum
2880 2010 3102 2078 experti,
3138 2011 3331 2078 utique
3362 2010 3515 2079 digne
3550 2010 3694 2078 eloqui
3717 2026 3792 2061 nou

2271 2098 2529 2153 valemus.
2551 2098 2750 2153 Omitto
2768 2099 2907 2153 enim
2931 2100 3147 2170 quando
3173 2100 3309 2155 fecit
3336 2100 3591 2153 hominem
3613 2110 3788 2161 rectum;

2272 2191 2459 2244 omitto
2486 2190 2648 2245 vitam
2679 2191 2821 2245 illam
2847 2191 3077 2247 duorum
3103 2192 3405 2262 conjugum
3436 2194 3487 2247 in
3522 2191 3711 2261 paradisi
3732 2190 3791 2245 fe-

2270 2282 2539 2337 cunditate
2561 2281 2787 2348 felicem,
2814 2283 3062 2353 quoniam
3086 2285 3104 2316 ί
3128 2293 3245 2338 tam
3271 2284 3450 2338 brevis
3471 2282 3576 2347 fuit,
3599 2292 3643 2337 ut
3662 2281 3713 2335 ad
3730 2297 3789 2334 na-

2270 2373 2529 2427 scentium
2571 2388 2785 2429 sensum
2827 2390 2926 2429 nec
2958 2374 3073 2443 ipsa
3104 2378 3423 2445 pervenerit
3455 2394 3467 2428 :
3496 2376 3543 2429 in
3570 2376 3651 2428 hac
3672 2389 3786 2443 quam

2270 2463 2530 2527 novimus,
2558 2464 2611 2518 in
2635 2480 2737 2534 qua
2764 2464 2935 2519 adhuc
2963 2481 3171 2530 sumus,
3205 2466 3367 2535 cujus
3395 2465 3690 2527 tcutationes,
3711 2464 3787 2515 imo

2269 2569 2425 2623 quam
2482 2563 2644 2610 totam
2692 2558 3072 2624 tentationem,
3122 2559 3387 2629 quamdiu
3430 2559 3481 2612 in
3524 2572 3579 2612 ea
3618 2570 3779 2617 sumus,

2269 2646 2652 2714 quantumlibet
2696 2647 3067 2717 proficiamus,
3116 2649 3334 2718 perpeti
3382 2663 3484 2702 non
3526 2646 3779 2707 desinimus,

2267 2751 2384 2806 qua:
2411 2738 2517 2791 sint
2548 2737 2737 2792 indicia
2767 2740 2905 2795 circa
2942 2755 3110 2811 genus
3138 2741 3437 2795 humanum
3464 2740 3677 2795 bonitatis
3697 2737 3779 2800 Dei,

2267 2827 2385 2898 quis
2410 2830 2603 2898 poterit
2625 2829 2889 2898 explicare
2903 2830 2929 2883 ?

2268 2940 2491 2997 CAPUT
2530 2941 2691 2995 XXII.
2722 2972 2793 2983 --
2822 2943 2899 2997 De
2927 2945 3136 2998 miseriis
3167 2962 3233 2998 ac
3260 2945 3409 2998 malis
3427 2986 3440 3007 ,
3470 2944 3625 3012 quibus
3649 2942 3778 2991 buntu-

2336 3049 2456 3085 num
2491 3050 2648 3104 genus
2690 3035 2865 3087 merito
2906 3036 3083 3104 prima:
3121 3035 3545 3103 prwvaricatiottis
3571 3031 3777 3085 obnoxium

2336 3134 2409 3179 est
2429 3166 2443 3191 ,
2471 3135 2517 3179 et
2546 3142 2578 3178 a
2608 3126 2783 3195 quibus
2820 3142 2964 3181 nemo
2991 3128 3087 3181 nisi
3125 3144 3221 3197 per
3258 3126 3446 3182 Christi
3478 3126 3659 3196 gratiam
3684 3123 3773 3174 libe-

2328 3225 2497 3271 ratur.

2337 3330 2387 3382 l.
2420 3328 2549 3384 Nam
2576 3329 2713 3400 quod
2740 3330 2803 3384 ad
2834 3330 3053 3400 primam
3076 3331 3341 3401 originem
3369 3328 3594 3399 pertinet,
3612 3336 3771 3378 omnem

2264 3422 2563 3476 mortalium
2587 3423 2888 3493 progeniem
2913 3422 3074 3478 fuisse
3092 3423 3421 3487 damnatam,
3446 3420 3549 3472 huc
3572 3418 3665 3486 ipsa
3679 3414 3769 3471 vita.

2263 3515 2307 3569 si
2339 3515 2443 3569 vita
2472 3514 2691 3569 dicenda
2724 3524 2838 3583 est,
2872 3523 2947 3569 tot
2970 3523 3025 3569 et
3054 3515 3213 3568 tantis
3243 3514 3394 3568 malis
3419 3512 3560 3581 plena
3581 3514 3767 3562 testatur-

2262 3605 2398 3673 Quid
2428 3607 2565 3661 enim
2597 3605 2740 3659 aliud
2771 3605 2968 3660 iudicat
3004 3604 3274 3658 horrenda
3305 3601 3534 3673 quaedam
3558 3592 3771 3667 profundi-

2263 3707 2345 3752 tas
2372 3697 2695 3767 ignorautim,
2725 3711 2789 3751 ex
2815 3711 2915 3765 qua
2942 3694 3112 3749 omnis
3136 3710 3292 3749 error
3315 3692 3503 3751 existit,
3530 3687 3607 3759 qui
3629 3696 3766 3739 omnes

2264 3786 2397 3841 filios
2425 3785 2594 3840 Adam
2625 3786 2904 3841 tenebroso
2928 3785 3153 3855 quodam
3182 3785 3307 3839 sinu
3334 3781 3558 3851 suscipit,
3584 3784 3630 3830 ut
3650 3775 3767 3827 homo

2260 3879 2327 3933 ab
2349 3878 2437 3933 illo
2464 3878 2675 3933 liberari
2697 3878 2812 3932 sine
2833 3878 3031 3944 labore,
3053 3876 3262 3943 dolore,
3292 3879 3475 3931 timore
3498 3886 3589 3925 nou
3612 3862 3761 3936 possit?

2259 3970 2397 4037 Quid
2426 3986 2575 4025 amor
2603 3971 2714 4040 ipse
2744 3979 2819 4025 tot
2845 3986 3020 4025 rerum
3052 3983 3312 4023 variarum
3339 3976 3487 4036 atque
3514 3960 3760 4017 noxiarum,

2260 4070 2314 4116 et
2341 4077 2405 4115 ex
2438 4062 2537 4115 hoc
2564 4061 2836 4115 mordaces
2871 4075 3032 4127 curm,
3077 4058 3509 4128 perturbationes,
3538 4058 3754 4105 mme

2260 4152 2584 4217 formidines,
2614 4151 2795 4205 insana
2825 4150 3031 4219 gaudia,
3064 4150 3359 4214 discordiae,
3392 4148 3519 4208 lites,
3548 4141 3677 4201 bella,
3702 4135 3760 4186 iu-

2259 4242 2427 4309 εἰὰἰω,
2458 4241 2761 4307 iracundiae,
2791 4240 3097 4304 inimicitias,
3122 4239 3348 4305 fallacia,
3379 4233 3601 4294 adulatio,
3624 4227 3751 4282 fraus.

2261 4331 2476 4395 furtum,
2513 4332 2716 4400 rapina,
2750 4328 2989 4398 perfidia,
3021 4329 3288 4398 superbia,
3320 4325 3538 4389 ambitio,
3567 4317 3752 4373 inviden-

2262 4422 2349 4487 tia,
2376 4420 2681 4487 homicidia,
2715 4420 3015 4489 parricidia,
3051 4419 3355 4486 crudelitas,
3383 4414 3577 4475 saevitia.
3609 4404 3751 4475 ηῡιιυί·

2262 4515 2361 4579 tia,
2408 4514 2645 4578 luxuria,
2698 4514 3019 4582 petulantia,
3062 4512 3417 4582 impudentia,
3460 4496 3748 4574 impudicitia.

2260 4603 2633 4657 fornicationes
2654 4645 2668 4669 ,
2697 4603 2951 4658 adulteria
2972 4645 2987 4669 ,
3018 4604 3215 4657 incesta
3236 4644 3250 4667 ,
3283 4612 3334 4655 et
3368 4606 3533 4653 contra
3564 4598 3747 4643 naturam

2261 4694 2533 4763 utriusque
2571 4708 2727 4748 sexus
2767 4704 2841 4749 tot
2878 4705 3057 4762 stupra
3094 4704 3252 4763 atque
3290 4685 3624 4747 immundius.
3649 4686 3747 4744 quas

2261 4792 2411 4853 turpe
2440 4794 2521 4839 est
2550 4786 2705 4839 etiam
2733 4784 2930 4852 dicere,
2959 4786 3253 4855 sacrilegia,
3295 4784 3523 4841 hmreses,
3558 4766 3742 4836 blasphe-

2260 4874 2399 4940 ῐηῖω,
2433 4875 2683 4945 Periuria.
2714 4878 3083 4945 oppressioues
3114 4854 3477 4931 innocentium,
3508 4854 3739 4953 calumnia,

2259 4968 2765 5032 circumventioues,
2794 4966 3289 5036 praevaricationes,
3325 4964 3441 5019 falsa
3476 4954 3738 5011 testimonia.

2260 5060 2437 5132 iniqua
2459 5060 2653 5130 judicia
2674 5101 2690 5125 ,
2719 5060 2983 5113 violentia:
3002 5100 3017 5125 ,
3050 5058 3322 5129 latrocinia
3341 5097 3355 5123 ,
3380 5063 3428 5109 et
3451 5038 3655 5133 quidtt‘lid

2261 5154 2387 5208 lium
2416 5154 2673 5208 malorum
2700 5152 2751 5205 iu
2780 5160 3011 5205 mentem
3041 5166 3145 5205 non
3170 5150 3330 5213 venit,
3356 5156 3405 5202 et
3428 5152 3574 5197 tamen
3592 5131 3643 5185 de
3660 5131 3737 5175 vili

2261 5244 2356 5297 ista
2384 5243 2652 5296 hominum
2676 5257 2777 5296 non
2799 5242 3036 5296 recedit?
3064 5242 3251 5294 Verum
3276 5238 3384 5292 haec
3407 5228 3631 5317 hominum
3644 5218 3730 5317 suill

2260 5333 2538 5397 malorum,
2562 5332 2628 5385 ab
2654 5332 2739 5385 illa
2770 5340 2942 5385 tamen
2967 5331 3165 5384 erroris
3192 5340 3245 5383 et
3267 5322 3477 5399 perversi
3501 5314 3734 5403 amori???

2258 5424 2375 5478 dice
2406 5422 2689 5488 venientia,
2721 5436 2839 5475 cum
2870 5436 2975 5489 qua
3002 5421 3177 5474 omnis
3207 5419 3341 5472 filius
3372 5412 3513 5469 Adam
3538 5401 3751 5497 ttascilttfo‘

2258 5513 2388 5568 Nam
2425 5512 2542 5582 quis
2586 5512 2787 5582 ignorat
2828 5524 2949 5564 cum
2989 5519 3184 5579 quanta
3228 5501 3488 5579 ignorantia
3519 5490 3721 5548 veritam.

2324 5673 2343 5704 ⁸
2371 5672 2441 5722 sic
2474 5678 2575 5720 uss.
2606 5678 2652 5718 At
2677 5666 3034 5730 editi,quaudo.
