  <div class='ocr_page' id='page_1' title='image "/cluster/home/n/w/nwhite01/storage/ocr_20150623/40-41/uva.x000217726/1095.png"; bbox 0 0 3926 6386; ppageno 0'>
   <div class='ocr_carea' id='block_1_1' title="bbox 601 310 704 366">
    <p class='ocr_par' dir='ltr' id='par_1_1' title="bbox 601 310 704 366">
     <span class='ocr_line' id='line_1_1' title="bbox 601 310 704 366; baseline -0.01 -1"><span class='ocrx_word' id='word_1_1' title='bbox 601 310 704 366; x_wconf 82' lang='lat'><strong>787</strong></span> 
     </span>
    </p>
   </div>
   <div class='ocr_carea' id='block_1_2' title="bbox 601 426 2165 501">
    <p class='ocr_par' dir='ltr' id='par_1_2' title="bbox 601 426 2165 501">
     <span class='ocr_line' id='line_1_2' title="bbox 601 426 2165 501; baseline 0.01 -25"><span class='ocrx_word' id='word_1_2' title='bbox 601 438 759 493; x_wconf 91' lang='lat' dir='ltr'><strong>quam</strong></span> <span class='ocrx_word' id='word_1_3' title='bbox 790 439 902 480; x_wconf 91' lang='lat' dir='ltr'><strong>rem</strong></span> <span class='ocrx_word' id='word_1_4' title='bbox 928 426 1087 481; x_wconf 90' lang='lat' dir='ltr'><strong>etiam</strong></span> <span class='ocrx_word' id='word_1_5' title='bbox 1114 428 1497 498; x_wconf 77' lang='lat' dir='ltr'><strong>philosophiam</strong></span> <span class='ocrx_word' id='word_1_6' title='bbox 1537 432 1790 501; x_wconf 86' lang='lat' dir='ltr'><strong>prodesse</strong></span> <span class='ocrx_word' id='word_1_7' title='bbox 1814 434 1995 489; x_wconf 91' lang='lat' dir='ltr'><strong>dicunt</strong></span> <span class='ocrx_word' id='word_1_8' title='bbox 2022 437 2165 492; x_wconf 91' lang='lat' dir='ltr'><strong>docti</strong></span> 
     </span>
    </p>
   </div>
   <div class='ocr_carea' id='block_1_3' title="bbox 606 516 2166 596">
    <p class='ocr_par' dir='ltr' id='par_1_3' title="bbox 606 516 2166 596">
     <span class='ocr_line' id='line_1_3' title="bbox 606 516 2166 596; baseline 0.01 -28"><span class='ocrx_word' id='word_1_9' title='bbox 606 516 763 584; x_wconf 86' lang='lat' dir='ltr'><strong>hujus</strong></span> <span class='ocrx_word' id='word_1_10' title='bbox 779 516 979 581; x_wconf 66' lang='lat' dir='ltr'><strong>saeculi,</strong></span> <span class='ocrx_word' id='word_1_11' title='bbox 998 533 1154 587; x_wconf 89' lang='lat' dir='ltr'><strong>quam</strong></span> <span class='ocrx_word' id='word_1_12' title='bbox 1182 519 1254 573; x_wconf 91' lang='lat' dir='ltr'><strong>dii</strong></span> <span class='ocrx_word' id='word_1_13' title='bbox 1281 520 1595 590; x_wconf 88' lang='lat' dir='ltr'><strong>quibusdam</strong></span> <span class='ocrx_word' id='word_1_14' title='bbox 1620 527 1824 593; x_wconf 83' lang='lat' dir='ltr'><strong>paucis,</strong></span> <span class='ocrx_word' id='word_1_15' title='bbox 1855 528 1925 581; x_wconf 92' lang='lat' dir='ltr'><strong>ait</strong></span> <span class='ocrx_word' id='word_1_16' title='bbox 1942 527 2166 596; x_wconf 85' lang='lat' dir='ltr'><strong>Tullius,</strong></span> 
     </span>
    </p>
   </div>
   <div class='ocr_carea' id='block_1_4' title="bbox 607 606 2172 685">
    <p class='ocr_par' dir='ltr' id='par_1_4' title="bbox 607 606 2172 685">
     <span class='ocr_line' id='line_1_4' title="bbox 607 606 2172 685; baseline 0.011 -27"><span class='ocrx_word' id='word_1_17' title='bbox 607 620 781 660; x_wconf 84' lang='lat' dir='ltr'><strong>veram</strong></span> <span class='ocrx_word' id='word_1_18' title='bbox 807 606 1068 663; x_wconf 89' lang='lat' dir='ltr'><strong>dederunt</strong></span> <span class='ocrx_word' id='word_1_19' title='bbox 1086 609 1181 679; x_wconf 81' lang='grc' dir='ltr'><strong>(α).</strong></span> <span class='ocrx_word' id='word_1_20' title='bbox 1200 608 1307 665; x_wconf 84' lang='lat' dir='ltr'><strong>Nec</strong></span> <span class='ocrx_word' id='word_1_21' title='bbox 1328 610 1651 680; x_wconf 88' lang='lat' dir='ltr'><strong>hominibus,</strong></span> <span class='ocrx_word' id='word_1_22' title='bbox 1679 615 1867 685; x_wconf 84' lang='lat' dir='ltr'><strong>inquit,</strong></span> <span class='ocrx_word' id='word_1_23' title='bbox 1886 618 1952 672; x_wconf 88' lang='lat' dir='ltr'><strong>ab</strong></span> <span class='ocrx_word' id='word_1_24' title='bbox 1978 620 2060 673; x_wconf 87' lang='lat' dir='ltr'><strong>his</strong></span> <span class='ocrx_word' id='word_1_25' title='bbox 2081 630 2172 675; x_wconf 85' lang='lat' dir='ltr'><strong>aut</strong></span> 
     </span>
    </p>
   </div>
   <div class='ocr_carea' id='block_1_5' title="bbox 603 696 2172 778">
    <p class='ocr_par' dir='ltr' id='par_1_5' title="bbox 603 696 2172 778">
     <span class='ocr_line' id='line_1_5' title="bbox 603 696 2172 778; baseline 0.009 -29"><span class='ocrx_word' id='word_1_26' title='bbox 603 696 783 751; x_wconf 87' lang='lat' dir='ltr'><strong>datum</strong></span> <span class='ocrx_word' id='word_1_27' title='bbox 808 705 892 752; x_wconf 89' lang='lat' dir='ltr'><strong>est</strong></span> <span class='ocrx_word' id='word_1_28' title='bbox 914 697 1111 752; x_wconf 81' lang='lat' dir='ltr'><strong>donum</strong></span> <span class='ocrx_word' id='word_1_29' title='bbox 1138 700 1329 769; x_wconf 84' lang='lat' dir='ltr'><strong>majus,</strong></span> <span class='ocrx_word' id='word_1_30' title='bbox 1346 710 1436 756; x_wconf 93' lang='lat' dir='ltr'><strong>aut</strong></span> <span class='ocrx_word' id='word_1_31' title='bbox 1465 704 1633 772; x_wconf 82' lang='lat' dir='ltr'><strong>potuit</strong></span> <span class='ocrx_word' id='word_1_32' title='bbox 1652 704 1815 759; x_wconf 93' lang='lat' dir='ltr'><strong>ullum</strong></span> <span class='ocrx_word' id='word_1_33' title='bbox 1837 706 1948 760; x_wconf 88' lang='lat' dir='ltr'><strong>dari</strong></span> <span class='ocrx_word' id='word_1_34' title='bbox 1970 722 1985 759; x_wconf 87' lang='lat'><strong>:</strong></span> <span class='ocrx_word' id='word_1_35' title='bbox 2007 724 2172 778; x_wconf 90' lang='lat' dir='ltr'><strong>usque</strong></span> 
     </span>
    </p>
   </div>
   <div class='ocr_carea' id='block_1_6' title="bbox 603 786 2165 865">
    <p class='ocr_par' dir='ltr' id='par_1_6' title="bbox 603 786 2165 865">
     <span class='ocr_line' id='line_1_6' title="bbox 603 786 2165 865; baseline 0.009 -26"><span class='ocrx_word' id='word_1_36' title='bbox 603 786 737 843; x_wconf 88' lang='lat' dir='ltr'><strong>adeo</strong></span> <span class='ocrx_word' id='word_1_37' title='bbox 760 797 814 843; x_wconf 89' lang='lat' dir='ltr'><strong>et</strong></span> <span class='ocrx_word' id='word_1_38' title='bbox 834 788 955 857; x_wconf 86' lang='lat' dir='ltr'><strong>ipsi,</strong></span> <span class='ocrx_word' id='word_1_39' title='bbox 976 798 1160 843; x_wconf 88' lang='lat' dir='ltr'><strong>contra</strong></span> <span class='ocrx_word' id='word_1_40' title='bbox 1193 805 1325 860; x_wconf 90' lang='lat' dir='ltr'><strong>quos</strong></span> <span class='ocrx_word' id='word_1_41' title='bbox 1357 793 1582 862; x_wconf 81' lang='lat' dir='ltr'><strong>agimus,</strong></span> <span class='ocrx_word' id='word_1_42' title='bbox 1605 809 1815 865; x_wconf 91' lang='lat' dir='ltr'><strong>quoquo</strong></span> <span class='ocrx_word' id='word_1_43' title='bbox 1843 797 2002 851; x_wconf 90' lang='lat' dir='ltr'><strong>modo</strong></span> <span class='ocrx_word' id='word_1_44' title='bbox 2028 814 2165 853; x_wconf 91' lang='lat' dir='ltr'><strong>com-</strong></span> 
     </span>
    </p>
   </div>
   <div class='ocr_carea' id='block_1_7' title="bbox 606 878 2172 955">
    <p class='ocr_par' dir='ltr' id='par_1_7' title="bbox 606 878 2172 955">
     <span class='ocr_line' id='line_1_7' title="bbox 606 878 2172 955; baseline 0.006 -23"><span class='ocrx_word' id='word_1_45' title='bbox 606 878 745 947; x_wconf 86' lang='lat' dir='ltr'><strong>pulsi</strong></span> <span class='ocrx_word' id='word_1_46' title='bbox 793 888 919 934; x_wconf 84' lang='lat' dir='ltr'><strong>sunt</strong></span> <span class='ocrx_word' id='word_1_47' title='bbox 972 880 1025 934; x_wconf 93' lang='lat' dir='ltr'><strong>in</strong></span> <span class='ocrx_word' id='word_1_48' title='bbox 1056 879 1326 947; x_wconf 87' lang='lat' dir='ltr'><strong>habenda,</strong></span> <span class='ocrx_word' id='word_1_49' title='bbox 1376 897 1483 937; x_wconf 92' lang='lat' dir='ltr'><strong>non</strong></span> <span class='ocrx_word' id='word_1_50' title='bbox 1524 899 1855 955; x_wconf 88' lang='lat' dir='ltr'><strong>quacumque</strong></span> <span class='ocrx_word' id='word_1_51' title='bbox 1877 929 1891 950; x_wconf 86' lang='lat'><strong>,</strong></span> <span class='ocrx_word' id='word_1_52' title='bbox 1922 887 2015 942; x_wconf 92' lang='lat' dir='ltr'><strong>sed</strong></span> <span class='ocrx_word' id='word_1_53' title='bbox 2050 904 2172 943; x_wconf 82' lang='lat' dir='ltr'><strong>vera</strong></span> 
     </span>
    </p>
   </div>
   <div class='ocr_carea' id='block_1_8' title="bbox 608 966 2175 1046">
    <p class='ocr_par' dir='ltr' id='par_1_8' title="bbox 608 966 2175 1046">
     <span class='ocr_line' id='line_1_8' title="bbox 608 966 2175 1046; baseline 0.006 -26"><span class='ocrx_word' id='word_1_54' title='bbox 608 966 943 1037; x_wconf 79' lang='lat' dir='ltr'><strong>philosophia</strong></span> <span class='ocrx_word' id='word_1_55' title='bbox 967 970 1195 1023; x_wconf 87' lang='lat' dir='ltr'><strong>divinam</strong></span> <span class='ocrx_word' id='word_1_56' title='bbox 1225 970 1445 1039; x_wconf 75' lang='lat' dir='ltr'><strong>gratiam</strong></span> <span class='ocrx_word' id='word_1_57' title='bbox 1486 972 1747 1027; x_wconf 81' lang='lat' dir='ltr'><strong>conﬁteri.</strong></span> <span class='ocrx_word' id='word_1_58' title='bbox 1780 974 1945 1029; x_wconf 81' lang='lat' dir='ltr'><strong>Porro</strong></span> <span class='ocrx_word' id='word_1_59' title='bbox 1972 976 2016 1029; x_wconf 89' lang='lat' dir='ltr'><strong>si</strong></span> <span class='ocrx_word' id='word_1_60' title='bbox 2049 991 2175 1046; x_wconf 87' lang='lat' dir='ltr'><strong>pau-</strong></span> 
     </span>
    </p>
   </div>
   <div class='ocr_carea' id='block_1_9' title="bbox 610 1056 2174 1131">
    <p class='ocr_par' dir='ltr' id='par_1_9' title="bbox 610 1056 2174 1131">
     <span class='ocr_line' id='line_1_9' title="bbox 610 1056 2174 1131; baseline 0.005 -21"><span class='ocrx_word' id='word_1_61' title='bbox 610 1056 689 1110; x_wconf 89' lang='lat' dir='ltr'><strong>cis</strong></span> <span class='ocrx_word' id='word_1_62' title='bbox 720 1056 973 1111; x_wconf 85' lang='lat' dir='ltr'><strong>divinitus</strong></span> <span class='ocrx_word' id='word_1_63' title='bbox 1001 1056 1181 1112; x_wconf 89' lang='lat' dir='ltr'><strong>datum</strong></span> <span class='ocrx_word' id='word_1_64' title='bbox 1205 1067 1288 1113; x_wconf 86' lang='lat' dir='ltr'><strong>est</strong></span> <span class='ocrx_word' id='word_1_65' title='bbox 1318 1074 1458 1113; x_wconf 76' lang='lat' dir='ltr'><strong>vera:</strong></span> <span class='ocrx_word' id='word_1_66' title='bbox 1489 1060 1838 1131; x_wconf 71' lang='lat' dir='ltr'><strong>philosophia:</strong></span> <span class='ocrx_word' id='word_1_67' title='bbox 1860 1072 2043 1118; x_wconf 88' lang='lat' dir='ltr'><strong>contra</strong></span> <span class='ocrx_word' id='word_1_68' title='bbox 2072 1066 2174 1118; x_wconf 84' lang='lat' dir='ltr'><strong>mi—</strong></span> 
     </span>
    </p>
   </div>
   <div class='ocr_carea' id='block_1_10' title="bbox 612 1147 2179 1217">
    <p class='ocr_par' dir='ltr' id='par_1_10' title="bbox 612 1147 2179 1217">
     <span class='ocr_line' id='line_1_10' title="bbox 612 1147 2179 1217; baseline 0.006 -18"><span class='ocrx_word' id='word_1_69' title='bbox 612 1148 779 1202; x_wconf 81' lang='lat' dir='ltr'><strong>serias</strong></span> <span class='ocrx_word' id='word_1_70' title='bbox 828 1147 982 1215; x_wconf 77' lang='lat' dir='ltr'><strong>bujus</strong></span> <span class='ocrx_word' id='word_1_71' title='bbox 1022 1150 1143 1203; x_wconf 65' lang='lat' dir='ltr'><strong>vitae</strong></span> <span class='ocrx_word' id='word_1_72' title='bbox 1194 1151 1403 1205; x_wconf 85' lang='lat' dir='ltr'><strong>unicum</strong></span> <span class='ocrx_word' id='word_1_73' title='bbox 1442 1152 1697 1206; x_wconf 79' lang='lat' dir='ltr'><strong>auxilium</strong></span> <span class='ocrx_word' id='word_1_74' title='bbox 1725 1194 1738 1217; x_wconf 94' lang='lat'><strong>,</strong></span> <span class='ocrx_word' id='word_1_75' title='bbox 1772 1154 1901 1208; x_wconf 83' lang='lat' dir='ltr'><strong>satis</strong></span> <span class='ocrx_word' id='word_1_76' title='bbox 1947 1164 2000 1208; x_wconf 90' lang='lat' dir='ltr'><strong>et</strong></span> <span class='ocrx_word' id='word_1_77' title='bbox 2055 1155 2179 1210; x_wconf 89' lang='lat' dir='ltr'><strong>hinc</strong></span> 
     </span>
    </p>
   </div>
   <div class='ocr_carea' id='block_1_11' title="bbox 608 1239 2181 1316">
    <p class='ocr_par' dir='ltr' id='par_1_11' title="bbox 608 1239 2181 1316">
     <span class='ocr_line' id='line_1_11' title="bbox 608 1239 2181 1316; baseline 0.008 -26"><span class='ocrx_word' id='word_1_78' title='bbox 608 1248 827 1307; x_wconf 82' lang='lat' dir='ltr'><strong>apparet</strong></span> <span class='ocrx_word' id='word_1_79' title='bbox 853 1239 1139 1295; x_wconf 79' lang='lat' dir='ltr'><strong>humanum</strong></span> <span class='ocrx_word' id='word_1_80' title='bbox 1178 1256 1341 1311; x_wconf 88' lang='lat' dir='ltr'><strong>genus</strong></span> <span class='ocrx_word' id='word_1_81' title='bbox 1381 1242 1446 1297; x_wconf 88' lang='lat' dir='ltr'><strong>ad</strong></span> <span class='ocrx_word' id='word_1_82' title='bbox 1474 1244 1697 1299; x_wconf 83' lang='lat' dir='ltr'><strong>luendas</strong></span> <span class='ocrx_word' id='word_1_83' title='bbox 1721 1245 2049 1300; x_wconf 83' lang='lat' dir='ltr'><strong>miseriarum</strong></span> <span class='ocrx_word' id='word_1_84' title='bbox 2070 1262 2181 1316; x_wconf 56' lang='lat' dir='ltr'><strong>pas.</strong></span> 
     </span>
    </p>
   </div>
   <div class='ocr_carea' id='block_1_12' title="bbox 610 1330 2176 1404">
    <p class='ocr_par' dir='ltr' id='par_1_12' title="bbox 610 1330 2176 1404">
     <span class='ocr_line' id='line_1_12' title="bbox 610 1330 2176 1404; baseline 0.005 -21"><span class='ocrx_word' id='word_1_85' title='bbox 610 1345 705 1383; x_wconf 83' lang='lat' dir='ltr'><strong>nas</strong></span> <span class='ocrx_word' id='word_1_86' title='bbox 752 1345 870 1385; x_wconf 88' lang='lat' dir='ltr'><strong>esse</strong></span> <span class='ocrx_word' id='word_1_87' title='bbox 906 1330 1230 1385; x_wconf 81' lang='lat' dir='ltr'><strong>damnatum.</strong></span> <span class='ocrx_word' id='word_1_88' title='bbox 1263 1332 1410 1386; x_wconf 86' lang='lat' dir='ltr'><strong>Sicut</strong></span> <span class='ocrx_word' id='word_1_89' title='bbox 1448 1344 1624 1389; x_wconf 87' lang='lat' dir='ltr'><strong>autem</strong></span> <span class='ocrx_word' id='word_1_90' title='bbox 1673 1334 1806 1399; x_wconf 89' lang='lat' dir='ltr'><strong>hoc,</strong></span> <span class='ocrx_word' id='word_1_91' title='bbox 1837 1344 1893 1389; x_wconf 91' lang='lat' dir='ltr'><strong>ut</strong></span> <span class='ocrx_word' id='word_1_92' title='bbox 1926 1336 2176 1404; x_wconf 82' lang='lat' dir='ltr'><strong>fatentur,</strong></span> 
     </span>
    </p>
   </div>
   <div class='ocr_carea' id='block_1_13' title="bbox 615 1421 2181 1492">
    <p class='ocr_par' dir='ltr' id='par_1_13' title="bbox 615 1421 2181 1492">
     <span class='ocr_line' id='line_1_13' title="bbox 615 1421 2181 1492; baseline 0.004 -18"><span class='ocrx_word' id='word_1_93' title='bbox 615 1421 813 1475; x_wconf 88' lang='lat' dir='ltr'><strong>nullum</strong></span> <span class='ocrx_word' id='word_1_94' title='bbox 858 1422 1091 1476; x_wconf 87' lang='lat' dir='ltr'><strong>divinum</strong></span> <span class='ocrx_word' id='word_1_95' title='bbox 1130 1424 1300 1492; x_wconf 88' lang='lat' dir='ltr'><strong>majus</strong></span> <span class='ocrx_word' id='word_1_96' title='bbox 1329 1433 1411 1479; x_wconf 91' lang='lat' dir='ltr'><strong>est</strong></span> <span class='ocrx_word' id='word_1_97' title='bbox 1455 1424 1651 1477; x_wconf 84' lang='lat' dir='ltr'><strong>donum</strong></span> <span class='ocrx_word' id='word_1_98' title='bbox 1677 1466 1693 1490; x_wconf 93' lang='lat'><strong>,</strong></span> <span class='ocrx_word' id='word_1_99' title='bbox 1736 1425 1813 1479; x_wconf 91' lang='lat' dir='ltr'><strong>sic</strong></span> <span class='ocrx_word' id='word_1_100' title='bbox 1849 1440 1878 1479; x_wconf 91' lang='lat' dir='ltr'><strong>a</strong></span> <span class='ocrx_word' id='word_1_101' title='bbox 1909 1426 2054 1481; x_wconf 92' lang='lat' dir='ltr'><strong>nullo</strong></span> <span class='ocrx_word' id='word_1_102' title='bbox 2079 1426 2181 1481; x_wconf 90' lang='lat' dir='ltr'><strong>deo</strong></span> 
     </span>
    </p>
   </div>
   <div class='ocr_carea' id='block_1_14' title="bbox 614 1510 2182 1586">
    <p class='ocr_par' dir='ltr' id='par_1_14' title="bbox 614 1510 2182 1586">
     <span class='ocr_line' id='line_1_14' title="bbox 614 1510 2182 1586; baseline 0.004 -22"><span class='ocrx_word' id='word_1_103' title='bbox 614 1510 725 1564; x_wconf 77' lang='lat' dir='ltr'><strong>dari</strong></span> <span class='ocrx_word' id='word_1_104' title='bbox 768 1512 1088 1566; x_wconf 81' lang='lat' dir='ltr'><strong>credendum</strong></span> <span class='ocrx_word' id='word_1_105' title='bbox 1116 1522 1215 1577; x_wconf 89' lang='lat' dir='ltr'><strong>est,</strong></span> <span class='ocrx_word' id='word_1_106' title='bbox 1246 1513 1347 1566; x_wconf 87' lang='lat' dir='ltr'><strong>nisi</strong></span> <span class='ocrx_word' id='word_1_107' title='bbox 1372 1514 1440 1567; x_wconf 88' lang='lat' dir='ltr'><strong>ab</strong></span> <span class='ocrx_word' id='word_1_108' title='bbox 1464 1514 1577 1579; x_wconf 88' lang='lat' dir='ltr'><strong>illo,</strong></span> <span class='ocrx_word' id='word_1_109' title='bbox 1604 1529 1710 1583; x_wconf 92' lang='lat' dir='ltr'><strong>quo</strong></span> <span class='ocrx_word' id='word_1_110' title='bbox 1733 1525 1786 1569; x_wconf 92' lang='lat' dir='ltr'><strong>et</strong></span> <span class='ocrx_word' id='word_1_111' title='bbox 1807 1514 1905 1585; x_wconf 89' lang='lat' dir='ltr'><strong>ipsi</strong></span> <span class='ocrx_word' id='word_1_112' title='bbox 1933 1517 2020 1586; x_wconf 92' lang='lat' dir='ltr'><strong>qui</strong></span> <span class='ocrx_word' id='word_1_113' title='bbox 2044 1518 2182 1571; x_wconf 84' lang='lat' dir='ltr'><strong>mul-</strong></span> 
     </span>
    </p>
   </div>
   <div class='ocr_carea' id='block_1_15' title="bbox 614 1600 1971 1676">
    <p class='ocr_par' dir='ltr' id='par_1_15' title="bbox 614 1600 1971 1676">
     <span class='ocr_line' id='line_1_15' title="bbox 614 1600 1971 1676; baseline 0.006 -23"><span class='ocrx_word' id='word_1_114' title='bbox 614 1608 696 1656; x_wconf 86' lang='lat' dir='ltr'><strong>tos</strong></span> <span class='ocrx_word' id='word_1_115' title='bbox 722 1600 851 1657; x_wconf 86' lang='lat' dir='ltr'><strong>deos</strong></span> <span class='ocrx_word' id='word_1_116' title='bbox 878 1603 1079 1670; x_wconf 89' lang='lat' dir='ltr'><strong>colunt,</strong></span> <span class='ocrx_word' id='word_1_117' title='bbox 1109 1602 1315 1658; x_wconf 84' lang='lat' dir='ltr'><strong>nullum</strong></span> <span class='ocrx_word' id='word_1_118' title='bbox 1342 1603 1522 1659; x_wconf 88' lang='lat' dir='ltr'><strong>dicunt</strong></span> <span class='ocrx_word' id='word_1_119' title='bbox 1548 1620 1669 1660; x_wconf 88' lang='lat' dir='ltr'><strong>esse</strong></span> <span class='ocrx_word' id='word_1_120' title='bbox 1692 1606 1971 1676; x_wconf 89' lang='lat' dir='ltr'><strong>majorem.</strong></span> 
     </span>
    </p>
   </div>
   <div class='ocr_carea' id='block_1_16' title="bbox 611 1730 2187 1810">
    <p class='ocr_par' dir='ltr' id='par_1_16' title="bbox 611 1730 2187 1810">
     <span class='ocr_line' id='line_1_16' title="bbox 611 1730 2187 1810; baseline 0.004 -21"><span class='ocrx_word' id='word_1_121' title='bbox 611 1730 838 1789; x_wconf 60' lang='lat' dir='ltr'>CAPUT</span> <span class='ocrx_word' id='word_1_122' title='bbox 863 1733 1051 1787; x_wconf 78' lang='lat' dir='ltr'><strong>XXIII.</strong></span> <span class='ocrx_word' id='word_1_123' title='bbox 1080 1764 1150 1774; x_wconf 93' lang='lat'>—</span> <span class='ocrx_word' id='word_1_124' title='bbox 1182 1734 1259 1789; x_wconf 88' lang='lat' dir='ltr'><strong>De</strong></span> <span class='ocrx_word' id='word_1_125' title='bbox 1284 1736 1361 1790; x_wconf 77' lang='lat' dir='ltr'><strong>his</strong></span> <span class='ocrx_word' id='word_1_126' title='bbox 1386 1752 1530 1805; x_wconf 69' lang='lat' dir='ltr'><strong>quia,</strong></span> <span class='ocrx_word' id='word_1_127' title='bbox 1560 1747 1743 1806; x_wconf 71' lang='lat' dir='ltr'><strong>prater</strong></span> <span class='ocrx_word' id='word_1_128' title='bbox 1773 1740 1864 1793; x_wconf 86' lang='lat' dir='ltr'><strong>illa</strong></span> <span class='ocrx_word' id='word_1_129' title='bbox 1902 1742 2038 1795; x_wconf 87' lang='lat' dir='ltr'><strong>mala</strong></span> <span class='ocrx_word' id='word_1_130' title='bbox 2075 1757 2187 1810; x_wconf 69' lang='lat' dir='ltr'><strong>quae</strong></span> 
     </span>
    </p>
   </div>
   <div class='ocr_carea' id='block_1_17' title="bbox 687 1822 2183 1899">
    <p class='ocr_par' dir='ltr' id='par_1_17' title="bbox 687 1822 2183 1899">
     <span class='ocr_line' id='line_1_17' title="bbox 687 1822 2183 1899; baseline 0.006 -23"><span class='ocrx_word' id='word_1_131' title='bbox 687 1822 828 1877; x_wconf 73' lang='lat' dir='ltr'><strong>bonis</strong></span> <span class='ocrx_word' id='word_1_132' title='bbox 856 1826 1097 1894; x_wconf 75' lang='lat' dir='ltr'><strong>malisque</strong></span> <span class='ocrx_word' id='word_1_133' title='bbox 1112 1828 1393 1880; x_wconf 79' lang='lat' dir='ltr'><strong>communia</strong></span> <span class='ocrx_word' id='word_1_134' title='bbox 1417 1837 1567 1895; x_wconf 78' lang='lat' dir='ltr'><strong>sunt,</strong></span> <span class='ocrx_word' id='word_1_135' title='bbox 1600 1828 1669 1881; x_wconf 85' lang='lat' dir='ltr'><strong>ad</strong></span> <span class='ocrx_word' id='word_1_136' title='bbox 1684 1830 1941 1899; x_wconf 79' lang='lat' dir='ltr'><strong>juslorum</strong></span> <span class='ocrx_word' id='word_1_137' title='bbox 1964 1832 2183 1887; x_wconf 75' lang='lat' dir='ltr'><strong>laborem</strong></span> 
     </span>
    </p>
   </div>
   <div class='ocr_carea' id='block_1_18' title="bbox 685 1914 1253 1983">
    <p class='ocr_par' dir='ltr' id='par_1_18' title="bbox 685 1914 1253 1983">
     <span class='ocr_line' id='line_1_18' title="bbox 685 1914 1253 1983; baseline 0.007 -18"><span class='ocrx_word' id='word_1_138' title='bbox 685 1914 965 1982; x_wconf 67' lang='lat' dir='ltr'><strong>spcciahter</strong></span> <span class='ocrx_word' id='word_1_139' title='bbox 989 1916 1253 1983; x_wconf 75' lang='lat' dir='ltr'><strong>pertinent.</strong></span> 
     </span>
    </p>
   </div>
   <div class='ocr_carea' id='block_1_19' title="bbox 690 2046 2187 2127">
    <p class='ocr_par' dir='ltr' id='par_1_19' title="bbox 690 2046 2187 2127">
     <span class='ocr_line' id='line_1_19' title="bbox 690 2046 2187 2127; baseline 0.007 -26"><span class='ocrx_word' id='word_1_140' title='bbox 690 2046 891 2101; x_wconf 72' lang='lat' dir='ltr'><strong>Prmtcr</strong></span> <span class='ocrx_word' id='word_1_141' title='bbox 919 2047 1030 2103; x_wconf 61' lang='lat' dir='ltr'><strong>haec</strong></span> <span class='ocrx_word' id='word_1_142' title='bbox 1058 2058 1234 2104; x_wconf 89' lang='lat' dir='ltr'><strong>autem</strong></span> <span class='ocrx_word' id='word_1_143' title='bbox 1258 2051 1395 2105; x_wconf 89' lang='lat' dir='ltr'><strong>mala</strong></span> <span class='ocrx_word' id='word_1_144' title='bbox 1422 2050 1579 2121; x_wconf 86' lang='lat' dir='ltr'><strong>hujus</strong></span> <span class='ocrx_word' id='word_1_145' title='bbox 1607 2053 1730 2107; x_wconf 77' lang='lat' dir='ltr'><strong>vita:</strong></span> <span class='ocrx_word' id='word_1_146' title='bbox 1750 2054 1904 2110; x_wconf 90' lang='lat' dir='ltr'><strong>bonis</strong></span> <span class='ocrx_word' id='word_1_147' title='bbox 1931 2057 2187 2127; x_wconf 88' lang='lat' dir='ltr'><strong>malisque</strong></span> 
     </span>
    </p>
   </div>
   <div class='ocr_carea' id='block_1_20' title="bbox 619 2138 2187 2217">
    <p class='ocr_par' dir='ltr' id='par_1_20' title="bbox 619 2138 2187 2217">
     <span class='ocr_line' id='line_1_20' title="bbox 619 2138 2187 2217; baseline 0.008 -27"><span class='ocrx_word' id='word_1_148' title='bbox 619 2138 944 2203; x_wconf 86' lang='lat' dir='ltr'><strong>communia,</strong></span> <span class='ocrx_word' id='word_1_149' title='bbox 961 2138 1155 2195; x_wconf 73' lang='lat' dir='ltr'><strong>habent</strong></span> <span class='ocrx_word' id='word_1_150' title='bbox 1184 2141 1235 2195; x_wconf 92' lang='lat' dir='ltr'><strong>in</strong></span> <span class='ocrx_word' id='word_1_151' title='bbox 1252 2156 1315 2196; x_wconf 84' lang='lat' dir='ltr'><strong>ea</strong></span> <span class='ocrx_word' id='word_1_152' title='bbox 1332 2141 1458 2211; x_wconf 88' lang='lat' dir='ltr'><strong>justi</strong></span> <span class='ocrx_word' id='word_1_153' title='bbox 1485 2143 1642 2197; x_wconf 90' lang='lat' dir='ltr'><strong>etiam</strong></span> <span class='ocrx_word' id='word_1_154' title='bbox 1662 2146 1905 2214; x_wconf 88' lang='lat' dir='ltr'><strong>proprios</strong></span> <span class='ocrx_word' id='word_1_155' title='bbox 1930 2147 2187 2217; x_wconf 90' lang='lat' dir='ltr'><strong>quosdam</strong></span> 
     </span>
    </p>
   </div>
   <div class='ocr_carea' id='block_1_21' title="bbox 620 2227 2188 2301">
    <p class='ocr_par' dir='ltr' id='par_1_21' title="bbox 620 2227 2188 2301">
     <span class='ocr_line' id='line_1_21' title="bbox 620 2227 2188 2301; baseline 0.008 -20"><span class='ocrx_word' id='word_1_156' title='bbox 620 2227 830 2283; x_wconf 87' lang='lat' dir='ltr'><strong>labores</strong></span> <span class='ocrx_word' id='word_1_157' title='bbox 855 2244 1000 2295; x_wconf 88' lang='lat' dir='ltr'><strong>suos,</strong></span> <span class='ocrx_word' id='word_1_158' title='bbox 1024 2231 1211 2300; x_wconf 87' lang='lat' dir='ltr'><strong>quibus</strong></span> <span class='ocrx_word' id='word_1_159' title='bbox 1236 2232 1491 2288; x_wconf 89' lang='lat' dir='ltr'><strong>adversus</strong></span> <span class='ocrx_word' id='word_1_160' title='bbox 1514 2234 1638 2288; x_wconf 91' lang='lat' dir='ltr'><strong>vitia</strong></span> <span class='ocrx_word' id='word_1_161' title='bbox 1661 2236 1912 2301; x_wconf 85' lang='lat' dir='ltr'><strong>militant,</strong></span> <span class='ocrx_word' id='word_1_162' title='bbox 1946 2245 2000 2291; x_wconf 90' lang='lat' dir='ltr'><strong>et</strong></span> <span class='ocrx_word' id='word_1_163' title='bbox 2034 2238 2084 2292; x_wconf 91' lang='lat' dir='ltr'><strong>in</strong></span> <span class='ocrx_word' id='word_1_164' title='bbox 2104 2246 2188 2295; x_wconf 77' lang='lat' dir='ltr'><strong>ta-</strong></span> 
     </span>
    </p>
   </div>
   <div class='ocr_carea' id='block_1_22' title="bbox 621 2320 2186 2395">
    <p class='ocr_par' dir='ltr' id='par_1_22' title="bbox 621 2320 2186 2395">
     <span class='ocr_line' id='line_1_22' title="bbox 621 2320 2186 2395; baseline 0.007 -24"><span class='ocrx_word' id='word_1_165' title='bbox 621 2320 748 2372; x_wconf 89' lang='lat' dir='ltr'><strong>lium</strong></span> <span class='ocrx_word' id='word_1_166' title='bbox 767 2320 1067 2390; x_wconf 72' lang='lat' dir='ltr'><strong>prmliorum</strong></span> <span class='ocrx_word' id='word_1_167' title='bbox 1098 2324 1477 2378; x_wconf 89' lang='lat' dir='ltr'><strong>tentationibus</strong></span> <span class='ocrx_word' id='word_1_168' title='bbox 1506 2324 1863 2395; x_wconf 87' lang='lat' dir='ltr'><strong>periculisque</strong></span> <span class='ocrx_word' id='word_1_169' title='bbox 1889 2338 2186 2382; x_wconf 78' lang='lat' dir='ltr'><strong>versantur.</strong></span> 
     </span>
    </p>
   </div>
   <div class='ocr_carea' id='block_1_23' title="bbox 618 2408 2187 2484">
    <p class='ocr_par' dir='ltr' id='par_1_23' title="bbox 618 2408 2187 2484">
     <span class='ocr_line' id='line_1_23' title="bbox 618 2408 2187 2484; baseline 0.006 -21"><span class='ocrx_word' id='word_1_170' title='bbox 618 2408 921 2479; x_wconf 81' lang='lat' dir='ltr'><strong>Aliquando</strong></span> <span class='ocrx_word' id='word_1_171' title='bbox 945 2412 1085 2465; x_wconf 88' lang='lat' dir='ltr'><strong>enim</strong></span> <span class='ocrx_word' id='word_1_172' title='bbox 1107 2412 1442 2479; x_wconf 79' lang='lat' dir='ltr'><strong>concitatius,</strong></span> <span class='ocrx_word' id='word_1_173' title='bbox 1465 2414 1752 2484; x_wconf 86' lang='lat' dir='ltr'><strong>aliquando</strong></span> <span class='ocrx_word' id='word_1_174' title='bbox 1772 2416 2065 2483; x_wconf 88' lang='lat' dir='ltr'><strong>remissius,</strong></span> <span class='ocrx_word' id='word_1_175' title='bbox 2083 2433 2187 2473; x_wconf 93' lang='lat' dir='ltr'><strong>non</strong></span> 
     </span>
    </p>
   </div>
   <div class='ocr_carea' id='block_1_24' title="bbox 622 2500 2191 2576">
    <p class='ocr_par' dir='ltr' id='par_1_24' title="bbox 622 2500 2191 2576">
     <span class='ocr_line' id='line_1_24' title="bbox 622 2500 2191 2576; baseline 0.008 -24"><span class='ocrx_word' id='word_1_176' title='bbox 622 2509 797 2554; x_wconf 90' lang='lat' dir='ltr'><strong>tamen</strong></span> <span class='ocrx_word' id='word_1_177' title='bbox 821 2500 1014 2555; x_wconf 86' lang='lat' dir='ltr'><strong>desinit</strong></span> <span class='ocrx_word' id='word_1_178' title='bbox 1034 2516 1158 2556; x_wconf 91' lang='lat' dir='ltr'><strong>caro</strong></span> <span class='ocrx_word' id='word_1_179' title='bbox 1174 2504 1549 2573; x_wconf 88' lang='lat' dir='ltr'><strong>concupiscere</strong></span> <span class='ocrx_word' id='word_1_180' title='bbox 1578 2505 1834 2569; x_wconf 87' lang='lat' dir='ltr'><strong>adversus</strong></span> <span class='ocrx_word' id='word_1_181' title='bbox 1861 2508 2125 2576; x_wconf 88' lang='lat' dir='ltr'><strong>spiritum,</strong></span> <span class='ocrx_word' id='word_1_182' title='bbox 2138 2518 2191 2564; x_wconf 91' lang='lat' dir='ltr'><strong>et</strong></span> 
     </span>
    </p>
   </div>
   <div class='ocr_carea' id='block_1_25' title="bbox 619 2590 2192 2666">
    <p class='ocr_par' dir='ltr' id='par_1_25' title="bbox 619 2590 2192 2666">
     <span class='ocr_line' id='line_1_25' title="bbox 619 2590 2192 2666; baseline 0.006 -21"><span class='ocrx_word' id='word_1_183' title='bbox 619 2590 835 2658; x_wconf 82' lang='lat' dir='ltr'><strong>spiritus</strong></span> <span class='ocrx_word' id='word_1_184' title='bbox 853 2591 1105 2645; x_wconf 90' lang='lat' dir='ltr'><strong>adversus</strong></span> <span class='ocrx_word' id='word_1_185' title='bbox 1120 2608 1356 2661; x_wconf 89' lang='lat' dir='ltr'><strong>carnem,</strong></span> <span class='ocrx_word' id='word_1_186' title='bbox 1372 2604 1428 2649; x_wconf 93' lang='lat' dir='ltr'><strong>ut</strong></span> <span class='ocrx_word' id='word_1_187' title='bbox 1444 2611 1548 2650; x_wconf 89' lang='lat' dir='ltr'><strong>non</strong></span> <span class='ocrx_word' id='word_1_188' title='bbox 1560 2611 1619 2650; x_wconf 89' lang='lat' dir='ltr'><strong>ea</strong></span> <span class='ocrx_word' id='word_1_189' title='bbox 1639 2612 1757 2666; x_wconf 76' lang='lat' dir='ltr'><strong>qua:</strong></span> <span class='ocrx_word' id='word_1_190' title='bbox 1774 2598 2017 2653; x_wconf 90' lang='lat' dir='ltr'><strong>volumus</strong></span> <span class='ocrx_word' id='word_1_191' title='bbox 2031 2597 2192 2654; x_wconf 88' lang='lat' dir='ltr'><strong>facia-</strong></span> 
     </span>
    </p>
   </div>
   <div class='ocr_carea' id='block_1_26' title="bbox 618 2682 2189 2759">
    <p class='ocr_par' dir='ltr' id='par_1_26' title="bbox 618 2682 2189 2759">
     <span class='ocr_line' id='line_1_26' title="bbox 618 2682 2189 2759; baseline 0.007 -24"><span class='ocrx_word' id='word_1_192' title='bbox 618 2698 737 2737; x_wconf 85' lang='lat' dir='ltr'><strong>mus</strong></span> <span class='ocrx_word' id='word_1_193' title='bbox 754 2682 1039 2753; x_wconf 79' lang='lat' dir='ltr'><strong>(Calat.v,l</strong></span> <span class='ocrx_word' id='word_1_194' title='bbox 1051 2683 1343 2755; x_wconf 82' lang='lat' dir='ltr'><strong>7),omnem</strong></span> <span class='ocrx_word' id='word_1_195' title='bbox 1363 2687 1553 2741; x_wconf 88' lang='lat' dir='ltr'><strong>malam</strong></span> <span class='ocrx_word' id='word_1_196' title='bbox 1569 2690 2049 2759; x_wconf 87' lang='lat' dir='ltr'><strong>concupiscentiam</strong></span> <span class='ocrx_word' id='word_1_197' title='bbox 2059 2706 2189 2746; x_wconf 86' lang='lat' dir='ltr'><strong>con-</strong></span> 
     </span>
    </p>
   </div>
   <div class='ocr_carea' id='block_1_27' title="bbox 618 2774 2195 2854">
    <p class='ocr_par' dir='ltr' id='par_1_27' title="bbox 618 2774 2195 2854">
     <span class='ocr_line' id='line_1_27' title="bbox 618 2774 2195 2854; baseline 0.006 -26"><span class='ocrx_word' id='word_1_198' title='bbox 618 2774 897 2841; x_wconf 86' lang='lat' dir='ltr'><strong>sumendo;</strong></span> <span class='ocrx_word' id='word_1_199' title='bbox 920 2774 1012 2830; x_wconf 91' lang='lat' dir='ltr'><strong>sed</strong></span> <span class='ocrx_word' id='word_1_200' title='bbox 1030 2790 1145 2831; x_wconf 88' lang='lat' dir='ltr'><strong>eam</strong></span> <span class='ocrx_word' id='word_1_201' title='bbox 1168 2777 1601 2847; x_wconf 88' lang='lat' dir='ltr'><strong>nobis,quantnm</strong></span> <span class='ocrx_word' id='word_1_202' title='bbox 1626 2780 1874 2835; x_wconf 91' lang='lat' dir='ltr'><strong>divinitus</strong></span> <span class='ocrx_word' id='word_1_203' title='bbox 1889 2782 2049 2851; x_wconf 86' lang='lat' dir='ltr'><strong>adjuti</strong></span> <span class='ocrx_word' id='word_1_204' title='bbox 2070 2798 2195 2854; x_wconf 89' lang='lat' dir='ltr'><strong>pos-</strong></span> 
     </span>
    </p>
   </div>
   <div class='ocr_carea' id='block_1_28' title="bbox 624 2867 2193 2941">
    <p class='ocr_par' dir='ltr' id='par_1_28' title="bbox 624 2867 2193 2941">
     <span class='ocr_line' id='line_1_28' title="bbox 624 2867 2193 2941; baseline 0.006 -22"><span class='ocrx_word' id='word_1_205' title='bbox 624 2878 832 2933; x_wconf 82' lang='lat' dir='ltr'><strong>sumus,</strong></span> <span class='ocrx_word' id='word_1_206' title='bbox 862 2879 969 2920; x_wconf 92' lang='lat' dir='ltr'><strong>non</strong></span> <span class='ocrx_word' id='word_1_207' title='bbox 995 2868 1043 2921; x_wconf 92' lang='lat' dir='ltr'><strong>ei</strong></span> <span class='ocrx_word' id='word_1_208' title='bbox 1064 2867 1446 2922; x_wconf 89' lang='lat' dir='ltr'><strong>consentiendo</strong></span> <span class='ocrx_word' id='word_1_209' title='bbox 1468 2868 1779 2935; x_wconf 90' lang='lat' dir='ltr'><strong>subdamus,</strong></span> <span class='ocrx_word' id='word_1_210' title='bbox 1808 2871 1998 2941; x_wconf 84' lang='lat' dir='ltr'><strong>vigiliis</strong></span> <span class='ocrx_word' id='word_1_211' title='bbox 2022 2873 2193 2927; x_wconf 88' lang='lat' dir='ltr'><strong>conti-</strong></span> 
     </span>
    </p>
   </div>
   <div class='ocr_carea' id='block_1_29' title="bbox 623 2954 2194 3027">
    <p class='ocr_par' dir='ltr' id='par_1_29' title="bbox 623 2954 2194 3027">
     <span class='ocr_line' id='line_1_29' title="bbox 623 2954 2194 3027; baseline 0.008 -21"><span class='ocrx_word' id='word_1_212' title='bbox 623 2954 744 3009; x_wconf 88' lang='lat' dir='ltr'><strong>nuis</strong></span> <span class='ocrx_word' id='word_1_213' title='bbox 794 2955 1151 3023; x_wconf 83' lang='lat' dir='ltr'><strong>excubantes,</strong></span> <span class='ocrx_word' id='word_1_214' title='bbox 1194 2972 1261 3012; x_wconf 91' lang='lat' dir='ltr'><strong>ne</strong></span> <span class='ocrx_word' id='word_1_215' title='bbox 1289 2958 1469 3027; x_wconf 88' lang='lat' dir='ltr'><strong>opinio</strong></span> <span class='ocrx_word' id='word_1_216' title='bbox 1512 2959 1620 3012; x_wconf 87' lang='lat' dir='ltr'><strong>veri</strong></span> <span class='ocrx_word' id='word_1_217' title='bbox 1673 2960 1863 3015; x_wconf 91' lang='lat' dir='ltr'><strong>similis</strong></span> <span class='ocrx_word' id='word_1_218' title='bbox 1909 2960 2089 3027; x_wconf 82' lang='lat' dir='ltr'><strong>fallat,</strong></span> <span class='ocrx_word' id='word_1_219' title='bbox 2126 2976 2194 3019; x_wconf 83' lang='lat' dir='ltr'><strong>ne</strong></span> 
     </span>
    </p>
   </div>
   <div class='ocr_carea' id='block_1_30' title="bbox 622 3042 2191 3120">
    <p class='ocr_par' dir='ltr' id='par_1_30' title="bbox 622 3042 2191 3120">
     <span class='ocr_line' id='line_1_30' title="bbox 622 3042 2191 3120; baseline 0.007 -25"><span class='ocrx_word' id='word_1_220' title='bbox 622 3042 851 3113; x_wconf 72' lang='lat' dir='ltr'><strong>decipiat</strong></span> <span class='ocrx_word' id='word_1_221' title='bbox 885 3060 1061 3099; x_wconf 84' lang='lat' dir='ltr'><strong>sermo</strong></span> <span class='ocrx_word' id='word_1_222' title='bbox 1090 3055 1335 3101; x_wconf 87' lang='lat' dir='ltr'><strong>versutus</strong></span> <span class='ocrx_word' id='word_1_223' title='bbox 1359 3088 1374 3113; x_wconf 95' lang='lat'><strong>,</strong></span> <span class='ocrx_word' id='word_1_224' title='bbox 1400 3061 1469 3103; x_wconf 87' lang='lat' dir='ltr'><strong>ne</strong></span> <span class='ocrx_word' id='word_1_225' title='bbox 1493 3062 1551 3102; x_wconf 87' lang='lat' dir='ltr'><strong>se</strong></span> <span class='ocrx_word' id='word_1_226' title='bbox 1582 3048 1818 3104; x_wconf 75' lang='lat' dir='ltr'><strong>tenebrm</strong></span> <span class='ocrx_word' id='word_1_227' title='bbox 1842 3050 2065 3120; x_wconf 88' lang='lat' dir='ltr'><strong>alicujus</strong></span> <span class='ocrx_word' id='word_1_228' title='bbox 2102 3068 2191 3106; x_wconf 85' lang='lat' dir='ltr'><strong>er-</strong></span> 
     </span>
    </p>
   </div>
   <div class='ocr_carea' id='block_1_31' title="bbox 623 3134 2191 3212">
    <p class='ocr_par' dir='ltr' id='par_1_31' title="bbox 623 3134 2191 3212">
     <span class='ocr_line' id='line_1_31' title="bbox 623 3134 2191 3212; baseline 0.005 -23"><span class='ocrx_word' id='word_1_229' title='bbox 623 3135 763 3189; x_wconf 83' lang='lat' dir='ltr'><strong>roris</strong></span> <span class='ocrx_word' id='word_1_230' title='bbox 791 3134 1082 3200; x_wconf 79' lang='lat' dir='ltr'><strong>effundant,</strong></span> <span class='ocrx_word' id='word_1_231' title='bbox 1116 3151 1182 3191; x_wconf 90' lang='lat' dir='ltr'><strong>ne</strong></span> <span class='ocrx_word' id='word_1_232' title='bbox 1203 3137 1342 3207; x_wconf 89' lang='lat' dir='ltr'><strong>quod</strong></span> <span class='ocrx_word' id='word_1_233' title='bbox 1367 3138 1562 3193; x_wconf 89' lang='lat' dir='ltr'><strong>bonum</strong></span> <span class='ocrx_word' id='word_1_234' title='bbox 1582 3149 1665 3195; x_wconf 89' lang='lat' dir='ltr'><strong>est</strong></span> <span class='ocrx_word' id='word_1_235' title='bbox 1692 3140 1887 3194; x_wconf 89' lang='lat' dir='ltr'><strong>malum</strong></span> <span class='ocrx_word' id='word_1_236' title='bbox 1904 3183 1919 3208; x_wconf 94' lang='lat'><strong>,</strong></span> <span class='ocrx_word' id='word_1_237' title='bbox 1943 3151 2032 3195; x_wconf 88' lang='lat' dir='ltr'><strong>aut</strong></span> <span class='ocrx_word' id='word_1_238' title='bbox 2051 3143 2191 3212; x_wconf 91' lang='lat' dir='ltr'><strong>quod</strong></span> 
     </span>
    </p>
   </div>
   <div class='ocr_carea' id='block_1_32' title="bbox 622 3226 2195 3303">
    <p class='ocr_par' dir='ltr' id='par_1_32' title="bbox 622 3226 2195 3303">
     <span class='ocr_line' id='line_1_32' title="bbox 622 3226 2195 3303; baseline 0.007 -26"><span class='ocrx_word' id='word_1_239' title='bbox 622 3226 821 3279; x_wconf 86' lang='lat' dir='ltr'><strong>malum</strong></span> <span class='ocrx_word' id='word_1_240' title='bbox 852 3236 935 3280; x_wconf 88' lang='lat' dir='ltr'><strong>est</strong></span> <span class='ocrx_word' id='word_1_241' title='bbox 976 3227 1175 3281; x_wconf 86' lang='lat' dir='ltr'><strong>bonum</strong></span> <span class='ocrx_word' id='word_1_242' title='bbox 1224 3243 1345 3283; x_wconf 85' lang='lat' dir='ltr'><strong>esse</strong></span> <span class='ocrx_word' id='word_1_243' title='bbox 1393 3229 1682 3295; x_wconf 86' lang='lat' dir='ltr'><strong>credatur,</strong></span> <span class='ocrx_word' id='word_1_244' title='bbox 1735 3246 1802 3286; x_wconf 91' lang='lat' dir='ltr'><strong>ne</strong></span> <span class='ocrx_word' id='word_1_245' title='bbox 1848 3231 1916 3285; x_wconf 88' lang='lat' dir='ltr'><strong>ab</strong></span> <span class='ocrx_word' id='word_1_246' title='bbox 1951 3232 2035 3286; x_wconf 86' lang='lat' dir='ltr'><strong>his</strong></span> <span class='ocrx_word' id='word_1_247' title='bbox 2076 3249 2195 3303; x_wconf 81' lang='lat' dir='ltr'><strong>quae</strong></span> 
     </span>
    </p>
   </div>
   <div class='ocr_carea' id='block_1_33' title="bbox 622 3316 2191 3394">
    <p class='ocr_par' dir='ltr' id='par_1_33' title="bbox 622 3316 2191 3394">
     <span class='ocr_line' id='line_1_33' title="bbox 622 3316 2191 3394; baseline 0.007 -26"><span class='ocrx_word' id='word_1_248' title='bbox 622 3316 822 3384; x_wconf 85' lang='lat' dir='ltr'><strong>agenda</strong></span> <span class='ocrx_word' id='word_1_249' title='bbox 844 3326 967 3371; x_wconf 91' lang='lat' dir='ltr'><strong>sunt</strong></span> <span class='ocrx_word' id='word_1_250' title='bbox 987 3326 1161 3373; x_wconf 90' lang='lat' dir='ltr'><strong>metus</strong></span> <span class='ocrx_word' id='word_1_251' title='bbox 1198 3329 1430 3388; x_wconf 80' lang='lat' dir='ltr'><strong>revocet,</strong></span> <span class='ocrx_word' id='word_1_252' title='bbox 1461 3336 1529 3375; x_wconf 90' lang='lat' dir='ltr'><strong>ne</strong></span> <span class='ocrx_word' id='word_1_253' title='bbox 1552 3321 1605 3376; x_wconf 91' lang='lat' dir='ltr'><strong>in</strong></span> <span class='ocrx_word' id='word_1_254' title='bbox 1631 3336 1694 3376; x_wconf 82' lang='lat' dir='ltr'><strong>ea</strong></span> <span class='ocrx_word' id='word_1_255' title='bbox 1718 3337 1836 3392; x_wconf 69' lang='lat' dir='ltr'><strong>quae</strong></span> <span class='ocrx_word' id='word_1_256' title='bbox 1864 3323 2065 3394; x_wconf 86' lang='lat' dir='ltr'><strong>agenda</strong></span> <span class='ocrx_word' id='word_1_257' title='bbox 2088 3341 2191 3379; x_wconf 92' lang='lat' dir='ltr'><strong>non</strong></span> 
     </span>
    </p>
   </div>
   <div class='ocr_carea' id='block_1_34' title="bbox 622 3406 2185 3483">
    <p class='ocr_par' dir='ltr' id='par_1_34' title="bbox 622 3406 2185 3483">
     <span class='ocr_line' id='line_1_34' title="bbox 622 3406 2185 3483; baseline 0.008 -25"><span class='ocrx_word' id='word_1_258' title='bbox 622 3414 748 3460; x_wconf 90' lang='lat' dir='ltr'><strong>sunt</strong></span> <span class='ocrx_word' id='word_1_259' title='bbox 774 3406 966 3477; x_wconf 90' lang='lat' dir='ltr'><strong>cupido</strong></span> <span class='ocrx_word' id='word_1_260' title='bbox 993 3410 1308 3479; x_wconf 76' lang='lat' dir='ltr'><strong>praecipitet,</strong></span> <span class='ocrx_word' id='word_1_261' title='bbox 1334 3426 1401 3466; x_wconf 91' lang='lat' dir='ltr'><strong>ne</strong></span> <span class='ocrx_word' id='word_1_262' title='bbox 1413 3426 1572 3483; x_wconf 90' lang='lat' dir='ltr'><strong>super</strong></span> <span class='ocrx_word' id='word_1_263' title='bbox 1590 3413 1915 3469; x_wconf 82' lang='lat' dir='ltr'><strong>iracundiam</strong></span> <span class='ocrx_word' id='word_1_264' title='bbox 1943 3416 2023 3470; x_wconf 89' lang='lat' dir='ltr'><strong>sol</strong></span> <span class='ocrx_word' id='word_1_265' title='bbox 2046 3416 2185 3471; x_wconf 84' lang='lat' dir='ltr'><strong>oeci-</strong></span> 
     </span>
    </p>
   </div>
   <div class='ocr_carea' id='block_1_35' title="bbox 621 3494 2197 3572">
    <p class='ocr_par' dir='ltr' id='par_1_35' title="bbox 621 3494 2197 3572">
     <span class='ocr_line' id='line_1_35' title="bbox 621 3494 2197 3572; baseline 0.008 -24"><span class='ocrx_word' id='word_1_266' title='bbox 621 3494 714 3549; x_wconf 88' lang='lat' dir='ltr'><strong>dat</strong></span> <span class='ocrx_word' id='word_1_267' title='bbox 736 3495 945 3568; x_wconf 77' lang='lat' dir='ltr'><strong>(Ephes.</strong></span> <span class='ocrx_word' id='word_1_268' title='bbox 966 3515 1035 3566; x_wconf 85' lang='lat' dir='ltr'><strong>tv,</strong></span> <span class='ocrx_word' id='word_1_269' title='bbox 1053 3499 1167 3569; x_wconf 73' lang='lat'><strong>26),</strong></span> <span class='ocrx_word' id='word_1_270' title='bbox 1186 3517 1253 3557; x_wconf 87' lang='lat' dir='ltr'><strong>ne</strong></span> <span class='ocrx_word' id='word_1_271' title='bbox 1266 3503 1552 3558; x_wconf 71' lang='lat' dir='ltr'><strong>inimicitia:</strong></span> <span class='ocrx_word' id='word_1_272' title='bbox 1578 3513 1865 3572; x_wconf 81' lang='lat' dir='ltr'><strong>provocent</strong></span> <span class='ocrx_word' id='word_1_273' title='bbox 1887 3506 1952 3560; x_wconf 88' lang='lat' dir='ltr'><strong>ad</strong></span> <span class='ocrx_word' id='word_1_274' title='bbox 1969 3508 2197 3561; x_wconf 88' lang='lat' dir='ltr'><strong>retribu-</strong></span> 
     </span>
    </p>
   </div>
   <div class='ocr_carea' id='block_1_36' title="bbox 623 3586 2193 3658">
    <p class='ocr_par' dir='ltr' id='par_1_36' title="bbox 623 3586 2193 3658">
     <span class='ocr_line' id='line_1_36' title="bbox 623 3586 2193 3658; baseline 0.01 -20"><span class='ocrx_word' id='word_1_275' title='bbox 623 3586 820 3640; x_wconf 90' lang='lat' dir='ltr'><strong>tionem</strong></span> <span class='ocrx_word' id='word_1_276' title='bbox 844 3589 963 3642; x_wconf 88' lang='lat' dir='ltr'><strong>mali</strong></span> <span class='ocrx_word' id='word_1_277' title='bbox 984 3605 1079 3658; x_wconf 91' lang='lat' dir='ltr'><strong>pro</strong></span> <span class='ocrx_word' id='word_1_278' title='bbox 1100 3592 1257 3656; x_wconf 86' lang='lat' dir='ltr'><strong>malo,</strong></span> <span class='ocrx_word' id='word_1_279' title='bbox 1282 3608 1349 3648; x_wconf 90' lang='lat' dir='ltr'><strong>ne</strong></span> <span class='ocrx_word' id='word_1_280' title='bbox 1366 3593 1649 3649; x_wconf 88' lang='lat' dir='ltr'><strong>absorbeat</strong></span> <span class='ocrx_word' id='word_1_281' title='bbox 1670 3595 1724 3649; x_wconf 91' lang='lat' dir='ltr'><strong>in</strong></span> <span class='ocrx_word' id='word_1_282' title='bbox 1745 3595 1966 3652; x_wconf 87' lang='lat' dir='ltr'><strong>honesta</strong></span> <span class='ocrx_word' id='word_1_283' title='bbox 1991 3598 2071 3652; x_wconf 85' lang='lat' dir='ltr'><strong>vel</strong></span> <span class='ocrx_word' id='word_1_284' title='bbox 2090 3597 2193 3652; x_wconf 87' lang='lat' dir='ltr'><strong>im-</strong></span> 
     </span>
    </p>
   </div>
   <div class='ocr_carea' id='block_1_37' title="bbox 623 3680 2189 3753">
    <p class='ocr_par' dir='ltr' id='par_1_37' title="bbox 623 3680 2189 3753">
     <span class='ocr_line' id='line_1_37' title="bbox 623 3680 2189 3753; baseline 0.007 -23"><span class='ocrx_word' id='word_1_285' title='bbox 623 3680 896 3733; x_wconf 87' lang='lat' dir='ltr'><strong>moderata</strong></span> <span class='ocrx_word' id='word_1_286' title='bbox 926 3681 1135 3736; x_wconf 89' lang='lat' dir='ltr'><strong>tristitia</strong></span> <span class='ocrx_word' id='word_1_287' title='bbox 1160 3723 1176 3749; x_wconf 97' lang='lat'><strong>,</strong></span> <span class='ocrx_word' id='word_1_288' title='bbox 1204 3698 1270 3738; x_wconf 93' lang='lat' dir='ltr'><strong>ne</strong></span> <span class='ocrx_word' id='word_1_289' title='bbox 1315 3684 1785 3753; x_wconf 88' lang='lat' dir='ltr'><strong>impertiendorum</strong></span> <span class='ocrx_word' id='word_1_290' title='bbox 1811 3686 2189 3741; x_wconf 81' lang='lat' dir='ltr'><strong>beneﬁciorum</strong></span> 
     </span>
    </p>
   </div>
   <div class='ocr_carea' id='block_1_38' title="bbox 620 3770 2198 3842">
    <p class='ocr_par' dir='ltr' id='par_1_38' title="bbox 620 3770 2198 3842">
     <span class='ocr_line' id='line_1_38' title="bbox 620 3770 2198 3842; baseline 0.006 -21"><span class='ocrx_word' id='word_1_291' title='bbox 620 3770 827 3838; x_wconf 81' lang='lat' dir='ltr'><strong>ingerat</strong></span> <span class='ocrx_word' id='word_1_292' title='bbox 843 3786 992 3825; x_wconf 90' lang='lat' dir='ltr'><strong>mens</strong></span> <span class='ocrx_word' id='word_1_293' title='bbox 1007 3772 1206 3841; x_wconf 84' lang='lat' dir='ltr'><strong>ingrata</strong></span> <span class='ocrx_word' id='word_1_294' title='bbox 1224 3782 1508 3842; x_wconf 83' lang='lat' dir='ltr'><strong>torporem,</strong></span> <span class='ocrx_word' id='word_1_295' title='bbox 1520 3790 1587 3829; x_wconf 88' lang='lat' dir='ltr'><strong>ne</strong></span> <span class='ocrx_word' id='word_1_296' title='bbox 1607 3774 1882 3833; x_wconf 85' lang='lat' dir='ltr'><strong>maledicis</strong></span> <span class='ocrx_word' id='word_1_297' title='bbox 1893 3776 2198 3831; x_wconf 86' lang='lat' dir='ltr'><strong>rumoribus</strong></span> 
     </span>
    </p>
   </div>
   <div class='ocr_carea' id='block_1_39' title="bbox 620 3856 2194 3935">
    <p class='ocr_par' dir='ltr' id='par_1_39' title="bbox 620 3856 2194 3935">
     <span class='ocr_line' id='line_1_39' title="bbox 620 3856 2194 3935; baseline 0.006 -24"><span class='ocrx_word' id='word_1_298' title='bbox 620 3856 756 3911; x_wconf 89' lang='lat' dir='ltr'><strong>bona</strong></span> <span class='ocrx_word' id='word_1_299' title='bbox 770 3862 1087 3914; x_wconf 87' lang='lat' dir='ltr'><strong>conscientia</strong></span> <span class='ocrx_word' id='word_1_300' title='bbox 1102 3860 1367 3930; x_wconf 85' lang='lat' dir='ltr'><strong>fatigetur,</strong></span> <span class='ocrx_word' id='word_1_301' title='bbox 1392 3878 1457 3917; x_wconf 92' lang='lat' dir='ltr'><strong>ne</strong></span> <span class='ocrx_word' id='word_1_302' title='bbox 1475 3863 1755 3918; x_wconf 85' lang='lat' dir='ltr'><strong>temeraria</strong></span> <span class='ocrx_word' id='word_1_303' title='bbox 1768 3864 1835 3920; x_wconf 91' lang='lat' dir='ltr'><strong>de</strong></span> <span class='ocrx_word' id='word_1_304' title='bbox 1847 3864 1951 3920; x_wconf 91' lang='lat' dir='ltr'><strong>alio</strong></span> <span class='ocrx_word' id='word_1_305' title='bbox 1962 3867 2194 3935; x_wconf 87' lang='lat' dir='ltr'><strong>suspicio</strong></span> 
     </span>
    </p>
   </div>
   <div class='ocr_carea' id='block_1_40' title="bbox 620 3950 2192 4026">
    <p class='ocr_par' dir='ltr' id='par_1_40' title="bbox 620 3950 2192 4026">
     <span class='ocr_line' id='line_1_40' title="bbox 620 3950 2192 4026; baseline 0.003 -21"><span class='ocrx_word' id='word_1_306' title='bbox 620 3964 720 4005; x_wconf 88' lang='lat' dir='ltr'><strong>nos</strong></span> <span class='ocrx_word' id='word_1_307' title='bbox 738 3960 913 4006; x_wconf 89' lang='lat' dir='ltr'><strong>nostra</strong></span> <span class='ocrx_word' id='word_1_308' title='bbox 928 3950 1175 4022; x_wconf 89' lang='lat' dir='ltr'><strong>decipiat,</strong></span> <span class='ocrx_word' id='word_1_309' title='bbox 1194 3968 1262 4008; x_wconf 89' lang='lat' dir='ltr'><strong>ne</strong></span> <span class='ocrx_word' id='word_1_310' title='bbox 1281 3954 1451 4009; x_wconf 88' lang='lat' dir='ltr'><strong>aliena</strong></span> <span class='ocrx_word' id='word_1_311' title='bbox 1463 3953 1528 4010; x_wconf 90' lang='lat' dir='ltr'><strong>de</strong></span> <span class='ocrx_word' id='word_1_312' title='bbox 1542 3955 1693 4010; x_wconf 89' lang='lat' dir='ltr'><strong>nobis</strong></span> <span class='ocrx_word' id='word_1_313' title='bbox 1710 3954 1838 4010; x_wconf 87' lang='lat' dir='ltr'><strong>falsa</strong></span> <span class='ocrx_word' id='word_1_314' title='bbox 1856 3971 1953 4011; x_wconf 90' lang='lat' dir='ltr'><strong>nos</strong></span> <span class='ocrx_word' id='word_1_315' title='bbox 1965 3955 2192 4026; x_wconf 77' lang='lat' dir='ltr'><strong>frangat,</strong></span> 
     </span>
    </p>
   </div>
   <div class='ocr_carea' id='block_1_41' title="bbox 622 4045 2195 4116">
    <p class='ocr_par' dir='ltr' id='par_1_41' title="bbox 622 4045 2195 4116">
     <span class='ocr_line' id='line_1_41' title="bbox 622 4045 2195 4116; baseline 0.005 -21"><span class='ocrx_word' id='word_1_316' title='bbox 622 4056 692 4095; x_wconf 89' lang='lat' dir='ltr'><strong>ne</strong></span> <span class='ocrx_word' id='word_1_317' title='bbox 713 4049 902 4111; x_wconf 87' lang='lat' dir='ltr'><strong>regnet</strong></span> <span class='ocrx_word' id='word_1_318' title='bbox 915 4053 1188 4113; x_wconf 89' lang='lat' dir='ltr'><strong>peccatum</strong></span> <span class='ocrx_word' id='word_1_319' title='bbox 1208 4045 1259 4099; x_wconf 92' lang='lat' dir='ltr'><strong>in</strong></span> <span class='ocrx_word' id='word_1_320' title='bbox 1280 4054 1461 4101; x_wconf 91' lang='lat' dir='ltr'><strong>nostro</strong></span> <span class='ocrx_word' id='word_1_321' title='bbox 1498 4045 1706 4100; x_wconf 89' lang='lat' dir='ltr'><strong>mortali</strong></span> <span class='ocrx_word' id='word_1_322' title='bbox 1730 4061 1952 4116; x_wconf 91' lang='lat' dir='ltr'><strong>corpore</strong></span> <span class='ocrx_word' id='word_1_323' title='bbox 1976 4046 2043 4101; x_wconf 91' lang='lat' dir='ltr'><strong>ad</strong></span> <span class='ocrx_word' id='word_1_324' title='bbox 2063 4047 2195 4103; x_wconf 88' lang='lat' dir='ltr'><strong>obe-</strong></span> 
     </span>
    </p>
   </div>
   <div class='ocr_carea' id='block_1_42' title="bbox 624 4131 2198 4206">
    <p class='ocr_par' dir='ltr' id='par_1_42' title="bbox 624 4131 2198 4206">
     <span class='ocr_line' id='line_1_42' title="bbox 624 4131 2198 4206; baseline 0.005 -21"><span class='ocrx_word' id='word_1_325' title='bbox 624 4131 875 4188; x_wconf 91' lang='lat' dir='ltr'><strong>diendum</strong></span> <span class='ocrx_word' id='word_1_326' title='bbox 891 4133 1167 4191; x_wconf 88' lang='lat' dir='ltr'><strong>desideriis</strong></span> <span class='ocrx_word' id='word_1_327' title='bbox 1182 4136 1316 4206; x_wconf 87' lang='lat' dir='ltr'><strong>ejus,</strong></span> <span class='ocrx_word' id='word_1_328' title='bbox 1338 4149 1405 4192; x_wconf 87' lang='lat' dir='ltr'><strong>ne</strong></span> <span class='ocrx_word' id='word_1_329' title='bbox 1431 4138 1667 4192; x_wconf 88' lang='lat' dir='ltr'><strong>membra</strong></span> <span class='ocrx_word' id='word_1_330' title='bbox 1688 4146 1865 4193; x_wconf 90' lang='lat' dir='ltr'><strong>nostra</strong></span> <span class='ocrx_word' id='word_1_331' title='bbox 1887 4139 2198 4193; x_wconf 82' lang='lat' dir='ltr'><strong>exibeantur</strong></span> 
     </span>
    </p>
   </div>
   <div class='ocr_carea' id='block_1_43' title="bbox 626 4222 2196 4300">
    <p class='ocr_par' dir='ltr' id='par_1_43' title="bbox 626 4222 2196 4300">
     <span class='ocr_line' id='line_1_43' title="bbox 626 4222 2196 4300; baseline 0.004 -23"><span class='ocrx_word' id='word_1_332' title='bbox 626 4222 920 4293; x_wconf 86' lang='lat' dir='ltr'><strong>iniquitatis</strong></span> <span class='ocrx_word' id='word_1_333' title='bbox 951 4240 1096 4280; x_wconf 87' lang='lat' dir='ltr'><strong>arma</strong></span> <span class='ocrx_word' id='word_1_334' title='bbox 1124 4237 1338 4296; x_wconf 87' lang='lat' dir='ltr'><strong>peccato</strong></span> <span class='ocrx_word' id='word_1_335' title='bbox 1365 4227 1623 4297; x_wconf 84' lang='lat' dir='ltr'><strong>(Rom.vt,</strong></span> <span class='ocrx_word' id='word_1_336' title='bbox 1653 4229 1877 4300; x_wconf 69' lang='lat'><strong>12,13).</strong></span> <span class='ocrx_word' id='word_1_337' title='bbox 1908 4246 1974 4284; x_wconf 90' lang='lat' dir='ltr'><strong>ne</strong></span> <span class='ocrx_word' id='word_1_338' title='bbox 2008 4231 2196 4284; x_wconf 88' lang='lat' dir='ltr'><strong>oculus</strong></span> 
     </span>
    </p>
   </div>
   <div class='ocr_carea' id='block_1_44' title="bbox 626 4316 2197 4389">
    <p class='ocr_par' dir='ltr' id='par_1_44' title="bbox 626 4316 2197 4389">
     <span class='ocr_line' id='line_1_44' title="bbox 626 4316 2197 4389; baseline 0.004 -20"><span class='ocrx_word' id='word_1_339' title='bbox 626 4316 882 4385; x_wconf 83' lang='lat' dir='ltr'><strong>sequatur</strong></span> <span class='ocrx_word' id='word_1_340' title='bbox 924 4320 1446 4386; x_wconf 89' lang='lat' dir='ltr'><strong>concupiscentiam,</strong></span> <span class='ocrx_word' id='word_1_341' title='bbox 1496 4334 1562 4374; x_wconf 92' lang='lat' dir='ltr'><strong>ne</strong></span> <span class='ocrx_word' id='word_1_342' title='bbox 1593 4320 1892 4375; x_wconf 86' lang='lat' dir='ltr'><strong>vindicandi</strong></span> <span class='ocrx_word' id='word_1_343' title='bbox 1936 4321 2197 4389; x_wconf 86' lang='lat' dir='ltr'><strong>cupiditas</strong></span> 
     </span>
    </p>
   </div>
   <div class='ocr_carea' id='block_1_45' title="bbox 624 4407 2197 4480">
    <p class='ocr_par' dir='ltr' id='par_1_45' title="bbox 624 4407 2197 4480">
     <span class='ocr_line' id='line_1_45' title="bbox 624 4407 2197 4480; baseline 0.003 -19"><span class='ocrx_word' id='word_1_344' title='bbox 624 4407 823 4476; x_wconf 79' lang='lat' dir='ltr'><strong>vincat,</strong></span> <span class='ocrx_word' id='word_1_345' title='bbox 850 4422 916 4463; x_wconf 90' lang='lat' dir='ltr'><strong>ne</strong></span> <span class='ocrx_word' id='word_1_346' title='bbox 942 4408 994 4463; x_wconf 93' lang='lat' dir='ltr'><strong>in</strong></span> <span class='ocrx_word' id='word_1_347' title='bbox 1015 4424 1080 4465; x_wconf 92' lang='lat' dir='ltr'><strong>eo</strong></span> <span class='ocrx_word' id='word_1_348' title='bbox 1097 4411 1237 4480; x_wconf 91' lang='lat' dir='ltr'><strong>quod</strong></span> <span class='ocrx_word' id='word_1_349' title='bbox 1269 4412 1410 4466; x_wconf 85' lang='lat' dir='ltr'><strong>male</strong></span> <span class='ocrx_word' id='word_1_350' title='bbox 1435 4410 1686 4479; x_wconf 87' lang='lat' dir='ltr'><strong>delectat,</strong></span> <span class='ocrx_word' id='word_1_351' title='bbox 1709 4411 1797 4468; x_wconf 85' lang='lat' dir='ltr'><strong>vel</strong></span> <span class='ocrx_word' id='word_1_352' title='bbox 1824 4411 1961 4467; x_wconf 86' lang='lat' dir='ltr'><strong>visio</strong></span> <span class='ocrx_word' id='word_1_353' title='bbox 1990 4412 2075 4468; x_wconf 85' lang='lat' dir='ltr'><strong>vel</strong></span> <span class='ocrx_word' id='word_1_354' title='bbox 2099 4426 2197 4466; x_wconf 92' lang='lat' dir='ltr'><strong>co-</strong></span> 
     </span>
    </p>
   </div>
   <div class='ocr_carea' id='block_1_46' title="bbox 624 4497 2197 4573">
    <p class='ocr_par' dir='ltr' id='par_1_46' title="bbox 624 4497 2197 4573">
     <span class='ocr_line' id='line_1_46' title="bbox 624 4497 2197 4573; baseline 0.004 -21"><span class='ocrx_word' id='word_1_355' title='bbox 624 4497 811 4567; x_wconf 85' lang='lat' dir='ltr'><strong>gitatio</strong></span> <span class='ocrx_word' id='word_1_356' title='bbox 829 4507 1147 4567; x_wconf 88' lang='lat' dir='ltr'><strong>remoretur,</strong></span> <span class='ocrx_word' id='word_1_357' title='bbox 1171 4515 1236 4556; x_wconf 91' lang='lat' dir='ltr'><strong>ne</strong></span> <span class='ocrx_word' id='word_1_358' title='bbox 1256 4500 1555 4571; x_wconf 91' lang='lat' dir='ltr'><strong>improbum</strong></span> <span class='ocrx_word' id='word_1_359' title='bbox 1580 4510 1672 4557; x_wconf 92' lang='lat' dir='ltr'><strong>aut</strong></span> <span class='ocrx_word' id='word_1_360' title='bbox 1699 4501 1954 4573; x_wconf 72' lang='lat' dir='ltr'><strong>indecens</strong></span> <span class='ocrx_word' id='word_1_361' title='bbox 1976 4502 2197 4558; x_wconf 79' lang='lat' dir='ltr'><strong>verbum</strong></span> 
     </span>
    </p>
   </div>
   <div class='ocr_carea' id='block_1_47' title="bbox 626 4589 2196 4662">
    <p class='ocr_par' dir='ltr' id='par_1_47' title="bbox 626 4589 2196 4662">
     <span class='ocr_line' id='line_1_47' title="bbox 626 4589 2196 4662; baseline 0.003 -20"><span class='ocrx_word' id='word_1_362' title='bbox 626 4589 853 4644; x_wconf 84' lang='lat' dir='ltr'><strong>libenter</strong></span> <span class='ocrx_word' id='word_1_363' title='bbox 900 4590 1182 4658; x_wconf 88' lang='lat' dir='ltr'><strong>audiatur,</strong></span> <span class='ocrx_word' id='word_1_364' title='bbox 1232 4606 1299 4646; x_wconf 90' lang='lat' dir='ltr'><strong>ne</strong></span> <span class='ocrx_word' id='word_1_365' title='bbox 1335 4591 1425 4646; x_wconf 85' lang='lat' dir='ltr'><strong>liat</strong></span> <span class='ocrx_word' id='word_1_366' title='bbox 1464 4592 1605 4662; x_wconf 90' lang='lat' dir='ltr'><strong>quod</strong></span> <span class='ocrx_word' id='word_1_367' title='bbox 1651 4607 1757 4648; x_wconf 90' lang='lat' dir='ltr'><strong>non</strong></span> <span class='ocrx_word' id='word_1_368' title='bbox 1796 4592 1958 4661; x_wconf 90' lang='lat' dir='ltr'><strong>licet,</strong></span> <span class='ocrx_word' id='word_1_369' title='bbox 1990 4592 2196 4648; x_wconf 89' lang='lat' dir='ltr'><strong>etiamsi</strong></span> 
     </span>
    </p>
   </div>
   <div class='ocr_carea' id='block_1_48' title="bbox 630 4680 2195 4754">
    <p class='ocr_par' dir='ltr' id='par_1_48' title="bbox 630 4680 2195 4754">
     <span class='ocr_line' id='line_1_48' title="bbox 630 4680 2195 4754; baseline 0.004 -21"><span class='ocrx_word' id='word_1_370' title='bbox 630 4680 869 4747; x_wconf 81' lang='lat' dir='ltr'><strong>lihet,ne</strong></span> <span class='ocrx_word' id='word_1_371' title='bbox 898 4682 950 4736; x_wconf 91' lang='lat' dir='ltr'><strong>in</strong></span> <span class='ocrx_word' id='word_1_372' title='bbox 990 4680 1093 4745; x_wconf 85' lang='lat' dir='ltr'><strong>hoc</strong></span> <span class='ocrx_word' id='word_1_373' title='bbox 1131 4682 1273 4738; x_wconf 92' lang='lat' dir='ltr'><strong>bello</strong></span> <span class='ocrx_word' id='word_1_374' title='bbox 1298 4683 1540 4738; x_wconf 86' lang='lat' dir='ltr'><strong>laborum</strong></span> <span class='ocrx_word' id='word_1_375' title='bbox 1574 4685 2040 4754; x_wconf 90' lang='lat' dir='ltr'><strong>periculorumque</strong></span> <span class='ocrx_word' id='word_1_376' title='bbox 2080 4684 2195 4754; x_wconf 87' lang='lat' dir='ltr'><strong>ple-</strong></span> 
     </span>
    </p>
   </div>
   <div class='ocr_carea' id='block_1_49' title="bbox 630 4771 2195 4843">
    <p class='ocr_par' dir='ltr' id='par_1_49' title="bbox 630 4771 2195 4843">
     <span class='ocr_line' id='line_1_49' title="bbox 630 4771 2195 4843; baseline 0.004 -21"><span class='ocrx_word' id='word_1_377' title='bbox 630 4771 850 4826; x_wconf 84' lang='lat' dir='ltr'><strong>nissimo</strong></span> <span class='ocrx_word' id='word_1_378' title='bbox 874 4771 956 4827; x_wconf 90' lang='lat' dir='ltr'><strong>vel</strong></span> <span class='ocrx_word' id='word_1_379' title='bbox 986 4772 1055 4827; x_wconf 92' lang='lat' dir='ltr'><strong>de</strong></span> <span class='ocrx_word' id='word_1_380' title='bbox 1088 4772 1288 4829; x_wconf 88' lang='lat' dir='ltr'><strong>viribus</strong></span> <span class='ocrx_word' id='word_1_381' title='bbox 1331 4774 1528 4828; x_wconf 88' lang='lat' dir='ltr'><strong>nostris</strong></span> <span class='ocrx_word' id='word_1_382' title='bbox 1567 4782 1813 4843; x_wconf 87' lang='lat' dir='ltr'><strong>speretur</strong></span> <span class='ocrx_word' id='word_1_383' title='bbox 1847 4773 2083 4829; x_wconf 87' lang='lat' dir='ltr'><strong>facienda</strong></span> <span class='ocrx_word' id='word_1_384' title='bbox 2110 4775 2195 4829; x_wconf 80' lang='lat' dir='ltr'><strong>vi-</strong></span> 
     </span>
    </p>
   </div>
   <div class='ocr_carea' id='block_1_50' title="bbox 628 4862 2197 4936">
    <p class='ocr_par' dir='ltr' id='par_1_50' title="bbox 628 4862 2197 4936">
     <span class='ocr_line' id='line_1_50' title="bbox 628 4862 2197 4936; baseline 0.003 -21"><span class='ocrx_word' id='word_1_385' title='bbox 628 4862 792 4917; x_wconf 82' lang='lat' dir='ltr'><strong>ctoria</strong></span> <span class='ocrx_word' id='word_1_386' title='bbox 804 4904 818 4929; x_wconf 94' lang='lat'><strong>,</strong></span> <span class='ocrx_word' id='word_1_387' title='bbox 836 4864 919 4917; x_wconf 91' lang='lat' dir='ltr'><strong>vel</strong></span> <span class='ocrx_word' id='word_1_388' title='bbox 931 4864 1132 4919; x_wconf 91' lang='lat' dir='ltr'><strong>viribus</strong></span> <span class='ocrx_word' id='word_1_389' title='bbox 1155 4865 1351 4920; x_wconf 91' lang='lat' dir='ltr'><strong>nostris</strong></span> <span class='ocrx_word' id='word_1_390' title='bbox 1376 4864 1511 4921; x_wconf 84' lang='lat' dir='ltr'><strong>facta</strong></span> <span class='ocrx_word' id='word_1_391' title='bbox 1535 4866 1817 4932; x_wconf 81' lang='lat' dir='ltr'><strong>tribuatur,</strong></span> <span class='ocrx_word' id='word_1_392' title='bbox 1834 4865 1928 4921; x_wconf 89' lang='lat' dir='ltr'><strong>sed</strong></span> <span class='ocrx_word' id='word_1_393' title='bbox 1943 4867 2059 4935; x_wconf 89' lang='lat' dir='ltr'><strong>ejus</strong></span> <span class='ocrx_word' id='word_1_394' title='bbox 2075 4881 2197 4936; x_wconf 84' lang='lat' dir='ltr'><strong>gra-</strong></span> 
     </span>
    </p>
   </div>
   <div class='ocr_carea' id='block_1_51' title="bbox 627 4954 2198 5027">
    <p class='ocr_par' dir='ltr' id='par_1_51' title="bbox 627 4954 2198 5027">
     <span class='ocr_line' id='line_1_51' title="bbox 627 4954 2198 5027; baseline 0.004 -22"><span class='ocrx_word' id='word_1_395' title='bbox 627 4954 735 5017; x_wconf 73' lang='lat' dir='ltr'><strong>tim,</strong></span> <span class='ocrx_word' id='word_1_396' title='bbox 754 4954 820 5007; x_wconf 90' lang='lat' dir='ltr'><strong>de</strong></span> <span class='ocrx_word' id='word_1_397' title='bbox 848 4968 952 5022; x_wconf 90' lang='lat' dir='ltr'><strong>quo</strong></span> <span class='ocrx_word' id='word_1_398' title='bbox 975 4954 1048 5008; x_wconf 81' lang='lat' dir='ltr'><strong>ait</strong></span> <span class='ocrx_word' id='word_1_399' title='bbox 1068 4956 1353 5024; x_wconf 82' lang='lat' dir='ltr'><strong>Apostolus</strong></span> <span class='ocrx_word' id='word_1_400' title='bbox 1384 4956 1621 5011; x_wconf 81' lang='lat' dir='ltr'><strong>:Gratias</strong></span> <span class='ocrx_word' id='word_1_401' title='bbox 1639 4967 1805 5011; x_wconf 86' lang='lat' dir='ltr'><strong>autem</strong></span> <span class='ocrx_word' id='word_1_402' title='bbox 1835 4955 1966 5024; x_wconf 86' lang='lat' dir='ltr'><strong>Deo,</strong></span> <span class='ocrx_word' id='word_1_403' title='bbox 1996 4959 2081 5027; x_wconf 79' lang='lat' dir='ltr'><strong>qui</strong></span> <span class='ocrx_word' id='word_1_404' title='bbox 2107 4958 2198 5012; x_wconf 86' lang='lat' dir='ltr'><strong>dat</strong></span> 
     </span>
    </p>
   </div>
   <div class='ocr_carea' id='block_1_52' title="bbox 627 5042 2198 5113">
    <p class='ocr_par' dir='ltr' id='par_1_52' title="bbox 627 5042 2198 5113">
     <span class='ocr_line' id='line_1_52' title="bbox 627 5042 2198 5113; baseline 0.003 -18"><span class='ocrx_word' id='word_1_405' title='bbox 627 5042 768 5097; x_wconf 76' lang='lat' dir='ltr'><strong>nobis</strong></span> <span class='ocrx_word' id='word_1_406' title='bbox 802 5042 1059 5097; x_wconf 78' lang='lat' dir='ltr'><strong>uictoriam</strong></span> <span class='ocrx_word' id='word_1_407' title='bbox 1093 5060 1182 5113; x_wconf 84' lang='lat' dir='ltr'><strong>per</strong></span> <span class='ocrx_word' id='word_1_408' title='bbox 1206 5042 1479 5100; x_wconf 77' lang='lat' dir='ltr'><strong>Dominum</strong></span> <span class='ocrx_word' id='word_1_409' title='bbox 1495 5057 1719 5101; x_wconf 82' lang='lat' dir='ltr'><strong>nostrum</strong></span> <span class='ocrx_word' id='word_1_410' title='bbox 1749 5045 1927 5100; x_wconf 76' lang='lat' dir='ltr'><strong>Iesum</strong></span> <span class='ocrx_word' id='word_1_411' title='bbox 1944 5046 2198 5102; x_wconf 82' lang='lat' dir='ltr'><strong>Christum</strong></span> 
     </span>
    </p>
   </div>
   <div class='ocr_carea' id='block_1_53' title="bbox 628 5130 2197 5204">
    <p class='ocr_par' dir='ltr' id='par_1_53' title="bbox 628 5130 2197 5204">
     <span class='ocr_line' id='line_1_53' title="bbox 628 5130 2197 5204; baseline 0.003 -20"><span class='ocrx_word' id='word_1_412' title='bbox 628 5130 801 5204; x_wconf 86' lang='lat' dir='ltr'><strong>(lCor.</strong></span> <span class='ocrx_word' id='word_1_413' title='bbox 831 5146 923 5198; x_wconf 81' lang='lat' dir='ltr'><strong>xv,</strong></span> <span class='ocrx_word' id='word_1_414' title='bbox 949 5132 1061 5201; x_wconf 87' lang='grc'><strong>57).</strong></span> <span class='ocrx_word' id='word_1_415' title='bbox 1079 5131 1178 5199; x_wconf 87' lang='lat' dir='ltr'><strong>Qui</strong></span> <span class='ocrx_word' id='word_1_416' title='bbox 1199 5141 1253 5187; x_wconf 92' lang='lat' dir='ltr'><strong>et</strong></span> <span class='ocrx_word' id='word_1_417' title='bbox 1274 5134 1380 5187; x_wconf 89' lang='lat' dir='ltr'><strong>alio</strong></span> <span class='ocrx_word' id='word_1_418' title='bbox 1399 5134 1535 5198; x_wconf 91' lang='lat' dir='ltr'><strong>loco,</strong></span> <span class='ocrx_word' id='word_1_419' title='bbox 1554 5134 1621 5189; x_wconf 88' lang='lat' dir='ltr'><strong>In</strong></span> <span class='ocrx_word' id='word_1_420' title='bbox 1636 5135 1733 5201; x_wconf 81' lang='lat' dir='ltr'><strong>his,</strong></span> <span class='ocrx_word' id='word_1_421' title='bbox 1756 5134 1944 5204; x_wconf 85' lang='lat' dir='ltr'><strong>inquit,</strong></span> <span class='ocrx_word' id='word_1_422' title='bbox 1971 5135 2197 5189; x_wconf 79' lang='lat' dir='ltr'><strong>omnibus</strong></span> 
     </span>
    </p>
   </div>
   <div class='ocr_carea' id='block_1_54' title="bbox 628 5216 2194 5288">
    <p class='ocr_par' dir='ltr' id='par_1_54' title="bbox 628 5216 2194 5288">
     <span class='ocr_line' id='line_1_54' title="bbox 628 5216 2194 5288; baseline 0.002 -20"><span class='ocrx_word' id='word_1_423' title='bbox 628 5216 1022 5286; x_wconf 74' lang='lat' dir='ltr'><strong>supervincimus</strong></span> <span class='ocrx_word' id='word_1_424' title='bbox 1048 5232 1135 5286; x_wconf 82' lang='lat' dir='ltr'><strong>per</strong></span> <span class='ocrx_word' id='word_1_425' title='bbox 1176 5233 1289 5270; x_wconf 80' lang='lat' dir='ltr'><strong>eum</strong></span> <span class='ocrx_word' id='word_1_426' title='bbox 1311 5218 1397 5285; x_wconf 84' lang='lat' dir='ltr'><strong>qui</strong></span> <span class='ocrx_word' id='word_1_427' title='bbox 1424 5217 1600 5271; x_wconf 71' lang='lat' dir='ltr'><strong>dilexit</strong></span> <span class='ocrx_word' id='word_1_428' title='bbox 1627 5233 1717 5272; x_wconf 77' lang='lat' dir='ltr'><strong>nos</strong></span> <span class='ocrx_word' id='word_1_429' title='bbox 1736 5216 1909 5288; x_wconf 79' lang='lat' dir='ltr'><strong>(Rom.</strong></span> <span class='ocrx_word' id='word_1_430' title='bbox 1946 5232 2051 5282; x_wconf 81' lang='lat' dir='ltr'><strong>vui,</strong></span> <span class='ocrx_word' id='word_1_431' title='bbox 2081 5216 2194 5287; x_wconf 83' lang='grc'><strong>57).</strong></span> 
     </span>
    </p>
   </div>
   <div class='ocr_carea' id='block_1_55' title="bbox 627 5306 2197 5377">
    <p class='ocr_par' dir='ltr' id='par_1_55' title="bbox 627 5306 2197 5377">
     <span class='ocr_line' id='line_1_55' title="bbox 627 5306 2197 5377; baseline 0 -15"><span class='ocrx_word' id='word_1_432' title='bbox 627 5307 869 5363; x_wconf 83' lang='lat' dir='ltr'><strong>Sciamus</strong></span> <span class='ocrx_word' id='word_1_433' title='bbox 887 5315 1061 5362; x_wconf 82' lang='lat' dir='ltr'><strong>tamen</strong></span> <span class='ocrx_word' id='word_1_434' title='bbox 1083 5306 1409 5377; x_wconf 81' lang='lat' dir='ltr'><strong>quantalibet</strong></span> <span class='ocrx_word' id='word_1_435' title='bbox 1431 5306 1627 5361; x_wconf 90' lang='lat' dir='ltr'><strong>virtute</strong></span> <span class='ocrx_word' id='word_1_436' title='bbox 1648 5306 1920 5377; x_wconf 71' lang='lat' dir='ltr'><strong>proeliandi</strong></span> <span class='ocrx_word' id='word_1_437' title='bbox 1942 5306 2082 5361; x_wconf 91' lang='lat' dir='ltr'><strong>vitiis</strong></span> <span class='ocrx_word' id='word_1_438' title='bbox 2110 5321 2197 5362; x_wconf 85' lang='lat' dir='ltr'><strong>re-</strong></span> 
     </span>
    </p>
   </div>
   <div class='ocr_carea' id='block_1_56' title="bbox 690 5476 2195 5541">
    <p class='ocr_par' dir='ltr' id='par_1_56' title="bbox 690 5476 2195 5541">
     <span class='ocr_line' id='line_1_56' title="bbox 690 5476 2195 5541; baseline -0.001 -13"><span class='ocrx_word' id='word_1_439' title='bbox 690 5479 763 5541; x_wconf 80' lang='grc' dir='ltr'><strong>(η)</strong></span> <span class='ocrx_word' id='word_1_440' title='bbox 794 5479 881 5528; x_wconf 88' lang='lat' dir='ltr'><strong>Ubi</strong></span> <span class='ocrx_word' id='word_1_441' title='bbox 922 5478 1018 5541; x_wconf 75' lang='lat' dir='ltr'><strong>hoc</strong></span> <span class='ocrx_word' id='word_1_442' title='bbox 1050 5478 1111 5527; x_wconf 87' lang='lat' dir='ltr'><strong>ad</strong></span> <span class='ocrx_word' id='word_1_443' title='bbox 1132 5479 1333 5541; x_wconf 83' lang='lat' dir='ltr'><strong>verbum</strong></span> <span class='ocrx_word' id='word_1_444' title='bbox 1370 5477 1497 5529; x_wconf 67' lang='lat' dir='ltr'><strong>dicit</strong></span> <span class='ocrx_word' id='word_1_445' title='bbox 1536 5481 1719 5537; x_wconf 86' lang='lat' dir='ltr'><strong>cicero,</strong></span> <span class='ocrx_word' id='word_1_446' title='bbox 1758 5491 1853 5527; x_wconf 88' lang='lat' dir='ltr'><strong>non</strong></span> <span class='ocrx_word' id='word_1_447' title='bbox 1876 5484 1949 5541; x_wconf 85' lang='lat' dir='ltr'><strong>sat</strong></span> <span class='ocrx_word' id='word_1_448' title='bbox 1982 5476 2195 5527; x_wconf 88' lang='lat' dir='ltr'><strong>memini.</strong></span> 
     </span>
    </p>
   </div>
   <div class='ocr_carea' id='block_1_57' title="bbox 625 5537 2198 5610">
    <p class='ocr_par' dir='ltr' id='par_1_57' title="bbox 625 5537 2198 5610">
     <span class='ocr_line' id='line_1_57' title="bbox 625 5537 2198 5610; baseline -0.002 -21"><span class='ocrx_word' id='word_1_449' title='bbox 625 5537 872 5610; x_wconf 72' lang='lat' dir='ltr'><strong>Sententia</strong></span> <span class='ocrx_word' id='word_1_450' title='bbox 894 5537 1065 5610; x_wconf 65' lang='lat' dir='ltr'><strong>similis</strong></span> <span class='ocrx_word' id='word_1_451' title='bbox 1075 5541 1232 5610; x_wconf 72' lang='lat' dir='ltr'><strong>estin</strong></span> <span class='ocrx_word' id='word_1_452' title='bbox 1249 5539 1372 5610; x_wconf 75' lang='lat' dir='ltr'><strong>libro</strong></span> <span class='ocrx_word' id='word_1_453' title='bbox 1391 5542 1559 5610; x_wconf 76' lang='lat' dir='ltr'><strong>quinto</strong></span> <span class='ocrx_word' id='word_1_454' title='bbox 1581 5541 1645 5610; x_wconf 80' lang='lat' dir='ltr'><strong>de</strong></span> <span class='ocrx_word' id='word_1_455' title='bbox 1669 5541 1861 5610; x_wconf 71' lang='lat' dir='ltr'><strong>Finibus</strong></span> <span class='ocrx_word' id='word_1_456' title='bbox 1882 5540 2115 5610; x_wconf 76' lang='lat' dir='ltr'><strong>bonorum</strong></span> <span class='ocrx_word' id='word_1_457' title='bbox 2147 5545 2198 5586; x_wconf 89' lang='lat' dir='ltr'><strong>et</strong></span> 
     </span>
    </p>
   </div>
   <div class='ocr_carea' id='block_1_58' title="bbox 628 5600 2196 5670">
    <p class='ocr_par' dir='ltr' id='par_1_58' title="bbox 628 5600 2196 5670">
     <span class='ocr_line' id='line_1_58' title="bbox 628 5600 2196 5670; baseline -0.001 -23"><span class='ocrx_word' id='word_1_458' title='bbox 628 5602 861 5649; x_wconf 81' lang='lat' dir='ltr'><strong>malorum</strong></span> <span class='ocrx_word' id='word_1_459' title='bbox 876 5635 890 5660; x_wconf 92' lang='lat'><strong>,</strong></span> <span class='ocrx_word' id='word_1_460' title='bbox 909 5614 1014 5662; x_wconf 85' lang='lat' dir='ltr'><strong>cap.</strong></span> <span class='ocrx_word' id='word_1_461' title='bbox 1035 5601 1089 5649; x_wconf 78' lang='grc'><strong>21</strong></span> <span class='ocrx_word' id='word_1_462' title='bbox 1120 5600 1389 5670; x_wconf 70' lang='lat' dir='ltr'><strong>;_Praeclare</strong></span> <span class='ocrx_word' id='word_1_463' title='bbox 1404 5600 1541 5670; x_wconf 80' lang='lat' dir='ltr'><strong>enim</strong></span> <span class='ocrx_word' id='word_1_464' title='bbox 1556 5602 1715 5670; x_wconf 70' lang='lat' dir='ltr'><strong>Plato:</strong></span> <span class='ocrx_word' id='word_1_465' title='bbox 1743 5608 1938 5649; x_wconf 84' lang='lat' dir='ltr'><strong>Beatum</strong></span> <span class='ocrx_word' id='word_1_466' title='bbox 1952 5600 2030 5649; x_wconf 87' lang='lat' dir='ltr'><strong>cui</strong></span> <span class='ocrx_word' id='word_1_467' title='bbox 2051 5600 2196 5670; x_wconf 79' lang='lat' dir='ltr'><strong>etiam</strong></span> 
     </span>
    </p>
   </div>
   <div class='ocr_carea' id='block_1_59' title="bbox 632 5662 2193 5724">
    <p class='ocr_par' dir='ltr' id='par_1_59' title="bbox 632 5662 2193 5724">
     <span class='ocr_line' id='line_1_59' title="bbox 632 5662 2193 5724; baseline 0 -16"><span class='ocrx_word' id='word_1_468' title='bbox 632 5680 655 5703; x_wconf 70' lang='grc' dir='ltr'><strong>α</strong></span> <span class='ocrx_word' id='word_1_469' title='bbox 680 5677 724 5708; x_wconf 89' lang='lat' dir='ltr'><strong>m</strong></span> <span class='ocrx_word' id='word_1_470' title='bbox 749 5670 1004 5711; x_wconf 81' lang='lat' dir='ltr'><strong>senectute</strong></span> <span class='ocrx_word' id='word_1_471' title='bbox 1027 5662 1314 5724; x_wconf 84' lang='lat' dir='ltr'><strong>contigerit,</strong></span> <span class='ocrx_word' id='word_1_472' title='bbox 1358 5670 1412 5711; x_wconf 88' lang='lat' dir='ltr'><strong>ut</strong></span> <span class='ocrx_word' id='word_1_473' title='bbox 1443 5665 1729 5723; x_wconf 83' lang='lat' dir='ltr'><strong>sapientiam</strong></span> <span class='ocrx_word' id='word_1_474' title='bbox 1750 5673 1987 5724; x_wconf 84' lang='lat' dir='ltr'><strong>verasque</strong></span> <span class='ocrx_word' id='word_1_475' title='bbox 2010 5662 2193 5723; x_wconf 86' lang='lat' dir='ltr'><strong>Opinio-</strong></span> 
     </span>
    </p>
   </div>
   <div class='ocr_carea' id='block_1_60' title="bbox 632 5723 1529 5785">
    <p class='ocr_par' dir='ltr' id='par_1_60' title="bbox 632 5723 1529 5785">
     <span class='ocr_line' id='line_1_60' title="bbox 632 5723 1529 5785; baseline 0.004 -17"><span class='ocrx_word' id='word_1_476' title='bbox 632 5738 657 5763; x_wconf 73' lang='grc' dir='ltr'><strong>ο</strong></span> <span class='ocrx_word' id='word_1_477' title='bbox 680 5734 768 5770; x_wconf 82' lang='lat' dir='ltr'><strong>nes</strong></span> <span class='ocrx_word' id='word_1_478' title='bbox 789 5725 981 5784; x_wconf 82' lang='lat' dir='ltr'><strong>assequi</strong></span> <span class='ocrx_word' id='word_1_479' title='bbox 1004 5723 1167 5785; x_wconf 79' lang='lat' dir='ltr'><strong>possit.</strong></span> <span class='ocrx_word' id='word_1_480' title='bbox 1192 5740 1213 5767; x_wconf 70' lang='grc' dir='ltr'><strong>ν</strong></span> <span class='ocrx_word' id='word_1_481' title='bbox 1246 5729 1352 5773; x_wconf 77' lang='lat' dir='ltr'><strong>Lua.</strong></span> <span class='ocrx_word' id='word_1_482' title='bbox 1382 5732 1529 5773; x_wconf 65' lang='lat' dir='ltr'><strong>Vives.</strong></span> 
     </span>
    </p>
   </div>
   <div class='ocr_carea' id='block_1_61' title="bbox 1618 319 2719 395">
    <p class='ocr_par' dir='ltr' id='par_1_61' title="bbox 1618 319 2719 395">
     <span class='ocr_line' id='line_1_61' title="bbox 1618 319 2719 395; baseline 0.015 -21"><span class='ocrx_word' id='word_1_483' title='bbox 1618 319 1704 375; x_wconf 86' lang='lat' dir='ltr'><strong>DE</strong></span> <span class='ocrx_word' id='word_1_484' title='bbox 1742 321 2056 381; x_wconf 82' lang='lat' dir='ltr'><strong>CIVITATE</strong></span> <span class='ocrx_word' id='word_1_485' title='bbox 2095 327 2227 395; x_wconf 83' lang='lat' dir='ltr'><strong>DEI,</strong></span> <span class='ocrx_word' id='word_1_486' title='bbox 2256 329 2314 385; x_wconf 88' lang='lat' dir='ltr'><strong>S.</strong></span> <span class='ocrx_word' id='word_1_487' title='bbox 2355 331 2719 391; x_wconf 83' lang='lat' dir='ltr'><strong>AUGUSTINI</strong></span> 
     </span>
    </p>
   </div>
   <div class='ocr_carea' id='block_1_62' title="bbox 3680 366 3752 424">
    <p class='ocr_par' dir='ltr' id='par_1_62' title="bbox 3680 366 3752 424">
     <span class='ocr_line' id='line_1_62' title="bbox 3680 366 3752 424; baseline 0.069 -5"><span class='ocrx_word' id='word_1_488' title='bbox 3680 366 3752 424; x_wconf 70' lang='lat'><strong>788</strong></span> 
     </span>
    </p>
   </div>
   <div class='ocr_carea' id='block_1_63' title="bbox 2276 449 3748 546">
    <p class='ocr_par' dir='ltr' id='par_1_63' title="bbox 2276 449 3748 546">
     <span class='ocr_line' id='line_1_63' title="bbox 2276 449 3748 546; baseline 0.019 -49"><span class='ocrx_word' id='word_1_489' title='bbox 2276 459 2589 546; x_wconf 79' lang='lat' dir='ltr'><strong>pugnemus,</strong></span> <span class='ocrx_word' id='word_1_490' title='bbox 2623 449 2705 504; x_wconf 87' lang='lat' dir='ltr'><strong>vel</strong></span> <span class='ocrx_word' id='word_1_491' title='bbox 2731 452 2891 505; x_wconf 88' lang='lat' dir='ltr'><strong>etiam</strong></span> <span class='ocrx_word' id='word_1_492' title='bbox 2920 454 3041 509; x_wconf 87' lang='lat' dir='ltr'><strong>vitia</strong></span> <span class='ocrx_word' id='word_1_493' title='bbox 3069 470 3383 526; x_wconf 86' lang='lat' dir='ltr'><strong>superemus</strong></span> <span class='ocrx_word' id='word_1_494' title='bbox 3403 471 3455 518; x_wconf 87' lang='lat' dir='ltr'><strong>et</strong></span> <span class='ocrx_word' id='word_1_495' title='bbox 3477 466 3748 546; x_wconf 65' lang='lat' dir='ltr'><strong>subjugenm,</strong></span> 
     </span>
    </p>
   </div>
   <div class='ocr_carea' id='block_1_64' title="bbox 2273 536 3753 622">
    <p class='ocr_par' dir='ltr' id='par_1_64' title="bbox 2273 536 3753 622">
     <span class='ocr_line' id='line_1_64' title="bbox 2273 536 3753 622; baseline 0.017 -35"><span class='ocrx_word' id='word_1_496' title='bbox 2273 536 2523 604; x_wconf 88' lang='lat' dir='ltr'><strong>quamdiu</strong></span> <span class='ocrx_word' id='word_1_497' title='bbox 2565 553 2747 595; x_wconf 89' lang='lat' dir='ltr'><strong>sumus</strong></span> <span class='ocrx_word' id='word_1_498' title='bbox 2787 542 2839 596; x_wconf 91' lang='lat' dir='ltr'><strong>in</strong></span> <span class='ocrx_word' id='word_1_499' title='bbox 2881 543 2981 598; x_wconf 85' lang='lat' dir='ltr'><strong>hoc</strong></span> <span class='ocrx_word' id='word_1_500' title='bbox 3021 560 3290 615; x_wconf 88' lang='lat' dir='ltr'><strong>corpore,</strong></span> <span class='ocrx_word' id='word_1_501' title='bbox 3330 552 3474 607; x_wconf 90' lang='lat' dir='ltr'><strong>nobis</strong></span> 
     </span>
    </p>
   </div>
   <div class='ocr_carea' id='block_1_65' title="bbox 2276 630 3753 713">
    <p class='ocr_par' dir='ltr' id='par_1_65' title="bbox 2276 630 3753 713">
     <span class='ocr_line' id='line_1_65' title="bbox 2276 630 3753 713; baseline 0.021 -36"><span class='ocrx_word' id='word_1_502' title='bbox 2276 640 2431 695; x_wconf 78' lang='lat' dir='ltr'><strong>posse</strong></span> <span class='ocrx_word' id='word_1_503' title='bbox 2462 630 2600 684; x_wconf 89' lang='lat' dir='ltr'><strong>unde</strong></span> <span class='ocrx_word' id='word_1_504' title='bbox 2624 630 2862 688; x_wconf 87' lang='lat' dir='ltr'><strong>dicamus</strong></span> <span class='ocrx_word' id='word_1_505' title='bbox 2911 635 3036 704; x_wconf 79' lang='lat' dir='ltr'><strong>Deo,</strong></span> <span class='ocrx_word' id='word_1_506' title='bbox 3068 636 3287 694; x_wconf 82' lang='lat' dir='ltr'><strong>Dimitte</strong></span> <span class='ocrx_word' id='word_1_507' title='bbox 3315 643 3447 698; x_wconf 79' lang='lat' dir='ltr'><strong>nobis</strong></span> <span class='ocrx_word' id='word_1_508' title='bbox 3484 648 3619 704; x_wconf 80' lang='lat' dir='ltr'><strong>debita</strong></span> <span class='ocrx_word' id='word_1_509' title='bbox 3640 670 3753 713; x_wconf 70' lang='lat' dir='ltr'><strong>norm</strong></span> 
     </span>
    </p>
   </div>
   <div class='ocr_carea' id='block_1_66' title="bbox 2277 717 3755 806">
    <p class='ocr_par' dir='ltr' id='par_1_66' title="bbox 2277 717 3755 806">
     <span class='ocr_line' id='line_1_66' title="bbox 2277 717 3755 806; baseline 0.015 -37"><span class='ocrx_word' id='word_1_510' title='bbox 2277 717 2678 793; x_wconf 74' lang='lat' dir='ltr'><strong>(Matth.vr,12).</strong></span> <span class='ocrx_word' id='word_1_511' title='bbox 2704 724 2762 778; x_wconf 86' lang='lat' dir='ltr'><strong>In</strong></span> <span class='ocrx_word' id='word_1_512' title='bbox 2781 725 2867 780; x_wconf 93' lang='lat' dir='ltr'><strong>illo</strong></span> <span class='ocrx_word' id='word_1_513' title='bbox 2884 734 3057 781; x_wconf 87' lang='lat' dir='ltr'><strong>autem</strong></span> <span class='ocrx_word' id='word_1_514' title='bbox 3081 745 3254 800; x_wconf 85' lang='lat' dir='ltr'><strong>regno</strong></span> <span class='ocrx_word' id='word_1_515' title='bbox 3278 733 3362 787; x_wconf 92' lang='lat' dir='ltr'><strong>ubi</strong></span> <span class='ocrx_word' id='word_1_516' title='bbox 3376 749 3559 806; x_wconf 83' lang='lat' dir='ltr'><strong>semper</strong></span> <span class='ocrx_word' id='word_1_517' title='bbox 3570 758 3662 797; x_wconf 87' lang='lat' dir='ltr'><strong>cum</strong></span> <span class='ocrx_word' id='word_1_518' title='bbox 3677 763 3755 803; x_wconf 69' lang='grc' dir='ltr'><strong>ουτ.</strong></span> 
     </span>
    </p>
   </div>
   <div class='ocr_carea' id='block_1_67' title="bbox 2280 810 3754 894">
    <p class='ocr_par' dir='ltr' id='par_1_67' title="bbox 2280 810 3754 894">
     <span class='ocr_line' id='line_1_67' title="bbox 2280 810 3754 894; baseline 0.02 -32"><span class='ocrx_word' id='word_1_519' title='bbox 2280 810 2497 879; x_wconf 89' lang='lat' dir='ltr'><strong>poribus</strong></span> <span class='ocrx_word' id='word_1_520' title='bbox 2521 812 2909 871; x_wconf 87' lang='lat' dir='ltr'><strong>immortalibus</strong></span> <span class='ocrx_word' id='word_1_521' title='bbox 2928 818 3157 885; x_wconf 83' lang='lat' dir='ltr'><strong>erimus,</strong></span> <span class='ocrx_word' id='word_1_522' title='bbox 3188 836 3287 876; x_wconf 90' lang='lat' dir='ltr'><strong>nec</strong></span> <span class='ocrx_word' id='word_1_523' title='bbox 3311 824 3474 892; x_wconf 64' lang='lat' dir='ltr'><strong>praelia</strong></span> <span class='ocrx_word' id='word_1_524' title='bbox 3504 831 3628 886; x_wconf 83' lang='lat' dir='ltr'><strong>nobis</strong></span> <span class='ocrx_word' id='word_1_525' title='bbox 3652 852 3754 894; x_wconf 81' lang='lat' dir='ltr'><strong>erum</strong></span> 
     </span>
    </p>
   </div>
   <div class='ocr_carea' id='block_1_68' title="bbox 2280 900 3754 989">
    <p class='ocr_par' dir='ltr' id='par_1_68' title="bbox 2280 900 3754 989">
     <span class='ocr_line' id='line_1_68' title="bbox 2280 900 3754 989; baseline 0.018 -36"><span class='ocrx_word' id='word_1_526' title='bbox 2280 900 2404 964; x_wconf 89' lang='lat' dir='ltr'><strong>ulla,</strong></span> <span class='ocrx_word' id='word_1_527' title='bbox 2429 917 2526 957; x_wconf 89' lang='lat' dir='ltr'><strong>nec</strong></span> <span class='ocrx_word' id='word_1_528' title='bbox 2546 902 2752 970; x_wconf 86' lang='lat' dir='ltr'><strong>debita;</strong></span> <span class='ocrx_word' id='word_1_529' title='bbox 2771 921 2889 975; x_wconf 75' lang='lat' dir='ltr'><strong>qua:</strong></span> <span class='ocrx_word' id='word_1_530' title='bbox 2910 922 3176 978; x_wconf 75' lang='lat' dir='ltr'><strong>nusquam</strong></span> <span class='ocrx_word' id='word_1_531' title='bbox 3202 922 3259 966; x_wconf 89' lang='lat' dir='ltr'><strong>et</strong></span> <span class='ocrx_word' id='word_1_532' title='bbox 3283 929 3527 984; x_wconf 78' lang='lat' dir='ltr'><strong>nunquam</strong></span> <span class='ocrx_word' id='word_1_533' title='bbox 3551 936 3709 989; x_wconf 84' lang='lat' dir='ltr'><strong>essent,</strong></span> <span class='ocrx_word' id='word_1_534' title='bbox 3728 933 3754 985; x_wconf 77' lang='lat' dir='ltr'><strong>si</strong></span> 
     </span>
    </p>
   </div>
   <div class='ocr_carea' id='block_1_69' title="bbox 2281 995 3753 1081">
    <p class='ocr_par' dir='ltr' id='par_1_69' title="bbox 2281 995 3753 1081">
     <span class='ocr_line' id='line_1_69' title="bbox 2281 995 3753 1081; baseline 0.02 -39"><span class='ocrx_word' id='word_1_535' title='bbox 2281 998 2466 1044; x_wconf 91' lang='lat' dir='ltr'><strong>natura</strong></span> <span class='ocrx_word' id='word_1_536' title='bbox 2501 1002 2680 1047; x_wconf 89' lang='lat' dir='ltr'><strong>nostra</strong></span> <span class='ocrx_word' id='word_1_537' title='bbox 2696 1036 2711 1059; x_wconf 93' lang='lat'><strong>,</strong></span> <span class='ocrx_word' id='word_1_538' title='bbox 2731 995 2868 1081; x_wconf 68' lang='lat' dir='ltr'><strong>sicut</strong></span> <span class='ocrx_word' id='word_1_539' title='bbox 2890 1008 3031 1054; x_wconf 88' lang='lat' dir='ltr'><strong>recta</strong></span> <span class='ocrx_word' id='word_1_540' title='bbox 3060 1010 3249 1055; x_wconf 85' lang='lat' dir='ltr'><strong>creata</strong></span> <span class='ocrx_word' id='word_1_541' title='bbox 3271 1012 3367 1069; x_wconf 87' lang='lat' dir='ltr'><strong>est,</strong></span> <span class='ocrx_word' id='word_1_542' title='bbox 3395 1020 3684 1075; x_wconf 81' lang='lat' dir='ltr'><strong>permaneret.</strong></span> <span class='ocrx_word' id='word_1_543' title='bbox 3706 1022 3753 1075; x_wconf 74' lang='lat' dir='ltr'><strong>Ac</strong></span> 
     </span>
    </p>
   </div>
   <div class='ocr_carea' id='block_1_70' title="bbox 2282 1083 3755 1170">
    <p class='ocr_par' dir='ltr' id='par_1_70' title="bbox 2282 1083 3755 1170">
     <span class='ocr_line' id='line_1_70' title="bbox 2282 1083 3755 1170; baseline 0.018 -36"><span class='ocrx_word' id='word_1_544' title='bbox 2282 1097 2377 1151; x_wconf 89' lang='lat' dir='ltr'><strong>per</strong></span> <span class='ocrx_word' id='word_1_545' title='bbox 2404 1083 2505 1138; x_wconf 85' lang='lat' dir='ltr'><strong>hoc</strong></span> <span class='ocrx_word' id='word_1_546' title='bbox 2528 1086 2687 1139; x_wconf 86' lang='lat' dir='ltr'><strong>etiam</strong></span> <span class='ocrx_word' id='word_1_547' title='bbox 2714 1097 2892 1143; x_wconf 87' lang='lat' dir='ltr'><strong>noster</strong></span> <span class='ocrx_word' id='word_1_548' title='bbox 2912 1089 3012 1144; x_wconf 89' lang='lat' dir='ltr'><strong>iste</strong></span> <span class='ocrx_word' id='word_1_549' title='bbox 3037 1093 3345 1161; x_wconf 82' lang='lat' dir='ltr'><strong>conﬂictus,</strong></span> <span class='ocrx_word' id='word_1_550' title='bbox 3379 1098 3428 1151; x_wconf 92' lang='lat' dir='ltr'><strong>in</strong></span> <span class='ocrx_word' id='word_1_551' title='bbox 3453 1115 3543 1168; x_wconf 85' lang='lat' dir='ltr'><strong>quo</strong></span> <span class='ocrx_word' id='word_1_552' title='bbox 3569 1106 3755 1170; x_wconf 74' lang='lat' dir='ltr'><strong>periclita-</strong></span> 
     </span>
    </p>
   </div>
   <div class='ocr_carea' id='block_1_71' title="bbox 2282 1173 3752 1263">
    <p class='ocr_par' dir='ltr' id='par_1_71' title="bbox 2282 1173 3752 1263">
     <span class='ocr_line' id='line_1_71' title="bbox 2282 1173 3752 1263; baseline 0.018 -39"><span class='ocrx_word' id='word_1_553' title='bbox 2282 1186 2420 1237; x_wconf 90' lang='lat' dir='ltr'><strong>mur,</strong></span> <span class='ocrx_word' id='word_1_554' title='bbox 2440 1183 2491 1226; x_wconf 92' lang='lat' dir='ltr'><strong>et</strong></span> <span class='ocrx_word' id='word_1_555' title='bbox 2512 1173 2577 1228; x_wconf 91' lang='lat' dir='ltr'><strong>de</strong></span> <span class='ocrx_word' id='word_1_556' title='bbox 2596 1190 2701 1243; x_wconf 91' lang='lat' dir='ltr'><strong>quo</strong></span> <span class='ocrx_word' id='word_1_557' title='bbox 2714 1191 2812 1231; x_wconf 90' lang='lat' dir='ltr'><strong>nos</strong></span> <span class='ocrx_word' id='word_1_558' title='bbox 2822 1178 3038 1234; x_wconf 87' lang='lat' dir='ltr'><strong>victoria</strong></span> <span class='ocrx_word' id='word_1_559' title='bbox 3056 1183 3350 1237; x_wconf 88' lang='lat' dir='ltr'><strong>novissima</strong></span> <span class='ocrx_word' id='word_1_560' title='bbox 3372 1188 3579 1256; x_wconf 87' lang='lat' dir='ltr'><strong>cupimus</strong></span> <span class='ocrx_word' id='word_1_561' title='bbox 3595 1192 3752 1263; x_wconf 84' lang='lat' dir='ltr'><strong>liberari,</strong></span> 
     </span>
    </p>
   </div>
   <div class='ocr_carea' id='block_1_72' title="bbox 2283 1263 3757 1355">
    <p class='ocr_par' dir='ltr' id='par_1_72' title="bbox 2283 1263 3757 1355">
     <span class='ocr_line' id='line_1_72' title="bbox 2283 1263 3757 1355; baseline 0.015 -38"><span class='ocrx_word' id='word_1_562' title='bbox 2283 1263 2348 1318; x_wconf 89' lang='lat' dir='ltr'><strong>ad</strong></span> <span class='ocrx_word' id='word_1_563' title='bbox 2379 1265 2497 1319; x_wconf 68' lang='lat' dir='ltr'><strong>vita:</strong></span> <span class='ocrx_word' id='word_1_564' title='bbox 2525 1264 2680 1336; x_wconf 86' lang='lat' dir='ltr'><strong>hujus</strong></span> <span class='ocrx_word' id='word_1_565' title='bbox 2722 1270 2861 1323; x_wconf 87' lang='lat' dir='ltr'><strong>mala</strong></span> <span class='ocrx_word' id='word_1_566' title='bbox 2890 1273 3156 1339; x_wconf 88' lang='lat' dir='ltr'><strong>pertinet,</strong></span> <span class='ocrx_word' id='word_1_567' title='bbox 3199 1290 3356 1343; x_wconf 90' lang='lat' dir='ltr'><strong>quam</strong></span> <span class='ocrx_word' id='word_1_568' title='bbox 3382 1285 3453 1332; x_wconf 89' lang='lat' dir='ltr'><strong>tot</strong></span> <span class='ocrx_word' id='word_1_569' title='bbox 3484 1288 3757 1355; x_wconf 73' lang='lat' dir='ltr'><strong>tantorumque</strong></span> 
     </span>
    </p>
   </div>
   <div class='ocr_carea' id='block_1_73' title="bbox 2288 1354 3664 1430">
    <p class='ocr_par' dir='ltr' id='par_1_73' title="bbox 2288 1354 3664 1430">
     <span class='ocr_line' id='line_1_73' title="bbox 2288 1354 3664 1430; baseline 0.016 -24"><span class='ocrx_word' id='word_1_570' title='bbox 2288 1354 2585 1409; x_wconf 90' lang='lat' dir='ltr'><strong>testimonio</strong></span> <span class='ocrx_word' id='word_1_571' title='bbox 2630 1357 2883 1412; x_wconf 87' lang='lat' dir='ltr'><strong>malorum</strong></span> <span class='ocrx_word' id='word_1_572' title='bbox 2910 1362 3208 1430; x_wconf 84' lang='lat' dir='ltr'><strong>probamus</strong></span> <span class='ocrx_word' id='word_1_573' title='bbox 3229 1364 3245 1394; x_wconf 83' lang='grc'>¹</span> <span class='ocrx_word' id='word_1_574' title='bbox 3263 1380 3380 1421; x_wconf 73' lang='lat' dir='ltr'><strong>esse</strong></span> <span class='ocrx_word' id='word_1_575' title='bbox 3402 1367 3664 1428; x_wconf 85' lang='lat' dir='ltr'><strong>damnatam.</strong></span> 
     </span>
    </p>
   </div>
   <div class='ocr_carea' id='block_1_74' title="bbox 2285 1464 3755 1543">
    <p class='ocr_par' dir='ltr' id='par_1_74' title="bbox 2285 1464 3755 1543">
     <span class='ocr_line' id='line_1_74' title="bbox 2285 1464 3755 1543; baseline 0.012 -25"><span class='ocrx_word' id='word_1_576' title='bbox 2285 1464 2509 1521; x_wconf 81' lang='lat' dir='ltr'><strong>CAPUT</strong></span> <span class='ocrx_word' id='word_1_577' title='bbox 2540 1466 2729 1523; x_wconf 83' lang='lat' dir='ltr'><strong>XXIV.</strong></span> <span class='ocrx_word' id='word_1_578' title='bbox 2778 1500 2851 1509; x_wconf 95' lang='lat'><strong>—</strong></span> <span class='ocrx_word' id='word_1_579' title='bbox 2891 1469 2969 1524; x_wconf 89' lang='lat' dir='ltr'><strong>De</strong></span> <span class='ocrx_word' id='word_1_580' title='bbox 2996 1472 3143 1528; x_wconf 80' lang='lat' dir='ltr'><strong>bonis</strong></span> <span class='ocrx_word' id='word_1_581' title='bbox 3183 1475 3365 1543; x_wconf 76' lang='lat' dir='ltr'><strong>quibus</strong></span> <span class='ocrx_word' id='word_1_582' title='bbox 3387 1478 3521 1531; x_wconf 83' lang='lat' dir='ltr'><strong>etiam</strong></span> <span class='ocrx_word' id='word_1_583' title='bbox 3542 1482 3755 1537; x_wconf 66' lang='lat' dir='ltr'><strong>hauritu</strong></span> 
     </span>
    </p>
   </div>
   <div class='ocr_carea' id='block_1_75' title="bbox 2495 1558 3594 1639">
    <p class='ocr_par' dir='ltr' id='par_1_75' title="bbox 2495 1558 3594 1639">
     <span class='ocr_line' id='line_1_75' title="bbox 2495 1558 3594 1639; baseline 0.014 -29"><span class='ocrx_word' id='word_1_584' title='bbox 2495 1558 2808 1613; x_wconf 82' lang='lat' dir='ltr'><strong>danmationi</strong></span> <span class='ocrx_word' id='word_1_585' title='bbox 2834 1560 3105 1616; x_wconf 71' lang='lat' dir='ltr'><strong>obnoxiam</strong></span> <span class='ocrx_word' id='word_1_586' title='bbox 3148 1563 3363 1619; x_wconf 85' lang='lat' dir='ltr'><strong>Creator</strong></span> 
     </span>
    </p>
   </div>
   <div class='ocr_carea' id='block_1_76' title="bbox 2361 1670 3755 1749">
    <p class='ocr_par' dir='ltr' id='par_1_76' title="bbox 2361 1670 3755 1749">
     <span class='ocr_line' id='line_1_76' title="bbox 2361 1670 3755 1749; baseline 0.009 -24"><span class='ocrx_word' id='word_1_587' title='bbox 2361 1670 2414 1725; x_wconf 79' lang='lat' dir='ltr'><strong>l.</strong></span> <span class='ocrx_word' id='word_1_588' title='bbox 2443 1670 2557 1725; x_wconf 83' lang='lat' dir='ltr'><strong>Jam</strong></span> <span class='ocrx_word' id='word_1_589' title='bbox 2585 1687 2724 1727; x_wconf 90' lang='lat' dir='ltr'><strong>nunc</strong></span> <span class='ocrx_word' id='word_1_590' title='bbox 2747 1673 3200 1729; x_wconf 87' lang='lat' dir='ltr'><strong>considerandum</strong></span> <span class='ocrx_word' id='word_1_591' title='bbox 3227 1688 3330 1745; x_wconf 86' lang='lat' dir='ltr'><strong>est,</strong></span> <span class='ocrx_word' id='word_1_592' title='bbox 3360 1680 3482 1733; x_wconf 85' lang='lat' dir='ltr'><strong>hanc</strong></span> <span class='ocrx_word' id='word_1_593' title='bbox 3500 1682 3632 1749; x_wconf 81' lang='lat' dir='ltr'><strong>ipsam</strong></span> <span class='ocrx_word' id='word_1_594' title='bbox 3650 1686 3755 1738; x_wconf 77' lang='lat' dir='ltr'><strong>mise-</strong></span> 
     </span>
    </p>
   </div>
   <div class='ocr_carea' id='block_1_77' title="bbox 2290 1760 3754 1842">
    <p class='ocr_par' dir='ltr' id='par_1_77' title="bbox 2290 1760 3754 1842">
     <span class='ocr_line' id='line_1_77' title="bbox 2290 1760 3754 1842; baseline 0.01 -28"><span class='ocrx_word' id='word_1_595' title='bbox 2290 1760 2422 1815; x_wconf 88' lang='lat' dir='ltr'><strong>riam</strong></span> <span class='ocrx_word' id='word_1_596' title='bbox 2442 1765 2652 1832; x_wconf 82' lang='lat' dir='ltr'><strong>generis</strong></span> <span class='ocrx_word' id='word_1_597' title='bbox 2675 1762 2916 1831; x_wconf 81' lang='lat' dir='ltr'><strong>humani,</strong></span> <span class='ocrx_word' id='word_1_598' title='bbox 2936 1767 2987 1820; x_wconf 93' lang='lat' dir='ltr'><strong>in</strong></span> <span class='ocrx_word' id='word_1_599' title='bbox 3012 1782 3120 1836; x_wconf 88' lang='lat' dir='ltr'><strong>qua</strong></span> <span class='ocrx_word' id='word_1_600' title='bbox 3147 1768 3392 1823; x_wconf 88' lang='lat' dir='ltr'><strong>laudatur</strong></span> <span class='ocrx_word' id='word_1_601' title='bbox 3409 1770 3581 1839; x_wconf 84' lang='lat' dir='ltr'><strong>justitla</strong></span> <span class='ocrx_word' id='word_1_602' title='bbox 3604 1775 3754 1842; x_wconf 84' lang='lat' dir='ltr'><strong>punien-</strong></span> 
     </span>
    </p>
   </div>
   <div class='ocr_carea' id='block_1_78' title="bbox 2293 1850 3754 1929">
    <p class='ocr_par' dir='ltr' id='par_1_78' title="bbox 2293 1850 3754 1929">
     <span class='ocr_line' id='line_1_78' title="bbox 2293 1850 3754 1929; baseline 0.008 -25"><span class='ocrx_word' id='word_1_603' title='bbox 2293 1850 2379 1917; x_wconf 88' lang='lat' dir='ltr'><strong>tis,</strong></span> <span class='ocrx_word' id='word_1_604' title='bbox 2397 1853 2638 1921; x_wconf 84' lang='lat' dir='ltr'><strong>qualibus</strong></span> <span class='ocrx_word' id='word_1_605' title='bbox 2660 1863 2714 1908; x_wconf 90' lang='lat' dir='ltr'><strong>et</strong></span> <span class='ocrx_word' id='word_1_606' title='bbox 2731 1870 2891 1924; x_wconf 85' lang='lat' dir='ltr'><strong>quam</strong></span> <span class='ocrx_word' id='word_1_607' title='bbox 2920 1856 3103 1911; x_wconf 84' lang='lat' dir='ltr'><strong>multis</strong></span> <span class='ocrx_word' id='word_1_608' title='bbox 3129 1857 3423 1925; x_wconf 87' lang='lat' dir='ltr'><strong>impleverit</strong></span> <span class='ocrx_word' id='word_1_609' title='bbox 3446 1859 3573 1913; x_wconf 82' lang='lat' dir='ltr'><strong>bonis</strong></span> <span class='ocrx_word' id='word_1_610' title='bbox 3592 1862 3754 1929; x_wconf 74' lang='lat' dir='ltr'><strong>ejusdem</strong></span> 
     </span>
    </p>
   </div>
   <div class='ocr_carea' id='block_1_79' title="bbox 2293 1942 3749 2015">
    <p class='ocr_par' dir='ltr' id='par_1_79' title="bbox 2293 1942 3749 2015">
     <span class='ocr_line' id='line_1_79' title="bbox 2293 1942 3749 2015; baseline 0.008 -20"><span class='ocrx_word' id='word_1_611' title='bbox 2293 1942 2518 2008; x_wconf 87' lang='lat' dir='ltr'><strong>bonitas,</strong></span> <span class='ocrx_word' id='word_1_612' title='bbox 2550 1955 2738 1999; x_wconf 91' lang='lat' dir='ltr'><strong>cuncta</strong></span> <span class='ocrx_word' id='word_1_613' title='bbox 2766 1961 2886 2015; x_wconf 79' lang='lat' dir='ltr'><strong>qua:</strong></span> <span class='ocrx_word' id='word_1_614' title='bbox 2922 1948 3131 2001; x_wconf 84' lang='lat' dir='ltr'><strong>creavit</strong></span> <span class='ocrx_word' id='word_1_615' title='bbox 3168 1948 3573 2005; x_wconf 86' lang='lat' dir='ltr'><strong>administrantis.</strong></span> <span class='ocrx_word' id='word_1_616' title='bbox 3594 1950 3749 2006; x_wconf 85' lang='lat' dir='ltr'><strong>Primum</strong></span> 
     </span>
    </p>
   </div>
   <div class='ocr_carea' id='block_1_80' title="bbox 2293 2033 3751 2113">
    <p class='ocr_par' dir='ltr' id='par_1_80' title="bbox 2293 2033 3751 2113">
     <span class='ocr_line' id='line_1_80' title="bbox 2293 2033 3751 2113; baseline 0.007 -24"><span class='ocrx_word' id='word_1_617' title='bbox 2293 2033 2721 2093; x_wconf 81' lang='lat' dir='ltr'><strong>benedictionem</strong></span> <span class='ocrx_word' id='word_1_618' title='bbox 2749 2040 2890 2092; x_wconf 89' lang='lat' dir='ltr'><strong>illam</strong></span> <span class='ocrx_word' id='word_1_619' title='bbox 2914 2056 3073 2109; x_wconf 90' lang='lat' dir='ltr'><strong>quam</strong></span> <span class='ocrx_word' id='word_1_620' title='bbox 3103 2042 3396 2110; x_wconf 83' lang='lat' dir='ltr'><strong>pretulerat</strong></span> <span class='ocrx_word' id='word_1_621' title='bbox 3422 2053 3527 2097; x_wconf 88' lang='lat' dir='ltr'><strong>ante</strong></span> <span class='ocrx_word' id='word_1_622' title='bbox 3544 2056 3751 2113; x_wconf 68' lang='lat' dir='ltr'><strong>petatem,</strong></span> 
     </span>
    </p>
   </div>
   <div class='ocr_carea' id='block_1_81' title="bbox 2292 2124 3746 2205">
    <p class='ocr_par' dir='ltr' id='par_1_81' title="bbox 2292 2124 3746 2205">
     <span class='ocr_line' id='line_1_81' title="bbox 2292 2124 3746 2205; baseline 0.006 -26"><span class='ocrx_word' id='word_1_623' title='bbox 2292 2124 2495 2190; x_wconf 88' lang='lat' dir='ltr'><strong>dicens,</strong></span> <span class='ocrx_word' id='word_1_624' title='bbox 2513 2124 2743 2193; x_wconf 76' lang='lat' dir='ltr'><strong>Crescite,</strong></span> <span class='ocrx_word' id='word_1_625' title='bbox 2758 2138 2804 2181; x_wconf 89' lang='lat' dir='ltr'><strong>et</strong></span> <span class='ocrx_word' id='word_1_626' title='bbox 2821 2130 3256 2200; x_wconf 76' lang='lat' dir='ltr'><strong>multiplicamini,</strong></span> <span class='ocrx_word' id='word_1_627' title='bbox 3275 2142 3322 2185; x_wconf 87' lang='lat' dir='ltr'><strong>et</strong></span> <span class='ocrx_word' id='word_1_628' title='bbox 3336 2132 3499 2202; x_wconf 80' lang='lat' dir='ltr'><strong>replete</strong></span> <span class='ocrx_word' id='word_1_629' title='bbox 3508 2135 3746 2205; x_wconf 56' lang='lat' dir='ltr'><strong>tenerrimis.</strong></span> 
     </span>
    </p>
   </div>
   <div class='ocr_carea' id='block_1_82' title="bbox 2292 2218 3747 2294">
    <p class='ocr_par' dir='ltr' id='par_1_82' title="bbox 2292 2218 3747 2294">
     <span class='ocr_line' id='line_1_82' title="bbox 2292 2218 3747 2294; baseline 0.004 -21"><span class='ocrx_word' id='word_1_630' title='bbox 2292 2233 2331 2285; x_wconf 88' lang='grc' dir='ltr'><strong>ι,</strong></span> <span class='ocrx_word' id='word_1_631' title='bbox 2352 2218 2469 2289; x_wconf 79' lang='lat'><strong>28),</strong></span> <span class='ocrx_word' id='word_1_632' title='bbox 2486 2233 2585 2274; x_wconf 90' lang='lat' dir='ltr'><strong>nec</strong></span> <span class='ocrx_word' id='word_1_633' title='bbox 2613 2231 2729 2290; x_wconf 90' lang='lat' dir='ltr'><strong>post</strong></span> <span class='ocrx_word' id='word_1_634' title='bbox 2749 2231 3019 2292; x_wconf 89' lang='lat' dir='ltr'><strong>peccatum</strong></span> <span class='ocrx_word' id='word_1_635' title='bbox 3039 2224 3213 2278; x_wconf 86' lang='lat' dir='ltr'><strong>voluit</strong></span> <span class='ocrx_word' id='word_1_636' title='bbox 3238 2224 3703 2294; x_wconf 81' lang='lat' dir='ltr'><strong>inhibere,mansitque</strong></span> <span class='ocrx_word' id='word_1_637' title='bbox 3716 2229 3747 2279; x_wconf 89' lang='lat' dir='ltr'><strong>in</strong></span> 
     </span>
    </p>
   </div>
   <div class='ocr_carea' id='block_1_83' title="bbox 2293 2309 3745 2379">
    <p class='ocr_par' dir='ltr' id='par_1_83' title="bbox 2293 2309 3745 2379">
     <span class='ocr_line' id='line_1_83' title="bbox 2293 2309 3745 2379; baseline 0.003 -14"><span class='ocrx_word' id='word_1_638' title='bbox 2293 2309 2457 2379; x_wconf 90' lang='lat' dir='ltr'><strong>stirpe</strong></span> <span class='ocrx_word' id='word_1_639' title='bbox 2498 2310 2742 2367; x_wconf 85' lang='lat' dir='ltr'><strong>damnata</strong></span> <span class='ocrx_word' id='word_1_640' title='bbox 2786 2313 2979 2369; x_wconf 87' lang='lat' dir='ltr'><strong>donata</strong></span> <span class='ocrx_word' id='word_1_641' title='bbox 3027 2314 3365 2378; x_wconf 80' lang='lat' dir='ltr'><strong>fecunditas;</strong></span> <span class='ocrx_word' id='word_1_642' title='bbox 3415 2330 3499 2369; x_wconf 88' lang='lat' dir='ltr'><strong>nec</strong></span> <span class='ocrx_word' id='word_1_643' title='bbox 3545 2316 3652 2370; x_wconf 80' lang='lat' dir='ltr'><strong>illam</strong></span> <span class='ocrx_word' id='word_1_644' title='bbox 3683 2320 3745 2369; x_wconf 73' lang='lat' dir='ltr'><strong>vim</strong></span> 
     </span>
    </p>
   </div>
   <div class='ocr_carea' id='block_1_84' title="bbox 2293 2403 3745 2477">
    <p class='ocr_par' dir='ltr' id='par_1_84' title="bbox 2293 2403 3745 2477">
     <span class='ocr_line' id='line_1_84' title="bbox 2293 2403 3745 2477; baseline 0.001 -20"><span class='ocrx_word' id='word_1_645' title='bbox 2293 2403 2592 2459; x_wconf 89' lang='lat' dir='ltr'><strong>mirabilem</strong></span> <span class='ocrx_word' id='word_1_646' title='bbox 2619 2406 2903 2472; x_wconf 89' lang='lat' dir='ltr'><strong>seminum,</strong></span> <span class='ocrx_word' id='word_1_647' title='bbox 2934 2408 3039 2461; x_wconf 91' lang='lat' dir='ltr'><strong>imo</strong></span> <span class='ocrx_word' id='word_1_648' title='bbox 3059 2410 3227 2462; x_wconf 87' lang='lat' dir='ltr'><strong>etiam</strong></span> <span class='ocrx_word' id='word_1_649' title='bbox 3262 2408 3593 2463; x_wconf 88' lang='lat' dir='ltr'><strong>mirabiliorem</strong></span> <span class='ocrx_word' id='word_1_650' title='bbox 3614 2424 3683 2477; x_wconf 85' lang='lat' dir='ltr'><strong>qua</strong></span> <span class='ocrx_word' id='word_1_651' title='bbox 3698 2412 3745 2460; x_wconf 81' lang='lat' dir='ltr'><strong>el-</strong></span> 
     </span>
    </p>
   </div>
   <div class='ocr_carea' id='block_1_85' title="bbox 2295 2496 3745 2566">
    <p class='ocr_par' dir='ltr' id='par_1_85' title="bbox 2295 2496 3745 2566">
     <span class='ocr_line' id='line_1_85' title="bbox 2295 2496 3745 2566; baseline -0.001 -16"><span class='ocrx_word' id='word_1_652' title='bbox 2295 2496 2540 2551; x_wconf 84' lang='lat' dir='ltr'><strong>liciuntur</strong></span> <span class='ocrx_word' id='word_1_653' title='bbox 2568 2506 2622 2551; x_wconf 88' lang='lat' dir='ltr'><strong>et</strong></span> <span class='ocrx_word' id='word_1_654' title='bbox 2662 2497 2866 2553; x_wconf 85' lang='lat' dir='ltr'><strong>semina</strong></span> <span class='ocrx_word' id='word_1_655' title='bbox 2888 2537 2903 2560; x_wconf 92' lang='lat'><strong>,</strong></span> <span class='ocrx_word' id='word_1_656' title='bbox 2926 2497 3151 2551; x_wconf 86' lang='lat' dir='ltr'><strong>inditam</strong></span> <span class='ocrx_word' id='word_1_657' title='bbox 3192 2497 3487 2566; x_wconf 73' lang='lat' dir='ltr'><strong>corporibus</strong></span> <span class='ocrx_word' id='word_1_658' title='bbox 3519 2497 3695 2550; x_wconf 82' lang='lat' dir='ltr'><strong>humanis</strong></span> <span class='ocrx_word' id='word_1_659' title='bbox 3712 2508 3745 2549; x_wconf 72' lang='lat' dir='ltr'><strong>et</strong></span> 
     </span>
    </p>
   </div>
   <div class='ocr_carea' id='block_1_86' title="bbox 2295 2586 3742 2657">
    <p class='ocr_par' dir='ltr' id='par_1_86' title="bbox 2295 2586 3742 2657">
     <span class='ocr_line' id='line_1_86' title="bbox 2295 2586 3742 2657; baseline -0.001 -16"><span class='ocrx_word' id='word_1_660' title='bbox 2295 2586 2683 2656; x_wconf 88' lang='lat' dir='ltr'><strong>quodammodo</strong></span> <span class='ocrx_word' id='word_1_661' title='bbox 2703 2588 2980 2653; x_wconf 78' lang='lat' dir='ltr'><strong>intextam,</strong></span> <span class='ocrx_word' id='word_1_662' title='bbox 3002 2589 3213 2657; x_wconf 86' lang='lat' dir='ltr'><strong>peccati</strong></span> <span class='ocrx_word' id='word_1_663' title='bbox 3230 2588 3408 2641; x_wconf 88' lang='lat' dir='ltr'><strong>vitium</strong></span> <span class='ocrx_word' id='word_1_664' title='bbox 3427 2588 3568 2656; x_wconf 89' lang='lat' dir='ltr'><strong>potuit</strong></span> <span class='ocrx_word' id='word_1_665' title='bbox 3587 2586 3742 2648; x_wconf 71' lang='lat' dir='ltr'><strong>auferte.</strong></span> 
     </span>
    </p>
   </div>
   <div class='ocr_carea' id='block_1_87' title="bbox 2295 2675 3743 2747">
    <p class='ocr_par' dir='ltr' id='par_1_87' title="bbox 2295 2675 3743 2747">
     <span class='ocr_line' id='line_1_87' title="bbox 2295 2675 3743 2747; baseline -0.001 -17"><span class='ocrx_word' id='word_1_666' title='bbox 2295 2692 2402 2746; x_wconf 93' lang='lat' dir='ltr'><strong>quo</strong></span> <span class='ocrx_word' id='word_1_667' title='bbox 2441 2678 2597 2731; x_wconf 88' lang='lat' dir='ltr'><strong>nobis</strong></span> <span class='ocrx_word' id='word_1_668' title='bbox 2642 2678 2866 2747; x_wconf 86' lang='lat' dir='ltr'><strong>impacta</strong></span> <span class='ocrx_word' id='word_1_669' title='bbox 2891 2687 2971 2732; x_wconf 87' lang='lat' dir='ltr'><strong>est</strong></span> <span class='ocrx_word' id='word_1_670' title='bbox 2999 2678 3167 2732; x_wconf 86' lang='lat' dir='ltr'><strong>etiam</strong></span> <span class='ocrx_word' id='word_1_671' title='bbox 3209 2678 3482 2733; x_wconf 84' lang='lat' dir='ltr'><strong>necessitas</strong></span> <span class='ocrx_word' id='word_1_672' title='bbox 3502 2675 3743 2729; x_wconf 56' lang='lat' dir='ltr'><strong>mortismd</strong></span> 
     </span>
    </p>
   </div>
   <div class='ocr_carea' id='block_1_88' title="bbox 2298 2767 3742 2838">
    <p class='ocr_par' dir='ltr' id='par_1_88' title="bbox 2298 2767 3742 2838">
     <span class='ocr_line' id='line_1_88' title="bbox 2298 2767 3742 2838; baseline -0.003 -17"><span class='ocrx_word' id='word_1_673' title='bbox 2298 2778 2578 2837; x_wconf 90' lang='lat' dir='ltr'><strong>utrumque</strong></span> <span class='ocrx_word' id='word_1_674' title='bbox 2604 2768 2761 2823; x_wconf 89' lang='lat' dir='ltr'><strong>simul</strong></span> <span class='ocrx_word' id='word_1_675' title='bbox 2775 2768 2939 2822; x_wconf 90' lang='lat' dir='ltr'><strong>currit</strong></span> <span class='ocrx_word' id='word_1_676' title='bbox 2965 2770 3067 2822; x_wconf 86' lang='lat' dir='ltr'><strong>isto</strong></span> <span class='ocrx_word' id='word_1_677' title='bbox 3096 2768 3252 2838; x_wconf 87' lang='lat' dir='ltr'><strong>quasi</strong></span> <span class='ocrx_word' id='word_1_678' title='bbox 3274 2767 3423 2821; x_wconf 83' lang='lat' dir='ltr'><strong>ﬂuvio</strong></span> <span class='ocrx_word' id='word_1_679' title='bbox 3444 2775 3742 2836; x_wconf 79' lang='lat' dir='ltr'><strong>alquetorreute</strong></span> 
     </span>
    </p>
   </div>
   <div class='ocr_carea' id='block_1_89' title="bbox 2296 2858 3741 2930">
    <p class='ocr_par' dir='ltr' id='par_1_89' title="bbox 2296 2858 3741 2930">
     <span class='ocr_line' id='line_1_89' title="bbox 2296 2858 3741 2930; baseline -0.003 -16"><span class='ocrx_word' id='word_1_680' title='bbox 2296 2861 2506 2929; x_wconf 82' lang='lat' dir='ltr'><strong>generis</strong></span> <span class='ocrx_word' id='word_1_681' title='bbox 2532 2860 2781 2922; x_wconf 84' lang='lat' dir='ltr'><strong>humani;</strong></span> <span class='ocrx_word' id='word_1_682' title='bbox 2815 2861 3010 2914; x_wconf 87' lang='lat' dir='ltr'><strong>malum</strong></span> <span class='ocrx_word' id='word_1_683' title='bbox 3039 2860 3190 2930; x_wconf 87' lang='lat' dir='ltr'><strong>quod</strong></span> <span class='ocrx_word' id='word_1_684' title='bbox 3223 2875 3254 2914; x_wconf 91' lang='lat' dir='ltr'><strong>a</strong></span> <span class='ocrx_word' id='word_1_685' title='bbox 3296 2870 3495 2929; x_wconf 84' lang='lat' dir='ltr'><strong>parente</strong></span> <span class='ocrx_word' id='word_1_686' title='bbox 3521 2858 3693 2921; x_wconf 79' lang='lat' dir='ltr'><strong>trahitur,</strong></span> <span class='ocrx_word' id='word_1_687' title='bbox 3709 2864 3741 2909; x_wconf 86' lang='lat' dir='ltr'><strong>et</strong></span> 
     </span>
    </p>
   </div>
   <div class='ocr_carea' id='block_1_90' title="bbox 2297 2947 3738 3021">
    <p class='ocr_par' dir='ltr' id='par_1_90' title="bbox 2297 2947 3738 3021">
     <span class='ocr_line' id='line_1_90' title="bbox 2297 2947 3738 3021; baseline -0.006 -16"><span class='ocrx_word' id='word_1_688' title='bbox 2297 2952 2493 3005; x_wconf 89' lang='lat' dir='ltr'><strong>bonum</strong></span> <span class='ocrx_word' id='word_1_689' title='bbox 2521 2951 2663 3021; x_wconf 88' lang='lat' dir='ltr'><strong>quod</strong></span> <span class='ocrx_word' id='word_1_690' title='bbox 2702 2967 2731 3005; x_wconf 89' lang='lat' dir='ltr'><strong>a</strong></span> <span class='ocrx_word' id='word_1_691' title='bbox 2776 2961 2989 3007; x_wconf 88' lang='lat' dir='ltr'><strong>creante</strong></span> <span class='ocrx_word' id='word_1_692' title='bbox 3024 2951 3299 3007; x_wconf 91' lang='lat' dir='ltr'><strong>tribuitur.</strong></span> <span class='ocrx_word' id='word_1_693' title='bbox 3340 2951 3392 3005; x_wconf 89' lang='lat' dir='ltr'><strong>In</strong></span> <span class='ocrx_word' id='word_1_694' title='bbox 3431 2949 3620 3018; x_wconf 76' lang='lat' dir='ltr'><strong>originali</strong></span> <span class='ocrx_word' id='word_1_695' title='bbox 3650 2947 3738 2999; x_wconf 79' lang='lat' dir='ltr'><strong>malo</strong></span> 
     </span>
    </p>
   </div>
   <div class='ocr_carea' id='block_1_91' title="bbox 2297 3038 3738 3113">
    <p class='ocr_par' dir='ltr' id='par_1_91' title="bbox 2297 3038 3738 3113">
     <span class='ocr_line' id='line_1_91' title="bbox 2297 3038 3738 3113; baseline -0.005 -15"><span class='ocrx_word' id='word_1_696' title='bbox 2297 3042 2404 3098; x_wconf 92' lang='lat' dir='ltr'><strong>duo</strong></span> <span class='ocrx_word' id='word_1_697' title='bbox 2426 3052 2552 3097; x_wconf 92' lang='lat' dir='ltr'><strong>sunt</strong></span> <span class='ocrx_word' id='word_1_698' title='bbox 2578 3084 2594 3110; x_wconf 92' lang='lat'><strong>,</strong></span> <span class='ocrx_word' id='word_1_699' title='bbox 2626 3052 2898 3112; x_wconf 87' lang='lat' dir='ltr'><strong>peccatum</strong></span> <span class='ocrx_word' id='word_1_700' title='bbox 2929 3052 3091 3113; x_wconf 89' lang='lat' dir='ltr'><strong>atque</strong></span> <span class='ocrx_word' id='word_1_701' title='bbox 3142 3043 3445 3113; x_wconf 90' lang='lat' dir='ltr'><strong>supplicium</strong></span> <span class='ocrx_word' id='word_1_702' title='bbox 3472 3059 3484 3093; x_wconf 91' lang='lat'>:</span> <span class='ocrx_word' id='word_1_703' title='bbox 3519 3042 3558 3093; x_wconf 93' lang='lat' dir='ltr'><strong>in</strong></span> <span class='ocrx_word' id='word_1_704' title='bbox 3581 3038 3738 3108; x_wconf 70' lang='lat' dir='ltr'><strong>originali</strong></span> 
     </span>
    </p>
   </div>
   <div class='ocr_carea' id='block_1_92' title="bbox 2298 3132 3736 3207">
    <p class='ocr_par' dir='ltr' id='par_1_92' title="bbox 2298 3132 3736 3207">
     <span class='ocr_line' id='line_1_92' title="bbox 2298 3132 3736 3207; baseline -0.006 -16"><span class='ocrx_word' id='word_1_705' title='bbox 2298 3137 2439 3191; x_wconf 90' lang='lat' dir='ltr'><strong>bono</strong></span> <span class='ocrx_word' id='word_1_706' title='bbox 2464 3135 2565 3189; x_wconf 89' lang='lat' dir='ltr'><strong>alia</strong></span> <span class='ocrx_word' id='word_1_707' title='bbox 2592 3136 2696 3191; x_wconf 91' lang='lat' dir='ltr'><strong>duo</strong></span> <span class='ocrx_word' id='word_1_708' title='bbox 2715 3178 2730 3202; x_wconf 94' lang='lat'><strong>,</strong></span> <span class='ocrx_word' id='word_1_709' title='bbox 2761 3138 3069 3207; x_wconf 84' lang='lat' dir='ltr'><strong>propagatio</strong></span> <span class='ocrx_word' id='word_1_710' title='bbox 3096 3144 3153 3191; x_wconf 88' lang='lat' dir='ltr'><strong>et</strong></span> <span class='ocrx_word' id='word_1_711' title='bbox 3173 3134 3514 3190; x_wconf 88' lang='lat' dir='ltr'><strong>conformatio.</strong></span> <span class='ocrx_word' id='word_1_712' title='bbox 3537 3132 3736 3200; x_wconf 78' lang='lat' dir='ltr'><strong>Scdquan-</strong></span> 
     </span>
    </p>
   </div>
   <div class='ocr_carea' id='block_1_93' title="bbox 2299 3219 3737 3297">
    <p class='ocr_par' dir='ltr' id='par_1_93' title="bbox 2299 3219 3737 3297">
     <span class='ocr_line' id='line_1_93' title="bbox 2299 3219 3737 3297; baseline -0.007 -16"><span class='ocrx_word' id='word_1_713' title='bbox 2299 3236 2405 3281; x_wconf 90' lang='lat' dir='ltr'><strong>tum</strong></span> <span class='ocrx_word' id='word_1_714' title='bbox 2428 3226 2495 3281; x_wconf 90' lang='lat' dir='ltr'><strong>ad</strong></span> <span class='ocrx_word' id='word_1_715' title='bbox 2524 3235 2835 3297; x_wconf 68' lang='lat' dir='ltr'><strong>pra‘sentem</strong></span> <span class='ocrx_word' id='word_1_716' title='bbox 2864 3228 3093 3294; x_wconf 81' lang='lat' dir='ltr'><strong>pertinet</strong></span> <span class='ocrx_word' id='word_1_717' title='bbox 3123 3226 3455 3281; x_wconf 88' lang='lat' dir='ltr'><strong>intentionem</strong></span> <span class='ocrx_word' id='word_1_718' title='bbox 3481 3231 3678 3283; x_wconf 80' lang='lat' dir='ltr'><strong>nostram,</strong></span> <span class='ocrx_word' id='word_1_719' title='bbox 3697 3219 3737 3271; x_wconf 74' lang='lat' dir='ltr'><strong>de</strong></span> 
     </span>
    </p>
   </div>
   <div class='ocr_carea' id='block_1_94' title="bbox 2297 3312 3735 3388">
    <p class='ocr_par' dir='ltr' id='par_1_94' title="bbox 2297 3312 3735 3388">
     <span class='ocr_line' id='line_1_94' title="bbox 2297 3312 3735 3388; baseline -0.008 -15"><span class='ocrx_word' id='word_1_720' title='bbox 2297 3320 2471 3385; x_wconf 89' lang='lat' dir='ltr'><strong>malis,</strong></span> <span class='ocrx_word' id='word_1_721' title='bbox 2504 3332 2725 3388; x_wconf 91' lang='lat' dir='ltr'><strong>quorum</strong></span> <span class='ocrx_word' id='word_1_722' title='bbox 2755 3334 2918 3373; x_wconf 84' lang='lat' dir='ltr'><strong>unum</strong></span> <span class='ocrx_word' id='word_1_723' title='bbox 2948 3318 3014 3372; x_wconf 90' lang='lat' dir='ltr'><strong>de</strong></span> <span class='ocrx_word' id='word_1_724' title='bbox 3042 3328 3226 3372; x_wconf 88' lang='lat' dir='ltr'><strong>nostra</strong></span> <span class='ocrx_word' id='word_1_725' title='bbox 3253 3318 3389 3371; x_wconf 89' lang='lat' dir='ltr'><strong>venit</strong></span> <span class='ocrx_word' id='word_1_726' title='bbox 3423 3315 3611 3376; x_wconf 75' lang='lat' dir='ltr'><strong>audacia,</strong></span> <span class='ocrx_word' id='word_1_727' title='bbox 3633 3312 3735 3363; x_wconf 81' lang='lat' dir='ltr'><strong>idest</strong></span> 
     </span>
    </p>
   </div>
   <div class='ocr_carea' id='block_1_95' title="bbox 2296 3402 3732 3481">
    <p class='ocr_par' dir='ltr' id='par_1_95' title="bbox 2296 3402 3732 3481">
     <span class='ocr_line' id='line_1_95' title="bbox 2296 3402 3732 3481; baseline -0.007 -18"><span class='ocrx_word' id='word_1_728' title='bbox 2296 3419 2588 3481; x_wconf 86' lang='lat' dir='ltr'><strong>peccatum,</strong></span> <span class='ocrx_word' id='word_1_729' title='bbox 2619 3410 2841 3463; x_wconf 88' lang='lat' dir='ltr'><strong>alterum</strong></span> <span class='ocrx_word' id='word_1_730' title='bbox 2873 3409 2940 3464; x_wconf 91' lang='lat' dir='ltr'><strong>de</strong></span> <span class='ocrx_word' id='word_1_731' title='bbox 2962 3409 3165 3479; x_wconf 85' lang='lat' dir='ltr'><strong>judicio</strong></span> <span class='ocrx_word' id='word_1_732' title='bbox 3189 3410 3311 3475; x_wconf 89' lang='lat' dir='ltr'><strong>Dei,</strong></span> <span class='ocrx_word' id='word_1_733' title='bbox 3344 3407 3391 3463; x_wconf 90' lang='lat' dir='ltr'><strong>id</strong></span> <span class='ocrx_word' id='word_1_734' title='bbox 3415 3415 3485 3461; x_wconf 87' lang='lat' dir='ltr'><strong>est</strong></span> <span class='ocrx_word' id='word_1_735' title='bbox 3500 3402 3732 3473; x_wconf 82' lang='lat' dir='ltr'><strong>supplicium,</strong></span> 
     </span>
    </p>
   </div>
   <div class='ocr_carea' id='block_1_96' title="bbox 2295 3492 3731 3571">
    <p class='ocr_par' dir='ltr' id='par_1_96' title="bbox 2295 3492 3731 3571">
     <span class='ocr_line' id='line_1_96' title="bbox 2295 3492 3731 3571; baseline -0.009 -17"><span class='ocrx_word' id='word_1_736' title='bbox 2295 3500 2403 3571; x_wconf 91' lang='lat' dir='ltr'><strong>jam</strong></span> <span class='ocrx_word' id='word_1_737' title='bbox 2435 3500 2563 3554; x_wconf 63' lang='lat' dir='ltr'><strong>suis</strong></span> <span class='ocrx_word' id='word_1_738' title='bbox 2589 3500 2839 3558; x_wconf 80' lang='lat' dir='ltr'><strong>diximus.</strong></span> <span class='ocrx_word' id='word_1_739' title='bbox 2863 3499 3009 3553; x_wconf 83' lang='lat' dir='ltr'><strong>Nunc</strong></span> <span class='ocrx_word' id='word_1_740' title='bbox 3030 3498 3272 3553; x_wconf 83' lang='lat' dir='ltr'><strong>debonis</strong></span> <span class='ocrx_word' id='word_1_741' title='bbox 3304 3498 3420 3561; x_wconf 90' lang='lat' dir='ltr'><strong>Dei,</strong></span> <span class='ocrx_word' id='word_1_742' title='bbox 3446 3509 3542 3565; x_wconf 71' lang='lat' dir='ltr'><strong>qua:</strong></span> <span class='ocrx_word' id='word_1_743' title='bbox 3562 3492 3631 3559; x_wconf 79' lang='lat' dir='ltr'><strong>ipsi</strong></span> <span class='ocrx_word' id='word_1_744' title='bbox 3649 3502 3731 3558; x_wconf 75' lang='lat' dir='ltr'><strong>quo-</strong></span> 
     </span>
    </p>
   </div>
   <div class='ocr_carea' id='block_1_97' title="bbox 2297 3586 3732 3662">
    <p class='ocr_par' dir='ltr' id='par_1_97' title="bbox 2297 3586 3732 3662">
     <span class='ocr_line' id='line_1_97' title="bbox 2297 3586 3732 3662; baseline -0.009 -18"><span class='ocrx_word' id='word_1_745' title='bbox 2297 3606 2401 3662; x_wconf 89' lang='lat' dir='ltr'><strong>que</strong></span> <span class='ocrx_word' id='word_1_746' title='bbox 2432 3589 2627 3645; x_wconf 70' lang='lat' dir='ltr'><strong>vitiatae</strong></span> <span class='ocrx_word' id='word_1_747' title='bbox 2650 3590 3014 3660; x_wconf 75' lang='lat' dir='ltr'><strong>dantnatzeque</strong></span> <span class='ocrx_word' id='word_1_748' title='bbox 3043 3600 3249 3643; x_wconf 72' lang='lat' dir='ltr'><strong>natura:</strong></span> <span class='ocrx_word' id='word_1_749' title='bbox 3276 3588 3503 3650; x_wconf 89' lang='lat' dir='ltr'><strong>contulit,</strong></span> <span class='ocrx_word' id='word_1_750' title='bbox 3524 3586 3608 3637; x_wconf 80' lang='lat' dir='ltr'><strong>sive</strong></span> <span class='ocrx_word' id='word_1_751' title='bbox 3629 3592 3732 3647; x_wconf 80' lang='lat' dir='ltr'><strong>usque</strong></span> 
     </span>
    </p>
   </div>
   <div class='ocr_carea' id='block_1_98' title="bbox 2297 3669 3731 3749">
    <p class='ocr_par' dir='ltr' id='par_1_98' title="bbox 2297 3669 3731 3749">
     <span class='ocr_line' id='line_1_98' title="bbox 2297 3669 3731 3749; baseline -0.003 -14"><span class='ocrx_word' id='word_1_752' title='bbox 2297 3697 2436 3735; x_wconf 91' lang='lat' dir='ltr'><strong>nunc</strong></span> <span class='ocrx_word' id='word_1_753' title='bbox 2473 3681 2700 3746; x_wconf 79' lang='lat' dir='ltr'><strong>confert,</strong></span> <span class='ocrx_word' id='word_1_754' title='bbox 2731 3681 2909 3735; x_wconf 89' lang='lat' dir='ltr'><strong>dicere</strong></span> <span class='ocrx_word' id='word_1_755' title='bbox 2933 3681 3155 3734; x_wconf 90' lang='lat' dir='ltr'><strong>institui.</strong></span> <span class='ocrx_word' id='word_1_756' title='bbox 3184 3680 3355 3749; x_wconf 79' lang='lat' dir='ltr'><strong>Neque</strong></span> <span class='ocrx_word' id='word_1_757' title='bbox 3378 3676 3497 3732; x_wconf 86' lang='lat' dir='ltr'><strong>enim</strong></span> <span class='ocrx_word' id='word_1_758' title='bbox 3528 3669 3731 3726; x_wconf 66' lang='lat' dir='ltr'><strong>damnando</strong></span> 
     </span>
    </p>
   </div>
   <div class='ocr_carea' id='block_1_99' title="bbox 2298 3766 3731 3843">
    <p class='ocr_par' dir='ltr' id='par_1_99' title="bbox 2298 3766 3731 3843">
     <span class='ocr_line' id='line_1_99' title="bbox 2298 3766 3731 3843; baseline -0.01 -15"><span class='ocrx_word' id='word_1_759' title='bbox 2298 3784 2387 3828; x_wconf 89' lang='lat' dir='ltr'><strong>aut</strong></span> <span class='ocrx_word' id='word_1_760' title='bbox 2423 3782 2589 3828; x_wconf 91' lang='lat' dir='ltr'><strong>totum</strong></span> <span class='ocrx_word' id='word_1_761' title='bbox 2625 3774 2836 3828; x_wconf 83' lang='lat' dir='ltr'><strong>abstulit</strong></span> <span class='ocrx_word' id='word_1_762' title='bbox 2880 3773 3018 3843; x_wconf 91' lang='lat' dir='ltr'><strong>quod</strong></span> <span class='ocrx_word' id='word_1_763' title='bbox 3047 3774 3297 3836; x_wconf 86' lang='lat' dir='ltr'><strong>dederat,</strong></span> <span class='ocrx_word' id='word_1_764' title='bbox 3324 3769 3522 3837; x_wconf 87' lang='lat' dir='ltr'><strong>alioquin</strong></span> <span class='ocrx_word' id='word_1_765' title='bbox 3555 3779 3625 3817; x_wconf 86' lang='lat' dir='ltr'><strong>nec</strong></span> <span class='ocrx_word' id='word_1_766' title='bbox 3642 3766 3731 3815; x_wconf 71' lang='lat' dir='ltr'><strong>esset</strong></span> 
     </span>
    </p>
   </div>
   <div class='ocr_carea' id='block_1_100' title="bbox 2298 3854 3728 3931">
    <p class='ocr_par' dir='ltr' id='par_1_100' title="bbox 2298 3854 3728 3931">
     <span class='ocr_line' id='line_1_100' title="bbox 2298 3854 3728 3931; baseline -0.011 -12"><span class='ocrx_word' id='word_1_767' title='bbox 2298 3866 2549 3931; x_wconf 90' lang='lat' dir='ltr'><strong>omnino;</strong></span> <span class='ocrx_word' id='word_1_768' title='bbox 2579 3875 2669 3919; x_wconf 89' lang='lat' dir='ltr'><strong>aut</strong></span> <span class='ocrx_word' id='word_1_769' title='bbox 2695 3880 2811 3919; x_wconf 90' lang='lat' dir='ltr'><strong>eam</strong></span> <span class='ocrx_word' id='word_1_770' title='bbox 2841 3864 3062 3918; x_wconf 85' lang='lat' dir='ltr'><strong>removit</strong></span> <span class='ocrx_word' id='word_1_771' title='bbox 3088 3878 3121 3917; x_wconf 91' lang='lat' dir='ltr'><strong>a</strong></span> <span class='ocrx_word' id='word_1_772' title='bbox 3147 3877 3237 3917; x_wconf 90' lang='lat' dir='ltr'><strong>sua</strong></span> <span class='ocrx_word' id='word_1_773' title='bbox 3256 3867 3502 3931; x_wconf 87' lang='lat' dir='ltr'><strong>potestate,</strong></span> <span class='ocrx_word' id='word_1_774' title='bbox 3522 3854 3636 3909; x_wconf 78' lang='lat' dir='ltr'><strong>etiam</strong></span> <span class='ocrx_word' id='word_1_775' title='bbox 3652 3863 3728 3904; x_wconf 84' lang='lat' dir='ltr'><strong>cum</strong></span> 
     </span>
    </p>
   </div>
   <div class='ocr_carea' id='block_1_101' title="bbox 2298 3941 3728 4026">
    <p class='ocr_par' dir='ltr' id='par_1_101' title="bbox 2298 3941 3728 4026">
     <span class='ocr_line' id='line_1_101' title="bbox 2298 3941 3728 4026; baseline -0.014 -14"><span class='ocrx_word' id='word_1_776' title='bbox 2298 3956 2508 4012; x_wconf 87' lang='lat' dir='ltr'><strong>diabolo</strong></span> <span class='ocrx_word' id='word_1_777' title='bbox 2537 3956 2816 4026; x_wconf 77' lang='lat' dir='ltr'><strong>ptenaliter</strong></span> <span class='ocrx_word' id='word_1_778' title='bbox 2842 3954 3094 4020; x_wconf 88' lang='lat' dir='ltr'><strong>subdidit,</strong></span> <span class='ocrx_word' id='word_1_779' title='bbox 3124 3969 3243 4009; x_wconf 89' lang='lat' dir='ltr'><strong>cum</strong></span> <span class='ocrx_word' id='word_1_780' title='bbox 3268 3966 3360 4006; x_wconf 90' lang='lat' dir='ltr'><strong>nec</strong></span> <span class='ocrx_word' id='word_1_781' title='bbox 3385 3951 3527 4019; x_wconf 77' lang='lat' dir='ltr'><strong>ipsum</strong></span> <span class='ocrx_word' id='word_1_782' title='bbox 3548 3941 3728 3999; x_wconf 82' lang='lat' dir='ltr'><strong>diabolum</strong></span> 
     </span>
    </p>
   </div>
   <div class='ocr_carea' id='block_1_102' title="bbox 2252 4031 3727 4116">
    <p class='ocr_par' dir='ltr' id='par_1_102' title="bbox 2252 4031 3727 4116">
     <span class='ocr_line' id='line_1_102' title="bbox 2252 4031 3727 4116; baseline -0.011 -14"><span class='ocrx_word' id='word_1_783' title='bbox 2252 4068 2261 4073; x_wconf 52' lang='grc' dir='ltr'><em>η</em></span> <span class='ocrx_word' id='word_1_784' title='bbox 2301 4063 2332 4102; x_wconf 89' lang='lat' dir='ltr'><strong>a</strong></span> <span class='ocrx_word' id='word_1_785' title='bbox 2371 4063 2469 4103; x_wconf 91' lang='lat' dir='ltr'><strong>suo</strong></span> <span class='ocrx_word' id='word_1_786' title='bbox 2505 4048 2815 4102; x_wconf 77' lang='lat' dir='ltr'><strong>alienaverit</strong></span> <span class='ocrx_word' id='word_1_787' title='bbox 2866 4047 3126 4115; x_wconf 89' lang='lat' dir='ltr'><strong>imperio;</strong></span> <span class='ocrx_word' id='word_1_788' title='bbox 3160 4038 3537 4116; x_wconf 85' lang='lat' dir='ltr'><strong>quandoquidem</strong></span> <span class='ocrx_word' id='word_1_789' title='bbox 3562 4043 3603 4088; x_wconf 92' lang='lat' dir='ltr'><strong>ut</strong></span> <span class='ocrx_word' id='word_1_790' title='bbox 3621 4031 3727 4101; x_wconf 77' lang='lat' dir='ltr'><strong>ipsius</strong></span> 
     </span>
    </p>
   </div>
   <div class='ocr_carea' id='block_1_103' title="bbox 2301 4127 3727 4209">
    <p class='ocr_par' dir='ltr' id='par_1_103' title="bbox 2301 4127 3727 4209">
     <span class='ocr_line' id='line_1_103' title="bbox 2301 4127 3727 4209; baseline -0.014 -15"><span class='ocrx_word' id='word_1_791' title='bbox 2301 4154 2510 4209; x_wconf 91' lang='lat' dir='ltr'><strong>quoque</strong></span> <span class='ocrx_word' id='word_1_792' title='bbox 2532 4139 2727 4193; x_wconf 88' lang='lat' dir='ltr'><strong>diaboli</strong></span> <span class='ocrx_word' id='word_1_793' title='bbox 2758 4150 2944 4192; x_wconf 90' lang='lat' dir='ltr'><strong>natura</strong></span> <span class='ocrx_word' id='word_1_794' title='bbox 2968 4138 3239 4203; x_wconf 86' lang='lat' dir='ltr'><strong>subsistat,</strong></span> <span class='ocrx_word' id='word_1_795' title='bbox 3270 4135 3352 4189; x_wconf 90' lang='lat' dir='ltr'><strong>ille</strong></span> <span class='ocrx_word' id='word_1_796' title='bbox 3376 4132 3483 4187; x_wconf 80' lang='lat' dir='ltr'><strong>facit</strong></span> <span class='ocrx_word' id='word_1_797' title='bbox 3503 4127 3572 4199; x_wconf 84' lang='lat' dir='ltr'><strong>qni</strong></span> <span class='ocrx_word' id='word_1_798' title='bbox 3593 4134 3727 4179; x_wconf 65' lang='lat' dir='ltr'><strong>summa</strong></span> 
     </span>
    </p>
   </div>
   <div class='ocr_carea' id='block_1_104' title="bbox 2300 4222 3530 4297">
    <p class='ocr_par' dir='ltr' id='par_1_104' title="bbox 2300 4222 3530 4297">
     <span class='ocr_line' id='line_1_104' title="bbox 2300 4222 3530 4297; baseline -0.01 -13"><span class='ocrx_word' id='word_1_799' title='bbox 2300 4239 2403 4295; x_wconf 89' lang='lat' dir='ltr'><strong>est,</strong></span> <span class='ocrx_word' id='word_1_800' title='bbox 2432 4238 2486 4283; x_wconf 86' lang='lat' dir='ltr'><strong>et</strong></span> <span class='ocrx_word' id='word_1_801' title='bbox 2516 4228 2637 4283; x_wconf 86' lang='lat' dir='ltr'><strong>facit</strong></span> <span class='ocrx_word' id='word_1_802' title='bbox 2664 4243 2783 4282; x_wconf 90' lang='lat' dir='ltr'><strong>esse</strong></span> <span class='ocrx_word' id='word_1_803' title='bbox 2808 4227 3056 4297; x_wconf 79' lang='lat' dir='ltr'><strong>quidquid</strong></span> <span class='ocrx_word' id='word_1_804' title='bbox 3087 4228 3261 4296; x_wconf 87' lang='lat' dir='ltr'><strong>aliquo</strong></span> <span class='ocrx_word' id='word_1_805' title='bbox 3285 4222 3426 4278; x_wconf 91' lang='lat' dir='ltr'><strong>modo</strong></span> <span class='ocrx_word' id='word_1_806' title='bbox 3449 4228 3530 4275; x_wconf 87' lang='lat' dir='ltr'><strong>est.</strong></span> 
     </span>
    </p>
   </div>
   <div class='ocr_carea' id='block_1_105' title="bbox 2369 4300 3723 4388">
    <p class='ocr_par' dir='ltr' id='par_1_105' title="bbox 2369 4300 3723 4388">
     <span class='ocr_line' id='line_1_105' title="bbox 2369 4300 3723 4388; baseline -0.016 -14"><span class='ocrx_word' id='word_1_807' title='bbox 2369 4320 2423 4374; x_wconf 74' lang='grc'><strong>2.</strong></span> <span class='ocrx_word' id='word_1_808' title='bbox 2448 4320 2679 4373; x_wconf 90' lang='lat' dir='ltr'><strong>Duorum</strong></span> <span class='ocrx_word' id='word_1_809' title='bbox 2708 4319 2864 4388; x_wconf 85' lang='lat' dir='ltr'><strong>igitur</strong></span> <span class='ocrx_word' id='word_1_810' title='bbox 2888 4318 3122 4383; x_wconf 85' lang='lat' dir='ltr'><strong>illorum,</strong></span> <span class='ocrx_word' id='word_1_811' title='bbox 3154 4332 3267 4386; x_wconf 73' lang='lat' dir='ltr'><strong>qua:</strong></span> <span class='ocrx_word' id='word_1_812' title='bbox 3286 4314 3484 4369; x_wconf 83' lang='lat' dir='ltr'><strong>diximus</strong></span> <span class='ocrx_word' id='word_1_813' title='bbox 3506 4308 3608 4361; x_wconf 85' lang='lat' dir='ltr'><strong>bona</strong></span> <span class='ocrx_word' id='word_1_814' title='bbox 3620 4300 3723 4356; x_wconf 78' lang='lat' dir='ltr'><strong>etiam</strong></span> 
     </span>
    </p>
   </div>
   <div class='ocr_carea' id='block_1_106' title="bbox 2301 4399 3720 4482">
    <p class='ocr_par' dir='ltr' id='par_1_106' title="bbox 2301 4399 3720 4482">
     <span class='ocr_line' id='line_1_106' title="bbox 2301 4399 3720 4482; baseline -0.018 -13"><span class='ocrx_word' id='word_1_815' title='bbox 2301 4415 2353 4469; x_wconf 89' lang='lat' dir='ltr'><strong>in</strong></span> <span class='ocrx_word' id='word_1_816' title='bbox 2394 4422 2632 4468; x_wconf 85' lang='lat' dir='ltr'><strong>naturam</strong></span> <span class='ocrx_word' id='word_1_817' title='bbox 2662 4421 2877 4482; x_wconf 85' lang='lat' dir='ltr'><strong>peccato</strong></span> <span class='ocrx_word' id='word_1_818' title='bbox 2909 4411 3142 4465; x_wconf 82' lang='lat' dir='ltr'><strong>vitiatam</strong></span> <span class='ocrx_word' id='word_1_819' title='bbox 3166 4407 3492 4479; x_wconf 88' lang='lat' dir='ltr'><strong>supplicioque</strong></span> <span class='ocrx_word' id='word_1_820' title='bbox 3513 4399 3720 4454; x_wconf 78' lang='lat' dir='ltr'><strong>damnatam</strong></span> 
     </span>
    </p>
   </div>
   <div class='ocr_carea' id='block_1_107' title="bbox 2301 4497 3720 4587">
    <p class='ocr_par' dir='ltr' id='par_1_107' title="bbox 2301 4497 3720 4587">
     <span class='ocr_line' id='line_1_107' title="bbox 2301 4497 3720 4587; baseline -0.014 -24"><span class='ocrx_word' id='word_1_821' title='bbox 2301 4507 2366 4563; x_wconf 89' lang='lat' dir='ltr'><strong>de</strong></span> <span class='ocrx_word' id='word_1_822' title='bbox 2396 4506 2643 4561; x_wconf 90' lang='lat' dir='ltr'><strong>bonitatis</strong></span> <span class='ocrx_word' id='word_1_823' title='bbox 2673 4506 2787 4575; x_wconf 87' lang='lat' dir='ltr'><strong>ejus</strong></span> <span class='ocrx_word' id='word_1_824' title='bbox 2813 4504 3043 4575; x_wconf 89' lang='lat' dir='ltr'><strong>quodam</strong></span> <span class='ocrx_word' id='word_1_825' title='bbox 3068 4502 3225 4558; x_wconf 79' lang='lat' dir='ltr'><strong>veluti</strong></span> <span class='ocrx_word' id='word_1_826' title='bbox 3267 4501 3398 4554; x_wconf 87' lang='lat' dir='ltr'><strong>fonte</strong></span> <span class='ocrx_word' id='word_1_827' title='bbox 3431 4497 3720 4587; x_wconf 30' lang='grc' dir='ltr'><strong>ηξδηπῖηρω·</strong></span> 
     </span>
    </p>
   </div>
   <div class='ocr_carea' id='block_1_108' title="bbox 2301 4576 3719 4676">
    <p class='ocr_par' dir='ltr' id='par_1_108' title="bbox 2301 4576 3719 4676">
     <span class='ocr_line' id='line_1_108' title="bbox 2301 4576 3719 4676; baseline -0.015 -25"><span class='ocrx_word' id='word_1_828' title='bbox 2301 4598 2634 4668; x_wconf 81' lang='lat' dir='ltr'><strong>pagationem</strong></span> <span class='ocrx_word' id='word_1_829' title='bbox 2673 4596 2726 4649; x_wconf 91' lang='lat' dir='ltr'><strong>in</strong></span> <span class='ocrx_word' id='word_1_830' title='bbox 2758 4594 2942 4665; x_wconf 88' lang='lat' dir='ltr'><strong>primis</strong></span> <span class='ocrx_word' id='word_1_831' title='bbox 2987 4592 3167 4648; x_wconf 90' lang='lat' dir='ltr'><strong>mundi</strong></span> <span class='ocrx_word' id='word_1_832' title='bbox 3212 4587 3435 4676; x_wconf 79' lang='lat' dir='ltr'><strong>operibus</strong></span> <span class='ocrx_word' id='word_1_833' title='bbox 3458 4576 3719 4676; x_wconf 57' lang='lat' dir='ltr'><strong>benedictione</strong></span> 
     </span>
    </p>
   </div>
   <div class='ocr_carea' id='block_1_109' title="bbox 2302 4670 3715 4760">
    <p class='ocr_par' dir='ltr' id='par_1_109' title="bbox 2302 4670 3715 4760">
     <span class='ocr_line' id='line_1_109' title="bbox 2302 4670 3715 4760; baseline -0.023 -15"><span class='ocrx_word' id='word_1_834' title='bbox 2302 4690 2518 4760; x_wconf 87' lang='lat' dir='ltr'><strong>largitus</strong></span> <span class='ocrx_word' id='word_1_835' title='bbox 2543 4697 2643 4753; x_wconf 89' lang='lat' dir='ltr'><strong>est,</strong></span> <span class='ocrx_word' id='word_1_836' title='bbox 2672 4703 2701 4741; x_wconf 90' lang='lat' dir='ltr'><strong>a</strong></span> <span class='ocrx_word' id='word_1_837' title='bbox 2731 4688 2918 4757; x_wconf 88' lang='lat' dir='ltr'><strong>quibus</strong></span> <span class='ocrx_word' id='word_1_838' title='bbox 2947 4685 3193 4755; x_wconf 89' lang='lat' dir='ltr'><strong>operibus</strong></span> <span class='ocrx_word' id='word_1_839' title='bbox 3216 4681 3296 4735; x_wconf 88' lang='lat' dir='ltr'><strong>die</strong></span> <span class='ocrx_word' id='word_1_840' title='bbox 3318 4675 3506 4747; x_wconf 87' lang='lat' dir='ltr'><strong>septimo</strong></span> <span class='ocrx_word' id='word_1_841' title='bbox 3526 4670 3715 4736; x_wconf 74' lang='lat' dir='ltr'><strong>requievit.</strong></span> 
     </span>
    </p>
   </div>
   <div class='ocr_carea' id='block_1_110' title="bbox 2301 4763 3715 4855">
    <p class='ocr_par' dir='ltr' id='par_1_110' title="bbox 2301 4763 3715 4855">
     <span class='ocr_line' id='line_1_110' title="bbox 2301 4763 3715 4855; baseline -0.004 -18"><span class='ocrx_word' id='word_1_842' title='bbox 2301 4780 2796 4837; x_wconf 87' lang='lat' dir='ltr'><strong>Conformatiovero</strong></span> <span class='ocrx_word' id='word_1_843' title='bbox 2813 4780 2862 4832; x_wconf 89' lang='lat' dir='ltr'><strong>in</strong></span> <span class='ocrx_word' id='word_1_844' title='bbox 2883 4779 2970 4832; x_wconf 91' lang='lat' dir='ltr'><strong>illo</strong></span> <span class='ocrx_word' id='word_1_845' title='bbox 2986 4777 3101 4845; x_wconf 87' lang='lat' dir='ltr'><strong>ejus</strong></span> <span class='ocrx_word' id='word_1_846' title='bbox 3120 4784 3199 4831; x_wconf 89' lang='lat' dir='ltr'><strong>est</strong></span> <span class='ocrx_word' id='word_1_847' title='bbox 3214 4786 3376 4842; x_wconf 88' lang='lat' dir='ltr'><strong>opere,</strong></span> <span class='ocrx_word' id='word_1_848' title='bbox 3394 4782 3480 4838; x_wconf 83' lang='lat' dir='ltr'><strong>quo</strong></span> <span class='ocrx_word' id='word_1_849' title='bbox 3494 4772 3617 4830; x_wconf 72' lang='grc' dir='ltr'><strong>υερυε</strong></span> <span class='ocrx_word' id='word_1_850' title='bbox 3629 4763 3715 4855; x_wconf 60' lang='grc' dir='ltr'><strong>’ΨΜ</strong></span> 
     </span>
    </p>
   </div>
   <div class='ocr_carea' id='block_1_111' title="bbox 2301 4855 3712 4943">
    <p class='ocr_par' dir='ltr' id='par_1_111' title="bbox 2301 4855 3712 4943">
     <span class='ocr_line' id='line_1_111' title="bbox 2301 4855 3712 4943; baseline -0.024 -13"><span class='ocrx_word' id='word_1_851' title='bbox 2301 4880 2550 4943; x_wconf 89' lang='lat' dir='ltr'><strong>operatur</strong></span> <span class='ocrx_word' id='word_1_852' title='bbox 2576 4872 2596 4942; x_wconf 89' lang='lat'>(</span> <span class='ocrx_word' id='word_1_853' title='bbox 2620 4871 2772 4924; x_wconf 80' lang='lat' dir='ltr'><strong>Joan.</strong></span> <span class='ocrx_word' id='word_1_854' title='bbox 2798 4886 2874 4936; x_wconf 75' lang='lat' dir='ltr'><strong>vr,</strong></span> <span class='ocrx_word' id='word_1_855' title='bbox 2897 4870 3006 4943; x_wconf 77' lang='lat' dir='ltr'><strong>I7).</strong></span> <span class='ocrx_word' id='word_1_856' title='bbox 3032 4868 3302 4922; x_wconf 79' lang='lat' dir='ltr'><strong>Eilicacem</strong></span> <span class='ocrx_word' id='word_1_857' title='bbox 3340 4862 3500 4931; x_wconf 82' lang='lat' dir='ltr'><strong>quippe</strong></span> <span class='ocrx_word' id='word_1_858' title='bbox 3523 4855 3712 4943; x_wconf 63' lang='lat' dir='ltr'><strong>potettltalll</strong></span> 
     </span>
    </p>
   </div>
   <div class='ocr_carea' id='block_1_112' title="bbox 2301 4936 3706 5037">
    <p class='ocr_par' dir='ltr' id='par_1_112' title="bbox 2301 4936 3706 5037">
     <span class='ocr_line' id='line_1_112' title="bbox 2301 4936 3706 5037; baseline -0.002 -18"><span class='ocrx_word' id='word_1_859' title='bbox 2301 4936 2449 5019; x_wconf 79' lang='lat' dir='ltr'><strong>suam</strong></span> <span class='ocrx_word' id='word_1_860' title='bbox 2480 4963 2524 5017; x_wconf 91' lang='lat' dir='ltr'><strong>si</strong></span> <span class='ocrx_word' id='word_1_861' title='bbox 2548 4936 2752 5016; x_wconf 55' lang='lat' dir='ltr'><strong>&quot;rebus</strong></span> <span class='ocrx_word' id='word_1_862' title='bbox 2779 4936 3086 5023; x_wconf 83' lang='lat' dir='ltr'><strong>subtrahat,</strong></span> <span class='ocrx_word' id='word_1_863' title='bbox 3130 4971 3225 5011; x_wconf 87' lang='lat' dir='ltr'><strong>nee</strong></span> <span class='ocrx_word' id='word_1_864' title='bbox 3257 4936 3706 5037; x_wconf 46' lang='grc' dir='ltr'><strong>ρωςνῡάῖβοιενυηίξξ</strong></span> 
     </span>
    </p>
   </div>
   <div class='ocr_carea' id='block_1_113' title="bbox 2303 5032 3708 5116">
    <p class='ocr_par' dir='ltr' id='par_1_113' title="bbox 2303 5032 3708 5116">
     <span class='ocr_line' id='line_1_113' title="bbox 2303 5032 3708 5116; baseline -0.006 -8"><span class='ocrx_word' id='word_1_865' title='bbox 2303 5055 2414 5108; x_wconf 91' lang='lat' dir='ltr'><strong>suis</strong></span> <span class='ocrx_word' id='word_1_866' title='bbox 2433 5052 2687 5107; x_wconf 86' lang='lat' dir='ltr'><strong>dimensis</strong></span> <span class='ocrx_word' id='word_1_867' title='bbox 2720 5050 2948 5103; x_wconf 89' lang='lat' dir='ltr'><strong>motibus</strong></span> <span class='ocrx_word' id='word_1_868' title='bbox 2972 5060 3219 5116; x_wconf 82' lang='lat' dir='ltr'><strong>peragere</strong></span> <span class='ocrx_word' id='word_1_869' title='bbox 3247 5050 3469 5109; x_wconf 69' lang='lat' dir='ltr'><strong>tempora.</strong></span> 
     </span>
    </p>
   </div>
   <div class='ocr_carea' id='block_1_114' title="bbox 2300 5109 3709 5214">
    <p class='ocr_par' dir='ltr' id='par_1_114' title="bbox 2300 5109 3709 5214">
     <span class='ocr_line' id='line_1_114' title="bbox 2300 5109 3709 5214; baseline -0.022 -13"><span class='ocrx_word' id='word_1_870' title='bbox 2300 5146 2353 5200; x_wconf 81' lang='lat' dir='ltr'><strong>in</strong></span> <span class='ocrx_word' id='word_1_871' title='bbox 2374 5160 2439 5200; x_wconf 91' lang='lat' dir='ltr'><strong>eo</strong></span> <span class='ocrx_word' id='word_1_872' title='bbox 2464 5141 2602 5214; x_wconf 93' lang='lat' dir='ltr'><strong>quod</strong></span> <span class='ocrx_word' id='word_1_873' title='bbox 2623 5150 2814 5197; x_wconf 79' lang='lat' dir='ltr'><strong>creata:</strong></span> <span class='ocrx_word' id='word_1_874' title='bbox 2840 5156 2963 5194; x_wconf 79' lang='lat' dir='ltr'><strong>sunt</strong></span> <span class='ocrx_word' id='word_1_875' title='bbox 2980 5140 3297 5208; x_wconf 84' lang='lat' dir='ltr'><strong>aliquatenus</strong></span> <span class='ocrx_word' id='word_1_876' title='bbox 3323 5109 3709 5214; x_wconf 36' lang='lat' dir='ltr'><strong>permanehuatzﬁlc</strong></span> 
     </span>
    </p>
   </div>
   <div class='ocr_carea' id='block_1_115' title="bbox 2299 5196 3705 5297">
    <p class='ocr_par' dir='ltr' id='par_1_115' title="bbox 2299 5196 3705 5297">
     <span class='ocr_line' id='line_1_115' title="bbox 2299 5196 3705 5297; baseline -0.035 -2"><span class='ocrx_word' id='word_1_877' title='bbox 2452 5196 2649 5281; x_wconf 43' lang='lat' dir='ltr'><strong>cjreavit</strong></span> <span class='ocrx_word' id='word_1_878' title='bbox 2674 5224 2938 5279; x_wconf 86' lang='lat' dir='ltr'><strong>hominem</strong></span> <span class='ocrx_word' id='word_1_879' title='bbox 2968 5196 3136 5288; x_wconf 68' lang='lat' dir='ltr'><strong>Deus,</strong></span> <span class='ocrx_word' id='word_1_880' title='bbox 3163 5230 3215 5275; x_wconf 86' lang='lat' dir='ltr'><strong>ut</strong></span> <span class='ocrx_word' id='word_1_881' title='bbox 3238 5218 3303 5272; x_wconf 89' lang='lat' dir='ltr'><strong>illi</strong></span> <span class='ocrx_word' id='word_1_882' title='bbox 3323 5196 3518 5267; x_wconf 67' lang='lat' dir='ltr'><strong>adderet</strong></span> <span class='ocrx_word' id='word_1_883' title='bbox 3548 5196 3705 5255; x_wconf 71' lang='lat' dir='ltr'><strong>fertilita-</strong></span> 
     </span>
    </p>
   </div>
   <div class='ocr_carea' id='block_1_116' title="bbox 2302 5296 3703 5391">
    <p class='ocr_par' dir='ltr' id='par_1_116' title="bbox 2302 5296 3703 5391">
     <span class='ocr_line' id='line_1_116' title="bbox 2302 5296 3703 5391; baseline 0.003 -20"><span class='ocrx_word' id='word_1_884' title='bbox 2302 5296 2405 5373; x_wconf 83' lang='lat' dir='ltr'><strong>tem</strong></span> <span class='ocrx_word' id='word_1_885' title='bbox 2434 5315 2740 5385; x_wconf 88' lang='lat' dir='ltr'><strong>quamdam,</strong></span> <span class='ocrx_word' id='word_1_886' title='bbox 2783 5328 2886 5384; x_wconf 88' lang='lat' dir='ltr'><strong>qua</strong></span> <span class='ocrx_word' id='word_1_887' title='bbox 2915 5312 3155 5368; x_wconf 90' lang='lat' dir='ltr'><strong>homines</strong></span> <span class='ocrx_word' id='word_1_888' title='bbox 3180 5310 3301 5364; x_wconf 86' lang='lat' dir='ltr'><strong>alios</strong></span> <span class='ocrx_word' id='word_1_889' title='bbox 3324 5296 3703 5391; x_wconf 46' lang='grc' dir='ltr'><strong>ρτθραὲξΐῇξνῗῗ</strong></span> 
     </span>
    </p>
   </div>
   <div class='ocr_carea' id='block_1_117' title="bbox 2298 5380 3699 5478">
    <p class='ocr_par' dir='ltr' id='par_1_117' title="bbox 2298 5380 3699 5478">
     <span class='ocr_line' id='line_1_117' title="bbox 2298 5380 3699 5478; baseline 0.008 -17"><span class='ocrx_word' id='word_1_890' title='bbox 2298 5380 2556 5478; x_wconf 72' lang='lat' dir='ltr'><strong>generans</strong></span> <span class='ocrx_word' id='word_1_891' title='bbox 2585 5405 2664 5461; x_wconf 87' lang='lat' dir='ltr'><strong>eis</strong></span> <span class='ocrx_word' id='word_1_892' title='bbox 2708 5380 2877 5474; x_wconf 82' lang='lat' dir='ltr'><strong>ipsam</strong></span> <span class='ocrx_word' id='word_1_893' title='bbox 2903 5402 3059 5458; x_wconf 87' lang='lat' dir='ltr'><strong>etiam</strong></span> <span class='ocrx_word' id='word_1_894' title='bbox 3088 5393 3378 5471; x_wconf 71' lang='grc' dir='ltr'><strong>ρτοριιεειηάί</strong></span> <span class='ocrx_word' id='word_1_895' title='bbox 3400 5380 3699 5478; x_wconf 44' lang='grc' dir='ltr'><strong>νθδδξδηίίθιξῗξ</strong></span> 
     </span>
    </p>
   </div>
   <div class='ocr_carea' id='block_1_118' title="bbox 2300 5458 3702 5564">
    <p class='ocr_par' dir='ltr' id='par_1_118' title="bbox 2300 5458 3702 5564">
     <span class='ocr_line' id='line_1_118' title="bbox 2300 5458 3702 5564; baseline -0.025 -9"><span class='ocrx_word' id='word_1_896' title='bbox 2300 5458 2828 5554; x_wconf 26' lang='lat' dir='ltr'><strong>novnvneeessitat‘em</strong></span> <span class='ocrx_word' id='word_1_897' title='bbox 2850 5536 2866 5563; x_wconf 92' lang='lat'><strong>,</strong></span> <span class='ocrx_word' id='word_1_898' title='bbox 2899 5458 3105 5564; x_wconf 48' lang='lat' dir='ltr'><strong>quibus.</strong></span> <span class='ocrx_word' id='word_1_899' title='bbox 3127 5498 3289 5545; x_wconf 85' lang='lat' dir='ltr'><strong>tamen</strong></span> <span class='ocrx_word' id='word_1_900' title='bbox 3327 5478 3463 5538; x_wconf 86' lang='lat' dir='ltr'><strong>voluit</strong></span> <span class='ocrx_word' id='word_1_901' title='bbox 3499 5458 3702 5526; x_wconf 70' lang='lat' dir='ltr'><strong>lminimltus</strong></span> 
     </span>
    </p>
   </div>
   <div class='ocr_carea' id='block_1_119' title="bbox 2362 5643 3522 5719">
    <p class='ocr_par' dir='ltr' id='par_1_119' title="bbox 2362 5643 3522 5719">
     <span class='ocr_line' id='line_1_119' title="bbox 2362 5643 3522 5719; baseline 0.01 -21"><span class='ocrx_word' id='word_1_902' title='bbox 2362 5656 2382 5719; x_wconf 56' lang='grc' dir='ltr'><strong>ξ</strong></span> <span class='ocrx_word' id='word_1_903' title='bbox 2412 5654 2483 5701; x_wconf 89' lang='lat' dir='ltr'><strong>sic</strong></span> <span class='ocrx_word' id='word_1_904' title='bbox 2505 5659 2611 5719; x_wconf 56' lang='lat' dir='ltr'><strong>Mss.</strong></span> <span class='ocrx_word' id='word_1_905' title='bbox 2634 5650 2749 5719; x_wconf 57' lang='lat' dir='ltr'><strong>editi</strong></span> <span class='ocrx_word' id='word_1_906' title='bbox 2770 5643 3283 5719; x_wconf 46' lang='grc' dir='ltr'><strong>θμῑθωχρτοικευίηιζίξχ</strong></span> <span class='ocrx_word' id='word_1_907' title='bbox 3300 5697 3384 5719; x_wconf 29' lang='grc' dir='ltr'><strong>’,πη</strong></span> <span class='ocrx_word' id='word_1_908' title='bbox 3403 5698 3437 5719; x_wconf 63' lang='grc' dir='ltr'><strong>η,</strong></span> <span class='ocrx_word' id='word_1_909' title='bbox 3457 5694 3522 5719; x_wconf 54' lang='grc' dir='ltr'><strong>..ες</strong></span> 
     </span>
    </p>
   </div>
   <div class='ocr_carea' id='block_1_120' title="bbox 2367 5694 3533 5775">
    <p class='ocr_par' dir='ltr' id='par_1_120' title="bbox 2367 5694 3533 5775">
     <span class='ocr_line' id='line_1_120' title="bbox 2367 5694 3533 5775; baseline -0.027 -10"><span class='ocrx_word' id='word_1_910' title='bbox 2367 5717 2386 5747; x_wconf 71' lang='grc' dir='ltr'><strong>ι</strong></span> <span class='ocrx_word' id='word_1_911' title='bbox 2414 5694 2611 5773; x_wconf 48' lang='lat' dir='ltr'><strong>Eoi-1&quot;,?</strong></span> <span class='ocrx_word' id='word_1_912' title='bbox 2620 5694 2749 5775; x_wconf 63' lang='grc' dir='ltr'><strong>Ῑὲὗὶιῗ</strong></span> <span class='ocrx_word' id='word_1_913' title='bbox 2765 5694 2923 5770; x_wconf 64' lang='grc' dir='ltr'><strong>,ζιῖἱιὲὶζ</strong></span> <span class='ocrx_word' id='word_1_914' title='bbox 2934 5694 3061 5770; x_wconf 64' lang='lat' dir='ltr'><strong>&#39;jrim,</strong></span> <span class='ocrx_word' id='word_1_915' title='bbox 3076 5708 3136 5756; x_wconf 84' lang='lat' dir='ltr'><strong>ab</strong></span> <span class='ocrx_word' id='word_1_916' title='bbox 3158 5704 3284 5756; x_wconf 85' lang='lat' dir='ltr'><strong>editis</strong></span> <span class='ocrx_word' id='word_1_917' title='bbox 3300 5697 3385 5748; x_wconf 85' lang='lat' dir='ltr'><strong>aliis</strong></span> <span class='ocrx_word' id='word_1_918' title='bbox 3403 5698 3441 5742; x_wconf 85' lang='lat' dir='ltr'><strong>ct</strong></span> <span class='ocrx_word' id='word_1_919' title='bbox 3457 5694 3533 5735; x_wconf 70' lang='lat' dir='ltr'><strong>uss.</strong></span> 
     </span>
    </p>
   </div>
  </div>
