3926 6386
148 352 259 407 789

153 465 395 524 abstulit
421 478 538 520 eam
565 462 706 519 Deus
729 504 743 527 ,
788 470 842 516 et
881 462 1091 517 steriles
1137 461 1350 518 fuerunt
1383 481 1394 516 :
1426 477 1528 517 non
1560 470 1732 515 tamen

154 555 352 626 generi
394 553 625 609 humano
663 553 878 608 abstulit
915 552 1081 608 semel
1106 552 1280 607 datam
1326 553 1511 622 primis
1536 551 1742 605 duobus

156 645 490 717 conjugibus
511 644 930 701 benedictionem
956 643 1301 713 generandi‘.
1326 643 1449 696 11ωο
1469 654 1595 711 ergo
1625 655 1746 709 pro-

159 738 388 808 pagatio
408 737 647 807 quamvis
666 744 882 806 peccato
897 735 1071 790 ablata
1098 750 1204 791 non
1228 734 1415 798 fuerit,
1444 746 1549 786 non
1572 740 1746 785 tamen

158 830 331 885 etiam
360 828 476 898 ipsa
506 827 622 882 talis
650 835 747 892 est,
780 827 949 896 qualis
976 826 1177 892 fuisset,
1192 824 1237 879 si
1272 837 1427 879 nemo
1453 828 1745 891 peccasset.

76 934 81 939 ·
163 923 244 977 Ex
261 935 376 991 quo
387 921 528 976 enim
543 919 701 973 homo
714 919 764 973 in
791 918 993 973 honore
1020 918 1240 987 positus,
1254 922 1599 985 posteaquam
1620 912 1751 966 deri-

162 1015 305 1082 quit,
321 1017 754 1080 coinparatuscst
775 1006 1232 1080 pecoribus(Psal.
1252 1006 1582 1076 ιιγιιι,15.),
1606 1005 1749 1059 simi-

164 1104 293 1158 liter
311 1112 564 1173 generat:
588 1104 757 1157 nonin
773 1118 837 1158 eo
850 1112 1023 1158 tamen
1037 1102 1242 1171 penitus
1258 1102 1517 1157 exstincta
1528 1107 1609 1154 est
1620 1114 1755 1167 qua:-

165 1193 293 1247 dam
311 1192 461 1247 velut
472 1193 697 1247 scintilla
711 1193 943 1257 rationis,
956 1193 1119 1261 inqua
1133 1190 1298 1245 factus
1308 1188 1463 1245 estad
1474 1188 1752 1258 imaginem

170 1284 291 1337 Dei.
326 1282 470 1338 Huic
497 1293 675 1339 autem
698 1282 1063 1355 propagationi
1092 1283 1137 1336 si
1165 1280 1511 1335 conformatio
1536 1295 1639 1333 non
1658 1278 1755 1333 ad-

169 1372 477 1441 hiberetur,
509 1389 607 1428 nec
638 1374 748 1443 ipsa
786 1374 839 1427 in
885 1372 967 1428 sui
1008 1370 1219 1442 generis
1244 1369 1440 1425 formas
1465 1368 1757 1437 modosque

173 1464 520 1535 procederet.
550 1464 603 1519 Si
630 1464 772 1519 enim
813 1478 918 1518 non
963 1462 1367 1517 concubuissent
1397 1458 1639 1513 homines
1662 1498 1676 1523 ,
1705 1466 1759 1513 et

172 1552 351 1607 nihilo
381 1554 557 1608 minus
585 1554 723 1608 Deus
746 1552 907 1607 vellet
936 1552 1156 1619 implere
1196 1558 1365 1604 terras
1413 1547 1717 1603 hominibus
1741 1565 1755 1613 ;

172 1642 456 1713 quomodo
478 1644 678 1699 creavit
698 1659 860 1698 unum
880 1642 995 1697 sine
1019 1640 1398 1696 commixtione
1426 1640 1589 1694 maris
1606 1648 1660 1694 et
1678 1638 1760 1692 fe-

138 1736 366 1799 ‘minm,
397 1736 476 1790 sic
502 1744 683 1805 posset
707 1749 893 1791 omnes
922 1752 934 1787 :
963 1733 1373 1789 concumbentes
1389 1745 1515 1786 vero
1542 1731 1642 1785 nisi
1672 1730 1762 1784 illo

177 1835 403 1882 creante
430 1835 745 1898 generantcs
787 1840 907 1882 esse
946 1839 1054 1880 non
1082 1832 1323 1893 possunt.
1364 1822 1510 1879 Sicut
1538 1836 1664 1891 ergo
1690 1823 1763 1875 ait

178 1916 477 1985 Apostolus
521 1917 588 1972 de
628 1916 953 1972 institutione
993 1914 1250 1985 spirituali
1276 1955 1289 1980 ,
1333 1929 1436 1984 qua
1480 1912 1641 1966 homo
1696 1911 1761 1964 ad

180 2010 446 2077 pietatem
469 2008 837 2077 iustitiamque
863 2006 1142 2073 formatur,
1164 2004 1341 2075 Neque
1366 2004 1453 2074 qui
1488 2004 1763 2073 plantatest

178 2099 380 2167 aliquid
398 2140 415 2165 ,
439 2115 595 2169 neque
630 2100 714 2169 qui
759 2100 913 2169 rigat;
938 2099 1025 2152 sed
1051 2098 1135 2167 qui
1154 2100 1506 2151 incrementum
1526 2094 1611 2148 dat
1634 2093 1765 2147 Deus

183 2188 224 2258 (Ι
250 2188 550 2261 Cor.rn,7),
580 2190 649 2244 ita
670 2190 827 2244 etiam
858 2190 942 2244 hic
960 2189 1063 2244 dici
1091 2188 1397 2259 potest,Nec
1411 2187 1499 2257 qui
1516 2201 1766 2241 concum-

184 2278 279 2342 hit,
307 2292 415 2334 nec
433 2279 522 2349 qui
545 2280 880 2346 seminat,est
898 2278 1215 2349 aliquid;sed
1241 2279 1328 2348 qui
1356 2278 1581 2335 format”
1605 2278 1761 2331 Deus.

181 2369 292 2423 Nec
316 2378 492 2425 mater
507 2387 623 2440 qua:
641 2380 953 2441 conceptum
973 2379 1163 2441 portat,
1187 2380 1240 2424 et
1259 2376 1465 2438 partum
1489 2367 1669 2430 nutrit,
1685 2376 1768 2420 est

182 2460 411 2531 aliquid;
441 2460 535 2515 sed
564 2462 652 2531 qui
682 2462 1065 2517 incrementum
1091 2459 1182 2514 dat
1201 2459 1360 2513 Deus.
1380 2454 1768 2527 lpse‘namque

182 2551 524 2621 operatione,
555 2566 658 2622 qua
682 2567 823 2606 nunc
849 2566 1016 2621 usque
1042 2558 1313 2619 operatur,
1342 2548 1465 2603 facit
1493 2555 1552 2601 ut
1576 2560 1765 2601 nume-

184 2658 273 2697 rus
296 2659 429 2699 suos
455 2644 724 2715 explicent
745 2645 945 2699 semina
969 2688 983 2711 ,
1008 2653 1061 2701 ct
1091 2660 1121 2700 a
1145 2642 1457 2715 quihusdam
1484 2639 1768 2698 latentibus

182 2747 346 2806 atque
374 2737 725 2792 invisibilibus
753 2738 1037 2792 involucris
1067 2738 1117 2792 in
1158 2736 1358 2792 formas
1403 2735 1638 2791 visibiles
1665 2733 1767 2787 hu-

179 2829 268 2897 jus
310 2829 457 2899 quod
498 2830 783 2899 aspicimus
818 2831 1028 2885 decoris
1054 2831 1323 2885 cvolvant.
1356 2828 1472 2899 Ipse
1518 2829 1767 2896 incorpo-

186 2934 336 2972 ream
395 2933 811 2991 corporeamque
876 2931 1119 2975 naturam
1147 2961 1161 2985 ,
1198 2921 1342 2973 illam
1391 2917 1725 2988 praepositam
1751 2958 1765 2980 ,

188 3007 347 3062 istam
390 3008 719 3077 subjectam,
751 3009 901 3064 miris
942 3009 1113 3063 modis
1161 3008 1415 3078 copulans
1455 3015 1510 3062 et
1536 3020 1768 3062 connec-

189 3106 332 3165 tens,
366 3100 691 3156 animantem
721 3102 865 3157 facit.
894 3101 1046 3168 Quod
1074 3117 1207 3170 opus
1242 3101 1358 3170 ejus
1388 3109 1493 3154 tam
1522 3114 1768 3169 magnum

189 3198 244 3241 et
290 3190 534 3247 mirabile
584 3200 699 3257 est,
743 3202 800 3247 ut
842 3208 947 3246 non
975 3192 1147 3246 solum
1177 3192 1226 3244 in
1258 3190 1493 3256 homine,
1526 3188 1665 3259 quod
1690 3198 1772 3243 est

191 3281 399 3340 animal
425 3284 702 3353 rationale,
731 3293 784 3339 et
814 3300 877 3338 ex
910 3284 1009 3338 hoc
1037 3282 1247 3338 cunctis
1278 3280 1506 3336 terrenis
1527 3280 1770 3334 animan-

193 3376 339 3429 tibus
378 3375 719 3431 excellentius
762 3383 918 3443 atque
950 3371 1306 3442 praestantius,
1337 3369 1428 3423 sed
1459 3368 1510 3423 in
1541 3368 1774 3438 qualibet

192 3468 549 3522 minutissima
604 3465 841 3520 muscula
910 3463 1047 3521 bene
1096 3460 1450 3516 consideranti
1499 3467 1769 3530 stuporem

194 3560 393 3614 mentis
429 3560 649 3629 ingerat,
682 3556 1000 3626 laudemque
1032 3555 1203 3625 pariat
1226 3553 1514 3609 Creatoris.

265 3652 321 3704 5.
364 3649 480 3719 Ipse
506 3650 679 3719 itaque
700 3649 891 3702 anima:
927 3646 1171 3700 humana:
1211 3654 1443 3700 mentem
1477 3643 1641 3709 dedit,
1683 3642 1773 3697 ubi

192 3742 335 3794 ratio
374 3749 429 3795 et
458 3740 799 3808 intelligentia
847 3738 900 3792 in
944 3738 1145 3792 infante
1182 3735 1352 3805 sopita
1394 3744 1475 3789 est
1516 3733 1773 3804 quodam-

190 3830 380 3893 modo,
406 3830 555 3899 quasi
579 3830 718 3882 nulla
752 3829 841 3893 sit,
880 3825 1157 3883 excitanda
1182 3826 1385 3881 scilicet
1421 3833 1580 3894 atque
1620 3837 1773 3877 exse-

188 3917 369 3972 renda
398 3917 605 3972 ‘artatis
639 3932 879 3984 accessu,
905 3932 1007 3986 qua
1037 3916 1105 3970 sit
1143 3915 1380 3969 scientia:
1413 3928 1579 3983 capax
1620 3921 1777 3981 atque

190 4008 480 4069 doctrinm.
522 4016 574 4062 et
617 4007 806 4061 habilis
846 4004 1168 4075 perceptioni
1213 4003 1449 4058 veritatis
1484 4010 1538 4055 et
1582 4002 1777 4055 amoris

197 4100 326 4155 boni
358 4116 371 4152 :
404 4114 505 4169 qua
547 4097 838 4168 capacitate
884 4096 1088 4150 hauriat
1112 4094 1424 4164 sapientiam
1469 4091 1767 4146 virtutibus-

198 4206 305 4259 que
334 4188 404 4243 sit
424 4188 662 4259 przedita,
680 4186 869 4257 quibus
892 4184 1201 4255 prudenter,
1225 4181 1451 4247 fortiter,
1482 4190 1781 4249 temperan-

203 4292 306 4345 ter,
353 4286 408 4333 et
442 4278 605 4349 juste,
636 4278 889 4332 adversus
927 4288 1139 4331 errores
1171 4283 1224 4329 ct
1249 4280 1442 4327 cmtera
1479 4273 1779 4341 ingenerata

203 4372 332 4426 vitia
360 4371 595 4437 dimicet,
636 4384 803 4438 eaque
840 4368 1031 4421 nullius
1077 4365 1153 4420 rei
1196 4362 1460 4418 desiderio
1508 4362 1607 4416 nisi
1658 4360 1779 4414 boni

207 4464 350 4518 illius
374 4462 569 4519 summi
597 4470 754 4530 atque
780 4458 1120 4513 immutabilis
1145 4457 1337 4511 vincat.
1364 4454 1515 4521 Quod
1552 4454 1651 4509 etsi
1678 4468 1782 4507 non

207 4554 385 4620 faciat,
410 4553 522 4623 ipsa
548 4552 726 4605 talium
751 4550 1007 4604 bonorum
1032 4546 1296 4616 capacitas
1322 4545 1375 4598 in
1400 4552 1583 4598 natura
1616 4543 1780 4596 ratio-

210 4646 317 4699 nali
348 4643 598 4700 divinitus
626 4641 862 4696 instituta
888 4650 1139 4709 quantum
1167 4637 1236 4691 sit
1257 4635 1400 4699 boni,
1428 4649 1583 4705 quam
1626 4632 1782 4687 mira-

212 4734 320 4791 hile
369 4749 503 4805 opus
548 4732 959 4801 Omnipotentis,
1012 4730 1131 4799 quis
1170 4734 1531 4795 competenter
1576 4723 1782 4787 effatur,

212 4831 305 4877 aut
341 4822 573 4893 cogitat?
617 4822 817 4875 Prrcter
852 4821 993 4875 enim
1031 4827 1174 4871 artes
1215 4817 1351 4870 bene
1385 4813 1590 4869 vivendi
1628 4822 1682 4867 et
1720 4812 1784 4866 ad

217 4912 568 4967 immortalem
624 4907 961 4979 perveniendi
990 4905 1314 4963 felicitatem
1339 4943 1354 4968 ,
1396 4917 1513 4972 qua:
1565 4902 1787 4955 virtutes

217 5008 505 5069 vocantur,
550 5008 604 5055 et
649 4999 759 5053 sola
810 4998 899 5051 Dei
940 4996 1129 5065 gratia,
1172 5010 1290 5063 qua:
1336 4994 1387 5046 in
1434 4991 1645 5045 Christo
1673 4999 1784 5051 est,

220 5092 340 5148 filiis
401 5090 767 5162 promissionis
814 5086 1068 5156 regnique
1121 5083 1422 5146 donantur,
1462 5094 1637 5134 nonne
1688 5079 1784 5132 hu-

221 5194 378 5235 mano
429 5178 639 5249 ingenio
690 5185 767 5231 tot
814 5183 1077 5244 tantaeque
1113 5182 1256 5227 artes
1294 5178 1417 5225 sunt
1460 5170 1685 5223 iuventte
1734 5178 1789 5221 et

222 5270 485 5334 exercitae,
514 5268 703 5338 partim
728 5265 1063 5331 necessariar,
1093 5263 1282 5333 partim
1326 5260 1633 5329 voluptaria)
1660 5260 1702 5324 ⁵,
1734 5268 1791 5311 ut

224 5369 328 5415 tam
384 5361 655 5416 excellens
713 5359 794 5413 vis
857 5357 1050 5413 mentis
1111 5364 1268 5424 atque
1320 5351 1538 5406 rationis
1593 5351 1647 5404 in
1711 5348 1793 5403 his

287 5477 303 5507 ι
339 5473 555 5524 nonnulli
578 5474 741 5535 probae
764 5478 891 5535 noue
912 5477 1040 5528 Mss,
1063 5465 1383 5519 benedictione
1400 5462 1627 5527 generale.

286 5538 306 5568 ί
338 5536 442 5585 Sola
465 5532 613 5584 editio
634 5542 764 5595 Lov.,
787 5532 1025 5595 informat.

286 5598 307 5659 ἒ
340 5597 525 5659 Aliquot
543 5604 670 5655 Mss,
700 5604 822 5659 lpsq.

287 5658 309 5689 ⁴
340 5650 601 5720 sic'plures
620 5650 729 5705 uss:
751 5656 865 5720 Editi
888 5666 1025 5720 vero,
1050 5650 1335 5720 exercenda.

229 5720 317 5828 ὦ
341 5707 557 5829 Nolanum
579 5726 703 5778 Mss,
742 5707 1033 5767 voluntarite.
1068 5740 1126 5749 —
1149 5714 1217 5761 sic
1244 5714 1387 5761 etiam
1425 5708 1560 5758 codd.
1586 5707 1699 5757 20351
1746 5712 1796 5754 et

1220 348 1419 403 LIBER
1459 346 1814 404 VIGLSIMUS
1852 349 2225 408 SECUNDUS.

3308 356 3406 410 790

1849 463 2008 518 etiam
2062 464 2220 519 rebus
2270 478 2400 534 quas
2453 464 2786 533 superfluas,
2838 466 2943 519 imo
2997 475 3048 521 et
3089 469 3409 535 periculosas

1847 552 2274 621 perniciosasque
2312 552 2527 621 appetit,
2555 562 2809 623 quantum
2855 554 3047 609 bonum
3076 557 3092 587 ¹
3126 556 3315 613 habeat
3354 559 3406 612 in

1849 650 2033 695 natura
2058 682 2071 705 ,
2098 642 2237 695 unde
2289 642 2385 697 ista
2416 644 2583 711 potuit
2617 643 2701 699 vel
2728 643 2962 701 invenire
2982 687 2997 712 ,
3036 646 3123 701 vel
3163 646 3371 703 discere
3395 689 3409 713 ,

1849 731 1933 784 vel
1978 744 2261 798 exercere,
2324 733 2581 787 testetur?
2632 733 3079 790 Vestimentorum
3143 745 3198 792 et
3241 736 3408 791 aedifi-

1850 821 2054 874 ciorum
2098 820 2162 874 ad
2189 835 2348 890 opera
2374 836 2528 891 quam
2553 823 2829 891 mirabilia,
2852 840 3009 894 quam
3033 827 3308 896 stupenda,
3336 827 3413 880 in-

1852 910 2051 965 dustria
2111 911 2335 964 humana
2401 914 2733 981 pervenerit;
2782 930 2888 984 quo
2943 916 2997 969 in
3048 917 3365 985 agricultura
3397 958 3411 980 ,

1853 1014 1957 1070 quo
2000 1000 2049 1054 in
2092 1002 2423 1070 navigatione
2462 1002 2771 1071 profecerit;
2829 1021 2947 1075 qua:
2975 1007 3028 1059 in
3073 1006 3415 1062 fabricatione

1854 1105 2181 1160 quorumque
2228 1105 2509 1159 vasorum,
2562 1091 2645 1147 vel
2688 1095 2846 1148 etiam
2895 1104 3187 1150 statuarum
3208 1105 3281 1151 ‘et
3338 1100 3421 1167 pi-

1855 1189 2121 1236 cturarum
2147 1182 2399 1239 varietate
2440 1184 2813 1255 excogitaverit
2839 1195 2892 1240 et
2936 1186 3271 1255 impleverit;
3300 1202 3419 1256 quas

1859 1272 1911 1325 in
1953 1271 2170 1326 theatris
2201 1274 2457 1328 mirabilia
2501 1276 2859 1345 spectantibus
2886 1278 2930 1340 ',
2961 1278 3299 1332 audientibus
3341 1279 3420 1332 in-

1858 1363 2128 1417 credibilia
2166 1364 2397 1419 facienda
2438 1376 2491 1421 et
2541 1366 2835 1421 exhibenda
2891 1368 3070 1422 molita
3102 1369 3199 1432 sit;
3254 1370 3303 1422 in
3336 1384 3423 1421 ca.

1861 1455 2084 1522 piendis,
2115 1454 2434 1521 occidendis,
2463 1456 2740 1511 domandis
2768 1458 3156 1514 irrationalibus
3181 1460 3418 1514 animan-

1864 1545 2003 1599 tibus
2027 1561 2143 1615 qua:
2162 1555 2214 1601 et
2239 1556 2431 1616 quanta
2451 1549 2712 1617 repererit
2728 1566 2741 1602 :
2759 1548 3013 1604 adversus
3030 1550 3170 1620 ipsos
3185 1551 3427 1605 homines

1865 1644 1940 1689 tot
1985 1652 2179 1706 genera
2221 1652 2564 1704 venenorum,
2629 1647 2707 1693 tot
2752 1655 3059 1707 armorum,
3114 1650 3190 1696 tot
3239 1642 3430 1696 machi-

1867 1736 2248 1793 namentorum,
2302 1738 2355 1783 et
2402 1743 2497 1797 pro
2550 1730 2719 1784 salute
2760 1731 2971 1783 mortali
3030 1731 3221 1785 tuenda
3273 1742 3431 1800 atque

1868 1819 2153 1888 reparanda
2184 1830 2313 1889 quot
2354 1821 2734 1875 medicamenta
2758 1830 2914 1890 atque
2942 1822 3245 1891 adjumenta
3275 1838 3427 1877 com-

1865 1910 2200 1978 prehenderit
2228 1928 2243 1965 :
2275 1926 2369 1979 pro
2396 1912 2657 1981 voluptate
2675 1912 2899 1967 faucium
2929 1922 3056 1982 quot
3094 1914 3430 1968 condimenta

1867 2010 1919 2053 ct
1949 2000 2082 2069 gulae
2113 2001 2476 2055 irritamenta3
2497 2003 2754 2072 repererit
2779 2022 2789 2055 :
2819 2004 2883 2057 ad
2907 2003 3215 2059 indicandas
3237 2013 3289 2059 et
3309 2019 3434 2058 sua-

1868 2092 2067 2146 dendas
2096 2093 2461 2162 cogitationes,
2495 2109 2649 2163 quam
2680 2093 3070 2149 multitudinem
3098 2094 3435 2150 varietatem-

1868 2198 1971 2251 que
1999 2183 2289 2252 signorum,
2322 2184 2406 2237 ubi
2432 2184 2753 2253 prarcipuum
2778 2185 2947 2239 locum
2972 2184 3131 2238 verba
3161 2192 3213 2237 et
3246 2183 3434 2238 littera:

1872 2282 2079 2338 tenent;
2109 2272 2174 2326 ad
2200 2272 2540 2327 delectandos
2566 2275 2791 2339 animos,
2819 2289 2952 2344 quos
2980 2274 3293 2329 elocutionis
3336 2289 3427 2328 or-

1870 2373 2044 2430 natus,
2077 2379 2234 2434 quam
2261 2364 2591 2419 diversorum
2614 2366 2909 2420 carminum
2939 2366 3175 2435 capiam;
3204 2366 3268 2419 ad
3299 2367 3434 2420 mul-

1870 2456 2063 2510 cendas
2088 2472 2243 2512 aures
2265 2497 2278 2521 ,
2310 2467 2437 2527 quot
2465 2473 2658 2527 organa
2700 2460 2897 2513 musica
2921 2500 2936 2524 ,
2970 2474 3104 2529 quos
3149 2460 3428 2513 cantilena:

1872 2548 2057 2602 modos
2083 2549 2460 2618 excogitaverit
2484 2568 2495 2603 :
2519 2557 2766 2619 quantam
2786 2550 3025 2620 peritiam
3051 2550 3437 2605 dimensionum

1872 2649 2028 2709 atque
2078 2656 2452 2706 numerorum,
2491 2650 2798 2711 meatusque
2845 2650 2899 2696 et
2948 2641 3161 2697 ordines
3205 2642 3439 2696 siderum

1871 2740 2065 2804 quanta
2110 2732 2393 2804 sagacitate
2426 2732 2888 2805 comprehenderit
2920 2750 2933 2788 :
2966 2748 3123 2804 quam
3160 2734 3321 2789 multa
3354 2749 3439 2788 re-

1872 2845 1987 2883 rum
2017 2829 2405 2884 mundanarum
2427 2830 2729 2899 cognitione
2757 2844 2815 2884 se
2844 2830 3160 2898 impleverit,
3180 2828 3299 2897 quis
3321 2842 3441 2895 pos-

1872 2920 1941 2974 sit
1978 2921 2172 2989 eloqui,
2204 2921 2432 2975 maxime
2474 2921 2518 2975 si
2565 2920 2785 2975 velimus
2812 2934 2917 2973 non
2945 2919 3227 2975 acervatim
3250 2927 3441 2973 cuncta

1872 3027 2179 3083 congerere,
2212 3012 2307 3066 sed
2355 3013 2409 3067 in
2455 3011 2676 3082 singulis
2730 3010 3036 3064 immorari?
3069 3009 3125 3064 In
3169 3010 3297 3080 ipsis
3344 3024 3441 3079 po.

1873 3113 2075 3160 stremo
2111 3104 2380 3159 erroribus
2411 3113 2465 3158 et
2508 3103 2823 3157 falsilalibtts
2869 3100 3215 3156 defendendis
3239 3142 3253 3166 ,
3282 3115 3443 3171 quam

1875 3209 2063 3264 magna
2106 3193 2395 3248 claruerint
2442 3192 2651 3261 ingenia
2683 3191 3119 3261 phi|050phorum
3149 3199 3305 3261 atque
3332 3190 3444 3244 ha:-

1875 3288 2159 3341 rcticornm
2181 3328 2197 3353 ,
2230 3285 2348 3354 quis
2374 3285 2639 3339 aestimare
2674 3282 2939 3337 sufficiat?
2980 3282 3269 3352 Loquimur
3297 3282 3437 3337 enim

1876 3392 2015 3431 mmc
2057 3377 2122 3430 de
2157 3384 2344 3430 natura
2384 3376 2575 3429 mentis
2606 3375 2848 3427 humana:
2869 3413 2881 3436 ,
2906 3388 3007 3442 qua
3038 3372 3136 3427 ista
3159 3372 3266 3426 vita
3296 3386 3441 3426 mor-

1878 3467 1995 3521 talis
2024 3474 2242 3520 ornatur
2260 3507 2275 3531 ,
2305 3480 2409 3520 non
2438 3463 2504 3519 de
2532 3463 2636 3519 fide
2665 3472 2823 3533 atque
2852 3463 3038 3517 itinere
3064 3461 3319 3525 veritatis,
3340 3476 3441 3531 qua

1877 3559 1964 3612 illa
2008 3556 2318 3611 immortalis
2348 3554 2658 3625 acquiritur.
2702 3552 2870 3622 llujus
2899 3560 3056 3607 tantae
3086 3558 3287 3605 naturze
3312 3564 3443 3605 con-

1876 3649 2016 3704 ditor
2038 3661 2157 3702 cum
2198 3646 2267 3701 sit
2309 3647 2489 3715 utique
2529 3645 2667 3699 Deus
2707 3657 2867 3697 verus
2916 3651 2969 3697 et
3020 3656 3255 3696 summus
3284 3681 3298 3703 ,
3330 3640 3446 3709 ipso

1876 3747 2063 3795 cuncta
2091 3753 2209 3807 qua:
2235 3737 2357 3793 fecit
2384 3736 2787 3790 administrante
2828 3744 2881 3788 ct
2919 3748 3178 3787 summam
3207 3728 3444 3801 potesta-

1882 3842 1984 3887 tem
2027 3843 2393 3900 summamque
2422 3828 2648 3882 habente
2685 3825 2940 3896 justitiam
2969 3866 2983 3889 ,
3015 3837 3282 3893 nunquam
3323 3836 3445 3892 pro-

1883 3924 2018 3978 fecto
2080 3924 2131 3977 in
2185 3922 2280 3977 has
2332 3919 2571 3975 miserias
2624 3917 2946 3983 decidisset,
2996 3922 3153 3985 atque
3206 3929 3273 3970 ex
3320 3914 3445 3978 his,

1884 4022 2075 4081 praeter
2100 4028 2192 4066 eos
2239 4011 2383 4065 solos
2410 4010 2500 4080 qui
2550 4009 2941 4071 liberabuntur,
2978 4006 3028 4060 in
3060 4014 3286 4060 :eternas
3312 4014 3455 4059 esset

1884 4107 2018 4159 itura
2039 4103 2081 4170 ⁸,
2104 4102 2205 4157 nisi
2232 4102 2388 4155 nimis
2408 4100 2604 4171 grande
2635 4109 2907 4169 peccatum
2941 4098 2991 4151 in
3017 4098 3228 4151 homine
3250 4098 3443 4166 primo,

1884 4196 1949 4250 de
1978 4208 2083 4263 quo
2105 4192 2281 4247 czeteri
2309 4191 2475 4246 exorti
2506 4198 2649 4255 sunt,
2682 4188 3062 4258 praecessisset.

1955 4286 2009 4341 4.
2039 4285 2153 4341 Jam
2184 4299 2311 4339 vero
2358 4283 2407 4335 in
2462 4286 2577 4352 ipso
2621 4296 2845 4350 corpore
2870 4319 2883 4344 ,
2916 4278 3158 4348 quamvis
3191 4276 3342 4331 nobis
3384 4278 3455 4331 sit

1886 4392 2004 4430 cum
2035 4374 2224 4431 helluis
2256 4373 2575 4428 mortalitate
2614 4386 2893 4426 commune
2915 4410 2929 4435 ,
2960 4369 3243 4437 multisque
3269 4383 3450 4421 earum

1888 4466 2179 4537 reperiatur
2208 4464 2488 4526 infirmius,
2518 4470 2711 4533 quanta
2733 4461 2821 4515 Dei
2854 4460 3080 4523 bonitas,
3112 4468 3303 4528 quanta
3334 4472 3455 4525 pro—

1890 4558 2116 4614 videntia
2145 4559 2275 4611 tanti
2302 4554 2568 4609 Creatoris
2614 4552 2876 4621 apparet?
2924 4550 3108 4604 Nonne
3152 4550 3221 4602 ita
3253 4556 3374 4601 sunt
3403 4548 3453 4601 in

1889 4665 1953 4705 eo
1982 4652 2095 4706 loca
2138 4661 2386 4703 sensuum
2418 4655 2470 4700 et
2508 4653 2697 4699 caatcra
2746 4641 2980 4696 membra
3010 4638 3263 4708 disposita
3286 4681 3300 4702 ,
3332 4654 3454 4707 Spe-

1890 4741 2101 4809 ciesque
2127 4739 2239 4807 ipsa
2265 4751 2329 4790 ac
2356 4734 2518 4804 figura
2549 4744 2601 4786 et
2646 4740 2844 4785 statura
2884 4730 3045 4783 totius
3096 4728 3336 4797 corporis
3387 4727 3455 4779 ita

1892 4829 2187 4884 modificata
2215 4869 2228 4891 ,
2269 4835 2322 4879 ut
2364 4824 2429 4878 ad
2472 4822 2821 4877 ministerium
2866 4820 3055 4872 anima:
3100 4819 3370 4872 rationalis
3399 4834 3457 4871 se

1894 4920 2089 4973 indicet
2120 4916 2339 4970 factum?
2364 4914 2475 4968 Non
2505 4912 2645 4967 enim
2668 4918 2724 4964 ut
2750 4909 2993 4964 animalia
3025 4908 3241 4963 rationis
3264 4924 3458 4977 exper-

1894 5013 1962 5064 tia
2015 5023 2177 5079 prona
2222 5021 2342 5061 esse
2391 5004 2632 5057 videmus
2679 5001 2731 5054 in
2763 5010 2999 5063 terram,
3031 4998 3101 5052 ita
3142 5008 3351 5053 creatus
3377 5008 3459 5051 est

1894 5100 2055 5153 homo
2080 5114 2092 5149 :
2122 5096 2213 5150 sed
2245 5104 2420 5150 erecta
2449 5094 2499 5147 in
2530 5093 2723 5147 cmlum
2751 5089 2995 5160 corporis
3015 5088 3184 5143 forma
3216 5088 3462 5141 admonet

1894 5204 2013 5243 eum
2032 5201 2147 5257 qua:
2176 5199 2383 5239 sursum
2408 5192 2530 5237 sunt
2550 5196 2735 5251 sapere
2763 5181 2860 5250 (a).
2895 5180 3057 5233 Porro
3082 5178 3214 5231 mira
3245 5176 3455 5231 mobili-

1958 5375 1976 5405 ι
2011 5378 2061 5421 tn
2082 5368 2185 5421 sola
2207 5364 2419 5415 editione
2437 5368 2567 5422 Lov.,
2590 5363 2813 5430 quantum
2836 5354 3061 5406 bonorum
3093 5351 3261 5403 habeat
3293 5354 3342 5402 in
3379 5364 3464 5401 na-

1894 5443 2199 5555 turia'aliquot
2219 5498 2348 5555 Mss.,
2368 5482 2762 5555 exspectantibus.

1962 5561 1982 5591 ⁸
2014 5559 2084 5603 sic
2098 5547 2209 5602 'Mss.
2236 5547 2352 5599 Editi
2377 5547 2511 5605 vero,
2534 5547 2856 5594 incitamenta.

1957 5618 1983 5688 ξ
2105 5596 2394 5665 ἷῖἶιοῖᾞίό
2416 5596 2609 5666 addunt,
2636 5616 2829 5667 pennas;
2847 5613 2933 5663 pro
2948 5612 3045 5661 quo
3067 5596 3469 5655 subaudiendum,

1900 5689 2115 5730 ηιιδοηαδ
2122 5711 2131 5722 .

1966 5763 2040 5823 (a)
2071 5756 2196 5807 Conf.
2227 5756 2308 5803 lib.
2337 5756 2351 5801 1
2382 5752 2445 5802 dc
2467 5758 2580 5799 Gen.
2608 5751 2733 5798 cont.
2758 5744 2974 5803 Manich.,
3000 5757 3047 5791 n.
3073 5742 3149 5790 28.
