3960 6542
489 404 591 461 791

492 529 596 582 tas,
624 528 745 585 qua:
770 510 965 581 linguae
993 520 1058 562 ac
1079 502 1323 560 manibus
1345 497 1599 554 attributa
1623 501 1727 557 est,
1757 490 1823 547 ad
1850 491 2073 558 loquen-

496 579 623 659 dum
642 579 694 658 et
710 579 1045 656 scribimdum
1068 604 1188 665 apta
1208 601 1365 661 atque
1384 586 1733 649 conveniens,
1753 592 1809 637 et
1824 579 1890 635 ad
1910 590 2071 648 opera

500 692 693 751 artium
724 692 1067 765 plurimarum
1091 685 1494 751 officiorumque
1531 673 1863 746 complenda,
1893 682 2072 725 nonne

493 790 623 844 satis
649 784 918 851 ostendit,
937 781 1077 852 quali
1105 778 1296 834 anima:
1322 784 1380 830 ut
1405 772 1632 829 serviret
1662 768 1764 823 tale
1791 767 1860 820 sit
1879 776 2073 832 corpus

492 874 841 949 adjunctum?
890 874 1202 942 Quanquam
1254 877 1309 924 et
1355 864 1612 921 detractis
1662 855 2073 916 necessitatibus

494 964 773 1038 operandi,
797 965 869 1018 ita
894 962 1130 1036 omnium
1156 958 1383 1032 partium
1412 951 1758 1024 congruentia
1788 959 2073 1003 numerosa

496 1037 600 1121 sit,
628 1064 685 1111 et
719 1051 943 1125 pulchra
969 1051 1071 1107 sibi
1100 1049 1363 1122 parilitate
1390 1042 1744 1114 respondeat,
1775 1048 1831 1093 ut
1870 1037 2075 1091 nescias

496 1156 675 1202 utrum
705 1146 757 1201 in
802 1160 867 1200 eo
894 1134 1173 1199 condendo
1216 1138 1387 1207 major
1410 1136 1481 1190 sit
1509 1132 1751 1188 utilitatis
1777 1128 1952 1184 habita
1985 1140 2074 1180 ra-

498 1241 595 1304 tio,
615 1251 774 1307 quam
797 1230 1032 1291 decoris.
1058 1232 1213 1288 Certe
1232 1229 1375 1285 enim
1404 1226 1536 1280 nihil
1568 1230 1810 1279 creatum
1836 1217 2075 1272 videmus

498 1327 553 1382 in
583 1340 805 1396 corpore
848 1322 1087 1378 utilitatis
1114 1334 1274 1376 causa
1298 1360 1315 1386 ,
1345 1315 1486 1387 quod
1532 1328 1637 1369 non
1682 1311 1879 1366 habeat
1913 1307 2077 1363 etiam

500 1410 712 1472 decoris
738 1415 935 1471 locum.
964 1413 1089 1469 Plus
1122 1421 1298 1465 autem
1320 1406 1481 1462 nobis
1502 1404 1554 1459 id
1582 1408 1881 1473 appareret,
1909 1399 1955 1454 si
1980 1413 2079 1452 nu—

501 1522 681 1565 meros
706 1520 1072 1563 mensurarum
1096 1546 1112 1571 ,
1133 1502 1326 1573 quibus
1355 1500 1494 1554 inter
1521 1512 1580 1552 se
1609 1503 1798 1552 cuncta
1836 1504 2077 1549 connexa

504 1607 630 1653 sunt
656 1606 708 1652 et
733 1604 997 1665 coaptata,
1020 1606 1303 1648 nossemus
1329 1603 1495 1660 :quos
1522 1586 1747 1642 forsitan
1766 1584 1889 1639 data
1915 1595 2078 1652 opera

506 1688 562 1742 in
593 1686 677 1741 his
705 1702 822 1757 qua:
847 1682 977 1739 foris
1004 1682 1262 1749 eminent,
1295 1680 1525 1734 humana
1559 1682 1741 1747 posset
1773 1674 2032 1742 vestigare
2060 1670 2077 1701 ί

503 1779 721 1835 solertia
747 1795 765 1845 ;
808 1792 926 1848 qua:
954 1789 1084 1830 vero
1112 1782 1249 1828 tecta
1299 1779 1425 1826 sunt
1453 1812 1468 1836 ,
1500 1778 1660 1838 atque
1706 1781 1735 1820 a
1764 1764 1964 1819 nostris
1988 1777 2078 1818 re-

503 1878 648 1922 mota
673 1867 1068 1937 conspectibus,
1101 1863 1258 1919 sicuti
1292 1872 1375 1918 est
1402 1870 1545 1915 tanta
1576 1857 1896 1929 perplexitas
1921 1868 2080 1909 vena-

504 1970 627 2012 rum
656 1965 815 2027 atque
844 1970 1136 2011 nervorum
1165 1962 1220 2009 et
1247 1954 1533 2015 viscerum,
1564 1956 1770 2004 secreta
1800 1946 2039 2001 vitaliqu
2062 1984 2079 2010 ,

506 2048 747 2103 invenire
774 2048 947 2102 nullus
988 2054 1182 2117 potest.
1208 2044 1340 2113 Quia
1379 2044 1480 2098 etsi
1502 2041 1829 2097 medicorum
1854 2038 2082 2108 diligen-

505 2138 575 2205 tia
607 2140 859 2200 nonnulla
886 2138 1140 2205 crudelis,
1169 2152 1302 2208 quos
1321 2134 1650 2191 anatomicos
1686 2131 1977 2201 appellant,
2006 2129 2083 2182 la-

503 2242 668 2295 niavit
693 2248 921 2312 corpora
969 2239 1300 2284 mortuorum
1328 2267 1345 2295 ,
1375 2227 1492 2281 sive
1529 2224 1690 2280 etiam
1717 2224 1856 2278 inter
1894 2233 2083 2274 manus

504 2333 739 2389 secantis
767 2320 1259 2403 perserutantisque
1278 2316 1617 2375 morientium
1639 2355 1653 2381 ,
1676 2322 1833 2384 atque
1864 2312 1916 2367 in
1960 2325 2082 2365 car-

503 2423 661 2478 nibus
686 2421 930 2476 bumanis
957 2419 1086 2474 satis
1130 2417 1419 2471 inhumane
1459 2407 1637 2462 abdita
1679 2412 1869 2461 cuncta
1894 2402 2083 2457 rimata

505 2520 609 2578 est,
627 2519 687 2566 ut
708 2510 855 2580 quid,
875 2519 929 2565 et
947 2505 1233 2579 quomodo,
1249 2497 1443 2574 quibus
1465 2496 1593 2551 locis
1620 2494 1913 2549 curandum
1943 2499 2087 2547 esset

507 2602 809 2657 addisceret
837 2617 852 2665 ;
886 2612 1137 2653 numeros
1167 2606 1342 2650 tamen
1390 2586 1458 2643 de
1488 2586 1679 2657 quibus
1722 2585 1933 2654 loquor,
1962 2582 2084 2652 qui-

505 2691 608 2748 bus
631 2692 893 2762 eoaptatio
915 2731 935 2757 ,
963 2704 1082 2760 qua:
1123 2692 1325 2758 ἁρμονία
1368 2689 1545 2754 graece
1573 2676 1767 2731 dicitur
1786 2716 1803 2743 ,
1832 2685 2083 2744 tanquam

506 2778 780 2851 cujusdam
825 2779 1048 2849 organi,
1074 2776 1408 2832 extrinsecus
1450 2777 1612 2837 atque
1656 2765 1974 2820 intrinsecus
2001 2772 2086 2817 to—

507 2871 614 2928 tius
642 2871 880 2940 corporis
904 2876 1135 2935 constat,
1167 2867 1292 2939 quid
1318 2865 1513 2931 dicam,
1538 2874 1696 2917 nemo
1722 2857 1886 2912 valuit
1932 2857 2086 2911 iuve-

511 2962 650 3027 nire,
672 2975 808 3031 quos
845 2973 1003 3015 nemo
1031 2972 1192 3012 ausus
1214 2964 1297 3011 est
1317 2949 1595 3028 qurerere?
1620 2947 1723 3015 Qui
1758 2948 1803 3002 si
1833 2946 1942 3002 noti
1967 2960 2088 3001 esse

509 3053 838 3124 potuissent,
868 3051 920 3105 in
964 3048 1306 3105 interioribus
1352 3058 1565 3117 quoque
1610 3039 1939 3104 visceribus,
1968 3052 2088 3107 qua:

509 3144 713 3199 nullum
738 3142 1022 3198 ostendant
1060 3140 1223 3196 decus
1247 3181 1261 3207 ,
1298 3139 1368 3194 ita
1414 3137 1708 3193 delectaret
1750 3129 2089 3204 pulchritudo

511 3233 755 3300 rationis,
778 3242 837 3288 ut
864 3232 1009 3288 omni
1040 3231 1225 3287 formae
1251 3229 1528 3301 apparenti
1546 3242 1664 3298 qua}
1694 3227 1863 3280 oculis
1891 3223 2086 3294 placet,

512 3324 678 3394 ipsius
729 3321 956 3389 mentis,
986 3336 1105 3392 quae
1141 3320 1308 3377 oculis
1342 3321 1526 3384 utitur,
1553 3317 1897 3389 praeferretur
1942 3314 2088 3369 arbi-

512 3413 641 3470 trio.
669 3412 805 3469 Sunt
847 3426 976 3469 vero
1008 3412 1250 3481 quaedam
1278 3412 1349 3465 ita
1402 3410 1574 3479 posita
1626 3409 1677 3462 in
1730 3421 1953 3474 corpore
1983 3445 1999 3469 ,
2031 3413 2091 3458 ut

514 3505 883 3561 tantummodo
908 3504 1159 3560 decorem
1206 3503 1459 3568 habeant,
1491 3515 1597 3554 non
1624 3507 1678 3555 et
1717 3513 1910 3553 usum:
1950 3497 2091 3551 sicut

513 3596 677 3656 habet
723 3607 908 3669 pectus
949 3597 1101 3653 virile
1152 3594 1417 3652 mamillas
1440 3633 1457 3659 ,
1478 3593 1617 3648 sicut
1647 3591 1805 3647 facies
1828 3588 2044 3644 barbam
2071 3629 2088 3655 ,

513 3704 678 3759 quam
704 3702 809 3744 non
837 3702 956 3743 esse
988 3687 1342 3750 munimento,
1370 3683 1466 3739 sed
1492 3682 1631 3737 virili
1652 3690 1987 3746 ornamento,
2011 3680 2093 3733 in-

514 3782 694 3836 dicant
727 3794 871 3849 purse
902 3778 1066 3833 facies
1091 3777 1432 3839 feminarum,
1460 3760 1591 3843 quas
1620 3773 1799 3841 utique
1825 3770 2089 3824 inﬁrmio-

516 3889 605 3928 res
650 3872 844 3927 muniri
884 3869 1046 3925 tutius
1074 3867 1407 3931 conveniret.
1437 3864 1493 3920 Si
1523 3879 1651 3934 ergo
1681 3864 1881 3918 nullum
1921 3876 2092 3917 mem-

515 3964 669 4018 brum
724 3970 840 4027 est,
868 3958 920 4014 in
951 3957 1036 4013 his
1061 3957 1276 4029 quidem
1321 3955 1619 4024 conspicuis
1672 3954 1837 4024 (unde
1871 3951 2091 4022 ambigit

516 4050 717 4123 nemo),
731 4050 869 4120 quod
888 4050 958 4103 ita
980 4049 1047 4103 sit
1068 4047 1220 4102 alicui
1242 4045 1390 4116 operi
1409 4043 1888 4108 accommodatum,
1905 4051 1964 4096 ut
1984 4057 2091 4097 non

517 4142 677 4196 etiam
702 4141 771 4194 sit
790 4139 1073 4203 decorum;
1101 4146 1223 4192 sunt
1248 4146 1425 4191 autem
1453 4133 1726 4199 nonnulla,
1757 4147 1980 4202 quorum
2005 4147 2093 4185 so-

517 4233 627 4287 lum
656 4230 839 4294 decus,
868 4239 923 4284 et
948 4226 1124 4284 nullus
1153 4238 1230 4284 est
1254 4240 1382 4282 usus
1410 4244 1421 4279 :
1452 4234 1581 4295 puto
1606 4224 1762 4278 facile
1784 4223 2004 4294 intelligi
2035 4224 2089 4277 in

519 4321 827 4375 conditione
851 4320 1092 4387 cerporis
1118 4314 1423 4387 dignitatem
1452 4314 1754 4369 necessitati
1774 4312 1937 4368 fuisse
1958 4329 2095 4384 pra:-

527 4414 709 4467 latam.
738 4406 1046 4467 Transitura
1072 4418 1154 4464 est
1178 4408 1374 4478 quippe
1418 4406 1743 4469 neaessitas,
1775 4413 2093 4474 tempusque

515 4511 802 4557 venturum
850 4500 1062 4570 quando
1101 4498 1213 4553 sola
1264 4498 1489 4552 invicem
1539 4494 1934 4564 pulchritudine
1976 4494 2093 4549 sine

518 4592 627 4645 ulla
672 4588 887 4645 libidine
917 4588 1251 4659 perfruamur
1285 4608 1296 4640 :
1329 4585 1468 4656 quod
1508 4585 1738 4641 maxime
1782 4584 1847 4640 ad
1880 4585 2090 4640 laudem

518 4680 860 4737 referendum
905 4688 987 4733 est
1026 4677 1362 4743 Conditoris,
1389 4676 1473 4731 cui
1524 4675 1718 4730 dicitur
1746 4675 1799 4730 in
1842 4675 2091 4741 Psalmo,

519 4766 893 4842 Confessionem
916 4777 962 4822 et
988 4769 1217 4822 decorem
1242 4765 1450 4822 induisti
1480 4764 1501 4837 (
1526 4760 1672 4820 Psal.
1702 4781 1813 4831 cut,
1839 4764 1919 4835 1).

588 4860 644 4916 5.
695 4860 812 4916 Jam
861 4868 1052 4914 caetera
1093 4856 1431 4928 pulchritudo
1458 4865 1511 4910 et
1553 4856 1754 4910 utilitas
1797 4864 2091 4922 creaturae,

521 4966 641 5020 qua:
672 4950 895 5015 homini,
919 4950 1042 5002 licet
1069 4947 1120 5002 in
1161 4949 1291 5003 istos
1322 4949 1530 5003 labores
1574 4947 1923 5015 miseriasque
1965 4962 2094 5016 pro-

512 5042 659 5109 jccto
687 5048 848 5109 atque
868 5039 1138 5105 damnato,
1158 5040 1440 5108 spectanda
1461 5048 1620 5109 atque
1647 5040 1903 5095 sumenda
1920 5040 2095 5095 divina

520 5129 765 5200 largitate
802 5142 1054 5182 concessa
1105 5138 1222 5193 est,
1260 5142 1366 5197 quo
1412 5143 1659 5184 sermone
1704 5129 1973 5184 terminari
2002 5144 2096 5198 po-

518 5216 668 5276 test?
697 5220 750 5274 in
777 5216 895 5274 coeli
930 5226 983 5272 et
1024 5225 1179 5272 teme
1208 5227 1263 5272 et
1308 5218 1471 5272 maris
1520 5219 1830 5274 multimoda
1871 5227 1925 5273 et
1952 5220 2095 5273 varia

519 5311 934 5382 pulchritudine,
962 5310 1015 5364 in
1042 5306 1208 5379 ipsius
1238 5309 1371 5364 lucis
1397 5317 1543 5364 tanta
1572 5311 1725 5380 e0pia
1758 5320 1971 5381 tamque
1994 5311 2096 5365 mi-

519 5405 674 5461 rabili
702 5405 900 5475 specie,
936 5404 988 5458 in
1015 5403 1131 5458 sole
1156 5418 1216 5459 ac
1240 5403 1362 5458 luna
1385 5410 1442 5458 et
1465 5402 1757 5469 sideribus,
1780 5404 1831 5459 in
1854 5405 2094 5473 opacita-

518 5494 664 5549 tibus
716 5510 992 5551 nemorum
1019 5536 1034 5562 ,
1065 5496 1118 5549 in
1141 5496 1407 5551 coloribus
1428 5502 1481 5552 et
1503 5494 1755 5550 odoribus
1789 5495 2006 5563 florum,
2041 5497 2095 5552 in

519 5584 829 5641 diversitate
854 5601 916 5640 ac
959 5586 1297 5642 multitudine
1340 5587 1614 5642 volucrum
1648 5587 1977 5657 garrularum
2018 5597 2096 5643 at-

459 5755 466 5779 θ
519 5684 626 5742 quc
652 5674 938 5743 pictarum,
970 5676 1021 5729 in
1050 5676 1359 5732 multiformi
1386 5678 1563 5747 specie
1603 5686 1681 5732 tot
1724 5686 2095 5751 tantorumque

450 5826 463 5892 ἰ

585 5801 603 5833 ν
633 5800 771 5863 witi,
793 5797 1096 5867 httestigare.
1120 5808 1286 5857 Melius
1318 5816 1443 5869 Mss,
1466 5796 1712 5873 instigare.

1478 378 1567 442 DE
1603 372 1923 444 CIVITATE
1964 371 2102 442 DEI,
2141 372 2199 432 S.
2237 363 2598 434 AUGUSTINI

3670 368 3745 437 τῇ

2176 486 2524 545 animantium
2547 531 2562 555 ,
2594 504 2822 561 quorum
2857 491 2948 547 illa
2984 489 3124 562 plus
3154 487 3375 544 habent
3413 486 3745 559 admirationis,

2177 595 2297 649 qua:
2325 582 2483 638 molis
2507 583 2783 638 minimum
2809 583 2953 655 (plus
2987 583 3157 639 enim
3186 580 3589 638 formicularum
3606 591 3651 639 et
3669 589 3747 658 api-

2177 672 2417 726 cularum
2444 688 2605 742 opera
2655 684 2930 745 stupemus
2961 717 2980 740 ,
3023 690 3213 744 quam
3269 673 3535 728 immensa
3573 689 3746 745 corpora

2179 761 2505 819 balzenarum
2530 767 2547 798 ί
2577 765 2620 839 );
2666 766 2720 821 in
2749 768 2914 838 ipsius
2958 782 3214 838 quoque
3264 766 3436 823 maris
3474 776 3572 822 lam
3610 770 3752 840 gnati

2178 861 2506 928 spectaculo,
2538 876 2660 915 eum
2701 876 2823 916 sese
2865 861 3123 918 diversis
3150 860 3443 915 coloribus
3473 860 3630 915 induit
3645 864 3753 917 velut

2178 950 2416 1006 vestibus
2434 992 2449 1017 ,
2478 962 2534 1006 et
2560 952 2848 1023 aliquando
2875 953 3065 1007 viride
3084 991 3103 1014 ,
3150 958 3327 1019 atque
3358 949 3461 1005 hoc
3489 951 3652 1009 multis
3672 970 3756 1008 mo-

2178 1038 2283 1103 dis,
2313 1040 2597 1110 aliquando
2626 1058 2947 1111 purpureum
2974 1083 2993 1109 ,
3042 1040 3368 1110 aliquando
3404 1042 3756 1097 caeruleumest.

2178 1129 2347 1196 Quam
2380 1146 2538 1200 porro
2579 1131 2963 1188 delectabiliter
3012 1140 3327 1202 spectatur
3371 1131 3531 1185 etiam
3565 1133 3757 1202 quando—

2179 1236 2407 1293 cumque
2432 1224 2698 1291 turbatur,
2723 1234 2778 1280 et
2808 1225 2868 1279 ﬁt
2895 1224 3030 1281 inde
3052 1222 3259 1294 major
3287 1224 3529 1278 suavitas
3546 1265 3561 1288 ,
3586 1225 3688 1292 quia
3704 1227 3761 1280 sic

2180 1314 2449 1371 demulcet
2490 1316 2786 1372 intuentem
2814 1358 2829 1383 ,
2856 1327 2914 1372 ut
2956 1332 3083 1373 non
3124 1316 3319 1387 jactet
3348 1323 3407 1370 e‘t
3435 1316 3623 1386 quatiat
3657 1318 3761 1371 navi-

2179 1406 2421 1476 gantem?
2445 1406 2584 1473 Quid
2613 1408 2852 1462 ciborum
2880 1422 3309 1479 usquequaque
3345 1407 3507 1475 copia
3530 1417 3689 1461 contra
3707 1407 3763 1461 la

2182 1511 2325 1551 mem
2350 1496 2372 1550 ?
2397 1497 2524 1566 quid
2549 1513 2801 1567 saporum
2829 1499 3134 1554 diversitas
3162 1506 3371 1552 contra
3398 1495 3671 1565 fastidium,
3694 1513 3763 1552 na.

2182 1597 2315 1645 turte
2343 1588 2534 1645 diffusa
2578 1591 2776 1647 divitiis
2794 1592 2838 1658 ’,
2864 1606 2967 1646 non
2995 1605 3338 1661 coquorum
3373 1598 3495 1645 arte
3534 1604 3593 1644 ac
3626 1591 3763 1645 labore

2183 1681 2443 1750 qumsita?
2483 1680 2688 1748 Quanta
2718 1682 2773 1735 in
2800 1691 2906 1736 tam
2937 1682 3147 1736 multis
3191 1680 3372 1736 rebus
3409 1679 3615 1735 tuenda:
3638 1695 3690 1734 ac
3709 1696 3764 1735 re

2182 1772 2506 1840 cuperandae
2532 1771 2553 1803 ³
2578 1772 2769 1827 salutis
2795 1771 2991 1827 auxilia
3013 1774 3040 1828 ἳ
3071 1773 3273 1842 Quam
3305 1782 3461 1843 grata
3500 1772 3760 1826 vicissitudo

2184 1862 2288 1918 diei
2340 1862 2660 1917 alternantis
2706 1872 2762 1919 et
2813 1865 3025 1921 noctis?
3059 1865 3366 1919 Aurarum
3409 1877 3565 1933 quam
3610 1861 3764 1916 blanda

2185 1957 2499 2027 temperies?
2526 1956 2581 2011 In
2615 1954 2892 2012 fruticibus
2926 1967 2980 2013 et
3026 1956 3351 2030 pecoribus
3381 1955 3761 2010 indumentorum

2184 2047 2635 2103 conficiendorum
2658 2057 2852 2119 quanta
2889 2050 3161 2104 materies
3178 2048 3206 2101 ?
3231 2047 3438 2103 Omnia
3480 2060 3763 2100 cnmmemo-

2184 2156 2304 2197 rare
2331 2140 2450 2211 quis
2470 2142 2678 2211 possit?
2703 2141 2825 2196 ΙΙωο
2851 2152 3028 2197 autem
3061 2141 3219 2206 sola,
3252 2152 3382 2211 quze
3409 2153 3440 2193 a
3466 2153 3549 2193 me
3566 2138 3689 2192 velut
3717 2136 3759 2190 in

2185 2235 2468 2305 quemdam
2516 2250 2763 2307 aggerem
2795 2245 2921 2290 sunt
2958 2244 3256 2289 coarctata
3282 2274 3298 2297 ,
3349 2233 3397 2287 si
3443 2231 3622 2286 vellem
3646 2229 3761 2282 velut

2187 2326 2431 2396 colligata
2473 2326 2746 2381 involucra
2788 2326 2997 2380 solvere
3045 2334 3232 2395 atque
3271 2322 3569 2385 discutere,
3597 2328 3755 2389 quanta

2188 2416 2319 2471 mihi
2366 2431 2513 2471 mora
2557 2427 2701 2472 esset
2729 2418 2780 2472 in
2812 2417 3073 2488 singulis,
3109 2415 3330 2486 quibus
3366 2412 3585 2484 plurima
3620 2409 3759 2463 conti-

2188 2510 2408 2563 nentur?
2433 2507 2501 2563 Et
2528 2510 2641 2564 haec
2666 2510 2842 2565 omnia
2872 2511 3211 2565 miserorum
3248 2516 3381 2564 sunt
3403 2505 3752 2560 damnatorum-

2188 2615 2292 2670 que
2317 2604 2503 2657 solatia
2529 2642 2546 2669 ,
2576 2617 2683 2657 non
2714 2604 2931 2671 prtemia
2974 2604 3299 2658 beatorum.
3332 2600 3468 2668 Quae
3508 2599 3653 2669 igitur
3685 2596 3753 2650 illa

2188 2701 2333 2758 sunt,
2364 2693 2410 2746 si
2440 2700 2519 2747 tot
2544 2707 2607 2747 ac
2632 2692 2755 2747 talia
2785 2702 2840 2749 et
2867 2702 3010 2747 tanta
3039 2701 3179 2748 sunt
3211 2691 3367 2747 ista?
3395 2688 3530 2756 Quid
3548 2687 3671 2742 dabit
3690 2686 3748 2740 eis

2188 2799 2323 2855 quos
2350 2784 2747 2855 prmdestinavit
2772 2784 2841 2840 ad
2867 2786 3053 2851 vitam,
3087 2786 3191 2857 qui
3218 2784 3347 2840 haec
3368 2781 3515 2838 dedit
3537 2781 3673 2836 etiam
3690 2776 3749 2831 eis

2189 2888 2324 2945 quos
2355 2875 2750 2944 praedestinavit
2797 2876 2864 2931 ad
2915 2877 3205 2933 mortem?
3255 2890 3383 2946 qua:
3414 2872 3543 2928 bona
3592 2870 3637 2925 in
3673 2867 3743 2923 illa

2190 2966 2344 3021 beata
2384 2954 2489 3021 vita
2525 2967 2684 3023 faciet
2707 2982 2802 3022 eos
2830 2983 3067 3035 sumere,
3100 2984 3209 3038 pro
3240 2966 3446 3037 quibus
3472 2963 3525 3017 in
3560 2964 3645 3014 hac
3665 2957 3744 3011 mi-

2191 3075 2310 3115 sera
2330 3060 2353 3091 ⁸
2378 3061 2711 3131 unigenitum
2737 3061 2930 3116 Filium
2958 3076 3116 3116 suum
3149 3061 3335 3116 voluit
3360 3072 3527 3129 usque
3546 3052 3605 3108 ad
3627 3066 3741 3106 mor-

2193 3159 2298 3207 tem
2329 3152 2465 3207 mala
2494 3162 2640 3207 tanta
2674 3152 2958 3223 perferre?
2987 3152 3147 3209 Unde
3182 3149 3464 3223 apostolus
3488 3147 3551 3201 de
3573 3143 3679 3214 ipsis
3698 3140 3737 3194 in

2192 3243 2318 3298 illud
2341 3258 2561 3314 regnum
2579 3244 2962 3314 praedestinatis
2977 3245 3230 3315 loquens,
3242 3242 3349 3310 Qui
3371 3231 3735 3310 praprio,inquilé

2192 3336 2330 3390 Filio
2355 3350 2457 3389 nm:
2486 3337 2724 3407 pepercit,
2737 3336 2827 3391 sed
2854 3352 2945 3407 pro
2971 3335 3115 3391 nobis
3140 3334 3385 3390 omnibus
3417 3326 3608 3382 tradidit
3629 3336 3735 3383 eam,

2191 3436 2440 3503 quomodo
2462 3449 2562 3488 non
2583 3443 2632 3488 et
2650 3450 2765 3487 cum
2784 3434 2873 3488 illa
2894 3433 3062 3487 omnia
3085 3432 3240 3486 nobis
3256 3421 3730 3493 donabit5(Rom.ml.

2193 3526 2263 3582 52
2292 3527 2337 3600 ).
2378 3525 2509 3583 Cum
2537 3526 2652 3581 hare
2679 3525 2959 3596 promissio
2993 3521 3378 3593 complebitur,
3398 3513 3519 3587 quid
3535 3503 3732 3566 erimus?

2193 3619 2377 3690 quales
2392 3617 2613 3673 erimus?
2627 3617 2758 3685 Qua:
2782 3616 2915 3671 bona
2931 3616 2985 3669 in
3002 3615 3094 3671 illo
3108 3628 3286 3686 regno
3306 3603 3729 3690 aceepturisuﬂtﬂsa

2193 3689 2617 3780 quandoquidem
2657 3706 2869 3763 Christo
2902 3707 3169 3761 moriente
3218 3716 3318 3775 pro
3359 3697 3505 3754 nobis
3528 3692 3617 3748 tale
3642 3689 3725 3780 iatn

2196 3775 2385 3873 pignus
2408 3775 2753 3871 accepimus?
2789 3797 2974 3865 Qualis
3002 3798 3105 3853 erit
3130 3796 3357 3867 spiritus
3378 3784 3610 3847 hominis.
3634 3775 3725 3833 θυι·

2194 3893 2303 3948 lum
2326 3893 2543 3949 omnino
2570 3891 2771 3946 habens
2794 3890 2980 3945 vitium
2998 3931 3012 3956 ,
3054 3903 3161 3944 nec
3183 3887 3285 3943 sub
3309 3896 3412 3954 quo
3439 3879 3596 3950 jaceat
3613 3912 3626 3935 ,
3647 3880 3720 3922 nec

2194 3984 2278 4040 cui
2303 3985 2477 4053 cedat,
2502 3996 2602 4039 nec
2616 3990 2799 4037 contra
2824 3981 2964 4052 quod
2981 3979 3172 4034 saltem
3198 3969 3523 4032 laudabiliter
3532 3960 3721 4053 dimicet.

2195 4050 2528 4146 pacatissima
2565 4075 2761 4129 virtute
2810 4050 3114 4143 perfectus?
3170 4068 3372 4124 Rerum
3420 4060 3487 4116 ibi
3526 4050 3716 4111 omnium

2195 4174 2414 4236 quanta,
2441 4179 2599 4235 quam
2625 4164 2886 4234 speciosa,
2924 4177 3081 4232 quam
3109 4169 3261 4216 certa
3291 4152 3520 4214 scientia,
3544 4145 3640 4199 sine
3655 4153 3718 4193 er-

2195 4274 2319 4313 rore
2344 4258 2522 4327 aliquo
2550 4255 2633 4311 vel
2665 4255 2879 4320 labore,
2912 4254 2999 4308 ubi
3024 4252 3120 4307 Dei
3150 4247 3407 4322 sapientia
3435 4242 3496 4297 de
3521 4239 3711 4327 ipsoillo

2203 4350 2347 4404 fonte
2369 4318 2655 4418 potabitur,
2689 4360 2810 4400 cum
2829 4318 3034 4398 summa
3058 4318 3329 4405 felicitate,
3356 4337 3465 4391 sine
3487 4318 3709 4418 ulla

2197 4441 2431 4497 cultate?
2460 4438 2627 4506 Quale
2652 4438 2755 4492 erit
2781 4450 3004 4505 corpus,
3028 4434 3169 4505 quod
3195 4429 3339 4488 omni
3374 4422 3517 4482 modo
3543 4410 3705 4485 spiritui

2196 4534 2486 4596 subditum,
2511 4540 2564 4586 et
2584 4545 2648 4585 eo
2673 4529 3001 4584 sufficienter
3033 4527 3370 4587 viviticatum,
3393 4513 3537 4573 nullis
3557 4506 3706 4603 alimo-

2197 4628 2299 4681 niis
2322 4624 2615 4695 indigebit?
2635 4622 2750 4677 Non
2781 4622 2922 4676 enim
2947 4620 3196 4683 animale,
3229 4616 3322 4673 sed
3349 4602 3587 4681 spiritualc
3608 4599 3698 4652 erit.

2198 4720 2399 4775 habens
2428 4718 2642 4789 quidem
2688 4715 2895 4780 carnis,
2937 4712 3031 4768 scd
3078 4713 3195 4767 sine
3232 4710 3335 4765 ulla
3361 4695 3533 4760 carnali
3556 4699 3699 4746 com!-

2198 4814 2378 4882 ptione
2406 4808 2775 4865 substantiam.

2204 4923 2435 4984 CAPUT
2478 4921 2735 4978 xxv.——
2761 4919 2841 4975 De
2878 4916 3155 4989 pervicacia
3197 4904 3521 4983 quorumdam,
3544 4890 3692 4989 W‘T‘f

2270 5017 2628 5073 surrectionem
2650 5012 2839 5079 carnis,
2866 5026 3037 5080 quant,
3063 5009 3190 5063 sicut
3212 5002 3483 5075 praedictum
3502 4994 3579 5050 επ,
3596 4985 3691 5032 ’0’“

2271 5108 2493 5163 mundus
2519 5107 2699 5171 credit,
2727 5106 3048 5174 impugnant.
3594 5164 3603 5174 .

2275 5202 2472 5257 Verum
2511 5200 2581 5256 de
2612 5170 2777 5253 animi
2801 5170 2987 5259 bonis,
3037 5193 3230 5264 quibus
3276 5192 3390 5259 post
3431 5178 3546 5233 hanc
3568 5170 3685 5217 vim"

2265 5320 2296 5380 ‘,
2317 5317 2453 5375 aditi.
2818 5318 2873 5361 Αι
2906 5308 3233 5380 mat-ascripti,
3268 5299 3488 5380 ιὲιξριὲξὲυι
3510 5269 3679 5380 ﬁliiﬁlii

2267 5342 2282 5351 '
2317 5342 2453 5375 ultu,
2488 5342 2671 5365 υιιιαιω
2686 5342 2782 5363 mu.
2818 5342 2873 5361 ιιι.
2907 5342 3233 5370 ιυαιιυσμψυη
3269 5342 3427 5365 “ﬂ”.--

2200 5379 2513 5431 ballenarmn.
2528 5377 2704 5439 Dicitur
2720 5387 2757 5439 Aa
2778 5386 2955 5436 grteco,
2975 5370 3149 5439 baltei];
3161 5403 3177 5427 ,
3196 5370 3330 5439 juxta
3350 5342 3680 5439 15:33:53,

2242 5398 2513 5430 Ilwnm'um.
2529 5398 2704 5425 Ulcuur
2727 5398 2757 5424 ξι
2778 5398 2955 5436 ὅπου),
2975 5398 3177 5427 υυικυι,
3196 5398 3330 5429 μη..
3350 5398 3480 5421 ω’,νι
3619 5398 3627 5403 ⁷
3654 5420 3655 5425 η

2242 5445 2286 5514 ._'
2316 5442 2387 5490 δίο
2406 5444 2513 5489 3155-
2540 5444 2596 5486 Αι
2617 5437 2751 5496 editi.
2775 5441 2941 5485 contra
2972 5431 3225 5495 fastidium
3239 5433 3410 5481 natura,
3433 5410 3569 5476 una
3584 5398 3655 5448 ιίια

2202 5510 2446 5621 ηιιέωιάεε..
2472 5573 2530 5611 ac
2553 5556 2861 5621 τεσὶρὶεῃάφ.
3152 5613 3165 5621 _
3225 5611 3239 5621 _
3383 5605 3480 5621 LM
3504 5602 3515 5616 ,

2266 5576 2287 5597 ³
2318 5576 2446 5621 ωδε..
2472 5576 2530 5611 ac
2553 5576 2861 5620 reapwnaw.
3383 5605 3393 5617 ι
3504 5602 3515 5616 ⁸

2237 5626 2287 5696 ,ξι
2321 5626 2455 5683 aditi,
2479 5624 2529 5672 in
2565 5621 2656 5670 hac
2679 5618 2892 5670 miseria.
2917 5623 2971 5667 At
2991 5621 3120 5677 Mss,
3144 5613 3197 5665 in
3219 5611 3307 5662 hac
3335 5609 3480 5660 natm
3496 5629 3507 5641 -
3528 5576 3661 5644 WW1“

2201 5694 2312 5738 vita.
3457 5721 3466 5732 .
3624 5699 3630 5707 .

2263 5750 2285 5781 ⁸
2320 5757 2366 5795 In
2392 5746 2549 5801 editis,
2575 5740 2782 5813 donarit.
2810 5748 2863 5809 at
2885 5742 2936 5790 in
2960 5748 3083 5802 Mss,
3111 5736 3315 5797 donabit,
3351 5731 3468 5781 futuri
3485 5708 3663 5768 ῑθωνοτβθ

2205 5815 2338 5873 juxta
2361 5820 2569 5871 gracum
2597 5812 2840 5854 κατέδεται.
