3926 6386
173 307 283 365 793

172 420 524 478 beatissimus
554 421 875 491 perfruetur,
906 436 1014 477 non
1042 437 1071 477 a
1101 424 1253 480 nobis
1279 425 1593 481 dissentiunt
1620 427 1743 498 phi-

168 509 384 577 losophi
437 508 685 566 nobiles:
719 516 736 547 ι
766 510 832 566 de
860 513 1033 566 carnis
1083 515 1476 569 resurrectione
1522 524 1745 571 conten-

168 596 305 652 dunt
329 614 345 663 ;
383 598 522 653 hanc
548 608 804 669 quantum
832 610 1052 669 possunt
1092 611 1303 672 negant.
1332 604 1437 659 Sed
1464 604 1741 660 credentes

167 686 323 741 multi
342 727 360 754 ,
393 696 646 757 negantes
672 690 1017 758 paucissimos
1042 690 1395 760 reliquerunt,
1420 701 1475 747 et
1500 692 1565 747 ad
1592 693 1747 747 Chri-

165 787 333 843 stum,
368 778 462 848 qui
491 778 593 834 hoc
628 779 767 849 quod
810 780 924 834 istis
968 780 1174 835 videtur
1211 782 1515 845 absurdum,
1547 783 1597 836 in
1648 798 1743 837 sua

166 870 567 925 resurrectione
610 871 942 936 monstravit,
969 869 1108 925 fideli
1136 871 1298 927 corde
1316 873 1557 927 conversi
1581 881 1740 938 sunt,

163 959 310 1013 docti
341 970 401 1015 et
426 960 645 1027 indocti,
671 961 939 1029 sapientes
965 961 1145 1016 mundi
1189 970 1243 1016 et
1273 961 1599 1030 insipientes.
1633 962 1744 1017 Hoc

162 1049 308 1104 enim
335 1050 567 1105 credidit
590 1051 836 1116 mundus,
854 1052 991 1121 quod
1011 1052 1252 1122 prtedixit
1275 1052 1451 1117 Deus;
1478 1052 1565 1121 qui
1584 1053 1743 1107 etiam

161 1140 263 1195 hoc
294 1142 565 1209 praedixit,
594 1142 735 1212 quod
767 1142 903 1198 hanc
927 1157 1037 1197 rem
1064 1142 1287 1197 mundus
1313 1143 1483 1198 fuerat
1508 1144 1742 1198 creditu-

160 1246 274 1285 rus.
330 1231 520 1301 Neque
546 1234 687 1302 enim
740 1234 883 1288 Petri
925 1233 1198 1288 maleficiis
1245 1248 1361 1288 eam
1390 1235 1411 1266 ³
1439 1248 1559 1289 cum
1587 1234 1741 1290 laude

158 1320 500 1377 credentium
523 1332 668 1379 tanto
692 1333 814 1379 ante
832 1324 1184 1394 praenuntiare
1205 1325 1611 1403 compulsusqest
1636 1326 1736 1395 (a).

158 1409 252 1466 Ille
280 1419 371 1467 est
398 1414 543 1467 enim
572 1414 730 1477 Deus,
757 1429 913 1484 quem
960 1412 1117 1485 (sicut
1132 1415 1242 1483 jam
1269 1413 1376 1468 dixi
1418 1414 1698 1483 aliquoties
1719 1456 1735 1482 ,

156 1517 259 1558 nec
283 1516 715 1558 commemorare
739 1504 759 1535 ³
786 1520 871 1559 me
897 1504 1094 1575 piget),
1122 1504 1406 1559 confitente
1422 1504 1735 1576 Porphyrio,

156 1604 317 1665 atque
347 1594 404 1650 id
434 1596 663 1651 oraculis
684 1595 903 1649 deorum
947 1610 1163 1649 suorum
1192 1595 1417 1664 probare
1445 1596 1691 1665 cupiente
1715 1637 1731 1662 ,

156 1683 270 1754 ipsa
318 1686 542 1739 numina
587 1684 991 1754 perhorrescunt
1021 1702 1035 1737 :
1064 1699 1219 1754 quem
1256 1685 1335 1739 sic
1376 1684 1645 1751 laudavit,
1668 1693 1727 1739 ut

156 1788 277 1827 eum
316 1783 377 1829 et
400 1774 568 1829 Deum
596 1784 796 1845 patrem
825 1782 879 1828 et
905 1790 1081 1845 regem
1110 1783 1341 1829 vocaret.
1373 1775 1525 1828 Absit
1549 1775 1688 1828 enim
1714 1816 1729 1836 ,

154 1863 312 1918 utsic
340 1864 685 1934 intelligenda
702 1864 810 1919 sint
834 1880 950 1934 quae
973 1864 1231 1934 prmdixit,
1256 1863 1522 1934 quomodo
1549 1865 1734 1919 volunt

155 1950 210 2006 hi
237 1952 331 2022 qui
362 1953 467 2007 hoc
492 1969 613 2009 cum
644 1954 842 2008 mundo
887 1969 991 2009 non
1020 1953 1377 2020 crediderunt,
1408 1955 1549 2024 quod
1578 1970 1731 2009 mun-

151 2041 280 2097 dum
322 2044 652 2099 crediturum
679 2059 798 2107 esse
824 2045 1085 2115 praedixit.
1111 2044 1219 2099 Cur
1242 2045 1382 2099 enim
1424 2060 1529 2099 non
1557 2046 1729 2115 potius

150 2131 244 2197 ita,
277 2132 424 2188 sicut
474 2135 769 2190 crediturus
802 2143 947 2190 tanto
975 2144 1097 2190 ante
1132 2134 1414 2204 prtedictus
1441 2144 1525 2189 est
1568 2150 1726 2188 mun-

149 2220 273 2287 dus,
328 2238 443 2278 non
497 2224 632 2279 sicut
674 2225 977 2295 paucissimi
1009 2226 1267 2295 garriunt,
1317 2225 1406 2295 qui
1461 2224 1565 2279 hoc
1604 2239 1725 2279 cum

147 2311 384 2379 mundo,
430 2313 571 2383 quod
599 2314 892 2369 crediturus
940 2315 1223 2384 prtedictus
1258 2324 1360 2380 est,
1384 2313 1603 2369 credere
1627 2330 1725 2368 no-

147 2399 407 2455 luerunt?
428 2402 483 2457 Si
504 2403 644 2457 enim
671 2412 945 2474 propterea
966 2401 1147 2458 dicunt
1165 2404 1269 2457 alio
1293 2403 1450 2457 modo
1466 2418 1584 2458 esse
1604 2418 1723 2458 cre—

144 2487 342 2555 denda,
372 2505 444 2545 ne
467 2533 481 2557 ,
510 2491 555 2544 si
579 2491 957 2546 dixerintvana
982 2506 1099 2548 esse
1127 2493 1444 2561 conscripta,
1479 2493 1721 2561 injuriam

144 2576 345 2633 faciant
373 2580 449 2634 illi
483 2581 609 2648 Deo,
638 2582 721 2635 cui
750 2590 854 2635 tam
881 2598 1126 2652 magnum
1178 2583 1455 2652 perhibent
1484 2585 1723 2639 testimo-

144 2668 328 2736 nium;
361 2679 562 2725 tantam
594 2686 809 2741 prorsus
832 2673 882 2727 ei
909 2672 993 2726 vel
1023 2673 1179 2727 etiam
1204 2673 1498 2741 graviorem
1521 2672 1720 2727 faciunt

142 2758 422 2829 injuriam,
455 2762 498 2815 si
527 2763 683 2817 aliter
708 2762 890 2816 dicunt
918 2777 1036 2817 esse
1062 2762 1424 2831 intelligenda,
1448 2776 1553 2816 non
1576 2764 1713 2817 sicut

142 2850 376 2905 mundus
403 2866 463 2905 ea
489 2850 739 2916 credidit,
771 2866 927 2921 quem
955 2850 1275 2905 crediturum
1307 2851 1419 2920 ipse
1444 2850 1713 2916 laudavit,

148 2937 263 3006 ipse
321 2940 611 3009 promisit,
666 2940 779 3009 ipse
816 2938 1115 3008 complevit.
1161 2938 1347 2993 Utrum
1388 2937 1409 2969 ’δ
1438 2940 1578 2994 enim
1608 2954 1713 2993 non

141 3039 317 3095 potest
343 3030 521 3085 facere
544 3038 601 3084 ut
622 3042 858 3101 resurgat
883 3046 1008 3085 caro
1035 3071 1050 3096 ,
1099 3040 1152 3085 et
1178 3032 1315 3085 vivat
1341 3031 1393 3085 in
1416 3040 1668 3085 aeternum
1694 3049 1709 3097 ;

140 3135 207 3173 an
240 3130 525 3190 propterea
550 3121 869 3176 credendum
898 3136 1002 3174 non
1030 3131 1109 3176 est
1137 3120 1190 3175 id
1232 3136 1350 3176 eum
1398 3137 1516 3177 esse
1548 3122 1711 3177 factu-

137 3223 281 3273 rum,
312 3210 436 3279 quia
467 3211 658 3264 malum
687 3220 768 3265 est
812 3218 969 3280 atque
1007 3210 1276 3280 indignum
1305 3211 1413 3265 Deo
1443 3210 1561 3281 (1))?
1604 3211 1709 3267 Sed

135 3297 203 3353 de
233 3301 623 3370 omnipotentia
649 3302 784 3371 ejus,
810 3317 912 3372 qua
941 3311 1014 3356 tot
1058 3310 1113 3357 et
1138 3310 1278 3355 tanta
1309 3302 1431 3357 facit
1480 3304 1706 3359 incredi-

134 3391 289 3459 bilia,
338 3393 447 3463 jam
494 3395 654 3448 multa
700 3394 948 3448 diximus.
994 3394 1048 3449 Si
1076 3395 1255 3447 volunt
1301 3395 1539 3450 invenire
1567 3396 1707 3465 quod

134 3486 477 3554 omnipotens
498 3500 602 3539 non
632 3494 824 3554 potest,
851 3485 1046 3540 habent
1073 3500 1287 3554 prorsus
1316 3506 1329 3539 :
1363 3500 1462 3556 ego
1489 3485 1660 3540 dicam
1685 3528 1700 3553 ,

132 3572 343 3629 Mentiri
371 3591 475 3631 non
506 3584 696 3646 potest.
722 3574 1012 3631 Credamus
1055 3590 1180 3644 ergo
1208 3575 1345 3645 quod
1376 3584 1568 3645 potest,
1597 3592 1700 3631 non

130 3665 402 3720 credendo
470 3667 608 3736 quod
679 3682 784 3721 non
829 3674 1020 3736 pote5t.
1072 3666 1183 3720 Non
1206 3666 1379 3735 itaque
1423 3665 1702 3721 credentes

126 3756 274 3824 quod
324 3757 534 3810 mentiri
581 3758 785 3825 possit,
830 3758 1049 3812 credant
1098 3772 1219 3812 esse
1266 3758 1524 3812 facturum
1555 3760 1698 3828 quod

118 3858 182 3898 se
258 3843 524 3897 facturum
601 3859 719 3899 esse
777 3848 1019 3915 promisit
1080 3864 1094 3902 :
1169 3856 1223 3901 et
1307 3848 1385 3902 sic
1457 3848 1696 3916 credant,

120 3935 265 3988 sicut
308 3935 544 3989 credidit
595 3937 841 4001 mundus,
874 3953 1029 4007 quem
1060 3938 1378 3993 crediturum
1409 3954 1529 3994 esse
1558 3957 1698 4010 pra:-

122 4023 301 4088 dixit,
355 4039 511 4093 quem
585 4025 906 4079 crediturum
996 4040 1115 4081 esse
1185 4027 1451 4092 laudavit,
1541 4044 1696 4097 quem

122 4114 457 4169 crediturum
514 4130 631 4169 esse
694 4116 977 4184 promisit,
1023 4131 1180 4186 quem
1235 4116 1524 4171 credidisse
1583 4118 1692 4186 jam

123 4204 382 4260 ostendit.
410 4205 520 4260 Hoc
545 4216 719 4260 autem
748 4205 941 4260 malum
969 4220 1105 4271 esse,
1129 4205 1268 4261 unde
1292 4206 1693 4261 demonstrant?

124 4295 240 4351 Non
268 4298 373 4353 erit
405 4297 511 4353 illic
536 4297 637 4351 ulla
657 4298 945 4366 corruptio,
978 4297 1117 4367 quod
1161 4305 1244 4351 est
1292 4299 1528 4367 corporis
1575 4314 1692 4352 ma-

124 4388 253 4442 lum.
287 4388 362 4444 De
394 4389 579 4444 ordine
618 4389 997 4443 elementorum
1037 4388 1145 4457 jam
1194 4389 1593 4458 diSputavimns,
1624 4390 1693 4446 de

125 4478 243 4533 aliis
276 4478 549 4533 hominum
577 4479 895 4548 conjecturis
932 4480 1060 4535 satis
1092 4480 1331 4535 diximus
1362 4497 1376 4533 :
1404 4490 1599 4549 quanta
1623 4484 1692 4537 sit

123 4568 301 4624 futura
332 4570 385 4625 in
424 4586 650 4640 corpore
700 4570 1081 4641 incorruptibili
1124 4570 1345 4626 facilitas
1396 4582 1591 4638 motus,
1620 4573 1688 4629 de

122 4663 398 4728 praesentis
429 4660 582 4716 bonce
610 4661 926 4716 valetudinis
948 4671 1365 4731 temperamento
1383 4702 1396 4726 ,
1439 4678 1556 4732 qua:
1584 4664 1687 4717 uti-

121 4766 221 4821 que
245 4755 391 4809 nullo
416 4755 574 4809 modo
602 4756 676 4809 illi
702 4756 1056 4825 comparanda
1086 4766 1168 4810 est
1197 4756 1598 4824 immortalitati,
1632 4759 1684 4812 in

120 4843 255 4898 libro
278 4846 432 4899 tertio
452 4844 658 4899 decimo
698 4846 848 4909 satis,
882 4854 937 4898 ut
960 4846 1169 4914 opinor,
1201 4845 1547 4899 ostendimus.
1579 4845 1684 4900 Le.-

120 4944 243 5001 gant
290 4934 561 5003 superiora
607 4936 783 5003 cperis
813 4934 968 5004 hujus
988 4976 1003 5000 ,
1034 4936 1120 5003 qui
1153 4935 1237 4989 vel
1269 4949 1371 4989 non
1401 4936 1681 5006 legerunt,

123 5026 198 5079 vel
224 5026 406 5079 volunt
431 5024 452 5055 ⁸
482 5024 718 5080 recolere
738 5026 876 5095 quod
899 5031 1154 5096 legerunt.

116 5138 208 5245 mi)
230 5135 463 5245 ttitcgggd.
492 5143 592 5185 Am.
620 5144 672 5186 et
701 5142 775 5186 Er.
800 5137 995 5199 addunt,
1022 5136 1142 5201 qui;
1164 5144 1296 5199 hom,
1327 5138 1428 5189 sed.
1454 5144 1680 5188 Neutrum

209 5211 271 5245 en
410 5232 420 5242 .

149 5205 295 5247 abent
317 5205 420 5245 MSS.

173 5259 194 5290 ³
225 5259 326 5308 Sola
351 5257 497 5307 editio
518 5264 649 5319 Lov.,
667 5272 741 5309 ea.

175 5320 195 5349 ⁸
226 5327 274 5367 tn
296 5327 425 5377 Itss.,
449 5330 760 5371 commonere.

171 5380 192 5410 δ
224 5384 293 5429 sic
312 5389 417 5429 Mss.
444 5386 498 5429 At
522 5382 657 5438 editi,
680 5392 793 5431 cur.

170 5440 191 5503 ε
224 5442 358 5503 aditi,
383 5443 634 5503 veteribus
656 5442 790 5492 libris
811 5441 1172 5503 dissentientes,
1198 5440 1271 5491 vel
1291 5440 1470 5491 nolunt.

171 5502 242 5565 (ᾳ)
275 5510 440 5565 Supra,
461 5499 545 5551 lib.
570 5504 644 5562 l8,
672 5516 776 5565 cap.
802 5504 879 5553 53.

130 5620 139 5631 ,
172 5559 245 5622 ('b)
277 5559 495 5631 labant:
509 5559 803 5631 sententiam
839 5564 1082 5631 disputant
1101 5560 1315 5631 Gentiles
1335 5562 1461 5623 apud
1483 5559 1676 5631 T_ertul-

113 5616 281 5673 lianum
305 5658 319 5684 ,
360 5628 410 5675 in
447 5620 571 5675 libro
613 5625 677 5675 de
722 5616 1088 5676 Resurréctiouc
1123 5616 1454 5734 ζωάἐρ.
1498 5622 1529 5671 4
1564 5636 1673 5684 sqq.

1210 5700 1421 5740 OQUEUS.

1231 308 1429 370 LIBER
1470 310 1824 374 VlGESlMUS
1860 316 2231 381 SECUNDUS.

3321 345 3423 404 7M

1858 430 2084 525 CAPUT
2122 435 2310 492 XXVI.
2340 467 2410 479 --
2436 439 2697 506 Quomodo
2724 444 3003 519 Porphyrii
3028 452 3249 520 deﬁnitio
3274 496 3289 520 ,
3319 472 3420 525 qua

1925 522 2078 615 lieatis
2106 526 2286 581 animis
2336 538 2479 597 putat
2522 549 2704 602 corpus
2747 552 2892 591 omne
2920 542 3233 611 fugiendum,
3258 522 3417 615 ipsius

1924 609 2157 667 Platonis
2190 620 2431 672 sententia
2480 621 2800 691 destruatur,
2858 609 2945 697 qui
2981 609 3103 685 dicit
3167 609 3417 689 summum

1922 699 2085 755 Deum
2110 704 2206 758 diis
2234 708 2539 777 promisisse,
2563 722 2617 764 ut
2660 730 2916 785 nunquam
2955 722 3247 789 corporibus
3265 740 3415 779 carue-

1918 800 2111 846 rentur.

1920 942 2026 998 Sed
2052 943 2376 1017 Porphyrius
2401 951 2493 1015 ait,
2524 953 2800 1025 inquiunt,
2841 967 2901 1014 ut
2946 960 3097 1017 beata
3122 965 3191 1020 sit
3212 967 3405 1033 anima,

1848 1046 2041 1128 corpus
2059 1052 2217 1093 omne
2246 1056 2364 1097 esse
2384 1042 2707 1113 fugiendum.
2726 1049 2867 1105 Nihil
2894 1066 3022 1122 ergo
3047 1056 3262 1125 prodest
3285 1060 3408 1128 quia

1847 1122 2239 1196 incorruptibile
2254 1131 2483 1188 diximus
2501 1134 2733 1191 futurum
2754 1154 2969 1210 corpus,
2996 1122 3225 1199 sianima
3250 1122 3405 1203 beata

1844 1227 1949 1267 non
1979 1216 2098 1282 erit,
2128 1219 2230 1275 nisi
2244 1234 2446 1291 [corpus
2474 1238 2631 1281 omne
2658 1228 2917 1299 effugerit.
2947 1232 3051 1288 Sed
3078 1234 3181 1304 jam
3203 1246 3256 1292 et
3281 1237 3405 1294 hinc

1843 1303 2055 1400 in‘libro
2081 1321 2371 1366 memorato
2395 1324 2647 1383 quantum
2677 1323 2909 1387 oportuit
2934 1303 3197 1393 disputavi
3227 1330 3402 1400 (capp.

1843 1393 1931 1460 l6,
1964 1395 2054 1463 17)
2080 1412 2094 1448 :
2126 1413 2305 1452 verum
2334 1401 2419 1456 hic
2449 1419 2611 1458 unum
2638 1407 2761 1463 inde
2790 1419 2990 1467 tantum
3018 1393 3400 1473 commemora~

1840 1480 1927 1536 bo.
1958 1483 2215 1542 Emendet
2267 1489 2429 1545 libros
2467 1508 2591 1549 suos
2621 1496 2842 1552 istorum
2868 1503 3105 1557 omnium
3155 1508 3402 1576 magister

1838 1575 2007 1669 Plato,
2037 1588 2089 1634 et
2117 1580 2257 1636 dicat
2279 1598 2461 1639 eorum
2485 1586 2634 1654 deos,
2662 1599 2719 1644 ut
2742 1590 2883 1647 beati
2910 1594 3035 1660 sint,
3061 1611 3153 1651 sua
3174 1575 3397 1669 corpora

1838 1664 2111 1736 fugituros,
2143 1670 2196 1724 id
2223 1681 2324 1739 est,
2354 1689 2473 1730 esse
2498 1679 2803 1745 morituros,
2833 1698 2966 1752 quos
3015 1686 3066 1738 in
3093 1664 3398 1743 cmlestibtts

1836 1759 2143 1848 corporibus
2170 1761 2303 1817 dixit
2327 1764 2590 1834 inclusos;
2622 1770 2814 1839 quibus
2844 1783 3018 1829 tamen
3050 1776 3207 1842 Deus,
3237 1792 3265 1831 a
3292 1795 3397 1848 quo

1835 1846 1957 1933 facti
1985 1860 2125 1916 sunt,
2159 1868 2266 1922 quo
2292 1866 2507 1924 possent
2534 1873 2653 1914 esse
2678 1863 2871 1929 securi,
2900 1846 3348 1921 immortalitatem
3379 1910 3394 1933 ,

1832 1930 1885 1986 id
1907 1942 2009 1999 est,
2040 1935 2092 1989 in
2122 1937 2318 1993 eisdem
2337 1942 2644 2010 corporibus
2668 1953 2921 2001 :eternam
2947 1930 3393 2016 perntansionem,

1832 2035 1937 2075 non
1962 2037 2146 2080 eorum
2173 2037 2358 2083 natura
2386 2029 2437 2083 id
2464 2031 2713 2099 habente,
2741 2035 2835 2089 sed
2874 2050 2971 2090 suo
2998 2038 3219 2093 consilio
3250 2054 3392 2108 pnn-

1830 2112 2059 2181 valente,
2089 2118 2349 2184 promisit.
2384 2119 2483 2175 Ubi
2532 2124 2689 2177 etiam
2719 2127 2915 2181 evertit
2964 2126 3090 2181 illud
3118 2130 3258 2198 quod
3311 2130 3386 2183 di-

1828 2211 1972 2269 cunt,
2001 2207 2249 2273 quoniam
2280 2218 2361 2264 est
2394 2210 2752 2281 impossibilis,
2805 2215 2924 2271 ideo
2948 2220 3388 2276 resurrectionem

1827 2292 2002 2346 carnis
2021 2308 2125 2348 non
2149 2308 2268 2352 esse
2295 2299 2631 2354 credendam.
2651 2302 2997 2373 Apertissime
3025 2307 3217 2377 quippe
3237 2307 3387 2374 juxta

1825 2384 2072 2439 eumdem
2113 2387 2483 2460 philosophum
2506 2433 2522 2460 ,
2551 2395 2639 2449 ubi
2680 2396 2781 2451 diis
2805 2413 2835 2451 a
2874 2414 2931 2454 se
2967 2402 3118 2455 factis
3147 2404 3415 2471 promisit,

1826 2474 1965 2531 Deus
1986 2492 2091 2532 non
2111 2480 2274 2536 factus
2289 2483 2758 2554 immortalitatem,
2781 2491 2917 2558 quod
2938 2492 3259 2561 impossibile
3281 2504 3383 2562 est,

1822 2580 1881 2621 se
1905 2566 2040 2622 dixit
2060 2584 2179 2625 esse
2209 2571 2489 2628 facturum.
2517 2576 2605 2631 Sic
2631 2579 2771 2632 enim
2799 2595 2919 2634 eum
2944 2582 3176 2636 locutum
3204 2592 3385 2639 narrat

1821 2654 1969 2711 Plato
2004 2676 2017 2711 :
2055 2659 2301 2723 Quoniam
2330 2664 2448 2718 estis
2475 2667 2591 2732 orti,
2638 2668 2837 2737 inquit,
2866 2670 3170 2727 immortales
3205 2690 3309 2728 esse
3336 2684 3385 2729 et

1818 2745 2188 2804 indissolubiles
2231 2768 2330 2806 non
2356 2757 2561 2823 potestis
2599 2772 2620 2810 :
2654 2773 2754 2809 non
2800 2767 2963 2813 tamen
3008 2760 3341 2817 dissolventini
3364 2802 3382 2828 ,

1819 2852 1975 2907 neque
2022 2854 2107 2895 vos
2150 2842 2254 2895 ulla
2286 2847 2458 2898 mortis
2485 2847 2591 2915 fata
2622 2850 2887 2916 periment,
2918 2866 3007 2903 nec
3034 2864 3179 2906 erunt
3206 2856 3381 2908 valen-

1818 2927 1965 2995 tiora,
1994 2946 2141 2997 quam
2174 2935 2437 2987 consilium
2476 2952 2656 3001 meum,
2684 2939 2819 3007 quod
2841 2942 3007 3009 majus
3029 2952 3101 2995 est
3128 2944 3379 2999 vinculum

1809 3018 1882 3071 ad
1911 3022 2285 3095 perpetuitatem
2311 3035 2541 3091 vestram,
2582 3044 2732 3097 quam
2758 3030 2847 3083 illa
2875 3032 3051 3101 quibus
3087 3034 3202 3087 estis
3228 3036 3378 3089 colli-

1812 3110 1917 3178 gati
1945 3109 2040 3180 (a).
2072 3109 2147 3177 Si,
2172 3127 2277 3167 non
2308 3115 2478 3169 solum
2522 3116 2760 3183 absurdi,
2787 3120 2879 3173 sed
2926 3120 3073 3175 surdi
3117 3138 3223 3177 non
3249 3133 3374 3178 sunt

1812 3201 1900 3270 qui
1930 3202 2044 3257 hmc
2071 3202 2311 3272 audiunt,
2342 3223 2448 3261 non
2484 3209 2667 3278 utique
2691 3209 2933 3265 dubitant
2961 3212 3063 3267 diis
3103 3212 3276 3279 factis,
3305 3215 3374 3270 ab

1811 3292 1901 3346 illo
1925 3294 2026 3348 deo
2052 3295 2141 3364 qui
2170 3310 2263 3350 eos
2291 3296 2435 3363 fecit,
2467 3300 2759 3354 secundum
2788 3301 3081 3372 Platonem,
3114 3305 3252 3373 quod
3289 3314 3373 3359 est

1810 3383 2136 3452 impossibile
2164 3386 2327 3441 fuisse
2378 3391 2717 3459 promissum.
2761 3393 2859 3459 Qui
2900 3395 3040 3448 enim
3068 3395 3225 3461 dicit,
3272 3395 3373 3450 Vos

1806 3476 2006 3545 quidem
2035 3477 2340 3533 immortales
2365 3496 2470 3535 esse
2494 3499 2593 3535 non
2620 3485 2842 3553 potestis,
2874 3486 2962 3538 sed
2987 3503 3095 3540 mea
3115 3488 3373 3541 voluntate

1806 3566 2109 3621 immortales
2138 3569 2275 3623 eritis
2302 3586 2320 3623 :
2348 3571 2471 3640 quid
2496 3571 2637 3627 aliud
2659 3572 2805 3635 dicit,
2830 3590 2984 3643 quam
3004 3576 3056 3629 id
3083 3576 3221 3645 quod
3253 3577 3370 3631 fieri

1806 3673 1909 3713 non
1942 3668 2134 3729 potest,
2162 3676 2248 3716 me
2270 3660 2493 3718 faciente
2522 3672 2699 3719 tamen
2726 3667 2909 3721 eritis?
2941 3667 3031 3722 Ille
3061 3668 3220 3737 igitur
3242 3684 3365 3723 car-

1804 3763 1924 3801 nem
1958 3748 2427 3819 incorruptibilem,
2457 3751 2829 3819 immortalem,
2868 3755 3193 3825 spiritualem
3216 3772 3369 3812 resu-

1802 3841 2046 3907 scitabit,
2091 3842 2177 3911 qui
2199 3841 2345 3911 juxta
2397 3843 2708 3910 Platonem,
2761 3844 2811 3899 id
2851 3845 2990 3914 quod
3043 3847 3369 3916 impossibile

1801 3938 1916 3994 est,
1951 3946 2011 3985 se
2042 3930 2297 3986 facturum
2327 3947 2445 3987 esse
2490 3934 2748 4002 promisit.
2790 3934 2925 4003 Quid
2974 3936 3181 4003 adhuc,
3224 3938 3365 4007 quod

1802 4020 2039 4087 promisit
2082 4019 2257 4086 Deus,
2286 4022 2424 4089 quod
2456 4022 2564 4076 Deo
2594 4025 2917 4092 promittenti
2946 4026 3169 4080 credidit
3207 4043 3361 4081 mun-

1799 4107 1919 4173 dus,
1951 4108 2039 4177 qui
2069 4109 2226 4163 etiam
2258 4110 2369 4178 ipse
2411 4114 2705 4179 promissus
2760 4124 2841 4167 est
2870 4115 3173 4168 crediturus
3196 4157 3209 4181 ,
3242 4130 3361 4170 esse

1801 4198 2126 4266 impossibile
2156 4200 2424 4253 clamant?
2452 4201 2890 4271 Quandoquidem
2920 4219 3017 4258 nos
3047 4204 3231 4269 Deum,
3273 4206 3362 4273 qui

1798 4289 1957 4343 etiam
1986 4291 2277 4345 secundum
2308 4291 2582 4347 Platonem
2629 4293 2754 4347 facit
2807 4294 3172 4362 impossibilia,
3203 4294 3252 4348 id
3281 4294 3361 4348 fa-

1795 4388 2003 4434 cturum
2033 4395 2152 4435 esse
2181 4382 2490 4437 clamamus.
2519 4382 2635 4436 Non
2654 4398 2801 4451 ergo,
2835 4392 2892 4437 ut
2916 4383 3083 4438 beatae
3111 4385 3217 4437 sint
3241 4386 3358 4439 ani-

1795 4490 1895 4528 ma:
1918 4514 1933 4538 ,
1958 4489 2150 4543 corpus
2173 4482 2256 4529 est
2292 4489 2448 4528 omne
2477 4473 2776 4544 fugiendum
2798 4516 2812 4539 ,
2842 4475 2935 4530 sed
2964 4490 3155 4546 corpus
3183 4476 3359 4530 incor-

1796 4564 2045 4633 ruptibile
2090 4565 2467 4633 recipiendum.
2502 4565 2568 4617 Et
2617 4565 2666 4617 in
2723 4581 2829 4634 quo
2855 4567 3251 4619 convenientius
3280 4568 3358 4620 in-

1796 4655 2121 4724 corruptibili
2171 4670 2394 4724 corpore
2424 4655 2775 4719 Iretabuntur,
2807 4670 2965 4724 quam
3007 4656 3057 4708 in
3087 4670 3192 4724 quo
3235 4671 3358 4709 cor-

1794 4747 2023 4817 ruptibili
2044 4748 2397 4818 gemuerunt?
2427 4748 2516 4802 Sic
2532 4748 2672 4802 enim
2697 4762 2800 4801 non
2830 4748 2880 4800 in
2910 4748 2987 4801 cis
3015 4747 3116 4801 erit
3141 4748 3227 4801 illa
3245 4747 3356 4802 dira

1792 4839 2076 4908 cupiditas,
2107 4854 2262 4908 quam
2291 4840 2465 4908 posuit
2501 4855 2565 4892 cx
2594 4839 2808 4892 Platone
2835 4836 3103 4907 Virgilius,
3134 4836 3220 4891 ubi
3244 4838 3353 4890 ait:

1850 4958 2023 5000 Rursus
2044 4958 2094 5000 et
2111 4952 2337 5013 incipiant
2357 4952 2403 4999 in
2426 4962 2621 5012 corpora
2646 4948 2775 4999 velle
2798 4949 2999 4998 reverti.

2402 5030 2607 5094 (miti.
2629 5030 2711 5081 lib.
2737 5030 2786 5092 6,
2810 5043 2931 5080 vers.
2957 5030 3065 5079 751.
3092 5029 3111 5091 )

1788 5141 1898 5206 Sic,
1928 5141 2162 5209 inquam,
2188 5137 2529 5206 cupiditatem
2560 5134 2859 5189 revertendi
2900 5133 2967 5187 ad
2996 5147 3219 5202 corpora
3247 5148 3352 5186 non

1790 5231 2093 5293 habebunt,
2148 5245 2266 5283 cum
2307 5242 2549 5296 corpora,
2606 5226 2658 5279 in
2688 5240 2805 5295 qua:
2850 5222 3042 5278 reverti
3087 5222 3348 5289 cupiunt,

1789 5337 1967 5375 secum
1993 5319 2298 5383 habebunt;
2330 5326 2386 5372 et
2412 5317 2489 5371 sic
2513 5316 2811 5381 habebunt,
2842 5322 2901 5366 ut
2921 5327 3185 5381 nunquam
3243 5326 3347 5364 non

1790 5412 2035 5471 habeant.
2065 5424 2329 5479 nunquam
2357 5423 2418 5462 ea
2453 5422 2668 5476 prorsus
2700 5406 2784 5460 vel
2812 5404 2878 5459 ad
2902 5405 3147 5475 exiguum
3167 5417 3331 5472 quam

1785 5504 1910 5559 libet
1930 5511 2134 5571 tempus
2162 5500 2266 5555 ulla
2290 5506 2459 5554 morte
2486 5498 2769 5567 deponant.

1843 5678 1914 5739 (α)
1948 5673 2075 5726 roof.
2100 5684 2260 5735 supra,
2282 5670 2366 5719 lib.
2396 5668 2471 5727 15,
2494 5679 2596 5730 cap.
2618 5665 2691 5715 16.
