3960 6480
585 317 688 373 795

581 431 806 488 CAPUT
849 433 1057 492 XXVII.
1090 468 1158 479 —
1184 438 1263 495 De
1282 445 1545 500 contrariis
1571 447 1938 515 deﬁnitionibus
1962 449 2140 503 Plato-

652 522 732 576 nis
754 533 902 593 atque
929 525 1222 599 Porphyrii,
1250 533 1303 585 in
1331 534 1507 603 quibus
1530 538 1576 590 si
1602 547 1806 608 uterque
1827 539 1974 594 alteri
1997 541 2141 594 cede-

650 623 742 679 ret,
771 632 802 669 a
830 619 1033 674 veritate
1050 631 1223 676 neuter
1245 624 1480 680 deviaret.

650 745 865 815 Singula
895 751 1137 819 qumdam
1168 754 1415 812 dixerunt
1439 759 1587 814 Plato
1610 770 1767 832 atque
1796 763 2140 834 Porphyrius,

581 849 698 901 quae
726 836 770 889 si
797 837 935 893 inter
971 856 1029 896 se
1049 848 1440 903 communicare
1469 853 1783 920 potuissent,
1826 855 1945 908 facti
1966 867 2144 911 essent

580 922 805 981 fortasse
831 926 1134 987 Christiani.
1174 934 1324 990 Plato
1349 937 1514 1006 dixit,
1542 940 1657 997 sine
1681 943 1995 1012 corporibus
2023 945 2131 999 ani-

579 1027 696 1068 mas
744 1014 798 1069 in
827 1026 1085 1075 aeternum
1111 1038 1230 1079 esse
1279 1042 1385 1081 non
1435 1043 1607 1097 posse.
1641 1030 1763 1087 Ideo
1790 1034 1929 1087 enim
1960 1034 2091 1089 dixit
2119 1076 2135 1103 ,

576 1103 735 1160 etiam
761 1109 1075 1177 sapientium
1099 1115 1301 1170 animas
1327 1127 1444 1187 post
1464 1122 1751 1188 quamlibet
1770 1122 1983 1194 longum
2011 1133 2145 1180 tem-

577 1208 700 1263 pus,
731 1205 905 1254 tamen
933 1201 999 1255 ad
1023 1218 1244 1275 corpora
1270 1208 1555 1265 redituras.
1588 1211 1915 1289 Porphyrius
1961 1226 2139 1270 autem

578 1286 733 1354 dixit,
784 1292 1011 1348 animam
1039 1299 1461 1368 purgatissimum
1481 1343 1497 1367 ,
1519 1317 1641 1357 cum
1684 1286 1903 1360 redierit
1932 1307 1997 1361 ad
2043 1307 2140 1362 Pa-

581 1384 740 1442 trem,
771 1379 838 1433 ad
868 1380 982 1435 haec
1006 1385 1143 1439 mala
1171 1387 1349 1442 mundi
1381 1405 1646 1460 nunquam
1676 1406 1796 1448 esse
1820 1394 2133 1450 redituram.

575 1468 653 1520 Ac
679 1482 775 1536 per
798 1468 920 1537 hoc,
948 1474 1086 1541 quod
1118 1490 1295 1530 verum
1322 1477 1452 1532 vidit
1492 1479 1661 1546 Plato,
1688 1481 1731 1534 si
1763 1482 1993 1538 dedisset
2012 1484 2141 1539 Por-

577 1556 788 1626 phyrio,
816 1561 977 1616 etiam
1015 1563 1279 1632 justorum
1302 1578 1461 1638 atque
1489 1572 1802 1640 sapientium
1828 1576 2137 1645 purgatissi-

575 1661 687 1700 mas
725 1649 929 1706 animas
965 1652 1034 1707 ad
1075 1656 1304 1711 humana
1355 1674 1581 1730 corpora
1628 1663 1925 1733 redituras;
1955 1682 2138 1723 rursus

575 1737 717 1804 quod
746 1754 930 1795 verum
976 1743 1108 1798 vidit
1148 1746 1501 1820 Porphyrius,
1531 1754 1575 1807 si
1623 1754 1856 1811 dedisset
1895 1758 2134 1827 Platoni,

576 1839 843 1896 nunquam
871 1830 1133 1889 redituras
1162 1836 1226 1889 ad
1257 1840 1500 1895 miserias
1524 1845 1879 1915 corruptibilis
1900 1851 2137 1919 corporis

570 1916 773 1973 animas
798 1929 1011 1977 sanctas
1043 1940 1056 1977 :
1090 1936 1146 1980 ut
1194 1943 1300 1983 non
1351 1931 1543 2001 singuli
1604 1935 1716 1991 lucc
1766 1938 1970 2008 singula
1991 1980 2008 2006 ,
2040 1941 2136 1996 sed

573 2004 732 2059 ambo
779 2016 833 2062 et
858 2010 1050 2081 singuli
1079 2023 1359 2089 utrumque
1382 2021 1642 2090 dicerent,
1668 2036 1795 2095 puto
1821 2004 1959 2098 quod
1988 2004 2134 2087 vide-

569 2102 689 2149 rent
733 2111 853 2155 esse
873 2100 984 2170 jam
1032 2119 1386 2178 consequens,
1417 2121 1549 2168 utet
1593 2117 1830 2172 redirent
1850 2120 2040 2175 anima:
2069 2122 2132 2176 ad

573 2200 818 2255 corpora,
846 2199 903 2246 et
928 2194 1048 2248 talia
1079 2198 1382 2267 reciperent
1409 2217 1654 2273 corpora,
1680 2208 1731 2261 in
1759 2210 1951 2277 quibus
1980 2210 2134 2267 beate

567 2286 724 2348 atque
749 2281 1116 2342 immortaliter
1142 2290 1399 2348 viverent.
1422 2295 1678 2362 Quoniam
1708 2302 1997 2358 secundum
2017 2304 2134 2360 Pla-

570 2376 766 2436 tonem,
800 2374 960 2429 etiam
988 2389 1185 2435 sanctae
1205 2383 1399 2439 anima:
1424 2386 1493 2441 ad
1522 2388 1752 2445 humana
1795 2408 2016 2463 corpora
2044 2411 2131 2451 re-

566 2457 789 2525 dibunt;
816 2466 1108 2522 secundum
1136 2471 1509 2543 Porphyrium,
1543 2479 1607 2532 ad
1634 2481 1771 2537 mala
1800 2457 1981 2537 mundi
2030 2486 2131 2539 hu-

559 2545 648 2613 jus
674 2558 868 2606 sancta:
914 2556 1105 2612 animae
1150 2575 1257 2614 non
1302 2564 1567 2619 redibunt.
1629 2568 1778 2624 Dicat
1805 2571 1984 2641 itaque
2008 2588 2130 2629 cum

563 2634 783 2695 Platone
837 2641 1201 2715 Porphyrius,
1246 2650 1514 2709 Redibunt
1574 2658 1640 2711 ad
1691 2634 1915 2731 corpora
1947 2681 1959 2718 :
1990 2664 2131 2721 dicat

565 2726 715 2784 Plato
742 2744 862 2785 cum
884 2733 1201 2809 Porphyrio,
1230 2741 1345 2797 Non
1377 2746 1622 2803 redibunt
1648 2752 1713 2805 ad
1748 2726 1886 2807 mala
1919 2773 1932 2809 :
1974 2765 2027 2812 et
2061 2759 2128 2814 ad

561 2832 623 2870 ca
653 2833 877 2891 corpora
908 2826 1085 2883 redire
1121 2835 1475 2905 consentient,
1521 2839 1575 2894 in
1629 2843 1821 2911 quibus
1866 2848 2006 2901 nulla
2037 2865 2128 2918 pa-

564 2906 757 2964 tiantur
777 2914 935 2970 mala.
964 2917 1090 2974 Hzcc
1116 2921 1292 2993 itaque
1312 2941 1417 2981 non
1437 2939 1594 2985 erunt
1613 2932 1714 2987 nisi
1741 2935 1828 2990 illa
1863 2952 1979 3006 qua:
2005 2954 2127 3007 pro-

559 2998 717 3053 mittit
741 3002 900 3071 Deus,
922 3006 1106 3065 beatas
1128 3013 1331 3071 animas
1353 3018 1405 3072 in
1431 3029 1690 3078 internum
1714 3040 1832 3080 eum
1858 3042 1950 3082 sua
1973 3040 2127 3084 aeter-

562 3104 629 3143 na
668 3105 828 3149 carne
857 3096 1092 3157 facturus
1121 3105 1159 3157 ί.
1193 3104 1305 3162 Hoc
1330 3110 1494 3179 enim,
1542 3125 1797 3184 quantum
1842 3121 2118 3191 existimo,

554 3177 663 3246 jam
691 3182 845 3240 facile
882 3190 1037 3246 nobis
1067 3198 1423 3256 concederent
1445 3205 1638 3274 ambo,
1692 3219 1747 3263 ut
1774 3212 1865 3281 qui
1894 3213 2123 3270 fateren-

559 3277 645 3322 tur
693 3273 759 3327 ad
798 3275 1114 3338 immortalia
1166 3301 1388 3358 corpora
1450 3294 1713 3354 redituras
1758 3302 1963 3358 animas
2002 3320 2121 3361 esse

561 3370 888 3431 sanctorum,
922 3370 986 3425 ad
1015 3388 1109 3429 sua
1151 3377 1269 3433 illas
1297 3383 1470 3439 redire
1512 3390 1899 3458 permitterent,
1928 3394 1978 3448 in
2000 3398 2118 3464 qui-

556 3446 655 3504 bus
673 3453 808 3508 mala
833 3456 990 3527 hujus
1028 3467 1205 3519 smculi
1227 3446 1590 3542 pertulerunt,
1626 3478 1680 3535 in
1715 3481 1904 3549 quibus
1929 3446 2113 3554 Deum,

553 3548 610 3593 ut
634 3540 718 3596 his
748 3548 901 3603 malis
935 3566 1195 3625 carerent,
1227 3561 1309 3629 pie
1331 3540 1663 3639 ﬁdeliterque
1692 3573 1991 3630 coluerunt.

547 3670 889 3778 CAPU'I‘IXX
901 3680 1025 3737 VIII.
1048 3716 1117 3725 —
1136 3688 1270 3754 Quid
1293 3696 1359 3747 ad
1382 3715 1546 3754 verant
1569 3708 1943 3762 resurrectionis
1964 3712 2115 3778 [idem

618 3767 693 3819 vel
718 3766 869 3820 Plato
887 3815 899 3838 ,
930 3778 1005 3829 vel
1029 3776 1195 3836 Labeo
1214 3826 1227 3847 ,
1261 3788 1337 3840 vel
1372 3791 1525 3843 etiam
1575 3792 1732 3848 Varro
1766 3799 1993 3866 conferre
2021 3804 2113 3856 sibi

616 3867 900 3935 potuerint,
938 3871 983 3923 si
1020 3873 1278 3940 opiniones
1315 3894 1486 3933 eorum
1526 3882 1577 3935 in
1623 3900 1775 3939 unam
1818 3894 2111 3948 sententiam

616 3957 974 4012 convenissent.

615 4079 863 4140 Nonnulli
897 4092 1084 4159 nostri,
1116 4106 1331 4166 propter
1349 4102 1611 4169 quoddam
1650 4112 2105 4178 praeclarissimum

542 4169 786 4242 loquendi
809 4192 975 4247 genus
999 4183 1095 4256 (α),
1120 4197 1171 4241 et
1195 4203 1409 4261 prepter
1434 4201 1683 4255 nonnulla
1708 4220 1824 4273 quae
1848 4213 2109 4267 veraciter

541 4265 729 4331 sensit,
757 4281 994 4328 amantes
1027 4275 1297 4334 Platonem
1318 4324 1330 4345 .
1355 4284 1538 4343 dicunt
1560 4307 1682 4346 eum
1706 4295 1901 4364 aliquid
1932 4301 2104 4358 simile

540 4354 693 4410 nobis
719 4368 875 4414 etnun
903 4363 1317 4426 demortuorum
1343 4384 1728 4439 resurrectione
1756 4391 1986 4445 sensisse
2009 4393 2101 4464 (ὁ).

540 4445 580 4464 η
633 4462 642 4464 Α
674 4448 685 4464 .
796 4453 799 4457 ‹
825 4454 834 4464 -
978 4456 988 4464 -
1177 4463 1181 4464 κ

538 4445 686 4511 Quod
713 4453 923 4518 quidem
946 4456 1023 4515 sic
1049 4463 1213 4531 tangit
1237 4464 1290 4518 in
1318 4467 1462 4523 libris
1482 4472 1546 4526 de
1568 4473 1853 4544 Republica
1877 4445 2100 4553 Tullius,

540 4545 595 4589 ut
621 4552 741 4593 eum
772 4543 962 4598 lusisse
1000 4551 1204 4617 potius,
1250 4571 1406 4624 quam
1437 4563 1576 4631 quod
1618 4543 1671 4619 id
1705 4584 1884 4626 verum
1924 4588 2096 4641 esset,

534 4625 763 4682 affirmet
790 4631 969 4689 dicere
1002 4639 1252 4696 voluisse.
1296 4646 1497 4704 lnducit
1533 4653 1676 4708 enim
1708 4657 1973 4717 hominem
2010 4682 2096 4721 rc-

533 4716 748 4783 vtxisse,
772 4731 820 4775 et
856 4738 1100 4783 narrasse
1125 4733 1363 4798 quwdam
1391 4753 1506 4806 qua:
1538 4741 1829 4801 Platonicis
1858 4752 2097 4821 disputa-

537 4806 768 4862 tionibus
797 4816 1153 4880 congruebant
1174 4822 1265 4891 (c).
1296 4824 1470 4882 Labeo
1494 4831 1652 4887 etiam
1679 4836 1813 4893 duos
1842 4806 1969 4897 dicit
1992 4861 2095 4899 uno

592 4963 710 5045 uta
732 4968 991 5045 vti-dam.
1016 4979 1167 5045 Erant
1189 4985 1293 5027 Mss.
1319 4989 1373 5031 At
1398 4990 1525 5045 Lov.,
1552 4989 1771 5043 victuras.

1153 5022 1165 5025 ,
1319 5022 1373 5031 ---
1398 5022 1503 5032 ην..
1555 5022 1657 5039 ηιη
1760 5031 1771 5041 .

589 5022 927 5121 sit?
963 5033 1025 5080 de
1050 5037 1174 5121 Isinu
1198 5046 1398 5121 socratis
1419 5022 1755 5101 deniulceri'suli
1776 5059 1945 5109 )IIIIIICS
1964 5096 1978 5121 ,
2021 5065 2093 5113 di-

589 5099 672 5121 .H
920 5106 948 5121 Α
993 5108 1044 5121 ,ω
1123 5113 1142 5121 “
1359 5118 1392 5121 ,Α
1437 5119 1459 5121 μ
1563 5111 1571 5121 .
1714 5116 1723 5121 .

532 5102 552 5128 σι
572 5085 783 5147 seipulus
804 5085 948 5142 Ἰ)ωο
993 5101 1097 5156 cst,
1123 5113 1143 5139 »
1174 5085 1978 5182 rem—limis)"UXXBiZhS'T'éZB.’

1749 5184 1998 5232 COQUAms.

587 5206 1119 5305 (fzic":t)ljnﬁusel).'_lil).
1144 5219 1171 5305 ᾖ
1181 5220 1196 5267 l
1217 5220 1280 5269 de
1297 5228 1501 5305 frmjiar.
1535 5237 1708 5305 Evaug.
1728 5191 1998 5305 ,ιοέῗὲδὲἐεξ
2039 5247 2089 5297 in

587 5283 611 5305 ς
831 5287 925 5305 Imsc
952 5292 1000 5305 son
1023 5292 1123 5305 amna
1174 5294 1289 5305 ιυηιη
1338 5299 1466 5305 -,.--.,
1510 5298 1520 5305 .

526 5271 1123 5349 nostrpemonstrations
1144 5271 1708 5349 evangeliqites;tuimur
1728 5271 1742 5296 ’
1767 5271 1907 5349 “wit:

586 5329 668 5437 (εἷ,
692 5338 867 5403 Herum
893 5329 1434 5406 Pamphylium,‘ﬁttiwin
1446 5329 1822 5408 “acie-"occubuit
1845 5329 2020 5421 ξ”ἱιιῃιο
2038 5370 2090 5420 in

589 5402 617 5437 ε
657 5391 747 5437 lbl‘l
769 5395 834 5437 de
858 5401 1105 5437 Rnnnhlina
1163 5405 1349 5437 .lnnimn
1373 5418 1470 5437 ...πί
1508 5422 1709 5437 ..κη-η..-
1752 5419 1821 5437 λε-
1852 5436 1869 5437 η
1924 5426 1936 5437 .
1959 5428 1983 5437 ..

523 5388 834 5481 limi;

574 5456 904 5544 tﬁ‘s‘c‘rirb'i:
921 5456 933 5460 ”
1084 5456 1274 5544 “Cicer'o
1306 5456 2092 5544 faliulam:;_i

522 5510 903 5605 in
941 5510 2089 5605 sqmgm',";nceiapiudbcné'iiiié'éi$331333

527 5585 549 5613 ι
572 5578 792 5673 fonlseius
805 5578 967 5673 dol'cat
990 5578 1190 5659 irris-ant,
1218 5578 2087 5673 exemjfiuiﬁ’diﬁédﬂié’iaiﬁdié‘f

527 5645 551 5673 ι
590 5646 636 5673 ID
674 5649 821 5673 Slnnlu
837 5656 878 5673 \‘I
906 5656 987 5673 'lno
1041 5658 1236 5673 η..,..ο.....
1273 5663 1566 5673 -.-_._n.__..___,_
1884 5668 1892 5673 .

702 5636 711 5646 .
783 5640 792 5648 O
870 5642 878 5651 .
956 5631 961 5632 γ
1007 5631 1190 5659 e____...-,
1221 5631 1493 5661 Τ..κηἹι-ιυι.
1518 5631 1677 5647 mnu."
1708 5631 1893 5655 οιυυυιε
1915 5631 2086 5673 l'L'pI'e-

526 5631 1018 5745 ιιὲξιῖῗέοιζιδνιιίιιιε,
1041 5658 1237 5700 excitari
1273 5663 1591 5721 narraturum,
1615 5673 1758 5724 quam
1792 5668 2086 5726 reviviscere

550 5704 732 5745 tuatim.
763 5714 785 5744 ι

1619 335 1703 391 DE
1740 332 2051 393 CIVITATE
2092 336 2219 403 DEI,
2259 336 2312 393 S.
2354 340 2712 403 AUGUSTINI

3720 372 3807 429 796

2250 450 2336 507 die
2362 452 2526 510 fuisse
2550 457 2843 526 defunctos,
2870 470 2925 517 et
2949 467 3252 523 occurrisse
3278 469 3508 527 invicem
3533 474 3582 530 in
3602 481 3810 548 quodam

2249 556 2367 598 cem
2375 545 2514 612 pilo,
2542 548 2733 605 deinde
2757 552 2823 606 ad
2849 567 3073 623 corpora
3105 573 3199 612 sua
3224 559 3411 628 jussus
3438 562 3597 621 fuisse
3617 545 3810 627 remea-

2249 648 2330 700 re,
2361 645 2415 690 et
2441 639 2776 696 constituisse
2806 643 2945 698 inter
2977 660 3038 701 se
3083 648 3289 703 amicos
3327 666 3393 706 se
3416 668 3538 709 esse
3559 658 3807 729 victuros,

2248 731 2405 792 atque
2434 725 2504 780 ita
2533 741 2649 783 esse
2676 729 2867 786 factum
2886 776 2901 799 ,
2934 734 3103 790 donec
3130 747 3315 806 postea
3359 756 3694 802 morerentur
3717 725 3805 821 (a).

2247 811 2354 868 Sed
2398 815 2483 870 isti
2519 826 2762 877 auctores
2800 823 2959 878 talem
2996 830 3448 886 resurrectionem
3478 840 3715 905 corporis
3742 842 3811 895 fa-

2248 912 2387 959 ctam
2434 905 2596 964 fuisse
2633 926 2947 981 narrarunt,
2978 920 3167 987 quales
3209 920 3429 978 fuerunt
3470 941 3654 983 eorum
3693 946 3813 1001 quos

2249 996 2607 1053 resurrexisse
2630 1002 2891 1071 novimus,
2919 1014 2973 1060 et
3002 1007 3122 1063 huic
3150 1011 3367 1079 quidem
3399 1015 3635 1074 redditos
3665 1022 3806 1087 vitae,

2247 1083 2340 1137 sed
2366 1100 2470 1139 non
2497 1101 2566 1141 eo
2593 1090 2749 1144 modo
2791 1103 2848 1147 ut
2885 1110 2991 1148 non
3028 1112 3371 1156 morerentur
3400 1104 3645 1162 ulterius.
3670 1110 3812 1164 Hira-

2246 1170 2403 1228 bilius
2429 1186 2607 1232 autem
2648 1181 2895 1248 quiddam
2928 1185 3135 1241 Marcus
3166 1190 3336 1245 Varro
3376 1196 3530 1263 ponit
3559 1197 3611 1251 in
3641 1199 3811 1264 libris,

2245 1263 2386 1331 quod
2413 1269 2728 1337 conscripsit
2747 1271 2813 1325 de
2832 1272 3000 1329 Gentc
3027 1279 3205 1345 pepuli
3236 1279 3406 1334 Roma
3419 1284 3470 1336 ni
3504 1302 3517 1337 :
3549 1286 3700 1355 cujus
3727 1304 3811 1357 pu-

2244 1356 2350 1409 tavi
2391 1356 2545 1412 verba
2594 1360 2703 1429 ipsa
2750 1376 2869 1418 esse
2918 1368 3182 1434 ponenda.
3244 1370 3564 1429 Genetbliaci
3617 1380 3812 1446 quidm

2243 1447 2569 1516 scripserunt,
2600 1452 2785 1521 inquit,
2818 1472 2921 1509 esse
2937 1458 2989 1510 in
3011 1464 3331 1517 renascendis
3356 1466 3651 1523 hominibus
3672 1488 3811 1539 quam

2242 1540 2500 1607 appellant
2530 1550 2875 1610 παλιγγενεσίαν
2905 1546 3068 1601 Cra-ci
3098 1568 3115 1603 .'
3141 1552 3238 1605 hac
3291 1562 3606 1624 scripserunt
3642 1565 3812 1629 confici

2241 1628 2293 1681 in
2334 1631 2481 1685 annis
2525 1649 2729 1688 numero
2754 1639 3135 1708 quadringentis
3174 1647 3548 1717 quadraginta,
3592 1663 3649 1704 ut
3691 1654 3813 1707 idem

2240 1741 2423 1795 corpus
2452 1738 2498 1782 et
2523 1732 2697 1785 eadem
2722 1736 2909 1803 animo,
2937 1756 3048 1809 qum
3075 1742 3265 1811 fuerint
3290 1749 3562 1815 coniuncta
3589 1752 3643 1804 in
3666 1754 3812 1808 homi-

2241 1834 2302 1873 ne
2326 1820 2625 1889 aliquando,
2658 1828 2831 1883 eadem
2866 1847 3041 1887 rursus
3066 1838 3273 1890 redeant
3307 1840 3358 1893 in
3387 1844 3812 1912 conjunctiom.

2239 1909 2343 1966 Iste
2381 1912 2544 1969 Varro
2572 1917 2786 1987 quidem
2809 1963 2823 1987 ,
2854 1923 2965 1979 sive
3009 1925 3085 1980 illi
3127 1926 3457 1986 Genetbliaci
3505 1938 3688 1992 nescio
3727 1942 3813 2009 qui

2239 2000 2379 2070 (non
2407 2005 2547 2060 enim
2579 2010 2793 2065 nomina
2815 2027 2998 2069 eorum
3029 2018 3294 2086 prodidit,
3320 2037 3549 2092 quorum
3576 2042 3810 2084 comme-

2237 2095 2464 2149 moravit
2487 2100 2864 2174 sententiam),
2886 2105 3081 2176 aliquid
3106 2109 3372 2181 dixerunt,
3402 2116 3542 2184 quod
3569 2117 3695 2173 licet
3718 2119 3814 2173 fal-

2236 2198 2355 2238 sum
2395 2188 2464 2242 sit
2503 2189 2651 2261 (cum
2697 2193 2838 2249 enim
2879 2200 3043 2253 semel
3089 2201 3155 2255 ad
3202 2203 3386 2259 eadem
3426 2221 3651 2277 corpora
3695 2226 3810 2280 qua:

2233 2288 2531 2344 gesserunt,
2562 2282 2753 2338 animre
2777 2286 3053 2355 redierint,
3082 2306 3351 2363 nunquam
3378 2311 3438 2350 ea
3468 2308 3654 2365 postea
3685 2312 3810 2356 sunt

2235 2368 2570 2441 relieturze);
2609 2382 2783 2431 tamen
2823 2380 2986 2435 multa
3028 2382 3169 2438 illius
3199 2386 3675 2457 impossibilitatis,
3708 2409 3809 2463 qua

2235 2469 2418 2516 contra
2449 2479 2547 2518 nos
2579 2465 2663 2521 isti
2691 2471 2950 2539 garriunt,
2976 2487 3283 2545 argumenta
3316 2482 3601 2550 convellit,
3628 2494 3687 2538 et
3714 2486 3809 2540 de-

2233 2550 2409 2604 struit.
2444 2552 2543 2618 Qui
2570 2557 2710 2610 enim
2736 2558 2836 2614 hoc
2860 2564 3115 2630 sentiunt,
3144 2567 3257 2622 sive
3276 2582 3576 2637 senserunt,
3604 2589 3712 2628 non
3732 2576 3807 2630 eis

2232 2643 2402 2696 visum
2427 2654 2508 2699 est
2537 2646 2649 2702 ﬁeri
2678 2666 2781 2704 non
2814 2667 3001 2723 posse,
3034 2664 3092 2710 ut
3116 2658 3318 2729 dilapsa
3352 2662 3611 2719 cadavera
3637 2666 3692 2719 in
3717 2682 3809 2720 au-

2231 2748 2340 2800 ras,
2365 2735 2419 2789 in
2448 2738 2741 2809 pulverem,
2766 2743 2819 2797 in
2843 2746 3104 2815 cinerem,
3126 2749 3177 2801 iu
3202 2749 3470 2820 humores,
3499 2754 3553 2808 in
3582 2770 3809 2826 corpora

2231 2829 2556 2884 vescentium
2580 2832 2888 2902 bestiarum,
2906 2839 2992 2893 vel
3013 2838 3247 2909 ipsorum
3268 2858 3477 2913 quoque
3503 2846 3805 2913 hominum,

2230 2916 2294 2970 ad
2325 2917 2378 2971 id
2408 2934 2591 2973 rursus
2615 2923 2853 2993 redeant,
2879 2929 3021 2997 quod
3046 2930 3274 2985 fuerunt.
3301 2933 3631 3005 Quapropter
3654 2937 3807 2991 Plato

2228 3016 2284 3061 et
2312 3007 2671 3080 Porphyrius,
2695 3015 2777 3068 vel
2806 3017 2981 3085 potius
3008 3020 3326 3092 quicumque
3354 3024 3470 3079 illos
3496 3012 3725 3095 diligunt
3753 3041 3805 3082 ct

2227 3101 2404 3157 adhuc
2431 3103 2635 3173 vivunt,
2665 3108 2709 3160 si
2738 3108 2892 3164 nobis
2915 3114 3254 3168 consentiunt
3273 3116 3432 3170 etiam
3459 3126 3670 3172 sanctas
3691 3122 3804 3173 ani-

2226 3207 2340 3247 mas
2368 3194 2435 3248 ad
2465 3209 2687 3265 corpora
2716 3198 2978 3255 redituras
2996 3244 3010 3268 ,
3038 3203 3175 3257 sicut
3195 3204 3266 3259 ait
3288 3205 3465 3271 Plato,
3494 3222 3595 3261 nec
3623 3218 3801 3263 tamen

2224 3283 2289 3337 ad
2316 3285 2453 3338 mala
2483 3286 2589 3341 ulla
2616 3289 2893 3358 redituras,
2922 3292 3057 3346 sicut
3081 3294 3153 3347 ait
3176 3295 3527 3367 Porphyrius;
3553 3308 3607 3351 ut
3626 3316 3696 3353 ex
3720 3300 3801 3353 his

2225 3376 2315 3430 fiat
2339 3392 2669 3449 consequens
2704 3382 2844 3451 quod
2886 3383 3019 3438 fides
3046 3385 3297 3455 prmdicat
3325 3387 3644 3455 christiana,
3676 3392 3797 3444 talia

2222 3480 2443 3536 corpora
2471 3480 2781 3540 recepturas
2808 3473 2860 3528 in
2891 3474 3078 3544 quibus
3108 3476 3225 3531 sine
3250 3477 3359 3532 ullo
3380 3480 3519 3533 malo
3556 3481 3607 3534 in
3635 3492 3796 3535 mter-

2220 3572 2344 3610 num
2369 3558 2592 3614 feliciter
2611 3563 2824 3628 vivant;
2848 3576 3120 3620 assumant
3148 3568 3308 3621 etiam
3329 3569 3429 3623 hoc
3447 3569 3509 3624 de
3533 3570 3791 3636 Varrone,

2222 3657 2278 3700 ut
2303 3648 2370 3702 ad
2397 3650 2581 3705 eadem
2621 3667 2842 3722 corpora
2882 3655 3135 3722 redeant,
3166 3657 3217 3711 in
3257 3660 3448 3728 quibus
3485 3671 3635 3715 antea
3678 3662 3793 3715 fne-

2216 3748 2373 3808 runt;
2403 3751 2457 3798 et
2481 3745 2617 3813 apud
2645 3761 2738 3800 eos
2769 3756 2874 3801 tota
2900 3751 3123 3819 quzestio
3150 3750 3217 3806 de
3241 3752 3420 3808 carnis
3452 3754 3504 3807 in
3530 3764 3790 3808 :cternum

2218 3838 2607 3892 resurrectione
2628 3840 2879 3895 solvetur.

2215 3967 2440 4026 CAPUT
2474 3972 2660 4027 XXIX.
2685 4004 2758 4013 —
2778 3974 2857 4029 De
2882 3976 3121 4045 qualitate
3144 3978 3381 4043 visionis,
3413 3995 3515 4048 qua
3544 3979 3599 4033 in
3621 3983 3789 4051 futuo

2575 4068 2761 4119 steculo
2786 4068 2945 4121 sancti
2973 4064 3147 4123 Dennt
3164 4070 3421 4123 videbunt.

2285 4198 2335 4251 1.
2364 4197 2639 4269 Nuncjam
2668 4202 2791 4271 quid
2816 4204 2981 4257 acturi
3010 4204 3115 4257 sint
3146 4204 3196 4257 in
3227 4206 3539 4274 corporibus
3568 4205 3782 4259 immor-

2216 4288 2405 4342 talibus
2437 4298 2596 4359 atque
2629 4292 2991 4360 spiritualibus
3032 4295 3233 4357 sancti,
3266 4312 3373 4349 non
3398 4296 3571 4349 adhuc
3600 4311 3778 4349 eorum

2210 4392 2371 4431 carne
2396 4380 2693 4445 carnaliter,
2721 4381 2813 4435 sed
2836 4384 3179 4452 spiritualiter
3207 4386 3317 4453 jam
3344 4386 3553 4440 vivente
3572 4427 3586 4450 ,
3614 4400 3777 4454 quan-

2212 4475 2319 4521 tum
2368 4470 2619 4524 Dominus
2661 4471 2907 4541 dignatur
2950 4474 3217 4543 adjuvare,
3253 4475 3546 4530 videamus.
3590 4476 3655 4529 Et
3692 4476 3775 4528 illa

2209 4557 2420 4627 quidem
2448 4562 2586 4614 actio
2606 4602 2620 4625 ,
2648 4562 2732 4615 vel
2763 4563 2938 4631 potius
2966 4566 3115 4632 quies
3135 4574 3294 4633 atque
3323 4566 3489 4619 otium
3515 4566 3666 4635 quale
3692 4565 3771 4618 fu-

2208 4658 2381 4701 turum
2412 4650 2500 4716 sit,
2528 4652 2571 4704 si
2604 4666 2785 4706 verum
2815 4652 2969 4707 velim
2997 4654 3175 4707 dicere
3196 4695 3209 4719 ,
3255 4655 3456 4708 nescio.
3486 4654 3599 4708 Non
3630 4655 3761 4708 enim

2206 4736 2309 4791 hoc
2329 4755 2554 4806 unquam
2578 4756 2671 4808 per
2690 4756 2878 4796 sensus
2899 4745 3134 4813 corporis
3157 4745 3280 4797 vidi.
3302 4745 3356 4799 Si
3374 4754 3549 4800 autem
3577 4754 3762 4807 mente,

2206 4826 2257 4879 id
2285 4835 2367 4880 est
2391 4829 2733 4898 intelligentia
2758 4871 2773 4895 ,
2806 4832 3002 4886 vidisse
3033 4850 3115 4885 me
3143 4833 3350 4898 dicam,
3380 4845 3628 4903 quantum
3657 4843 3759 4893 est,

2206 4926 2296 4970 aut
2324 4919 2448 4988 quid
2480 4930 2562 4972 est
2602 4930 2780 4974 nostra
2826 4922 3169 4991 intelligentia
3214 4923 3279 4977 ad
3328 4924 3473 4977 illam
3512 4924 3757 4977 excellen-

2206 5008 2368 5061 tiam?
2394 5008 2466 5061 lbi
2493 5019 2574 5063 est
2600 5011 2739 5064 enim
2767 5028 2868 5080 pax
2894 5010 3005 5075 Dei,
3034 5029 3162 5083 qtae,
3193 5016 3330 5068 sicut
3354 5016 3427 5069 ait
3454 5014 3753 5083 Apostolus.

2197 5111 2405 5168 superat
2435 5118 2627 5155 onmem
2654 5103 2960 5157 intellectum
2986 5103 3239 5174 (Philipp.
3274 5123 3344 5172 tv,
3368 5108 3425 5176 7)
3451 5125 3464 5160 :
3488 5121 3636 5175 quem
3660 5104 3750 5155 nisi

2204 5199 2462 5256 nostrum,
2486 5201 2574 5245 aut
2607 5191 2833 5247 fortasse
2859 5194 3017 5248 etiam
3044 5187 3387 5248 I'sanctornm
3414 5190 3750 5288 Angelorumi

2200 5292 2304 5333 non
2337 5282 2476 5333 enim
2517 5291 2570 5333 et
2612 5282 2721 5335 Dei.
2754 5281 2809 5336 Si
2836 5297 2962 5352 ergo
2991 5284 3156 5335 sancti
3190 5284 3239 5335 in
3274 5283 3366 5337 Dei
3408 5298 3535 5351 pace
3574 5281 3745 5333 victuri

2199 5379 2350 5434 sunt,
2398 5375 2634 5439 profecto
2666 5374 2713 5426 in
2751 5388 2811 5427 ea
2852 5389 2981 5442 pace
3006 5374 3192 5428 victuri
3218 5384 3371 5439 sunt,
3400 5390 3515 5444 qua:
3550 5378 3738 5440 supcrat

2199 5478 2407 5516 omnem
2438 5464 2785 5520 intellectum.
2815 5466 3075 5532 Quoniam
3102 5476 3340 5521 nostrum
3369 5466 3573 5535 quidem
3593 5476 3731 5531 supc'

2260 5621 2273 5651 ί
2313 5629 2392 5668 Am
2417 5626 2508 5687 _Er_.
2536 5618 2588 5670 et
2618 5628 2725 5672 ιον.
2763 5622 2943 5687 addunt
2980 5624 3074 5685 hic,
3121 5626 3327 5675 omnium
3355 5623 3518 5687 :quod
3546 5620 3671 5672 abest
3704 5627 3728 5662 ³

2194 5683 2526 5756 ntamtscrij‘ilis
2545 5689 2647 5756 et}!
2673 5684 2794 5756 VIII-(.1.
2858 5747 2887 5756 _

2262 5744 2335 5801 (κδ)
2373 5744 2483 5791 \itlc
2514 5742 2723 5805 Plinium,
2747 5744 2830 5793 lib.
2858 5747 2904 5805 7,
2938 5759 3039 5810 cap.
3081 5747 3156 5795 55.
