3896 6382
1079 225 1134 268 ’ν’
1181 228 1237 268 ἑ·;
1267 225 1370 267 ἕνα.

226 369 413 432 CAPUT
435 362 535 424 XII.
560 392 627 411 υ-
649 363 751 419 18.
806 360 1213 420 Incommodum
1235 378 1383 436 grave
1406 361 1459 417 in
1506 364 1717 417 adversa

174 469 393 526 sententia.
416 464 463 518 Si
484 473 600 531 ergo
621 458 701 513 ita
732 459 992 529 quisque
1021 458 1197 514 veniat
1221 457 1286 512 ad
1324 456 1493 512 sancti
1524 455 1717 511 lavacri

175 560 466 635 petitionem,
487 561 541 609 ut
563 550 910 622 proﬁteatur
958 565 1021 607 se
1060 550 1128 606 ab
1155 549 1415 606 idolorum
1445 549 1720 605 sacriﬁciis

180 668 270 709 non
289 659 581 706 recessurum
598 685 614 712 ,
644 642 760 699 nisi
804 642 951 698 forte
989 651 1174 713 postea
1198 639 1411 712 quando
1437 640 1717 712 placuerit,

176 743 449 814 Baptismum
471 746 647 793 tamen
667 734 785 805 iam
809 734 1033 805 jamque
1053 732 1324 802 deposcat,
1356 733 1721 803 templumque

172 836 244 893 Dei
266 833 353 889 viri
376 846 433 888 se
455 829 570 886 ﬁeri
594 827 811 900 ﬂagitet
833 868 851 895 ,
884 841 993 882 non
1024 826 1197 881 solum
1229 825 1402 881 cultor
1428 824 1717 891 idolorum,

169 944 315 986 rerum
341 924 571 983 etiamin
590 922 777 993 aliquo
798 929 913 976 tam
935 918 1140 975 nefario
1168 917 1472 974 sacerdotio
1494 917 1511 948 ι
1538 931 1722 988 perse-

168 1036 357 1085 verans;
375 1033 550 1090 quarto
571 1015 643 1071 ab
662 1013 782 1071 istis
807 1022 987 1069 utrum
1007 1027 1127 1067 eum
1157 1010 1461 1066 faciendum
1501 1009 1586 1064 vel
1629 1023 1722 1065 ca-

172 1114 503 1172 techumenum
529 1117 833 1166 censeant:
862 1105 1005 1177 quod
1052 1106 1238 1176 procul
1278 1104 1440 1159 dubio
1475 1104 1587 1159 ﬁeri
1612 1117 1722 1159 non

171 1205 331 1262 debere
353 1201 677 1259 clamabunt.
702 1197 887 1269 Neque
907 1197 1047 1252 enim
1067 1194 1210 1250 aliud
1225 1194 1292 1250 de
1318 1194 1533 1249 illorum
1560 1192 1722 1249 corde

165 1295 467 1353 sentiendum
496 1303 601 1350 est.
634 1291 880 1348 Reddam
918 1291 1097 1360 itaque
1134 1288 1400 1344 rationem
1428 1286 1721 1345 secundum

164 1386 435 1444 testimonia
457 1385 878 1455 Scripturarum,
908 1398 1025 1451 quze
1050 1380 1128 1435 sic
1154 1380 1497 1451 intelligenda
1516 1386 1719 1451 putant,

164 1496 252 1552 quo
270 1478 422 1535 modo
442 1478 569 1532 huic
599 1475 833 1530 audeant
858 1471 1228 1528 contradicere
1248 1515 1263 1539 ,
1309 1486 1410 1527 nec
1439 1471 1724 1525 admitten-

162 1571 268 1626 dum
294 1585 407 1627 esse
458 1567 782 1624 conﬁrment
826 1565 1202 1620 reclamantem
1228 1573 1387 1634 atque
1412 1563 1679 1618 dicentem
1706 1579 1720 1617 :

168 1660 307 1716 Didiei
327 1670 379 1715 et
400 1674 633 1715 veneror
650 1657 920 1713 Christum
946 1656 1259 1712 cruciﬁxum
1282 1699 1295 1724 ,
1344 1655 1505 1711 credo
1533 1655 1724 1708 Filium

167 1752 383 1808 Deiesse
424 1751 692 1807 Christum
739 1749 959 1815 Jcsum;
993 1765 1100 1804 non
1149 1764 1236 1804 me
1280 1751 1417 1804 ultra
1463 1748 1679 1805 differas
1706 1790 1722 1816 ,

169 1844 281 1899 nihil
305 1844 527 1914 amplius
546 1845 653 1912 jam
676 1841 942 1912 requiras.
972 1840 1118 1907 Quos
1142 1856 1236 1911 per
1259 1840 1610 1911 Evangelium
1634 1854 1727 1910 ge-

170 1936 373 1992 nerahat
420 1935 733 2007 Aposwlus,
790 1934 925 1989 nihil
975 1948 1069 1989 eos
1119 1947 1279 1988 nosse
1324 1942 1453 1988 tunc
1498 1933 1728 2003 amplius

174 2042 321 2099 quam
342 2025 605 2082 Christum
621 2026 925 2081 cruciﬁxum
954 2024 1202 2091 volebat;
1236 2034 1357 2094 post
1384 2040 1572 2080 vocem
1594 2025 1728 2094 Spa-

182 2116 483 2187 donis,qua
511 2131 567 2170 se
611 2115 809 2171 credere
835 2115 1024 2171 .lesum
1069 2113 1339 2170 Christum
1387 2115 1581 2171 Filium
1631 2115 1727 2172 Dei

184 2222 293 2263 esse
314 2208 593 2277 respondit,
615 2208 853 2263 continuo
874 2207 1153 2277 Philippus
1174 2222 1297 2262 cum
1324 2207 1597 2277 baptizare
1621 2222 1728 2262 non

176 2299 405 2355 distulit:
429 2300 548 2369 quid
575 2315 654 2355 me
680 2300 745 2356 ab
773 2300 1040 2355 idolorum
1083 2300 1231 2354 cultu
1283 2300 1535 2371 prohibes
1559 2342 1575 2370 ,
1629 2315 1731 2357 nec

175 2394 233 2448 ad
274 2404 644 2449 sacramentum
695 2393 898 2448 ChriSti
941 2393 1207 2460 admittis,
1250 2393 1558 2464 priusquam
1607 2393 1731 2451 inde

164 2486 484 2542 discessero?
507 2486 633 2541 Illud
658 2501 685 2539 a
716 2487 947 2557 pueritia
975 2486 1170 2553 didici,
1223 2486 1613 2547 consuetudine
1657 2487 1730 2543 ibi

176 2579 453 2651 gravissima
479 2595 688 2650 premor
715 2596 729 2632 :
753 2580 947 2634 faciam
976 2595 1096 2634 cum
1125 2585 1351 2649 potuero
1376 2621 1391 2646 ,
1424 2594 1546 2635 cum
1573 2594 1731 2635 com-

177 2671 371 2726 modum
394 2670 573 2735 fuerit;
596 2670 738 2741 quod
768 2671 873 2725 etsi
897 2686 1001 2725 non
1024 2670 1212 2725 faciam
1239 2712 1254 2737 ,
1282 2685 1390 2727 non
1409 2680 1587 2727 tamen
1616 2672 1734 2729 sine

177 2760 353 2817 Christi
372 2774 697 2818 sacramento
724 2761 867 2816 hanc
897 2762 1059 2816 vitam
1092 2762 1272 2817 ﬁniam
1291 2802 1306 2828 ,
1338 2778 1406 2818 ne
1429 2761 1570 2817 Deus
1617 2762 1734 2818 exi-

178 2864 256 2926 gat
280 2856 489 2913 animam
535 2872 709 2912 meam
738 2855 809 2912 de
852 2856 1099 2911 manibus
1138 2856 1261 2911 tuis.
1290 2855 1429 2924 Quid
1469 2854 1595 2911 huic
1646 2871 1736 2913 re-

184 2948 508 3018 spondendum
554 2947 914 3005 existimant?
950 2950 1034 3003 An
1064 2948 1238 3020 placet
1276 2957 1337 3003 ut
1376 2948 1734 3006 admittatur?

184 3039 351 3095 Absit:
370 3040 502 3097 nullo
522 3040 687 3098 modo
701 3040 1023 3097 crediderim
1043 3042 1097 3097 iit
1122 3049 1326 3096 tantum
1344 3055 1441 3098 eos
1461 3043 1730 3115 progredi.

186 3128 304 3197 Quid
324 3147 438 3202 ergo
454 3131 857 3203 respondebunt
878 3131 995 3188 haec
1015 3131 1248 3198 dicenti,
1281 3141 1336 3187 et
1360 3132 1577 3189 addenti
1593 3133 1737 3205 quod

183 3222 297 3277 nihil
320 3223 411 3278 sibi
434 3222 495 3280 de
519 3223 823 3279 idololatria
836 3222 1181 3295 relinquenda
1206 3223 1393 3279 saltem
1422 3222 1527 3280 dici
1553 3223 1737 3281 debuit

179 3321 294 3368 ante
314 3313 628 3385 Baptismum
648 3357 665 3383 ,
689 3314 828 3370 sicut
847 3314 981 3370 nihil
1010 3313 1134 3370 inde
1163 3323 1287 3370 ante
1315 3328 1465 3371 mare
1492 3315 1735 3372 Rubrum

179 3404 383 3475 populus
405 3406 490 3462 ille
508 3407 714 3478 primus
733 3407 975 3475 audivit,
1004 3408 1259 3479 quoniam
1279 3409 1364 3465 lex
1392 3409 1498 3466 hoc
1526 3410 1731 3481 habet,

176 3511 319 3567 quam
343 3513 407 3553 ex
429 3497 659 3571 Egypto
674 3499 785 3571 iam
824 3498 1084 3555 liberatus
1121 3501 1347 3571 accepit.
1378 3500 1627 3557 Profecto
1650 3503 1736 3559 di-

182 3587 302 3643 cturi
335 3598 452 3644 sunt
494 3589 697 3645 homini
727 3590 1050 3661 :Templum
1095 3591 1190 3647 Dei
1232 3591 1442 3648 futurus
1471 3609 1563 3660 es,
1613 3610 1736 3652 cum

184 3675 484 3749 Baptismum
508 3683 813 3753 acceperis;
854 3681 986 3738 dicit
1027 3692 1205 3739 autem
1249 3684 1569 3754 Apostolus,
1606 3686 1735 3751 Qua:

178 3774 452 3842 compositio
474 3776 657 3847 tanplo
685 3773 783 3829 Dei
809 3790 927 3829 cum
966 3774 1139 3829 idolis
1167 3772 1238 3849 (ll
1286 3774 1404 3830 Cor.
1454 3792 1506 3830 vi
1528 3818 1542 3843 ,
1598 3776 1733 3848 16)?

174 3861 341 3930 Qtnre
358 3880 473 3936 ergo
490 3881 596 3923 non
612 3865 799 3922 vident
816 3866 1065 3923 similiter
1082 3882 1203 3924 esse
1223 3866 1508 3924 dicendum
1537 3887 1551 3923 :
1574 3869 1738 3926 Mem-

176 3954 317 4010 brum
339 3955 527 4014 Christi
553 3959 766 4015 futurus
793 3974 853 4015 es
872 4001 888 4025 ,
916 3974 1040 4015 cum
1072 3961 1343 4030 acceperis
1368 3960 1735 4033 Baptismum;

179 4063 275 4104 non
300 4063 507 4122 possunt
521 4053 767 4109 membra
782 4052 981 4110 Christi
1001 4068 1120 4110 esse
1135 4056 1376 4111 membra
1401 4055 1739 4111 meretricis?

185 4138 299 4207 Quia
321 4151 371 4198 et
388 4143 485 4200 hoc
505 4146 799 4216 Apostolus
826 4144 994 4201 dicit:
1019 4145 1108 4216 qui
1128 4154 1182 4201 et
1200 4146 1306 4201 alio
1336 4146 1456 4202 loco
1478 4188 1494 4214 ,
1527 4145 1704 4201 Nolite
1720 4188 1737 4216 ,

186 4229 369 4302 bquit,
392 4251 598 4301 errare;
642 4252 802 4306 neque
842 4236 1206 4307 forrricatores,
1233 4253 1395 4309 neque
1436 4237 1590 4293 idolis
1634 4254 1743 4294 ser-

186 4325 378 4394 vientes,
419 4337 474 4384 et
498 4338 695 4385 caetera
739 4343 861 4399 quae
901 4327 1012 4384 illic
1038 4337 1357 4396 enumerat,
1411 4347 1622 4402 regnum
1644 4328 1744 4386 Dei

191 4420 497 4487 possidet-att.
526 4421 640 4477 Cur
660 4436 789 4492 ergo
812 4421 881 4476 ad
901 4421 1412 4491 Baptismumidolis
1447 4423 1743 4478 servientes

194 4524 289 4566 non
321 4512 669 4579 admittimus,
717 4523 775 4569 et
800 4513 1150 4570 fornicatores
1198 4513 1561 4571 admittendos
1586 4522 1743 4585 puta-

193 4617 328 4674 mus,
351 4621 463 4663 cum
480 4616 536 4664 et
573 4607 660 4663 his
686 4616 744 4663 et
760 4607 973 4663 caeteris
1016 4607 1171 4663 malis
1199 4607 1375 4675 dicat,
1404 4606 1471 4662 Et
1500 4609 1609 4663 haec
1632 4610 1745 4679 qui—

195 4697 299 4752 dam
324 4701 501 4770 fuistis,
528 4702 621 4757 sed
639 4702 797 4757 abluti
824 4703 970 4769 estis,
1015 4702 1104 4757 sed
1128 4702 1430 4771 sanctificati
1482 4702 1597 4757 estis
1617 4744 1631 4769 ,
1654 4701 1745 4757 sed

442 4798 558 4851 estis
585 4798 641 4851 in
664 4796 867 4850 nomine
893 4794 1100 4849 Domini
1119 4793 1246 4849 Iesu
1271 4794 1460 4849 Christi
1488 4803 1533 4848 et
1556 4796 1609 4849 in
1630 4795 1745 4865 spi-

194 4885 393 4943 titsDei
414 4891 568 4945 nostri
595 4891 639 4961 (I
671 4889 790 4945 Cor.
819 4905 908 4956 vr,
942 4888 1274 4957 15,9,10,
1308 4889 1443 4959 ll)?
1472 4888 1609 4955 Quid
1649 4887 1746 4959 igi-

195 4985 271 5032 tur
290 4996 447 5038 causa
474 4993 558 5040 est
589 4992 649 5037 ut
671 4998 795 5038 cum
825 4990 1060 5051 potestas
1084 4988 1266 5052 pateat
1304 4990 1588 5051 utrumque
1615 4996 1746 5051 pro-

195 5066 410 5141 bibendi,
440 5077 741 5130 venientem
764 5072 831 5129 ad
866 5073 1197 5144 Baptismum
1228 5073 1534 5144 permittam
1584 5071 1749 5127 forni-

195 5164 371 5219 utrium
392 5181 731 5236 permanere,
754 5174 810 5222 et
847 5180 953 5220 non
992 5166 1293 5236 permittam
1320 5164 1476 5220 idolis
1512 5164 1750 5220 servien-

199 5260 324 5322 tem;
350 5274 462 5314 cum
489 5269 545 5315 et
573 5260 679 5315 illis
704 5268 760 5314 et
786 5258 893 5313 illis
912 5257 1016 5313 dici
1037 5258 1249 5312 audiam
1273 5298 1290 5324 ,
1320 5256 1386 5310 Et
1407 5257 1516 5311 hiet:
1540 5256 1746 5328 quidam

198 5343 371 5417 histis,
397 5352 481 5406 sed
505 5351 667 5406 abluti
711 5350 874 5406 estis?
908 5348 1017 5405 Sed
1046 5364 1110 5406 eo
1137 5358 1421 5406 moventur
1472 5348 1593 5416 isti,
1626 5348 1748 5419 quia

199 5447 361 5506 putant
394 5458 511 5501 esse
551 5445 607 5500 in
653 5452 770 5499 tuto
812 5442 1041 5498 salutem
1089 5456 1313 5511 eorum,
1361 5440 1604 5513 quamvis
1652 5454 1752 5511 per

254 5594 267 5627 ‘
294 5598 359 5649 Sic
385 5601 588 5652 melioris
610 5610 743 5651 notae
759 5603 872 5647 Isti.
900 5596 1095 5657 quidam
1117 5596 1327 5657 addunt,
1361 5594 1599 5658 sacrilego
1628 5606 1645 5644 :
1669 5594 1752 5658 alii

190 5664 462 5728 μιμιιρω,
502 5660 810 5723 sacerdotio,
854 5656 1066 5723 habent,
1101 5656 1319 5711 scelere;
1340 5665 1396 5709 At
1421 5656 1572 5718 editi‘,
1596 5656 1753 5709 sacri-

188 5714 310 5786 legio.

1546 233 1747 301 LIBER
1784 239 1990 303 UNUS.

3303 252 3413 314 2N)

1827 359 2023 431 ignem,
2044 361 2132 432 qui
2160 360 2213 417 in
2240 359 2512 419 Christum
2537 361 2881 433 crediderint,
2899 350 3409 445 Sacramentumque

1826 451 1944 522 ejus
1971 454 2311 525 acceperint,
2342 454 2395 510 id
2421 465 2504 511 est
2526 456 2775 528 haptizati
2806 458 3031 528 fuerint,
3055 463 3263 519 etiamsi
3288 481 3409 520 mo-

1825 559 1945 598 rum
1977 545 2413 616 corrigendorum
2441 548 2511 602 ita
2537 550 2867 621 negligentes
2890 553 3035 620 sint,
3066 564 3123 609 ut
3166 558 3410 627 nequiter

1826 634 2025 690 vivant.
2053 635 2206 692 Unde
2239 653 2363 692 mox
2392 638 2619 706 videbo,
2653 641 2698 695 si
2724 642 2863 698 Deus
2884 643 3114 714 iuverit,
3155 647 3284 718 quid
3324 663 3413 705 sc-

1826 725 2059 781 cundum
2090 727 2395 799 Scripturas
2423 730 2762 786 sentiendum
2785 734 2873 787 sit.

1898 816 2122 875 CAPUT
2161 819 2299 876 XIII.
2321 852 2394 863 -—
2418 822 2503 878 19.
2524 822 2855 893 Baptizandis
2884 839 3135 900 prwcepta
3159 848 3356 887 morum
3382 847 3414 886 α

1826 908 2025 966 Joanne
2055 912 2261 967 tradita.
2291 915 2371 968 Ad
2398 917 2799 987 consequendam
2826 916 3244 976 vitam‘wternam
3276 940 3415 993 prte-

1828 1011 1973 1072 cepta
2014 1006 2202 1059 servari
2238 1006 2393 1077 jussit
2429 1006 2849 1065 Christus.Nunc
2892 1010 2945 1065 in
2988 1006 3087 1067 hac
3120 1015 3415 1083 quaestione

1826 1092 2000 1150 adhuc
2025 1111 2230 1165 versor,
2256 1099 2309 1153 in
2336 1115 2439 1171 qua
2465 1100 2543 1156 eis
2567 1100 2780 1157 videtur
2801 1103 3096 1173 baptizatos
3108 1090 3416 1162 admonen-

1827 1184 1924 1241 dos
1954 1202 2073 1242 esse
2101 1188 2167 1244 de
2196 1191 2435 1247 moribus
2462 1191 2529 1246 ad
2562 1193 2906 1249 christianam
2936 1196 3098 1250 vitam
3140 1199 3417 1267 pertinen-

1827 1280 1990 1346 tibus,
2034 1280 2365 1352 baptizandis
2402 1292 2581 1340 autem
2624 1276 2789 1339 solam
2834 1286 3204 1342 insinuandam
3234 1288 3416 1344 ﬁdem.

1828 1371 1981 1439 Quod
2023 1372 2068 1427 si
2111 1372 2182 1427 ita
2227 1384 2389 1441 esset,
2421 1385 2615 1445 praeter
2649 1385 2756 1430 tam
2797 1377 2962 1433 multa
3005 1394 3124 1448 quae
3165 1379 3416 1447 diximus,

1828 1478 1938 1518 non
1995 1462 2229 1519 Joannes
2286 1466 2521 1535 Baptista
2582 1468 2917 1524 venientibus
2971 1470 3037 1524 ad
3094 1470 3418 1541 baptismum

1828 1544 1985 1609 suum
2017 1555 2235 1623 diceret,
2268 1555 2534 1611 Generatio
2561 1558 2867 1629 viperarum,
2900 1562 3009 1631 quis
3039 1563 3253 1616 ostendit
3282 1564 3422 1618 vobis

1832 1649 2006 1719 fugere
2032 1649 2093 1702 ab
2119 1648 2197 1702 ira
2224 1652 2470 1705 ventura?
2496 1651 2673 1706 Facite
2696 1670 2811 1724 ergo
2840 1654 3061 1723 fructum
3086 1657 3295 1727 dignum
3326 1673 3427 1728 par-

1830 1743 2054 1797 nitentia:
2077 1742 2291 1813 (Matth.
2317 1761 2393 1813 tu,
2420 1747 2473 1812 7,
2498 1745 2582 1818 8);
2614 1757 2668 1801 et
2695 1756 2887 1802 caztera
2909 1790 2921 1812 ,
2955 1765 3072 1819 quia
3104 1751 3285 1819 utique
3314 1766 3424 1806 non

1832 1833 1899 1889 de
1932 1834 2054 1903 ﬁde,
2088 1835 2182 1890 sed
2208 1835 2273 1892 de
2299 1837 2453 1892 bonis
2482 1839 2732 1908 operibus
2762 1839 3032 1895 admonet.
3064 1841 3214 1896 Unde
3244 1851 3296 1897 et
3323 1843 3426 1897 mi-

1832 1924 2016 1980 litibus
2049 1925 2367 1996 dicentibus,
2401 1929 2535 1995 Quid
2564 1916 2847 2000 faciemus?
2876 1947 2981 1986 non
3012 1932 3172 1998 dixit,
3205 1932 3425 1989 interim

1833 2016 2037 2072 credite
2063 2026 2119 2072 et
2146 2018 2505 2088 baptizamini,
2533 2029 2653 2091 post
2682 2022 2909 2078 audietis
2946 2023 3073 2093 quid
3111 2023 3284 2079 facere
3324 2023 3423 2080 dc-

1832 2106 2039 2170 beatis;
2072 2107 2165 2163 sed
2208 2117 2331 2164 ante
2370 2110 2523 2177 dixit,
2568 2121 2691 2165 ante
2732 2114 3071 2181 prmmonuit,
3103 2122 3161 2167 ut
3200 2122 3425 2169 venturo

1835 2198 2062 2253 Domino
2093 2198 2145 2252 in
2176 2214 2269 2254 cor
2294 2215 2479 2255 eorum
2522 2210 2773 2271 tanquam
2813 2218 3111 2272 praecursor
3144 2206 3427 2260 mundaret

1833 2289 1974 2344 viam
2005 2307 2017 2343 :
2054 2289 2324 2345 Neminem
2352 2293 2724 2360 concusseritis,
2750 2294 2880 2347 nulli
2908 2294 3213 2348 calumniam
3242 2296 3425 2366 feceri-

1837 2382 1921 2449 tis,
1949 2381 2158 2453 sufﬁciat
2189 2382 2325 2435 vobis
2354 2383 2661 2451 stipendium
2690 2393 2928 2439 vestrum.
2962 2384 3219 2441 Similiter
3247 2386 3425 2456 publi-

1834 2474 1983 2530 canis
1998 2475 2357 2544 quaerentibus
2371 2476 2497 2546 quid
2513 2475 2691 2532 facere
2710 2476 2988 2544 deberent,
3009 2478 3161 2532 Nihil
3179 2480 3403 2549 amplius

1836 2564 2027 2636 inquit,
2045 2567 2257 2637 exigatis
2284 2576 2464 2637 prwter
2490 2584 2643 2638 quam
2668 2569 2995 2624 constitutum
3020 2579 3092 2626 est
3115 2570 3252 2625 vobis
3272 2571 3424 2643 (Luc.

1837 2672 1913 2723 in,
1946 2657 2110 2713 12-14
2130 2656 2170 2731 ).
2203 2658 2298 2715 His
2326 2659 2560 2715 breviter
2598 2662 3051 2730 commemoratis,
3086 2662 3427 2734 Evangelists

1843 2749 1992 2822 (-non
2021 2750 2163 2806 enim
2209 2760 2349 2808 totos
2390 2754 2747 2810 cateehismos
2776 2756 3014 2812 inserere
3041 2756 3266 2829 debuit)
3297 2759 3430 2815 satis

1838 2841 2159 2913 significavit
2188 2846 2456 2916 pertinere
2483 2845 2551 2900 ad
2577 2861 2699 2902 eum
2717 2862 2747 2901 a
2776 2862 2882 2918 quo
2907 2847 3259 2919 baptizandus
3279 2859 3427 2905 cate-

1838 2933 2099 3003 cllzatur,
2127 2934 2322 2991 docere
2350 2946 2406 2993 et
2432 2953 2653 2994 monere
2691 2938 2758 2994 de
2798 2939 3055 2996 moribus.
3082 2940 3236 3008 Quod
3265 2942 3311 2997 si
3339 2957 3432 2999 re-

1840 3025 2181 3095 spondissent
2205 3026 2419 3094 Joanni,
2444 3028 2671 3085 Prorsus
2699 3044 2808 3085 non
2835 3028 3094 3087 faciemus
3116 3031 3322 3089 fructus
3350 3033 3436 3090 di-

1837 3129 1975 3191 gnos
2024 3116 2376 3187 paenitentiae,
2426 3120 2801 3177 calumniaturi
2849 3138 3066 3192 sumus,
3119 3126 3433 3181 concussuri

1839 3220 2049 3275 sumus,
2079 3223 2142 3263 ea
2171 3224 2292 3279 quae
2324 3210 2481 3267 nobis
2518 3226 2625 3267 non
2655 3212 2917 3269 debentur
2944 3217 3181 3271 exacturi
3220 3231 3431 3285 sumus,

1841 3311 1899 3357 et
1925 3299 2274 3358 nihilominus
2307 3317 2402 3359 eos
2439 3312 2561 3374 post
2590 3304 2727 3361 hanc
2767 3305 3153 3377 professionem
3192 3310 3431 3382 baptiza-

1839 3400 1958 3459 rct;
1989 3408 2088 3449 nec
2128 3395 2205 3449 sic
2246 3402 2427 3451 tamen
2466 3395 2569 3451 dici
2610 3407 2813 3469 posset,
2841 3398 2981 3456 unde
3019 3402 3180 3458 modo
3207 3403 3434 3474 quaestio

1841 3493 1944 3549 est,
1974 3499 2081 3539 non
2107 3499 2227 3540 esse
2255 3486 2511 3557 temporis
2534 3501 2657 3543 cum
2683 3489 2908 3560 quisque
2947 3490 3294 3561 baptizandus
3323 3502 3430 3561 est,

1841 3582 1901 3629 ut
1929 3575 2074 3646 prius
2115 3574 2193 3631 illi
2232 3591 2412 3634 sermo
2439 3577 2533 3633 ﬁat
2560 3579 3009 3649 quemadmodum
3038 3583 3203 3640 vitam
3233 3583 3431 3641 bonam

1841 3679 1999 3736 agere
2026 3665 2236 3722 debeat.

1912 3766 2002 3823 20.
2031 3766 2169 3835 Quid
2196 3769 2310 3840 ipse
2334 3770 2610 3839 Dominus,
2635 3780 2695 3827 ut
2719 3772 3110 3845 aliaomittam,
3140 3793 3260 3833 cum
3282 3780 3349 3835 ab
3368 3759 3434 3836 eo

1843 3859 1993 3917 dives
2022 3860 2113 3917 ille
2139 3873 2406 3932 quaereret
2443 3864 2569 3935 quid
2608 3864 2734 3921 boni
2774 3864 2976 3923 faceret
3000 3878 3060 3923 ut
3084 3869 3246 3924 vitam
3274 3880 3435 3926 icter-

1843 3968 1967 4009 nam
1997 3963 2442 4027 consequeretur;
2466 3957 2704 4012 recolant
2728 3957 2854 4027 quid
2880 3959 3253 4029 responderit:
3280 3960 3342 4016 Si
3364 3963 3439 4017 vis

1843 4046 2031 4114 venire,
2064 4046 2254 4117 inquit,
2279 4048 2347 4101 ad
2377 4048 2551 4116 vitam,
2574 4065 2717 4103 serva
2739 4050 3001 4105 mandata.
3028 4049 3099 4106 At
3123 4052 3239 4118 ille,
3274 4053 3439 4119 Quis?

1846 4136 1995 4193 Tunc
2034 4138 2291 4195 Dominus
2330 4141 2767 4209 commemoravit
2805 4150 3070 4211 praecepta
3102 4144 3279 4214 Legis,
3316 4144 3438 4198 Non

1846 4230 2042 4284 occides
2060 4270 2076 4296 ,
2110 4229 2231 4285 Non
2256 4231 2601 4299 moechaberis,
2628 4240 2682 4287 et
2708 4241 2922 4287 caetera.
2947 4232 3047 4289 Ubi
3072 4250 3195 4290 cum
3225 4235 3318 4291 ille
3340 4244 3441 4292 re-

1846 4322 2151 4393 spondisset
2194 4322 2311 4378 haee
2352 4338 2412 4379 se
2460 4322 2653 4380 fecisse
2696 4338 2725 4377 a
2766 4323 3043 4393 iuventute
3086 4341 3201 4391 sua,
3234 4326 3442 4383 addidit

1848 4412 2009 4468 etiam
2036 4411 2378 4482 perfectionis
2405 4421 2753 4483 praeceptum,
2784 4422 2841 4467 ut
2867 4414 3095 4469 venditis
3123 4417 3235 4470 suis
3263 4417 3440 4470 omni-

1847 4504 1950 4560 bus
1992 4512 2048 4559 et
2095 4503 2149 4558 in
2189 4518 2486 4575 pauperum
2531 4504 2901 4576 eleemosynas
2944 4506 3175 4575 crogatis
3218 4506 3443 4563 haberet

1850 4596 2160 4652 thesaurum
2192 4595 2244 4649 in
2273 4596 2431 4665 caelo,
2462 4605 2516 4652 et
2542 4596 2790 4653 eumdem
2815 4596 3099 4653 Dominum
3128 4611 3443 4670 sequeretur

1850 4691 2066 4765 (Matth.
2090 4707 2201 4759 XIX,
2225 4688 2431 4762 17-21).
2455 4688 2685 4745 Videant
2714 4689 2875 4761 igitur
2892 4705 3001 4751 non
3012 4691 3075 4746 'ei
3096 4690 3298 4746 dictum
3321 4706 3444 4748 esse

1849 4792 1908 4839 ut
1933 4782 2180 4838 crederet
2203 4790 2257 4837 et
2285 4781 2663 4852 baptizaretur,
2691 4797 2795 4852 quo
2821 4782 2937 4838 solo
2958 4781 3226 4851 adiutorio
3253 4792 3445 4853 putant

1850 4874 1938 4929 isti
1970 4874 2149 4929 venire
2179 4874 2455 4931 hominem,
2479 4872 2547 4928 ad
2568 4872 2775 4938 vitam;
2804 4872 2900 4928 sed
2925 4874 3137 4937 merum
3175 4884 3445 4947 precepts

1851 4964 2053 5021 homini
2091 4964 2232 5031 data,
2262 4979 2381 5033 quae
2408 4964 2587 5035 utique
2617 4964 2732 5019 sine
2759 4964 2867 5020 ﬁde
2892 4966 3150 5021 custodiri
3188 4967 3447 5022 observa-

1851 5058 2001 5129 rique
2022 5072 2127 5112 non
2156 5064 2399 5127 possunt.
2423 5055 2534 5111 Nec
2560 5064 2743 5117 tamen
2765 5057 3099 5126 quiafhicgde
3124 5058 3446 5116 insinuanda

1852 5148 1959 5205 ﬁde
1987 5148 2242 5203 Dominus
2273 5146 2483 5203 videtur
2516 5150 2776 5215 tacuisse,
2807 5150 3204 5219 praescribimus
3234 5164 3335 5206 nos
3352 5158 3445 5204 vat-

1851 5256 1955 5311 que
1991 5239 2382 5304 contendimus,
2413 5254 2622 5307 morum
2662 5239 3028 5299 tantummodo
3058 5250 3321 5309 prmeepta
3359 5239 3445 5296 di-

1853 5336 2020 5393 cenda
2040 5350 2160 5392 esse
2180 5335 2485 5390 hominibus
2503 5334 2570 5389 ad
2591 5335 2756 5391 vitam
2773 5334 3055 5406 pervenire
3077 5334 3465 5405 cupientibus“

1853 5428 2089 5499 Utraque
2114 5427 2255 5483 enim
2284 5438 2469 5482 mutuo
2497 5441 2737 5481 connexa
2768 5435 2925 5492 sunt,
2957 5427 3094 5481 sicut
3133 5435 3256 5480 ante
3292 5425 3441 5491 dixi;

1854 5522 1977 5592 quia
2005 5535 2176 5591 neque
2200 5518 2413 5575 dilectio
2434 5518 2530 5573 Dei
2559 5525 2732 5589 potest
2759 5518 2950 5572 essein
2980 5518 3194 5571 homine
3214 5515 3302 5585 qui
3330 5502 3443 5572 non

1856 5615 2027 5685 diligit
2060 5614 2384 5683 proximum,
2419 5628 2517 5667 nec
2546 5611 2759 5666 dilectio
2784 5610 3011 5680 proximi
3040 5610 3091 5662 in
3117 5623 3183 5662 eo
3210 5607 3301 5677 qui
3333 5622 3444 5664 non

1860 5707 2029 5777 diligit
2051 5706 2236 5763 Deum.
2264 5705 2387 5763 Ideo
2412 5701 2697 5776 aliquando
2720 5702 2943 5758 alterum
2970 5700 3086 5755 sine
3111 5699 3297 5769 altero,
3327 5698 3445 5760 sive
