3926 6386
94 320 213 376 ’197
1225 320 1431 376 LIBER
1466 318 1829 377 VlGESlMUS
1864 317 2236 377 SECUNDUS.

98 447 210 503 rat,
242 453 354 493 non
381 446 463 492 est
482 436 694 492 dubium
720 453 733 490 :
762 436 807 493 si
831 444 1005 492 autem
1028 447 1241 509 superat
1259 447 1313 492 et
1332 437 1652 507 Angelorum
1669 476 1685 501 ,

106 536 169 581 ut
196 541 310 582 nec
340 526 483 596 ipsos
512 527 783 595 excepisse
810 526 1069 593 videatur,
1111 529 1201 597 qui
1237 527 1345 592 ait,
1377 542 1572 581 omnem
1610 525 1689 578 in-

106 616 412 681 tellectum;
437 616 725 671 secundum
761 615 863 671 hoc
887 614 1084 671 dictum
1111 629 1232 671 esse
1257 615 1512 671 debemus
1547 613 1691 669 acci-

3245 305 3348 363 798

1799 438 1891 491 illo
1916 452 2136 504 corpore
2161 432 2418 505 spirituali
2443 430 2692 486 videbunt
2717 426 2884 482 sancti
2908 423 3103 490 omnia,
3133 436 3238 476 non
3264 436 3352 476 so-

1798 528 1905 581 lum
1931 527 1975 581 si
2000 526 2181 579 oculos
2211 521 2496 587 claudant,
2518 533 2705 574 verum
2736 518 2893 572 etiam
2924 513 3060 569 unde
3088 520 3213 567 sunt
3236 526 3358 565 cor-

108 721 289 776 pere,
330 706 452 776 quia
494 720 677 775 pacem
719 706 844 772 Dei,
886 721 987 776 qua
1030 706 1141 776 ipse
1171 706 1308 761 Deus
1334 712 1555 775 pacatus
1577 713 1694 774 est,

110 801 266 855 sicut
308 801 452 855 novit
481 800 619 856 Deus
646 841 660 865 ,
691 815 797 855 non
825 815 939 855 eam
970 814 1067 854 nos
1092 800 1169 854 sic
1195 813 1475 869 possumus
1501 810 1659 852 nosse
1677 836 1692 862 ,

114 905 224 944 nec
271 890 367 944 ulli
409 889 615 959 Angeli.
649 889 866 960 Superat
908 888 1084 957 itaque
1122 904 1318 941 omnem
1358 886 1695 949 intellectum,

118 992 233 1032 non
268 978 489 1034 dubium
518 978 657 1048 quod
696 986 892 1047 prmter
920 994 1095 1033 suum.
1122 977 1225 1032 Sed
1251 976 1372 1047 quia
1398 985 1452 1031 et
1476 990 1573 1029 nos
1600 990 1698 1046 pro

118 1068 297 1123 modo
320 1069 336 1100 ⁸
366 1077 545 1123 nostro
573 1069 716 1138 pacis
746 1068 859 1137 ejus
892 1067 1172 1138 participes
1212 1066 1333 1121 facti
1362 1080 1619 1120 summam
1647 1066 1700 1119 in

119 1158 291 1213 nobis
332 1168 489 1228 atque
518 1159 657 1213 inter
684 1173 782 1213 nos
810 1167 864 1213 et
889 1173 1009 1213 cum
1051 1159 1165 1228 ipso
1204 1173 1384 1227 pacem
1405 1197 1421 1221 ,
1449 1164 1700 1227 quantum

122 1256 381 1303 nostrum
411 1264 675 1303 summum
716 1258 796 1303 est
815 1290 830 1315 ,
861 1247 1217 1303 obtinehimus
1246 1266 1259 1302 :
1288 1248 1391 1302 isto
1422 1246 1579 1301 modo
1608 1259 1707 1315 pro

121 1356 229 1396 suo
261 1340 427 1395 modo
452 1341 624 1394 sciunt
657 1355 775 1395 eam
803 1340 969 1401 sancti
998 1340 1212 1407 Angeli,
1254 1337 1494 1392 homines
1529 1346 1704 1392 autem

123 1446 279 1487 nunc
308 1433 464 1502 longe
503 1432 666 1499 infra,
696 1432 1078 1500 quantumlibet
1105 1439 1353 1501 provectu
1390 1431 1582 1485 mentis
1610 1444 1705 1484 ex-

124 1522 362 1577 cellant.
386 1522 835 1578 Considerandum
860 1531 944 1578 est
967 1524 1107 1578 enim
1131 1530 1355 1591 quantus
1380 1522 1460 1575 vir
1477 1521 1706 1585 dicebat,

126 1612 215 1667 Ea:
246 1621 399 1682 parte
423 1613 627 1678 scinms,
652 1621 696 1666 et
722 1629 784 1666 ex
809 1622 949 1682 parte
972 1612 1347 1683 praphetamus,
1370 1612 1525 1664 donec
1549 1610 1710 1663 veniat

125 1704 270 1773 quod
297 1702 576 1772 perfectum
592 1711 663 1755 est
680 1700 721 1769 (1
742 1700 858 1756 Cor.
880 1701 1055 1767 xm,9,
1080 1701 1167 1769 10)
1188 1718 1202 1765 ;
1225 1709 1296 1766 et,
1334 1699 1563 1754 Videmus
1578 1715 1709 1752 nunc

125 1808 220 1862 per
243 1792 515 1861 speculum
538 1792 591 1844 in
611 1792 905 1861 ceizigmate,
938 1800 1054 1844 tunc
1083 1801 1249 1843 autem
1279 1791 1409 1860 facie
1436 1788 1503 1842 ad
1532 1789 1711 1860 faciem

130 1882 151 1952 (
176 1880 332 1934 Ibid.
360 1881 427 1935 12
446 1880 492 1950 ).
520 1880 609 1936 Sic
640 1880 752 1950 jam
780 1880 959 1937 vident
992 1880 1163 1935 sancti
1191 1880 1407 1950 Angeli,
1435 1879 1525 1949 qui
1554 1880 1711 1933 etiam

125 1972 320 2028 nostri
346 1971 534 2042 Angeli
562 1971 687 2027 dicti
713 1980 857 2038 sunt,
890 1971 1010 2042 quia
1039 1972 1173 2026 eruti
1194 1971 1262 2025 de
1284 1979 1544 2040 potestate
1570 1978 1715 2024 tene-

129 2063 363 2117 brarum
388 2104 403 2125 ,
433 2071 487 2117 et
517 2072 734 2133 accepto
758 2062 982 2131 Spiritus
1024 2063 1241 2133 pignore
1270 2061 1510 2115 translati
1539 2060 1603 2115 ad
1632 2076 1716 2114 re-

133 2169 307 2224 gnum
334 2153 551 2219 Christi,
574 2154 638 2208 ad
661 2168 755 2208 eos
780 2154 1008 2224 Angelos
1023 2154 1131 2222 jam
1153 2153 1409 2222 coepimus
1430 2153 1712 2220 pertinere,

137 2258 266 2297 cum
308 2244 501 2312 quibus
538 2243 688 2297 nobis
729 2244 830 2298 erit
875 2252 1058 2297 sancta
1094 2252 1252 2311 atque
1276 2241 1580 2295 dulcissima
1605 2283 1618 2305 ,
1649 2240 1716 2294 de

138 2348 245 2403 qua
283 2332 399 2402 jam
427 2341 504 2387 tot
534 2332 695 2388 libros
719 2332 1027 2402 scripsimus
1046 2374 1061 2399 ,
1092 2333 1184 2387 Dei
1212 2332 1395 2388 civitas
1433 2332 1544 2401 ipsa
1575 2346 1719 2386 com-

138 2425 348 2480 munis.
380 2422 469 2480 Sic
496 2433 620 2479 sunt
643 2440 768 2495 ergo
806 2425 991 2496 Angeli
1032 2425 1233 2489 nostri,
1274 2424 1362 2493 qui
1388 2434 1511 2479 sunt
1536 2424 1720 2491 Angeli

140 2515 263 2582 Dei,
289 2514 737 2585 quemadmodum
758 2513 997 2571 Christus
1019 2516 1133 2584 Dei,
1159 2514 1402 2571 Christus
1416 2524 1499 2571 est
1517 2523 1720 2569 noster.

142 2606 240 2660 Dei
272 2614 442 2673 sunt,
471 2606 593 2675 quia
623 2606 786 2661 Deum
827 2621 931 2662 non
962 2607 1327 2676 reliquerunt:
1356 2606 1524 2660 nostri
1561 2613 1719 2671 sunt,

140 2695 272 2762 quia
302 2709 435 2751 suos
469 2695 616 2750 cives
658 2709 755 2750 nos
799 2694 996 2750 habere
1037 2703 1332 2765 coeperunt.
1365 2686 1506 2749 Dixit
1547 2703 1721 2748 autem

144 2784 413 2839 Dominus
433 2786 607 2850 Jesus,
640 2784 814 2839 Videte
835 2802 899 2840 ne
918 2786 1241 2839 contemnatis
1261 2801 1415 2838 unum
1443 2785 1505 2839 de
1531 2786 1726 2852 pusillis

143 2874 280 2929 istis.
313 2873 443 2928 Dico
468 2875 598 2929 enim
624 2874 779 2936 vobis,
807 2876 925 2944 quia
948 2876 1127 2945 Angcli
1156 2891 1329 2927 eorum
1352 2876 1404 2927 in
1432 2875 1568 2927 caelis
1593 2891 1726 2926 sem-

146 2981 241 3035 per
278 2966 452 3020 vident
489 2968 667 3036 facient
693 2965 864 3019 Patris
886 2967 1012 3032 mei,
1046 2966 1129 3036 qui
1155 2966 1206 3018 in
1235 2966 1369 3018 caelis
1396 2975 1469 3019 est
1502 2963 1724 3035 (Matth.

150 3072 312 3126 xvm,
340 3060 449 3129 10).
476 3059 623 3115 Sicut
648 3073 773 3128 ergo
802 3058 878 3112 illi
909 3058 1087 3111 vident
1107 3100 1121 3121 ,
1154 3058 1222 3110 ita
1246 3065 1299 3111 et
1324 3072 1421 3111 nos
1451 3057 1610 3110 visuri
1637 3071 1728 3109 sn-

149 3166 322 3207 mus:
357 3151 450 3206 sed
492 3151 728 3205 nondum
776 3151 846 3204 ita
893 3150 1149 3204 videmus.
1198 3150 1419 3217 Propter
1464 3148 1602 3217 quod
1656 3147 1731 3200 ait

152 3242 455 3312 Apostolus
475 3283 491 3308 ,
523 3243 661 3312 quod
693 3241 846 3310 paulo
870 3252 994 3294 ante
1032 3240 1145 3294 dixi
1165 3281 1180 3306 ,
1221 3238 1452 3292 Videmus
1484 3253 1616 3289 nunc
1644 3252 1732 3305 per

151 3333 421 3401 speculum
465 3332 518 3386 in
561 3334 859 3402 wnigmate,
889 3342 1006 3385 tunc
1047 3340 1212 3383 autem
1255 3330 1383 3398 facie
1423 3328 1491 3381 ad
1527 3329 1727 3398 faciem.

156 3423 447 3477 i’razmium
488 3424 665 3491 itaque
711 3422 831 3476 lidei
875 3423 1029 3476 nobis
1053 3422 1187 3476 visio
1230 3422 1329 3475 ista
1375 3429 1634 3486 servatur,
1666 3420 1732 3475 de

153 3529 264 3583 qua
292 3522 348 3569 et
374 3514 604 3569 Joannes
648 3514 916 3583 apostolus
955 3514 1208 3583 loquens,
1237 3512 1362 3567 Cum
1392 3511 1723 3582 apparuerit,

156 3604 354 3674 inquit,
385 3605 570 3659 similes
593 3606 637 3658 ei
665 3605 866 3668 erimus,
893 3605 1131 3674 quoniam
1150 3603 1424 3657 videbimus
1453 3617 1564 3657 eum
1588 3601 1733 3654 sicuti

155 3705 231 3748 est
260 3694 307 3766 (1
325 3693 482 3749 Ιοαη.
505 3710 583 3759 ιιι,
609 3694 690 3765 2).
718 3695 902 3750 Facies
929 3704 1103 3748 autem
1128 3694 1221 3748 Dei
1244 3693 1597 3749 manifestatio
1619 3693 1733 3761 ejus

157 3783 510 3853 intelligenda
547 3794 661 3849 est,
696 3800 799 3838 non
829 3784 1040 3855 aliquod
1082 3785 1183 3839 tale
1227 3785 1554 3851 membrum,
1581 3781 1736 3853 quale

156 3886 264 3926 nos
293 3871 552 3927 habemus
580 3874 631 3927 in
662 3887 885 3943 corpore
905 3916 921 3942 ,
949 3886 1107 3944 atque
1136 3875 1238 3929 isto
1274 3875 1490 3929 nomine
1530 3890 1735 3929 nuncu-

156 3976 358 4032 pamus
387 3960 485 4033 (a).

233 4053 290 4107 2.
323 4053 655 4124 QuaprOpter
690 4068 809 4108 cum
856 4070 919 4109 ex
967 4070 1051 4109 me
1086 4058 1360 4125 qumritur,
1402 4056 1525 4125 quid
1569 4056 1735 4111 acturi

160 4145 274 4197 sint
304 4144 478 4198 sancti
523 4144 575 4198 in
621 4144 713 4198 illo
757 4160 980 4213 corpore
1007 4145 1286 4213 spirituali,
1318 4160 1423 4198 non
1452 4145 1573 4198 dico
1596 4144 1737 4214 quod

163 4237 275 4305 iam
304 4236 481 4301 video,
506 4235 598 4290 sed
618 4236 739 4289 dico
762 4235 901 4305 quod
922 4235 1082 4289 credo
1105 4252 1117 4289 :
1145 4237 1432 4291 secundum
1459 4234 1583 4288 illud
1600 4235 1739 4304 quod

165 4328 223 4381 in
270 4328 484 4381 Psahno
526 4329 676 4397 lego,
719 4326 952 4391 Credidi,
984 4337 1185 4398 propter
1223 4328 1355 4396 quod
1393 4328 1587 4380 locutus
1631 4343 1742 4379 sum

170 4416 346 4487 (Psal.
370 4432 493 4481 cxv,
519 4417 626 4487 10).
653 4418 777 4470 Dico
794 4416 987 4486 itaque,
1018 4416 1191 4469 Visuri
1219 4426 1339 4469 sunt
1360 4416 1525 4469 Deum
1550 4416 1600 4468 in
1626 4416 1738 4482 ipso

175 4521 407 4575 corpore
433 4524 445 4559 :
476 4506 568 4561 sed
590 4516 764 4561 utrum
790 4522 883 4575 per
903 4507 1096 4575 ipsum,
1124 4506 1258 4559 sicut
1282 4520 1375 4574 per
1393 4519 1586 4574 corpus
1606 4519 1744 4558 nunc

178 4599 424 4653 videmus
453 4598 642 4665 solem,
675 4598 874 4661 lunam,
904 4598 1116 4662 stellas,
1140 4611 1324 4661 mare,
1350 4612 1411 4650 ac
1439 4604 1663 4656 terram,
1693 4605 1745 4648 et

177 4705 297 4761 qum
323 4698 448 4745 sunt
476 4690 527 4742 in
554 4705 614 4743 ea
636 4730 651 4754 ,
693 4704 795 4743 non
827 4703 983 4757 parva
1012 4688 1236 4757 quiestio
1281 4697 1383 4741 est.
1424 4687 1621 4740 Durum
1665 4695 1743 4738 est

182 4782 323 4837 enim
354 4780 529 4835 dicere
550 4779 687 4847 quod
717 4779 886 4833 sancti
914 4779 1035 4833 talia
1056 4792 1279 4847 corpora
1309 4787 1434 4831 tunc
1456 4777 1744 4843 habebunt,

182 4882 237 4925 ut
281 4888 387 4925 non
434 4872 637 4941 possint
677 4870 859 4923 oculos
887 4869 1133 4923 claudere
1171 4877 1337 4937 atque
1372 4868 1577 4937 aperire
1625 4882 1745 4921 cum

180 4963 380 5015 volent.
413 4961 601 5015 Durius
626 4969 821 5022 autem,
849 4959 988 5029 quod
1021 4958 1091 5013 ibi
1120 4959 1314 5025 Deum,
1343 4959 1579 5027 quisquis
1605 4974 1740 5012 ocu-

183 5052 267 5108 los
294 5054 543 5108 clauserit
563 5094 579 5119 ,
611 5068 715 5106 non
746 5051 962 5107 videbit.
990 5051 1047 5106 Si
1076 5051 1215 5106 enim
1249 5051 1503 5121 propheta
1532 5050 1749 5105 Elisaeus

184 5158 409 5212 puerum
437 5158 588 5197 suum
616 5142 760 5198 Giezi
783 5142 974 5196 absens
1003 5156 1228 5211 corpore
1253 5137 1381 5196 vidit
1404 5141 1748 5210 accipientem

183 5247 425 5299 munera,
451 5248 568 5302 quae
591 5233 736 5286 dedit
764 5233 810 5287 ei
839 5230 1074 5286 Naaman
1096 5233 1281 5305 Syrus,
1308 5248 1463 5302 quem
1494 5230 1750 5301 propheta

186 5330 508 5377 memoratus
545 5337 573 5374 a
604 5323 764 5390 leprte
804 5322 1138 5377 deformitate
1182 5322 1564 5387 mandaverat,
1610 5319 1749 5389 quod

189 5426 375 5468 servus
411 5427 637 5482 nequam
664 5412 878 5466 domino
904 5428 1001 5467 suo
1035 5427 1138 5467 non
1169 5412 1399 5476 vidente,
1441 5412 1666 5465 latenter
1692 5424 1753 5464 se

192 5499 380 5557 fecisse
405 5510 676 5572 putaverat
702 5502 801 5573 (IV
827 5502 955 5573 Reg.
986 5519 1038 5567 v,
1067 5502 1255 5574 8-27);
1283 5510 1475 5572 quanto
1504 5499 1668 5570 magis
1699 5498 1749 5552 in

252 5635 269 5666 ι
305 5634 408 5684 sola
432 5637 580 5685 editio
600 5642 733 5693 Lov.,
759 5636 965 5687 modulo.

254 5694 326 5758 (τι)
358 5695 486 5745 Ueni.
510 5699 652 5759 Epist.
684 5698 785 5747 H7.

1797 633 1926 688 pore
1966 615 2252 671 absentes?
2290 613 2438 668 Tunc
2475 612 2617 667 enim
2654 610 2755 665 erit
2790 608 3080 678 perfectum
3110 602 3256 669 illud,
3288 601 3356 656 de

1796 725 1903 780 quo
1931 709 2151 778 loquens
2174 706 2487 775 Apostolus,
2517 702 2603 757 Ea:
2632 713 2804 772 parte,
2831 698 3032 769 inquit,
3064 696 3245 751 scimus
3266 734 3280 759 ,
3311 701 3358 746 et

1800 816 1861 853 ea:
1882 808 2020 869 parte
2047 800 2435 867 prop/letamus;
2472 811 2583 848 cum
2611 802 2774 846 autem
2809 789 2991 844 venerit
3032 785 3165 856 quod
3196 787 3358 853 perfe-

1800 900 1934 943 ctum
1970 899 2078 954 est,
2109 888 2243 958 quod
2280 903 2340 940 ea:
2378 896 2518 956 parte
2554 893 2624 937 est
2663 882 2996 936 evacuabitur.
3040 874 3238 930 Deinde
3283 881 3356 937 ut,

1801 978 2070 1048 quomodo
2128 986 2344 1046 posset,
2404 976 2578 1044 aliqua
2625 970 2967 1027 similitudine
3017 964 3359 1028 ostenderet,

1802 1078 2053 1139 quantum
2082 1068 2149 1122 ab
2176 1067 2261 1120 illa
2292 1082 2407 1136 qua:
2436 1064 2605 1119 futura
2632 1071 2715 1117 est
2739 1061 2896 1115 distet
2934 1057 3047 1111 haec
3081 1055 3185 1109 vita
3206 1093 3221 1119 ,
3258 1065 3362 1105 non

1804 1157 2261 1227 qualiumcumque
2282 1155 2575 1219 hominum,
2601 1166 2784 1205 verum
2806 1148 2962 1204 etiam
2990 1145 3079 1215 qui
3103 1141 3363 1212 praecipua

1807 1249 1892 1304 hic
1917 1250 2191 1304 sanctitate
2216 1255 2339 1300 sunt
2372 1244 2573 1314 przediti
2601 1261 2613 1296 :
2643 1241 2767 1296 Cum
2791 1255 2977 1303 essem,
3010 1234 3206 1317 inquit,
3244 1246 3365 1299 par-

1807 1339 1949 1393 vulus
1973 1380 1988 1405 ,
2017 1338 2157 1409 quasi
2186 1337 2419 1407 parvulus
2448 1333 2700 1401 sapiebam
2720 1371 2733 1395 ,
2762 1330 2902 1400 quasi
2935 1326 3169 1397 parvulus
3197 1321 3367 1389 loque-

1808 1429 1915 1495 bar,
1944 1429 2085 1499 quasi
2123 1427 2362 1497 parvulus
2394 1422 2705 1493 cogitabam;
2739 1435 2849 1471 cum
2872 1425 3033 1469 autem
3069 1416 3231 1483 factus
3258 1423 3367 1461 sum

1809 1522 1902 1586 vir,
1935 1519 2166 1573 evacuavi
2194 1534 2250 1569 ea
2277 1531 2387 1585 qua:
2418 1510 2612 1583 parvuli
2639 1519 2801 1564 erant.
2845 1505 3078 1560 Videmus
3116 1516 3246 1555 nunc
3284 1514 3373 1568 per

1809 1611 2066 1681 speculum
2088 1610 2138 1661 in
2158 1608 2436 1677 wnigmate,
2462 1616 2577 1656 tunc
2596 1610 2759 1655 autem
2776 1600 2903 1669 facie
2924 1596 2989 1648 ad
3004 1595 3199 1664 faciem.
3222 1590 3374 1644 Nunc

1813 1704 1915 1756 scio
1944 1717 2005 1755 ea:
2036 1709 2203 1770 parte,
2242 1708 2357 1750 tunc
2387 1705 2551 1747 autem
2580 1706 2873 1762 cognoscam
2910 1688 3035 1740 sicut
3070 1693 3115 1738 et
3149 1682 3376 1752 cognitus

1812 1808 1920 1846 sum
1942 1791 2003 1863 (1
2031 1789 2147 1844 Cor.
2174 1804 2287 1850 xm,
2320 1787 2403 1850 il,
2431 1783 2495 1837 12
2514 1782 2553 1856 ).
2584 1782 2637 1837 Si
2665 1796 2789 1850 ergo
2817 1782 2866 1832 in
2893 1778 2991 1830 hac
3014 1776 3141 1837 vita,
3164 1772 3251 1826 ubi
3283 1771 3378 1863 ho:

1816 1858 2014 1935 minum
2046 1878 2367 1933 mirabilium
2403 1872 2675 1947 prophetia
2712 1872 2780 1924 ita
2809 1863 3165 1936 comparanda
3195 1870 3275 1915 est
3302 1858 3377 1912 illi

1816 1974 1935 2026 vitae
1964 1970 2112 2041 quasi
2152 1966 2354 2039 parvuli
2382 1966 2446 2019 ad
2485 1965 2733 2034 juvenem
2759 2002 2773 2026 ,
2796 1958 2927 2013 vidit
2957 1967 3130 2010 tamen
3156 1952 3378 2006 Elisazus

1816 2064 2159 2132 accipientem
2184 2072 2402 2113 munera
2423 2069 2632 2111 servum
2660 2067 2833 2117 suum,
2858 2048 2946 2102 ubi
2975 2048 3086 2116 ipse
3111 2058 3213 2098 non
3231 2048 3379 2103 erat;

1820 2155 1961 2207 itane
1988 2166 2107 2206 cum
2138 2148 2341 2204 venerit
2365 2146 2505 2216 quod
2536 2142 2829 2214 perfectum
2860 2147 2940 2192 est
2959 2179 2973 2203 ,
3002 2150 3100 2190 nec
3125 2134 3231 2203 jam
3257 2144 3380 2184 cor-

1820 2258 1917 2313 pus
1945 2239 2287 2311 corruptibile
2315 2235 2614 2307 aggravabit
2643 2234 2870 2288 animam
2892 2270 2904 2294 ,
2938 2226 3031 2283 sed
3071 2220 3386 2289 incorrupti-

1822 2335 1926 2388 bile
1954 2333 2084 2386 nihil
2115 2329 2382 2400 impediet,
2409 2328 2477 2381 illi
2506 2325 2673 2381 sancti
2699 2323 2765 2377 ad
2794 2338 2852 2377 ea
2882 2334 2996 2389 qua:
3017 2314 3242 2371 videnda
3263 2319 3386 2366 sunt

1823 2426 1988 2481 oculis
2016 2423 2322 2491 corporeis,
2361 2421 2551 2490 quibus
2588 2418 2809 2472 Elismus
2839 2414 3030 2468 absens
3069 2409 3133 2463 ad
3174 2419 3383 2459 servum

1823 2532 1975 2571 suum
2007 2513 2286 2568 videndum
2331 2527 2434 2565 non
2479 2509 2735 2579 indiguit,
2766 2502 3109 2574 indigebunt?
3133 2499 3262 2553 Nam
3304 2510 3388 2549 se-

1825 2609 2051 2665 cundum
2083 2608 2398 2676 interpretes
2428 2602 2767 2672 Septuaginta
2787 2639 2801 2661 ,
2832 2598 2930 2651 ista
2973 2602 3096 2648 sunt
3133 2590 3197 2644 ad
3244 2586 3388 2643 Giezi

1826 2700 1985 2755 verba
2014 2698 2292 2767 Prophetas
2316 2714 2329 2749 :
2361 2694 2542 2748 Nonne
2572 2708 2659 2747 cor
2686 2704 2847 2743 meum
2876 2686 2930 2738 iit
2957 2693 3116 2737 tecum
3142 2724 3156 2747 ,
3176 2677 3388 2750 quando

1826 2808 2088 2845 conversus
2108 2800 2180 2843 est
2204 2792 2218 2820 ί
2248 2790 2322 2843 vir
2350 2789 2413 2840 de
2439 2800 2591 2839 curru
2620 2798 2708 2836 suo
2734 2780 2783 2834 in
2810 2779 3002 2832 obviam
3033 2774 3117 2827 tibi
3138 2815 3151 2838 ,
3180 2781 3223 2825 et
3253 2785 3393 2822 acce-

1830 2882 1943 2953 pisti
1974 2882 2234 2951 pecuniam
2259 2880 2276 2948 (
2304 2877 2367 2931 IV
2398 2876 2521 2946 Iieg.
2555 2890 2607 2937 v,
2638 2872 2707 2927 26
2727 2871 2779 2941 )?
2802 2878 2855 2924 et
2888 2876 3097 2921 caetera.
3126 2863 3273 2916 Sicut
3303 2874 3393 2910 auo

1832 2982 1935 3025 tem
1967 2987 2029 3026 ex
2059 2970 2281 3024 Hebrmo
2303 2969 2680 3035 interpretatus
2705 2970 2787 3017 est
2813 2958 3094 3029 presbyter
3134 2953 3393 3019 Hierony-

1832 3075 1970 3122 mus,
2003 3058 2183 3112 Nonne
2202 3074 2287 3110 cor
2310 3072 2491 3120 meum,
2517 3052 2704 3122 inquit,
2727 3051 2780 3103 in
2801 3046 3030 3118 pra’senti
3050 3051 3173 3105 erat,
3197 3038 3395 3110 quando

1832 3168 2053 3206 reversus
2078 3159 2148 3203 est
2174 3151 2320 3202 homo
2347 3148 2407 3199 de
2435 3161 2591 3198 curru
2615 3158 2705 3195 suo
2734 3142 2784 3194 in
2811 3151 3070 3191 occursum
3094 3132 3163 3184 tui
3182 3128 3397 3183 ?Corde

1833 3257 1930 3297 suo
1960 3256 2017 3296 se
2046 3239 2177 3294 dixit
2201 3238 2301 3291 hoc
2332 3235 2528 3289 vidisse
2555 3231 2838 3300 PrOpheta,
2866 3226 3043 3296 adjuto
3064 3220 3275 3292 quidem
3307 3215 3397 3271 mi-

1833 3334 2091 3398 rabiliter,
2114 3330 2260 3386 nullo
2287 3328 2559 3384 dubitante
2577 3368 2591 3392 ,
2621 3322 2890 3378 divinitus.
2915 3317 3021 3374 Sed
3046 3323 3242 3387 quanto
3280 3325 3395 3363 am-

1835 3425 1974 3496 plius
1996 3433 2122 3477 tunc
2142 3435 2329 3475 omnes
2350 3432 2567 3473 munere
2596 3417 2696 3469 isto
2725 3409 3084 3473 abundabunt,
3112 3420 3231 3459 cum
3259 3402 3399 3455 Deus

1834 3517 1937 3572 erit
1967 3514 2142 3569 omnia
2170 3514 2219 3567 in
2249 3510 2492 3565 omnibus
2519 3507 2562 3578 (Ι
2586 3506 2703 3560 Cor.
2734 3519 2825 3569 xv,
2847 3501 2977 3570 9.8)?
3010 3496 3285 3552 llabebunt
3324 3500 3403 3544 ta-

1839 3622 1963 3661 men
1987 3606 2146 3660 etiam
2178 3603 2255 3657 illi
2294 3601 2435 3655 oculi
2474 3597 2716 3667 corporei
2758 3592 2994 3649 oflieium
3038 3601 3221 3651 suum,
3265 3591 3317 3638 et
3347 3582 3401 3634 in

1837 3697 1954 3752 loco
1983 3709 2079 3750 suo
2105 3703 2293 3757 erunt,
2321 3699 2599 3758 uteturque
2630 3687 2731 3740 illis
2756 3683 2969 3753 spiritus
3011 3694 3103 3749 per
3130 3672 3403 3745 spirituale

1838 3800 2051 3858 corpus.
2075 3785 2255 3855 Neque
2280 3782 2419 3838 enim
2440 3789 2492 3835 et
2521 3779 2608 3833 ille
2634 3774 2917 3846 Propheta,
2940 3770 3061 3842 quia
3090 3782 3193 3821 non
3223 3763 3300 3858 eis
3326 3763 3406 3858 in—

1839 3852 2005 3951 diguit
2029 3887 2086 3933 ut
2110 3852 2313 3932 videret
2342 3874 2649 3937 absentem,
2693 3883 2797 3923 non
2827 3866 2903 3920 eis
2941 3875 3066 3917 usus
3101 3865 3182 3913 est
3220 3854 3284 3910 ad
3328 3852 3407 3906 vi-

1842 3972 2012 4026 denda
2044 3969 2356 4039 praesentia;
2385 3980 2502 4035 qum
2533 3973 2705 4017 tamen
2752 3958 2936 4029 spiritu
2966 3953 3145 4007 videre
3191 3952 3403 4019 posset,

1842 4060 2048 4116 etiamsi
2081 4060 2198 4113 illos
2222 4057 2518 4117 clauderet,
2548 4054 2682 4106 sicut
2708 4050 2837 4103 vidit
2862 4045 3099 4100 absentia
3123 4081 3138 4107 ,
3171 4040 3259 4094 ubi
3286 4052 3406 4091 cum

1844 4152 1921 4205 eis
1951 4150 2063 4220 ipse
2085 4163 2191 4201 non
2218 4156 2351 4201 erat.
2376 4145 2527 4197 Absit
2554 4157 2699 4209 ergo,
2725 4148 2781 4191 ut
2802 4139 3037 4191 dicamus
3060 4133 3176 4187 illos
3198 4136 3409 4184 sanctos

1845 4243 1895 4296 in
1940 4240 2025 4293 illa
2063 4240 2168 4292 vita
2216 4238 2377 4289 Deum
2409 4232 2603 4287 clausis
2633 4228 2802 4283 oculis
2842 4240 2946 4280 non
2982 4223 3222 4286 visuros,
3252 4232 3407 4288 quem

1846 4332 2034 4401 spiritu
2066 4343 2276 4396 semper
2303 4323 2574 4379 videbunt.

1917 4422 1970 4475 5.
2014 4418 2116 4474 Sed
2167 4426 2343 4471 utrum
2391 4413 2650 4467 videbunt
2679 4417 2732 4464 et
2780 4422 2873 4477 per
2921 4404 3100 4459 oculos
3138 4399 3409 4471 corporis,

1847 4527 1965 4567 cum
1990 4526 2082 4565 eos
2111 4516 2321 4578 apertos
2335 4504 2600 4559 habebunt
2619 4543 2633 4567 ,
2662 4500 2784 4555 inde
2811 4496 3030 4567 quaestio
3069 4498 3169 4548 est.
3188 4490 3243 4545 Si
3269 4490 3411 4543 enim

1850 4612 2050 4657 tantum
2083 4605 2325 4669 poterunt
2358 4598 2408 4649 in
2439 4608 2663 4662 corpore
2683 4587 2939 4660 spirituali
2961 4600 3025 4640 eo
3053 4582 3210 4637 modo
3233 4580 3412 4648 utique

1849 4692 2008 4748 etiam
2043 4690 2140 4761 ipsi
2190 4687 2327 4743 oculi
2372 4683 2706 4754 spirituales,
2760 4686 3013 4748 quantum
3060 4680 3279 4743 possunt
3328 4670 3414 4724 isti

1850 4784 2033 4855 quales
2064 4795 2202 4835 nunc
2244 4779 2531 4841 habemus;
2566 4771 2749 4843 procul
2792 4770 2951 4824 dubio
2996 4781 3088 4837 per
3124 4778 3218 4819 eos
3276 4762 3412 4815 Deus

1852 4876 2016 4931 videri
2046 4890 2148 4929 non
2177 4872 2386 4942 poterit.
2418 4869 2595 4936 Longe
2619 4866 2794 4934 itaque
2815 4860 3031 4915 alterius
3049 4866 3203 4913 erunt
3224 4865 3415 4926 poten-

1854 4969 1938 5023 tia:
1959 5008 1974 5035 ,
2007 4967 2050 5021 si
2076 4981 2170 5034 per
2195 4978 2287 5019 eos
2307 4960 2569 5015 videbitur
2595 4957 2904 5023 incorporea
2935 4951 3021 5003 illa
3047 4958 3230 5002 natura
3251 4986 3264 5011 ,
3294 4960 3413 5014 qua:

1854 5074 1958 5113 non
2005 5057 2302 5111 continetur
2328 5054 2442 5107 loco
2466 5093 2480 5117 ,
2522 5048 2614 5103 sed
2644 5046 2834 5115 ubique
2863 5051 2966 5095 tota
3010 5047 3111 5093 est.
3139 5037 3250 5092 Non
3273 5036 3412 5090 enim

1853 5153 1972 5222 quia
1994 5151 2216 5205 dicimus
2244 5148 2405 5200 Deum
2432 5153 2485 5197 et
2514 5142 2567 5194 in
2595 5140 2729 5193 coelo
2754 5150 2872 5189 esse
2891 5175 2905 5197 ,
2938 5140 2990 5185 et
3020 5131 3070 5183 in
3100 5138 3246 5222 terra.
3267 5125 3286 5195 (
3304 5125 3417 5222 ipse

1856 5218 2048 5315 quippe
2073 5244 2144 5297 ait
2174 5256 2267 5311 per
2292 5236 2634 5306 Prophetam,
2658 5230 2844 5285 Cretum
2858 5235 2903 5280 et
2925 5235 3106 5277 terram
3124 5235 3213 5289 ego
3230 5218 3413 5317 impleo

1857 5314 2066 5407 (lerant.
2084 5348 2230 5398 xxm,
2256 5329 2393 5402 24]),
2411 5328 2565 5382 aliam
2588 5331 2788 5393 partem
2818 5314 3005 5371 dicturi
3026 5324 3207 5367 sumus
3225 5323 3345 5362 eum
3364 5314 3416 5359 in

1856 5402 1994 5484 caelo
2019 5426 2213 5481 habere
2231 5466 2246 5491 ,
2268 5433 2319 5478 et
2340 5423 2392 5476 in
2418 5430 2555 5475 terra
2581 5416 2769 5471 aliam:
2798 5410 2890 5465 sed
2916 5415 3054 5462 totus
3076 5405 3127 5459 in
3153 5402 3287 5458 coelo
3316 5408 3415 5465 est,

1920 5565 1938 5595 ί
1972 5563 2044 5610 sic
2064 5567 2170 5608 Mss.
2197 5564 2251 5606 Αι
2272 5554 2404 5603 \‘ind.
2431 5560 2528 5600 Am.
2553 5556 2646 5607 Er.,
2674 5553 2830 5595 Nonne
2852 5554 2934 5591 cor
2949 5550 3103 5590 meum
3128 5543 3284 5610 tecum
3296 5535 3419 5610 eiet:

1859 5599 2048 5688 quando
2066 5599 2433 5688 “Eariie'i'stig'éu,
2460 5599 2913 5688 etc._l{ov.,npn’onne
2948 5615 3030 5652 cor
3069 5610 3225 5650 meum
3265 5599 3423 5645 teth

1861 5674 1984 5746 erat,
2003 5688 2047 5734 et
2068 5680 2175 5732 novi
2195 5678 2319 5742 quod
2337 5686 2586 5727 conversus
2607 5675 2694 5732 est,
2720 5674 2813 5717 etc.
