3926 6386
625 342 728 400 799

627 464 767 510 totus
797 454 847 508 in
877 461 1050 512 terra:
1079 466 1181 507 non
1205 449 1421 506 alternis
1465 448 1790 519 temporibus
1811 489 1825 511 ,
1853 447 1945 502 sed
1987 455 2191 500 utrum-

626 560 729 614 que
756 544 945 608 simul,
974 542 1115 613 quod
1154 542 1296 597 nulla
1328 550 1511 595 natura
1541 539 1830 610 corporalis
1882 548 2071 608 potest.
2102 536 2193 590 Vis

628 634 802 703 itaque
828 632 1221 701 prmpollcntior
1246 630 1518 685 oculorum
1566 630 1667 683 erit
1716 628 1921 682 illorum
1946 668 1962 693 ,
1986 642 2090 680 non
2139 635 2195 681 ut

626 726 802 778 acrius
830 725 1076 789 videant,
1101 739 1257 794 quam
1280 722 1492 793 quidam
1524 721 1864 791 perhibentur
1879 720 2057 775 videre
2083 734 2195 773 scr-

627 824 812 883 pentes
839 816 921 869 vel
950 814 1140 884 aquila!
1166 812 1528 884 (quantalibet
1554 813 1694 867 enim
1742 810 2029 866 acrimonia
2075 824 2193 863 cer-

629 904 784 957 nendi
842 904 1025 958 eadem
1082 920 1294 974 quoque
1344 903 1590 957 animalia
1632 902 1762 957 nihil
1792 900 1933 955 aliud
1977 909 2197 970 possunt

628 996 809 1050 videre
837 1011 995 1065 quam
1022 997 1310 1067 corpora):
1340 996 1432 1051 sed
1460 1006 1517 1051 ut
1541 996 1751 1051 videant
1789 1004 1846 1050 et
1891 995 2197 1063 incorpora-

629 1084 717 1138 lia.
752 1087 815 1139 Et
841 1086 1062 1141 fortasse
1093 1089 1189 1141 ista
1220 1089 1384 1142 virtus
1406 1103 1589 1156 magna
1611 1085 1860 1141 cernendi
1888 1084 2007 1139 data
2038 1084 2197 1139 fuerit

629 1173 694 1227 ad
726 1174 909 1229 horam
938 1178 1096 1230 etiam
1122 1178 1171 1231 in
1203 1178 1303 1231 isto
1328 1178 1534 1232 mortali
1564 1191 1787 1245 corpore
1812 1176 1981 1230 oculis
2028 1176 2194 1229 sancti

629 1266 726 1318 viri
754 1266 873 1332 Job,
907 1268 1117 1336 quando
1137 1269 1211 1322 ait
1236 1268 1301 1322 ad
1333 1269 1496 1323 Deum
1520 1310 1535 1335 ,
1568 1268 1633 1320 In
1661 1267 1899 1320 obauditu
1926 1267 2061 1321 auris
2101 1282 2194 1318 au-

630 1356 824 1410 diebant
854 1361 868 1388 ¹
898 1369 946 1411 te
971 1360 1140 1428 prius,
1176 1375 1305 1412 nunc
1350 1367 1514 1412 autent
1556 1357 1730 1411 oculus
1759 1374 1893 1409 meus
1931 1356 2059 1410 videt
2109 1365 2196 1419 te;

630 1454 868 1512 proptere
893 1446 1095 1515 despexi
1140 1448 1513 1515 memetipsum,
1545 1456 1591 1500 et
1639 1447 1881 1508 dislabui,
1933 1454 1977 1498 et
2028 1444 2197 1497 existi-

628 1537 759 1588 mavi
785 1553 861 1589 me
888 1548 1079 1590 terram
1106 1540 1365 1592 etcincrem
1397 1538 1515 1609 (Job
1544 1554 1668 1603 XLII,
1694 1539 1725 1592 5
1748 1549 1791 1591 et
1808 1538 1859 1603 6,
1879 1554 1977 1590 sec.
1999 1536 2191 1607 LXX).

628 1624 876 1690 Quamvis
898 1627 983 1681 hic
1006 1628 1137 1681 nihil
1181 1629 1455 1697 prohibeat
1474 1630 1682 1683 oculum
1724 1629 1899 1684 cordis
1946 1629 2193 1699 intelligi,

627 1714 695 1770 de
723 1716 913 1785 quibus
968 1718 1137 1772 oculis
1192 1720 1265 1772 ait
1293 1720 1607 1788 Apostolus:
1656 1720 1978 1774 Illnminatos
2027 1719 2197 1775 oculos

630 1806 809 1859 habere
836 1808 1000 1860 cordis
1036 1809 1181 1861 vestri
1210 1808 1423 1879 (Ephes.
1452 1825 1486 1874 ι,
1518 1810 1628 1879 18).
1669 1811 1799 1880 ipsis
1828 1822 2001 1865 autem
2030 1811 2195 1865 videri

631 1893 818 1957 Deum,
842 1911 961 1949 cum
993 1898 1271 1963 videbitur,
1304 1899 1631 1954 Christianus
1655 1900 1872 1971 ambigit
1898 1916 2053 1956 nemo
2071 1943 2085 1967 ,
2109 1901 2195 1970 qui

630 1982 859 2038 fideliter
884 1988 1106 2056 accipit,
1136 1990 1274 2057 quod
1301 1990 1373 2043 ait
1422 1991 1561 2045 Deus
1607 1991 1695 2046 ille
1741 1993 2021 2061 magister:
2054 1992 2197 2045 Beati

628 2073 805 2125 mundi
833 2076 1015 2141 corde,
1038 2079 1274 2147 quoniam
1311 2081 1409 2148 ipsi
1446 2079 1608 2133 Deum
1646 2082 1872 2135 videbunt
1900 2081 2112 2154 (Matth.
2144 2098 2190 2147 v,

630 2162 708 2233 8).
741 2163 844 2219 Sed
878 2176 1050 2222 utrum
1079 2171 1235 2224 etiam
1261 2172 1624 2241 corporalibus
1646 2174 1812 2229 oculis
1841 2174 1911 2228 ibi
1935 2174 2193 2241 videatur,

631 2252 731 2307 hoc
757 2254 807 2307 in
837 2255 933 2309 ista
962 2260 1254 2327 qumstione
1275 2276 1564 2317 versamus.

696 2344 752 2398 4.
792 2346 923 2401 Illud
954 2351 1093 2403 enim
1115 2352 1254 2419 quod
1283 2354 1535 2423 scriptum
1558 2364 1664 2420 est,
1699 2353 1766 2408 Et
1809 2356 1988 2409 videbit
2034 2358 2195 2411 omnis

626 2449 744 2488 caro
772 2438 993 2493 salutare
1020 2440 1113 2494 Dei
1138 2442 1287 2509 (Luc.
1318 2459 1372 2499 ιιι
1427 2445 1503 2513 6),
1532 2446 1648 2501 sine
1669 2447 1823 2501 ullius
1865 2449 2005 2503 nodo
2054 2450 2193 2503 diffi-

630 2525 844 2581 cultatis
872 2528 949 2583 sic
992 2531 1209 2602 intelligi
1264 2544 1472 2603 potest,
1500 2550 1562 2589 ac
1587 2536 1630 2589 si
1662 2536 1857 2591 dictum
1908 2538 2097 2604 fuerit,
2133 2541 2195 2595 Et

625 2612 819 2668 videbit
841 2620 1011 2672 omnis
1042 2620 1201 2676 homo
1225 2622 1490 2679 Christum
1522 2626 1643 2679 Dei:
1675 2627 1762 2696 qui
1796 2627 1973 2697 utique
1994 2630 2043 2682 iu
2076 2644 2195 2684 cor-

627 2718 756 2772 pore
784 2707 923 2762 visus
952 2720 1061 2775 est,
1084 2721 1137 2765 ct
1164 2714 1215 2767 in
1245 2728 1467 2783 corpore
1496 2716 1777 2783 videbitur,
1809 2719 2020 2787 quando
2048 2720 2195 2776 vivos

626 2803 682 2847 ct
705 2806 944 2853 mortuos
964 2801 1242 2869 judicabit.
1274 2805 1424 2873 Quod
1466 2817 1643 2862 autem
1687 2809 1801 2877 ipse
1843 2810 1913 2864 sit
1963 2812 2193 2868 salutare

625 2885 751 2952 Dei,
778 2891 939 2945 multa
967 2904 1088 2947 sunt
1117 2904 1169 2950 et
1188 2897 1289 2950 alia
1322 2899 1621 2954 testimonia
1650 2900 2037 2971 Scripturarum
2062 2921 2074 2956 :
2098 2903 2191 2958 sed

625 2980 922 3037 evidentius
952 2989 1235 3042 venerandi
1263 2989 1403 3045 illius
1432 2992 1574 3046 senis
1607 2992 1869 3048 Simeonis
1899 2995 2055 3049 verba
2098 2995 2191 3050 de-

621 3068 845 3136 clarant,
867 3074 954 3142 qui
985 3090 1101 3129 cum
1133 3076 1383 3133 infantem
1413 3080 1679 3136 Christum
1702 3085 1988 3153 accepisset
2006 3085 2055 3138 in
2074 3100 2190 3140 ma-

621 3174 721 3213 nus
740 3176 882 3229 suas,
904 3163 957 3216 Ν
961 3182 1077 3232 unc,
1107 3167 1293 3238 inquit,
1325 3169 1533 3225 dimittis
1560 3188 1753 3226 servum
1776 3183 1934 3237 tuum,
1956 3174 2186 3243 Domine,

622 3254 893 3306 secundum
934 3257 1135 3311 verbum
1174 3270 1335 3325 tuum,
1362 3263 1412 3315 in
1452 3278 1613 3332 pace;
1657 3265 1894 3332 quoniam
1958 3266 2189 3320 viderunt

623 3342 758 3395 oculi
782 3346 877 3398 mei
894 3347 1115 3404 salutare
1136 3360 1297 3405 tuum.
1328 3352 1437 3425 (Id.
1468 3370 1525 3421 ιι,
1550 3354 1653 3421 29,
1681 3355 1793 3426 50).
1843 3356 1973 3411 Illud
2027 3360 2185 3413 etiam

622 3434 762 3502 quod
792 3438 865 3490 ait
886 3452 1045 3507 supra
1070 3452 1392 3498 memoratus
1411 3444 1513 3499 Job
1534 3487 1547 3510 ,
1579 3446 1716 3501 sicut
1766 3446 1818 3501 in
1873 3450 2187 3517 exemplari-

616 3527 717 3583 bus
738 3547 854 3599 qum
882 3548 943 3587 ex
970 3534 1195 3592 llebraao
1246 3549 1368 3593 sunt
1389 3541 1671 3609 invenitur,
1706 3543 1769 3597 Et
1819 3546 1871 3599 in
1900 3562 2049 3599 carne
2078 3564 2186 3601 mea

617 3618 788 3672 videbo
819 3620 978 3675 Deum
1009 3625 1140 3693 (Job
1171 3643 1280 3693 nx,
1308 3629 1395 3693 26,
1424 3648 1522 3685 sec.
1558 3631 1863 3705 angatam)
1896 3652 1908 3687 :
1950 3650 2185 3693 resurre-

614 3708 843 3764 ctionem
875 3713 1086 3781 quidem
1110 3718 1286 3771 carnis
1337 3721 1452 3774 sine
1498 3720 1661 3776 dubio
1710 3724 2178 3799 prophetavit(a);

615 3812 720 3850 non
748 3808 918 3854 tamen
948 3804 1112 3867 dixit,
1139 3806 1239 3860 Per
1258 3823 1470 3862 carnem
1494 3826 1686 3864 meam.
1719 3813 1870 3879 Quod
1890 3815 2102 3885 quidem
2136 3820 2179 3873 si

612 3885 831 3941 dixisset
852 3929 865 3948 .
891 3902 1069 3957 posset
1100 3894 1238 3949 Deus
1262 3895 1503 3952 Christus
1534 3900 1789 3972 intelligi,
1818 3905 1905 3974 qui
1936 3922 2028 3975 per
2056 3923 2178 3962 car-

610 3988 730 4027 nem
754 3976 805 4030 in
832 3993 993 4034 carne
1023 3981 1315 4039 videbitur:
1350 4002 1491 4043 nunc
1520 4005 1649 4045 vero
1675 3998 1848 4062 potest
1899 4004 1952 4050 et
1975 3996 2053 4052 sic
2093 4013 2181 4053 ac-

612 4063 734 4132 tipi.
766 4064 832 4119 In
860 4083 1009 4124 carne
1038 4088 1148 4125 mea
1176 4075 1348 4129 videbo
1377 4075 1540 4132 Deum
1568 4082 1587 4111 ¹
1609 4096 1629 4144 ;
1660 4096 1722 4136 ac
1764 4084 1808 4138 si
1839 4085 2086 4153 dixisset,
2120 4088 2176 4143 In

609 4166 767 4210 tame
816 4173 931 4212 mea
960 4175 1053 4215 ero
1071 4202 1085 4227 ,
1112 4178 1231 4219 cum
1259 4166 1448 4222 videbo
1474 4170 1660 4225 Deum.
1685 4174 1750 4228 Et
1778 4176 1901 4231 illud
1928 4178 2066 4247 quod
2102 4181 2176 4235 ait

606 4245 893 4312 Apostolus
913 4291 927 4315 ,
961 4249 1118 4306 Facie
1145 4256 1211 4307 ad
1236 4257 1411 4323 facient
1434 4259 1478 4329 (l
1499 4260 1613 4315 Cor.
1646 4279 1758 4330 xm,
1791 4266 1899 4335 12),
1927 4245 2031 4322 non
2079 4284 2175 4324 co-

605 4335 682 4405 git
707 4345 762 4390 ut
793 4338 955 4393 Deum
988 4357 1082 4410 per
1106 4345 1243 4401 hanc
1280 4346 1463 4403 faciem
1502 4355 1863 4422 corporalem,
1922 4356 2005 4411 ubi
2052 4370 2173 4415 sunt

604 4426 742 4478 oculi
771 4432 1075 4496 corporales
1094 4474 1109 4499 ,
1138 4452 1235 4490 nos
1257 4437 1461 4494 visuros
1509 4456 1627 4496 esse
1671 4445 1949 4501 credamus
1968 4488 1983 4513 ,
2013 4465 2168 4518 quem

604 4514 790 4580 spiritu
816 4518 929 4572 sine
954 4520 1341 4581 intermissione
1366 4528 1675 4587 videbimus.
1699 4532 1809 4587 Nisi
1859 4537 1998 4590 enim
2029 4514 2171 4595 esset

602 4606 759 4658 etiam
807 4609 1072 4667 interioris
1098 4614 1327 4671 hominis
1382 4618 1578 4686 facies,
1631 4638 1735 4677 non
1781 4624 1983 4681 diceret
2027 4630 2166 4685 idem

599 4697 869 4761 apostolus
888 4741 903 4765 ,
935 4701 1046 4757 Nos
1074 4717 1240 4761 autem
1289 4712 1503 4765 revelata
1529 4714 1660 4782 {acie
1700 4718 1911 4787 gloriam
1958 4719 2164 4776 Domini

597 4787 945 4856 speculantes,
986 4792 1039 4845 in
1076 4797 1299 4850 eamdem
1343 4800 1610 4871 imaginem
1636 4809 2056 4891 transfoqnamur
2103 4812 2166 4867 de

596 4874 758 4968 gloria
799 4879 851 4929 in
872 4880 1113 4950 gloriam,
1145 4896 1381 4955 tanquam
1405 4907 1436 4943 a
1464 4890 1669 4946 Domini
1697 4874 1877 4963 spiritu
1903 4899 1923 4929 ³
1950 4899 2017 4968 (ll
2044 4900 2160 4957 Cor.

592 4976 670 5021 ιιι,
695 4961 802 5033 18).
827 4965 934 5019 Nec
956 4970 1106 5024 aliter
1127 4974 1464 5045 intelligimus
1489 4982 1630 5048 quod
1658 4961 1732 5036 in-
1757 4961 1967 5042 Psalmo
2010 4992 2159 5044 cani-

596 5060 696 5117 tur,
729 5054 959 5111 Accedite
983 5061 1051 5113 ad
1067 5079 1178 5116 eum
1203 5106 1218 5132 ,
1241 5076 1285 5119 et
1308 5069 1663 5127 illuminamini
1681 5115 1696 5141 ,
1724 5085 1769 5129 et
1797 5079 1951 5147 facies
1991 5093 2163 5138 vestrm

654 5192 669 5259 ξ
706 5197 771 5239 ita
794 5192 843 5259 in
866 5197 993 5259 Mss.)
1018 5201 1073 5245 Αι
1093 5197 1143 5245 in
1167 5198 1322 5259 editis,
1343 5199 1671 5254 obaudiebam.

586 5252 994 5363 ujvzgpmnd.
1019 5266 1119 5307 Am.
1147 5268 1199 5309 et
1221 5267 1290 5309 Fr.
1310 5252 1503 5312 additur
1526 5252 1827 5318 boetaan
1851 5268 1972 5333 1000i
1997 5270 2158 5323 εαίυα·

589 5373 1091 5494 ΠΗἰο
1105 5380 1172 5430 ad
1190 5384 1377 5433 Domini
1398 5384 1634 5445 spiritum.
1655 5392 1951 5454 castigantur
1975 5406 2038 5444 ex
2056 5408 2158 5446 ma-

652 5495 1177 5573 (Illl‘ltaﬂierouymus,
1221 5507 1421 5573 Et‘iistola
1441 5508 1522 5573 61,
1546 5509 1606 5558 ad
1628 5515 1989 5573 Pammacliium,
2012 5518 2159 5567 citato

588 5549 799 5632 ita
815 5558 909 5632 top
928 5571 941 5606 :
972 5577 993 5605 ι
1005 5549 1121 5632 (Ξυιά
1139 5549 1496 5632 Βοόῖῗιξιῖἀῖιιῖξ
1508 5549 2158 5632 ἰῐὲὁιῖιῖὲ’ίίἔῖἱίἓιῖιῖἓὲᾶἶῖἶξῖ

593 5627 613 5693 ξ
639 5612 799 5693 iulius
809 5622 916 5693 tan)
949 5612 1123 5693 aperte
1135 5634 1272 5693 _posi_
1297 5612 2157 5693 ariusia",3.15.3"‘i;i3'"£.}313“a‘$ii

592 5688 614 5715 ι
639 5686 782 5735 stum,
806 5675 869 5725 de
886 5675 1242 5736 resurrectione
1258 5675 1799 5750 loquitur—.wi'cbougus:

1679 337 1763 390 DE
1802 333 2117 389 CIVITATE
2161 334 2289 399 DEI,
2330 332 2383 387 S.
2427 333 2787 393 AUGUSTINI
3674 365 3737 417 (tu)

2300 461 2399 499 non
2424 447 2707 502 erubescent
2734 448 2901 521 (Psal.
2928 466 3109 519 xxxm,
3133 452 3210 522 6).
3238 454 3360 512 Fide
3402 458 3565 531 quippe
3598 471 3738 525 accedi.

2301 543 2387 589 tur
2412 535 2475 590 ad
2505 539 2668 592 Deum
2690 581 2703 604 ,
2726 556 2881 609 quam
2906 541 3079 597 cordis
3105 554 3307 599 conStat
3344 561 3451 602 esse
3468 590 3482 614 ,
3504 566 3589 606 non
3612 570 3739 627 eoi-po.

2301 625 2394 678 ris.
2436 626 2541 681 Sed
2589 629 2711 698 quia
2759 630 3030 699 spirituale
3084 647 3278 702 corpus
3318 639 3551 695 nescimus
3588 625 3738 712 quantos

2303 712 2517 770 habebit
2542 733 2789 773 accessus
2812 720 2913 789 (de
2940 737 2997 777 re
3025 723 3225 792 quippe
3252 725 3494 794 inexperta
3520 731 3737 805 loquimur};

2303 805 2392 860 ubi
2420 806 2591 875 aliqua
2609 850 2624 873 ,
2650 824 2768 879 qua:
2796 811 2951 865 aliter
3000 813 3224 883 intelligi
3270 820 3510 885 nequeat‘,
3534 820 3739 882 divinarum

2301 894 2688 965 Seripturarum
2744 915 2849 955 non
2890 903 3122 958 occurrit
3158 913 3214 959 et
3259 908 3491 961 succurrit
3513 915 3739 984 auctoritas,

2302 1002 2518 1042 necesse
2536 998 2617 1043 est
2638 999 2693 1043 ut
2712 992 2979 1061 contingat
3005 993 3056 1046 in
3084 994 3242 1047 nobis
3268 998 3396 1063 quod
3438 998 3591 1068 legitur
3605 1002 3642 1056 in
3658 1006 3741 1061 libro

2300 1072 2617 1145 Sapientia);
2648 1078 2980 1149 Cogitationes
3025 1084 3316 1137 ntortalium
3355 1087 3741 1155 timidte,etincerte

2302 1167 2625 1236 providentia:
2652 1180 2834 1224 nostra
2862 1172 3026 1243 (Sap.
3056 1189 3133 1236 ix,
3158 1173 3284 1244 14).

2371 1257 2424 1311 5.
2466 1257 2815 1314 Ratiocinatio
2854 1262 3047 1331 quippe
3114 1263 3205 1316 illa
3256 1263 3650 1335 philosophorum,
3679 1289 3741 1340 φιλ

2301 1345 2573 1415 disputant
2610 1348 2680 1402 ita
2705 1350 2902 1404 mentis
2932 1362 3152 1420 aspectu
3200 1352 3518 1422 intelligibilia
3557 1358 3741 1425 videri,et

2301 1453 2460 1492 sensu
2484 1440 2722 1508 corporis
2747 1442 3015 1497 sensibilia
3035 1485 3053 1511 ,
3086 1444 3139 1497 id
3171 1453 3285 1511 est,
3312 1449 3590 1515 corporalia,
3612 1461 3652 1504 ut
3680 1468 3740 1508 nec

2301 1527 2646 1599 intelligibilia
2700 1547 2797 1599 per
2838 1546 3065 1602 corpus,
3123 1549 3227 1589 nec
3271 1539 3531 1604 corporalia
3556 1545 3740 1611 perseip-

2301 1623 2436 1677 snm‘
2464 1636 2614 1676 mens
2640 1623 2813 1678 valeat
2833 1625 3021 1680 intueri
3043 1667 3059 1691 ,
3088 1626 3133 1679 si
3158 1636 3331 1695 posset
3357 1628 3489 1683 nobis
3512 1636 3739 1686 essecons-

2300 1716 2455 1779 sima,
2477 1716 2711 1786 profecto
2730 1726 2933 1771 certum
2962 1727 3106 1772 esset
3131 1732 3227 1785 per
3240 1719 3411 1773 oculos
3434 1723 3621 1789 corporis
3636 1725 3737 1778 etiam

2300 1807 2588 1874 spiritualis
2617 1808 2761 1860 nullo
2784 1807 2940 1862 modo
2964 1822 3128 1877 posse
3153 1807 3319 1862 videri
3342 1809 3504 1864 Deum.
3529 1811 3608 1866 Sed
3641 1814 3738 1866 istam

2300 1899 2755 1954 ratiocinationem
2809 1908 2863 1954 et
2907 1915 3029 1954 vera
3080 1901 3219 1954 ratio
3264 1909 3316 1954 et
3334 1901 3588 1969 prophetica
3622 1902 3737 1957 irridet

2301 1994 2606 2045 auctoritas.
2635 1976 2762 2057 Quis
2797 1993 2936 2046 enim
2984 1992 3053 2046 ita
3082 1992 3153 2047 sit
3204 2008 3409 2048 aversus
3430 2008 3456 2047 a
3481 2010 3592 2059 vero,
3614 2006 3653 2049 ut
3684 1997 3735 2049 di-

2300 2095 2421 2134 cere
2441 2080 2632 2135 audeat
2660 2081 2822 2135 Deum
2875 2082 3176 2150 corporalia
3210 2083 3305 2136 ista
3341 2084 3545 2139 nescire?
3564 2084 3735 2153 Numqud

2300 2184 2425 2239 ergo
2451 2184 2642 2238 corpus
2665 2169 2855 2237 habet,
2886 2186 2981 2240 per
3007 2170 3166 2240 cujus
3187 2172 3361 2227 oculos
3387 2187 3440 2227 ea
3465 2174 3593 2243 possit
3622 2175 3734 2228 addis-

2300 2260 2460 2313 cere?
2507 2260 2705 2314 Deinde
2744 2260 2884 2330 quod
2905 2260 2971 2314 de
2994 2260 3256 2331 pr0pheta
3302 2262 3475 2317 Elisseo
3512 2264 3626 2331 paulo
3660 2273 3733 2318 ante

2298 2349 2526 2404 diximus
2545 2391 2559 2415 ,
2585 2365 2763 2406 nonne
2806 2350 2934 2406 satis
2958 2351 3161 2406 indicat
3180 2354 3333 2406 etiam
3368 2352 3547 2422 spiritu,
3570 2368 3646 2407 non
3676 2370 3731 2422 per

2298 2453 2490 2506 enrpus
2507 2480 2521 2506 ,
2549 2440 2842 2510 corporalia
2868 2455 3025 2510 posse
3066 2441 3256 2495 cerni?
3284 2440 3480 2507 Quando
3492 2443 3601 2496 enim
3618 2458 3733 2497 sentis

2300 2531 2387 2585 ille
2414 2546 2630 2585 munera
2655 2532 2892 2601 accepit,
2914 2532 3095 2602 utique
3128 2532 3454 2603 corporaliter
3472 2542 3627 2603 gestum
3658 2545 3727 2599 est;

2297 2621 2437 2691 quod
2464 2631 2638 2676 tamen
2665 2621 2927 2691 Propheta
2955 2636 3055 2676 non
3086 2638 3185 2692 per
3209 2638 3418 2694 corpus,
3436 2624 3514 2677 sed
3536 2638 3604 2692 per
3637 2624 3730 2691 spiri-

2299 2722 2409 2766 tum
2439 2712 2590 2767 vidit.
2614 2712 2763 2769 Sicut
2783 2728 2910 2783 ergo
2930 2723 3143 2769 constat
3168 2714 3328 2770 videri
3377 2729 3558 2784 corpora
3586 2716 3726 2784 Spiritu;

2296 2802 2420 2873 quid
2442 2803 2485 2857 si
2508 2812 2651 2858 tanta
2676 2806 2780 2859 erit
2808 2805 3037 2874 potentia
3067 2806 3354 2874 spiritualis
3373 2806 3727 2875 corporis,utcor-

2298 2910 2425 2965 pore
2463 2895 2703 2951 videatur
2744 2904 2796 2950 et
2845 2894 3103 2965 spiritus?
3133 2896 3353 2967 Spiritus
3398 2897 3515 2951 enim
3544 2907 3605 2951 est
3624 2895 3723 2949 Deis.

2296 2986 2494 3041 Deinde
2523 2988 2679 3041 vitam
2700 2987 2912 3056 quidem
2941 3002 3128 3055 suam,
3158 3004 3261 3059 qua
3292 3005 3419 3045 nunc
3450 2990 3549 3043 vivit
3585 2989 3622 3041 in
3653 3001 3724 3040 oor-

2294 3091 2443 3147 pore,
2473 3086 2529 3132 et
2555 3077 2670 3133 haec
2699 3087 2907 3133 terrena
2932 3078 3174 3135 membra
3198 3089 3394 3151 vegetat
3418 3080 3594 3149 facitque
3608 3078 3722 3131 ιὶιειιο

2296 3167 2363 3221 tia
2385 3208 2399 3233 ,
2423 3166 2673 3223 interiore
2700 3182 2861 3224 sensu
2885 3170 3115 3239 quisque
3138 3211 3154 3237 ,
3179 3185 3281 3225 non
3302 3185 3388 3239 per
3408 3184 3627 3238 corporeus
3642 3182 3722 3220 octi-

2293 3258 2371 3311 los
2389 3299 2405 3324 ,
2434 3259 2607 3313 novit:
2634 3258 2857 3313 aliorum
2889 3275 3015 3314 vero
3035 3260 3175 3315 vitas
3198 3301 3213 3325 ,
3241 3275 3351 3315 cum
3390 3264 3478 3314 sint
3499 3257 3720 3321 invisibiles,

2292 3364 2387 3418 per
2401 3364 2594 3420 corpus
2609 3350 2768 3405 videt.
2788 3350 2919 3406 Nam
2936 3352 3075 3407 unde
3090 3351 3314 3407 viventia
3337 3351 3614 3405 discernimus
3625 3363 3645 3400 ιι
3656 3362 3719 3400 non

2290 3442 2587 3497 viventibus
2607 3457 2852 3512 corpora,
2886 3443 2987 3497 nisi
3011 3458 3234 3513 corpora
3259 3442 3400 3496 simul
3416 3443 3599 3509 vitasque
3614 3439 3718 3491 vidca-

2289 3549 2427 3599 mus,
2445 3547 2575 3604 quas
2598 3534 2697 3588 nisi
2724 3548 2816 3603 per
2837 3548 3028 3603 corpus
3047 3534 3231 3589 videre
3257 3548 3352 3587 non
3372 3531 3613 3601 possumus?
3626 3528 3716 3581 Vitas

2288 3636 2461 3681 autem
2490 3626 2605 3680 sine
2628 3626 2935 3694 corporibus
2962 3627 3232 3696 corporeis
3259 3625 3410 3680 oculis
3435 3638 3519 3677 non
3545 3621 3716 3675 ridemus.

2356 3719 2408 3771 6.
2449 3716 2800 3784 Quamobrem
2831 3716 2944 3770 fieri
2972 3725 3169 3786 potest,
3195 3716 3431 3785 valdeque
3450 3711 3713 3770 credibileest,

2260 3874 2263 3875 ν
2285 3806 2362 3859 sic
2386 3820 2482 3859 nos
2509 3820 2626 3860 csse
2654 3806 2860 3860 visuros
2884 3805 3149 3861 mundana
3201 3817 3317 3862 tunc
3338 3818 3524 3873 corpora
3539 3796 3713 3855 cmlinori

2284 3906 2510 3952 etterrte
2537 3911 2707 3964 novat,
2738 3905 2796 3952 ut
2824 3898 2989 3952 Deum
3027 3898 3222 3969 ubique
3266 3906 3535 3968 prmsenwm
3574 3901 3615 3947 et
3640 3890 3713 3943 uni-

2282 4003 2435 4043 versa
2448 3989 2605 4043 etiam
2627 3989 2922 4058 corporalia
2947 3990 3342 4059 gubernantem,
3361 4004 3443 4058 per
3463 3995 3712 4054 corporaque

2278 4080 2599 4149 gestabimus
2621 4120 2636 4145 ,
2663 4090 2718 4136 et
2739 4096 2858 4151 quae.
2882 4083 3269 4152 conspiciemus
3285 4088 3709 4150 quaquaversumocn-

2278 4170 2360 4225 los
2384 4170 2724 4236 duxerimus,
2777 4171 3068 4225 clarissima
3120 4171 3459 4241 perspicuitate
3500 4166 3705 4219 rideamus:

2278 4278 2384 4317 non
2409 4263 2545 4317 sicut
2568 4278 2709 4317 nunc
2732 4262 3009 4316 invisibilia
3036 4263 3152 4329 Dei,
3201 4278 3290 4332 per
3308 4277 3363 4316 ea
3385 4275 3481 4329 qum
3498 4259 3704 4313 factasuut,

2277 4352 2541 4407 intellecta
2585 4353 2983 4421 conspiciuntur
3012 4352 3184 4423 (Rom.
3217 4368 3264 4415 ι,
3287 4352 3371 4421 20)
3414 4364 3492 4418 per
3518 4343 3703 4414 speculum

2276 4442 2628 4511 in.:enigmate
2649 4482 2662 4505 ,
2696 4450 2749 4496 ct
2796 4457 2861 4496 ex
2892 4450 3041 4511 parte
3071 4442 3113 4512 (Ι
3134 4443 3246 4497 Cor.
3276 4456 3378 4503 xm,
3408 4438 3500 4506 l2),
3522 4436 3587 4489 ubi
3624 4431 3702 4499 plus

2274 4533 2325 4586 in
2353 4533 2506 4586 nobis
2534 4534 2673 4587 valet
2698 4532 2828 4587 fides
2855 4547 2956 4602 qua
2987 4533 3247 4588 credimus
3265 4574 3279 4597 ,
3303 4544 3438 4599 quam
3470 4538 3605 4580 rerum
3622 4534 3701 4572 cor-

2272 4620 2529 4689 poralium
2558 4621 2762 4689 species
2788 4637 2941 4690 quam
2975 4637 3068 4690 per
3095 4622 3268 4677 oculos
3291 4618 3514 4675 Cernimus
3530 4620 3698 4679 carpan-

2271 4713 2366 4767 les.
2396 4712 2498 4767 Sed
2525 4713 2663 4767 sicut
2676 4712 2920 4768 homines
2939 4755 2954 4778 ,
2985 4713 3121 4768 inter
3140 4727 3265 4783 quos
3287 4712 3489 4764 viventes
3506 4711 3697 4765 motusque

2270 4805 2455 4858 vitales
2485 4805 2815 4860 exserentes3
2847 4806 3076 4859 vivimus
3099 4849 3113 4872 ,
3140 4821 3255 4860 mox
3292 4812 3342 4857 ut
3365 4797 3692 4868 aspicimus,non

2268 4897 2534 4951 credimus
2582 4897 2760 4952 vivere
2783 4937 2800 4963 ,
2850 4896 2942 4950 sed
2974 4897 3235 4959 videmus;
3260 4909 3366 4949 cum
3404 4900 3548 4944 eorum
3587 4882 3690 4974 tibi"

2266 4987 2381 5041 sine
2402 4986 2709 5056 corporibus
2732 4986 2915 5041 videre
2943 5000 3271 5056 nequeamus,
3289 4995 3421 5052 quam
3440 4988 3569 5031 tamen
3588 4972 3624 5022 in
3640 4972 3689 5018 eis

2267 5092 2361 5144 per
2384 5091 2606 5146 corpora
2632 5088 2836 5132 remota
2878 5078 3021 5131 omni
3064 5076 3375 5145 ambiguitate
3411 5062 3685 5133 considam“:

2266 5167 2335 5221 ita
2365 5183 2694 5236 quacumque
2720 5167 3013 5236 spiritualia
3042 5167 3126 5220 illa
3156 5165 3332 5219 lumina
3374 5166 3590 5225 corporum

2264 5266 2495 5309 strorum
2540 5256 3004 5323 circumferemus,
3047 5257 3383 5323 incorporeum
3423 5248 3550 5300 Deum
3569 5245 3683 5290 om"la

2264 5356 2529 5417 "389"le
2548 5387 2564 5413 ν
2592 5347 2753 5401 etiam
2784 5362 2879 5416 per
2898 5360 3120 5416 corpora
3143 5340 3476 5400 contuebimur.
3502 5333 3577 5384 Aut
3596 5334 3677 5387 ergo

2326 5458 2343 5490 ι
2378 5458 2449 5508 sic
2467 5465 2572 5508 Mss.
2599 5458 2716 5507 Editi
2738 5466 2901 5508 autem
2926 5467 3020 5506 Am.
3059 5464 3132 5507 Er.
3154 5464 3272 5513 um,
3300 5450 3489 5513 neque!!!"
3509 5455 3523 5490 -'
3541 5448 3576 5513 ίῖῖ

2262 5496 3467 5579 habeFSrii'Eu.“illiti-{7512'Fciuiiuﬂe'd'miimjt
3486 5502 3671 5579 αυίιρζγσξ

2268 5562 2349 5652 ξἾ
2362 5562 2809 5630 Ἱῌῖἰᾶἆῗλιιίἶὲῖ
2828 5562 3160 5643 ιιιξιῐιῐιῶιίἐιῖἶ
3179 5562 3250 5629 ἶ(
3265 5562 3333 5625 si;
3364 5578 3406 5622 et
3436 5575 3534 5623 tam,
3561 5570 3621 5621 ρετ
3640 5562 3673 5601 ⁸⁸

2259 5654 2473 5749 ψεέιἈιιι.
2504 5709 2553 5751 ct
2576 5710 2666 5763 Fax,
2691 5708 2977 5753 exercentes.
