3960 6508
12 400 162 455 80!

16 527 165 579 per
193 514 248 568 il
260 514 343 569 los
353 512 535 567 oculos
551 522 626 563 su:
640 506 898 561 videbitur
916 505 1073 569 Deus,
1092 510 1148 556 ut
1170 499 1362 571 aliquid
1382 500 1608 554 habeant
1624 496 1677 548 in

18 610 253 657 tanta
281 600 594 658 excellentia
620 597 782 652 menti
807 595 979 649 simile
1000 635 1016 660 ,
1045 607 1149 662 quo
1178 600 1231 645 et
1249 590 1555 657 incorporea
1582 599 1679 638 na-

25 700 208 746 tura
252 703 528 756 cernatur,
560 689 699 758 quod
729 687 853 741 ullis
871 684 1130 752 exemplis
1156 682 1266 736 sive
1290 679 1678 748 Scripturarum

34 782 439 837 testimoniis
466 779 761 834 divinarum
790 776 874 830 vel
900 773 1112 829 difﬁcile
1134 771 1218 826 vel
1253 766 1572 839 impossibile
1598 772 1682 819 est
1738 838 1744 844 ι

28 873 426 928 ostendere:
457 878 549 924 aut
592 868 731 939 quod
758 876 839 921 est
883 864 950 919 ad
990 860 1381 932 intelligendum
1437 856 1675 921 facilius,

30 962 141 1015 ita
186 963 358 1018 Deus
390 960 540 1015 nobis
567 960 668 1014 erit
696 965 849 1011 notus
867 965 1025 1024 atque
1052 952 1387 1022 conspicuus,
1418 957 1474 1002 ut
1496 946 1677 1000 videa-

38 1063 169 1107 tur
205 1052 414 1120 spiritu
442 1065 473 1104 a
503 1048 719 1118 singulis
752 1045 905 1099 nobis
943 1044 994 1097 in
1009 1042 1226 1111 singulis
1255 1039 1424 1103 nobis,
1444 1035 1682 1089 videatur

39 1141 143 1195 ab
164 1143 366 1196 altero
385 1141 435 1195 in
458 1135 893 1199 altero,videatur
907 1133 960 1186 in
986 1147 1044 1186 se
1069 1127 1445 1199 ipso,videatur
1465 1125 1517 1179 in
1542 1123 1680 1178 cmlo

46 1245 255 1287 novo
278 1240 335 1285 et
363 1230 417 1283 in
448 1237 590 1283 terra
619 1239 751 1279 nova
772 1265 787 1292 ,
818 1232 975 1292 atque
997 1221 1051 1275 in
1080 1219 1222 1275 omni
1242 1231 1360 1287 qua:
1378 1224 1501 1269 tunc
1528 1211 1681 1267 fuerit

46 1332 397 1386 creatura;
422 1319 667 1373 videatur
695 1323 749 1370 et
781 1329 876 1384 per
901 1324 1123 1382 corpora
1164 1310 1216 1363 in
1266 1306 1409 1362 omni
1459 1317 1682 1373 corpore

63 1425 463 1482 quocumque
486 1409 678 1463 fuerint
703 1403 987 1475 spiritualis
1014 1401 1251 1471 corporis
1271 1398 1405 1454 oculi
1422 1397 1535 1451 acie
1563 1409 1682 1464 per-

54 1503 364 1557 veniente
388 1500 595 1554 directi.
628 1496 888 1551 Patebunt
906 1493 1062 1547 etiam
1089 1488 1436 1558 cogitationes
1488 1494 1682 1539 nostrae

56 1592 343 1646 invicem
373 1588 543 1643 nobis.
563 1587 711 1640 Tunc
728 1587 867 1639 enim
895 1580 1198 1650 implebitur
1232 1576 1372 1647 quod
1400 1573 1682 1645 Apostolus

63 1695 234 1735 cum
260 1678 512 1741 dixisset,
544 1675 716 1728 Nolite
744 1682 859 1726 ante
886 1682 1080 1740 tempus
1100 1668 1332 1739 judicare
1374 1664 1683 1736 quidquam;

65 1784 237 1823 mox
269 1767 503 1831 addidit,
532 1765 687 1818 donec
712 1763 872 1817 veniat
902 1760 1149 1814 Dominus
1174 1800 1188 1823 ,
1216 1767 1262 1812 et
1290 1757 1534 1810 illuminet
1572 1752 1709 1805 abs-

72 1860 324 1913 condita
350 1856 687 1921 tenebrarum,
710 1862 755 1908 et
774 1849 1127 1919 manifestabit‘
1150 1849 1469 1921 cogitationes
1497 1844 1680 1909 cordis,

72 1958 134 2002 et
175 1958 311 2001 tunc
330 1948 441 2000 laus
469 1946 559 1997 erit
587 1943 848 2011 unicuique
875 1958 907 1993 a
938 1939 1043 1997 Deo
1073 1938 1114 2011 (Ι
1140 1939 1255 1993 Cor.
1280 1953 1355 2003 tv,
1380 1934 1457 2007 5).

76 2037 343 2095 CAPUT
382 2035 549 2092 XXX.
592 2064 661 2075 ——
697 2033 777 2089 De
802 2045 989 2089 wterna
1034 2033 1269 2103 felicitate
1295 2029 1504 2084 civitatis
1556 2026 1681 2094 Dei,

594 2124 893 2195 anbbatoque
932 2133 1187 2195 perpetuo.

176 2219 207 2270 1
225 2255 241 2269 .
284 2214 488 2285 Quanta
512 2218 611 2272 erit
637 2216 726 2270 illa
752 2214 989 2277 felicitas,
1009 2213 1096 2266 ubi
1123 2211 1322 2265 nullum
1342 2208 1441 2264 erit
1468 2207 1681 2273 malum,

84 2308 323 2364 nullum
367 2308 552 2363 latebit
597 2308 792 2363 bonum
816 2346 829 2369 ,
864 2302 1132 2358 vacabitur
1172 2302 1263 2356 Dei
1296 2299 1566 2363 laudibus,
1598 2298 1687 2368 qui

92 2401 219 2455 erit
244 2399 424 2453 omnia
452 2398 503 2451 in
525 2395 804 2452 omnibus!
832 2392 965 2447 Nam
1002 2390 1126 2462 quid
1151 2389 1295 2445 aliud
1340 2398 1544 2459 agatur,
1596 2386 1686 2440 ubi

94 2506 298 2563 neque
320 2490 423 2546 ulla
450 2488 648 2544 desidia
693 2484 1003 2551 cessabitur,
1031 2496 1201 2552 neque
1246 2480 1351 2535 ulla
1402 2477 1687 2548 indigentia

106 2584 481 2645 laborabitur,
507 2581 705 2636 nescio.
732 2578 1034 2634 Admoneor
1059 2575 1216 2630 etiam
1245 2579 1427 2627 sancto
1453 2569 1686 2634 Cantico,

109 2678 213 2732 ubi
231 2674 463 2746 lego,vel
477 2672 654 2737 audio,
674 2671 813 2724 Beati
829 2668 914 2738 qui
929 2666 1151 2721 habitant
1168 2666 1217 2719 in
1234 2665 1380 2719 domo
1394 2672 1498 2726 tua,
1519 2661 1691 2714 Domi-

104 2785 202 2832 ne,
232 2768 290 2821 in
314 2765 502 2819 ewcula
523 2762 818 2817 saeculorum
842 2758 1112 2813 laudabunt
1125 2765 1170 2809 te
1191 2754 1356 2827 (Psal.
1377 2766 1593 2815 Lxxxm,
1611 2748 1687 2819 5).

113 2860 322 2915 Omnia
374 2856 612 2913 membra
661 2861 714 2909 et
743 2852 944 2906 viscera
975 2844 1381 2915 incorruptibilis
1421 2840 1687 2911 corporis,

109 2967 243 3021 qua:
271 2964 412 3005 nunc
435 2947 672 3002 videmus
706 2959 799 3013 per
824 2955 949 2996 usus
992 2936 1323 2994 necessitatis
1366 2933 1542 2988 varios
1584 2931 1693 2985 dis-

114 3044 359 3108 tributa,
382 3039 630 3110 quoniam
670 3044 793 3090 tunc
818 3048 922 3088 non
954 3030 1179 3099 eritipsa
1227 3026 1546 3088 necessitas,
1598 3021 1692 3077 sed

115 3133 284 3203 plena
307 3172 323 3198 ,
347 3137 493 3185 certa
516 3169 533 3194 ,
558 3140 741 3182 secura
759 3166 772 3190 ,
806 3122 1125 3192 sempiterna
1149 3117 1388 3180 felicitas,
1420 3112 1697 3183 proficient

120 3201 181 3277 in
212 3219 459 3275 laudibus
489 3217 601 3272 Dei.
631 3215 829 3269 Omnes
870 3211 1063 3281 quippe
1108 3209 1215 3272 illi,
1246 3206 1314 3260 de
1360 3203 1550 3274 quibus
1584 3201 1695 3271 jam

123 3327 247 3367 sum
273 3311 511 3372 locutus,
543 3306 633 3377 qui
662 3318 802 3359 nunc
848 3302 1044 3363 latent,
1071 3295 1357 3352 harmonia:
1406 3291 1696 3361 corporalis

128 3402 343 3459 numeri
366 3414 470 3454 non
498 3397 766 3459 latebunt,
794 3393 1110 3447 intrinsecus
1154 3398 1207 3442 et
1251 3386 1574 3440 extrinsecus
1603 3395 1698 3449 per

129 3491 376 3562 corporis
402 3497 589 3543 cuncta
618 3483 889 3554 dispositi;
920 3490 1119 3536 etcum
1144 3476 1351 3531 cmteris
1374 3472 1559 3533 rebus,
1582 3484 1699 3539 quae

130 3584 206 3637 ibi
230 3560 457 3650 magna:
495 3588 651 3647 atque
698 3572 967 3629 mirabiles
1021 3568 1356 3629 videbuntur,
1410 3560 1697 3616 rationales

132 3649 413 3726 mentesin
444 3668 575 3721 tanti
597 3663 813 3719 artificis
840 3660 1051 3716 laudem
1075 3653 1426 3711 rationabilis”
1468 3649 1702 3721 pulchri-

136 3763 337 3819 tudinis
366 3760 716 3816 delectatione
741 3752 1087 3810 succendent.
1129 3748 1229 3816 Qui
1260 3754 1435 3801 motus
1487 3742 1597 3796 illic
1623 3751 1703 3795 ta-

140 3856 271 3910 lium
294 3866 577 3921 corporum
599 3850 706 3903 sint
723 3846 884 3902 futuri
911 3854 1112 3899 temere
1132 3839 1352 3895 definire
1380 3849 1483 3890 non
1513 3833 1703 3898 audeo,

142 3947 284 4018 quod
313 3944 610 4014 excogitare
631 3954 734 3995 non
762 3938 932 3993 valeo.
956 3935 1155 3989 Tamen
1183 3940 1235 3984 et
1260 3938 1433 3983 motus
1451 3935 1707 3988 etstatus,

145 4040 285 4093 sicut
317 4037 429 4105 ipsa
457 4034 660 4104 Species
679 4071 694 4098 ,
719 4030 912 4084 decens
937 4026 1039 4081 erit
1058 4066 1071 4090 ,
1094 4022 1411 4091 quicumque
1458 4017 1558 4071 erit
1575 4055 1590 4080 ,
1622 4014 1709 4068 ubi

153 4128 295 4198 quod
338 4140 443 4180 non
490 4122 732 4185 decebit,
759 4134 863 4174 non
891 4117 1008 4172 erit.
1031 4114 1188 4169 Certe
1236 4111 1323 4164 ubi
1370 4108 1511 4161 volet
1559 4105 1712 4173 spiri-

148 4192 273 4286 ths,
316 4217 386 4272 ibi
448 4215 685 4285 protinus
732 4211 832 4265 erit
877 4220 1115 4277 corpus:
1167 4216 1265 4256 nec
1314 4198 1457 4253 volet
1516 4192 1714 4264 aliquid

151 4309 371 4380 spiritus
396 4345 411 4370 ,
434 4303 573 4373 quod
613 4316 710 4356 nec
738 4298 979 4369 spiritum
1014 4292 1180 4363 possit
1226 4290 1417 4344 decere
1434 4325 1449 4350 ,
1477 4299 1576 4339 nec
1597 4297 1717 4336 cor-

153 4379 276 4469 pus.
308 4397 441 4452 Vera
468 4395 539 4449 ibi
582 4392 747 4461 gloria
781 4388 916 4452 erit,
949 4385 1037 4439 ubi
1087 4379 1351 4435 laudantis
1394 4390 1492 4430 nec
1537 4386 1717 4428 errore

154 4465 433 4561 quisquam
457 4524 473 4551 ,
504 4497 603 4538 nec
627 4479 929 4535 adulatione
954 4473 1270 4529 laudabitur.
1298 4468 1471 4523 Verus
1523 4465 1712 4527 honor,

155 4554 247 4651 qui
292 4554 419 4633 nulli
467 4572 740 4644 negabitur
760 4570 939 4639 digno,
973 4565 1101 4619 nulli
1156 4559 1425 4616 deferetur
1474 4554 1715 4623 indigno:

157 4645 252 4728 sed
284 4683 383 4724 nec
407 4666 475 4721 ad
499 4680 618 4721 eum
661 4660 859 4716 ambiet
910 4656 1053 4711 ullus
1104 4652 1350 4722 indignus
1372 4690 1387 4714 ,
1417 4647 1505 4703 ubi
1545 4645 1720 4700 nullus

158 4760 493 4832 permittetur
542 4768 661 4809 esse
702 4751 801 4806 nisi
836 4748 1043 4817 dignus.
1072 4744 1205 4797 Vera
1256 4756 1357 4812 pax
1385 4738 1427 4805 ³,
1458 4737 1546 4792 ubi
1596 4733 1725 4789 nihil

162 4849 406 4913 adversi,
431 4859 532 4901 nec
559 4859 588 4897 a
617 4858 674 4898 se
696 4843 808 4911 ipso
826 4881 841 4906 ,
871 4854 968 4894 nec
994 4836 1061 4891 ab
1090 4834 1193 4889 alio
1248 4832 1521 4903 quisquam
1562 4827 1727 4897 patie-

165 4949 270 4996 tur.
296 4936 577 4993 Prazmium
604 4930 815 4986 virtutis
839 4929 940 4983 erit
973 4929 1085 4996 ipse
1134 4922 1222 4993 qui
1272 4922 1515 4975 virtutem
1559 4916 1725 4983 dedit,

166 5033 321 5101 eique
348 5043 405 5082 se
430 5028 622 5096 ipsum,
651 5036 755 5091 quo
777 5019 964 5073 melius
989 5027 1041 5071 et
1070 5014 1237 5083 majus
1263 5010 1566 5080 nihilpossit
1586 5022 1726 5075 esse,

171 5098 431 5189 promisit.
458 5113 594 5182 Quid
635 5120 719 5168 est
767 5109 911 5163 enim
935 5104 1075 5159 aliud
1100 5101 1240 5173 quod
1278 5115 1375 5171 per
1412 5098 1730 5168 Prophetam

172 5184 333 5274 dixit,
364 5206 465 5261 Ero
515 5204 719 5257 illorum
754 5198 921 5262 Deus,
963 5204 1008 5249 et
1063 5193 1163 5262 ipsi
1221 5199 1363 5244 erunt
1400 5187 1524 5241 mihi
1597 5184 1733 5256 plebs

176 5299 358 5370 (Levit.
390 5309 531 5358 xxvi,
556 5292 667 5359 1‘2);
695 5288 829 5351 nisi,
864 5285 975 5354 Ego
1025 5296 1117 5335 ero
1156 5278 1295 5333 unde
1335 5277 1612 5340 satientur,
1636 5286 1734 5341 ego

179 5367 268 5444 cro
297 5397 640 5456 quaecumque
666 5379 732 5433 ab
762 5373 1061 5430 hominibus
1088 5372 1310 5424 honeste
1347 5367 1731 5428 desiderantur,

180 5489 231 5532 et
255 5479 358 5530 vita
381 5515 395 5539 ,
421 5482 476 5528 et
526 5470 671 5525 salus
690 5509 704 5532 ,
735 5476 785 5521 et
805 5465 1011 5527 victus,
1039 5470 1091 5516 et
1116 5460 1263 5527 cepia
1285 5497 1300 5523 ,
1354 5465 1408 5511 et
1458 5456 1621 5525 gloria
1640 5495 1654 5518 ,
1683 5462 1737 5507 et

183 5567 368 5629 honor,
397 5572 451 5619 et
477 5576 605 5631 pax,
628 5567 681 5613 et
701 5555 878 5610 omnia
902 5551 1073 5607 bona?
1093 5549 1180 5604 Sic
1203 5548 1343 5603 enim
1370 5554 1424 5600 et
1453 5544 1577 5599 illud
1594 5552 1738 5597 recte

240 5680 254 5708 ⁸
290 5677 363 5725 sic
379 5679 485 5721 Uss.
511 5668 627 5717 Edili
649 5676 783 5723 vero,
816 5660 1093 5729 manifestet.

236 5740 256 5769 ¹
290 5720 462 5784 tvo-sola
486 5730 695 5779 editione
718 5720 845 5780 ων..
868 5720 1128 5784 rationalis.

238 5799 258 5832 ⁸
289 5776 622 5851 Ξῖιῆἷῖὀᾶἱωι,
648 5785 715 5839 ibi
735 5791 803 5837 est
820 5776 843 5850 ς’
855 5780 980 5845 quod
1000 5780 1076 5830 hic
1098 5789 1191 5827 non
1212 5776 1391 5826 habent
1417 5782 1519 5824 uss.

1232 389 1427 445 LlBEll
1468 382 1824 443 VICESIMUS
1858 382 2230 440 SECUNDUS.

3240 374 3342 432 εοα

1785 492 2113 562 intelligitur,
2144 490 2284 561 quod
2312 488 2388 543 ait
2413 486 2721 557 Apostolus,
2752 494 2807 539 ut
2838 486 2900 539 sit
2926 483 3064 538 Deut
3090 484 3258 538 omnia
3285 485 3341 537 in

1783 580 2009 634 omnibus
2031 580 2072 649 (Ι
2092 580 2208 635 Cor.
2240 595 2327 643 xv,
2372 575 2484 649 28).
2513 578 2631 646 lpse
2671 575 2792 630 finis
2820 575 2920 630 erit
2952 573 3338 631 desideriorum

1782 679 2104 734 nostrorum,
2132 668 2220 738 qui
2246 669 2361 722 sine
2389 668 2491 721 line
2510 665 2791 731 videbitur,
2820 665 2933 719 sine
2961 662 3171 717 fastidio
3190 676 3341 715 ama-

1783 760 1942 825 bitur,
1968 759 2082 813 sine
2110 758 2411 828 fatigatione
2438 756 2755 811 laudabitur.
2781 754 2892 808 lloc
2916 768 3128 815 munus,
3152 751 3239 805 hic
3262 748 3341 803 af-

1782 847 1973 915 fectus,
2006 848 2090 903 hic
2109 856 2257 902 actus
2295 846 2533 917 profecto
2576 845 2677 901 erit
2724 842 2968 900 omnibus
2996 883 3011 910 ,
3053 842 3192 896 sicut
3230 842 3342 910 ipsa

1782 939 1888 993 vita
1917 948 2133 1003 aeterna,
2161 938 2473 992 communis.

1852 1027 1907 1080 2.
1938 1026 2205 1082 Czeterum
2225 1026 2312 1095 qui
2344 1024 2503 1080 futuri
2546 1025 2652 1078 sint
2690 1037 2784 1093 pro
2834 1022 3038 1077 meritis
3097 1019 3343 1090 prtemio-

1782 1131 1900 1171 rum
1932 1121 2088 1172 etiam
2117 1115 2309 1186 gradus
2327 1116 2583 1169 honorum
2610 1121 2765 1182 atque
2780 1111 3086 1181 gloriarum,
3116 1109 3234 1179 quis
3262 1117 3345 1164 est

1783 1205 2003 1260 idoneus
2040 1206 2290 1276 cogitare,
2318 1211 2516 1274 quanto
2558 1202 2722 1272 magis
2749 1200 2963 1255 dicere?
2991 1198 3142 1266 Quod
3169 1206 3343 1252 tamen

1783 1295 1942 1350 futuri
1966 1295 2090 1360 sint,
2124 1310 2228 1349 non
2246 1303 2325 1347 est
2340 1290 2732 1361 ambigendum.
2763 1292 2932 1358 Atque
2952 1288 3003 1342 id
3030 1288 3189 1343 etiam
3210 1286 3343 1341 bea-

1788 1393 1837 1439 ta
1867 1385 2051 1439 civitas
2067 1385 2154 1438 illa
2179 1398 2425 1453 magnum
2451 1383 2502 1436 in
2524 1396 2583 1436 se
2606 1381 2799 1436 bonum
2820 1379 3034 1445 videbit,
3053 1376 3197 1449 quod
3224 1376 3343 1432 nul—

1785 1473 1822 1528 ii
1845 1473 2102 1543 superiori
2126 1473 2261 1528 ullus
2284 1472 2499 1528 inferior
2527 1470 2799 1537 invidebit,
2825 1470 2960 1523 sicut
2977 1483 3114 1522 nunc
3133 1483 3237 1521 non
3266 1468 3347 1521 in-

1787 1563 1964 1618 vident
1990 1563 2331 1632 Archangelis
2358 1562 2543 1632 Angeli
2564 1561 2776 1616 creteri:
2811 1568 3021 1629 tamque
3044 1560 3187 1613 nolet
3208 1559 3225 1589 ⁸
3254 1573 3345 1613 es-

1786 1667 1844 1707 se
1874 1653 2232 1722 unusquisque
2249 1651 2386 1721 quod
2403 1666 2507 1705 non
2520 1650 2740 1719 accepit,
2772 1649 3011 1718 quamvis
3030 1650 3097 1702 sit
3118 1646 3345 1717 pacatis-

1788 1742 1922 1795 simo
1950 1741 2246 1795 concordia:
2295 1739 2505 1793 vinculo
2543 1738 2591 1792 ei
2643 1738 2733 1806 qui
2785 1737 2989 1805 accepit
3038 1736 3344 1801 obstrictus,

1787 1846 1941 1901 quam
1968 1843 2065 1885 nec
2088 1830 2141 1883 in
2156 1843 2377 1899 corpore
2402 1826 2710 1881 vultoculus
2729 1840 2846 1880 esse
2890 1824 2979 1893 qui
3003 1833 3084 1879 est
3131 1822 3343 1893 digitus,

1787 1937 1908 1978 cum
1944 1921 2239 1976 membrum
2283 1928 2564 1987 utrumque
2591 1916 2856 1972 contineat
2872 1914 3028 1969 totius
3053 1914 3226 1968 carnis
3250 1927 3345 1981 pa-

1787 2022 1906 2068 cata
1927 2026 2201 2082 compago.
2249 2010 2339 2066 Sic
2382 2010 2559 2079 itaque
2605 2006 2816 2062 habebit
2843 2006 3038 2060 donum
3068 2004 3202 2057 alius
3243 2003 3347 2057 alio

1790 2104 1984 2171 minus,
2009 2112 2066 2158 ut
2105 2102 2206 2157 hoc
2260 2114 2466 2172 quoque
2495 2098 2691 2153 donum
2723 2095 2934 2162 habeat,
2965 2108 3033 2150 ne
3080 2093 3205 2148 velit
3235 2106 3351 2147 am-

1790 2193 1927 2264 phus

1862 2284 1915 2337 5.
1950 2282 2057 2337 Nec
2077 2281 2196 2336 ideo
2230 2280 2455 2335 liberum
2480 2276 2751 2332 arbitrium
2782 2288 2888 2328 non
2916 2270 3205 2337 habebunt,
3228 2270 3350 2340 quia

1794 2382 2006 2445 peccata
2035 2388 2126 2427 eos
2174 2372 2437 2427 delectare
2472 2384 2577 2422 non
2628 2373 2896 2445 poterunt.
2939 2362 3101 2431 Magis
3154 2361 3350 2430 quippe

1792 2466 1893 2521 erit
1918 2465 2137 2519 liberum
2158 2504 2172 2529 ,
2195 2476 2224 2515 a
2253 2460 2599 2517 delectatione
2627 2438 2877 2527 peccandi
2908 2468 3072 2522 usque
3113 2452 3177 2504 ad
3208 2451 3354 2505 dele-

1794 2556 2077 2609 ctationem
2126 2567 2230 2606 non
2275 2548 2526 2619 peccandi
2564 2544 3018 2601 indeclinabilem'
3050 2540 3349 2594 liberatum.

1794 2645 1925 2699 Nam
1952 2643 2176 2713 primum
2204 2640 2425 2694 liberum
2446 2635 2739 2698 arbitrium,
2784 2630 2925 2701 quod
2948 2629 3148 2684 homini
3172 2627 3354 2681 datum

1796 2742 1897 2798 est,
1918 2731 2127 2803 quando
2156 2730 2384 2800 primum
2414 2735 2628 2781 creatus
2675 2730 2756 2777 est
2799 2730 2994 2784 rectus,
3040 2717 3209 2788 potuit
3248 2730 3357 2771 non

1796 2840 2040 2896 peccare,
2069 2822 2160 2877 sed
2188 2820 2355 2892 potuit
2382 2826 2437 2873 et
2465 2830 2686 2888 peccare
2719 2831 2732 2866 :
2765 2812 2867 2868 hoc
2916 2818 3091 2864 autem
3131 2806 3358 2863 novissi-

1798 2932 1940 2973 mum
1968 2931 2032 2971 eo
2060 2914 2321 2984 potentius
2348 2911 2469 2977 erit,
2502 2924 2607 2979 quo
2644 2920 2863 2977 peccare
2887 2919 2991 2959 non
3018 2903 3228 2972 poterit.
3261 2899 3361 2953 Ve-

1798 3024 1915 3064 rum
1943 3007 2042 3062 hoc
2065 3018 2274 3075 quoque
2301 3003 2392 3056 Dei
2441 3014 2682 3063 munere,
2713 3012 2817 3050 non
2874 3010 2983 3049 suae
3014 2991 3362 3061 possibilitate

1800 3108 2019 3153 naturae.
2042 3093 2197 3150 Aliud
2226 3100 2306 3146 est
2330 3091 2493 3154 enim,
2529 3101 2647 3141 esse
2694 3086 2895 3148 Deum;
2923 3081 3087 3146 aliud,
3146 3076 3363 3149 partici-

1800 3203 1918 3258 pem
1947 3185 2060 3240 Dei.
2083 3184 2220 3237 Deus
2248 3191 2434 3235 natura
2478 3190 2697 3247 peccare
2718 3188 2823 3227 non
2865 3178 3072 3241 potest;
3096 3168 3357 3238 particeps

1802 3292 1928 3332 vero
1952 3272 2221 3329 Deiabillo
2247 3270 2457 3338 accipit,
2481 3276 2537 3321 ut
2556 3280 2774 3335 peccare
2800 3280 2902 3317 non
2933 3261 3117 3332 possit.
3133 3258 3363 3313 Servan-

1804 3365 1858 3420 di
1885 3373 2059 3418 autem
2105 3360 2297 3432 gradus
2343 3365 2496 3412 erant
2546 3354 2707 3409 divini
2760 3351 3009 3415 muneris,
3041 3356 3097 3402 ut
3137 3347 3366 3417 primum

1807 3459 2021 3513 daretur
2047 3455 2267 3508 liberum
2320 3449 2617 3511 arbitrium,
2670 3460 2775 3514 quo
2815 3459 2919 3496 non
2950 3454 3168 3512 peccare
3190 3446 3369 3508 posset

1808 3549 2000 3612 homo;
2030 3543 2392 3605 novissimum,
2423 3553 2527 3609 quo
2554 3548 2772 3606 peccare
2799 3547 2904 3586 non
2959 3537 3137 3599 posset
3166 3546 3179 3581 :
3211 3537 3371 3595 atque

1808 3639 1937 3697 illud
1953 3638 2018 3694 ad
2044 3633 2452 3705 comparandum
2484 3628 2748 3692 meritum,
2778 3624 2878 3678 hoc
2896 3622 2963 3677 ad
3012 3619 3372 3689 recipiendum

1811 3730 2084 3803 praemium
2110 3724 2415 3796 pertineret.
2456 3719 2561 3776 Sed
2587 3718 2709 3787 quia
2756 3712 2991 3785 peccavit
3033 3711 3131 3764 ista
3183 3716 3371 3762 natura

1814 3794 1932 3878 cum
1951 3794 2171 3890 peccare
2192 3814 2379 3886 potuit,
2419 3810 2645 3880 largiore
2692 3804 2859 3877 gratia
2908 3801 3181 3863 liberatur,
3228 3806 3285 3851 ut
3308 3794 3375 3848 ad

1815 3927 1933 3968 eam
1962 3908 2274 3980 perducatur
2296 3903 2613 3962 libertatem,
2634 3896 2688 3949 in
2715 3908 2815 3963 qua
2840 3903 3062 3962 peccare
3096 3902 3205 3941 non
3253 3898 3378 3953 pos-

1816 4004 1885 4058 sit
1910 3979 2008 4070 (α).
2057 3999 2205 4053 Sicut
2250 3994 2391 4049 enim
2441 3991 2607 4061 prima
2649 3983 3017 4041 immortalitas
3067 3979 3181 4044 fuit,
3219 3990 3378 4046 quam

1820 4069 2086 4162 peccando
2115 4086 2281 4139 Adam
2312 4080 2559 4153 perdidit,
2592 4093 2747 4147 posse
2769 4090 2872 4130 non
2911 4073 3065 4137 mori,
3094 4069 3381 4125 novissima

1820 4159 1921 4237 erit
1945 4194 2047 4233 non
2077 4190 2233 4247 posse
2266 4173 2436 4227 mori:
2469 4172 2539 4224 ita
2560 4169 2784 4238 primum
2828 4164 3051 4218 liberum
3105 4159 3381 4212 arbitrium

1824 4285 1978 4341 posse
2002 4282 2105 4322 non
2129 4278 2368 4336 peccare,
2392 4258 2737 4315 novissimum
2783 4268 2891 4307 non
2934 4264 3087 4320 posse
3127 4262 3371 4318 peccare.

1823 4336 1910 4415 Sic
1933 4359 2074 4414 enim
2099 4358 2202 4411 erit
2222 4348 2578 4408 inamissibilis
2621 4347 2864 4400 voluntas
2889 4341 3099 4411 pietatis
3126 4348 3178 4392 et
3212 4336 3380 4405 τη(ιυί-

1828 4445 2252 4517 tatis,quomodo
2285 4452 2367 4498 est
2404 4436 2684 4494 felicitatis.
2725 4434 2855 4488 Nam
2911 4430 3088 4499 utique
3115 4424 3382 4496 peccando

1826 4556 1927 4598 nec
1955 4540 2201 4610 pietatem
2224 4549 2323 4589 nec
2370 4531 2673 4585 felicitatem
2724 4522 3010 4587 tenuimus,
3064 4519 3388 4572 voluntatem

1828 4606 2240 4689 vero'felicitatis
2256 4640 2352 4681 nec
2376 4621 2578 4695 perdita
2604 4617 2852 4673 felicitate
2873 4610 3214 4683 perdidimus.
3237 4606 3393 4661 Certe

1831 4727 1971 4781 Deus
1992 4724 2104 4793 ipse
2123 4714 2397 4786 numquid,
2419 4711 2663 4782 quoniam
2695 4718 2915 4776 peccare
2936 4716 3039 4756 non
3059 4707 3249 4769 potest,
3272 4696 3393 4750 ideo

1832 4791 2055 4873 liberum
2085 4811 2359 4866 arbitrium
2397 4805 2591 4859 habere
2639 4796 2909 4868 negandus
2964 4800 3049 4847 est
3075 4792 3098 4845 ?
3126 4791 3241 4845 Erit
3267 4803 3395 4858 ergo

1836 4904 2215 4965 illiuscivitatis
2237 4909 2289 4956 et
2317 4913 2420 4953 una
2458 4897 2510 4950 in
2552 4892 2813 4953 omnibus,
2841 4897 2895 4943 et
2940 4882 3302 4954 inseparabilis
3344 4881 3396 4933 in

1837 4995 2317 5068 singulisvoluntas
2346 4989 2529 5052 libera,
2575 4984 2642 5038 ab
2687 4980 2830 5036 omni
2870 4978 3010 5032 malo
3057 4976 3299 5038 liberata,
3346 4981 3401 5025 et

1840 5090 2049 5159 impleta
2079 5084 2224 5139 omni
2259 5083 2419 5145 bono,
2464 5078 2644 5132 fruens
2676 5072 3037 5128 indeﬁcienter
3080 5074 3401 5120 a-ternorum

1838 5156 2163 5251 iucunditate
2181 5171 2511 5243 gaudiorum,
2559 5166 2721 5222 oblita
2771 5163 3067 5230 culparum,
3098 5156 3259 5209 oblita
3291 5167 3405 5220 pm-

1844 5284 2063 5333 narum;
2117 5241 2216 5319 nec
2264 5270 2440 5315 tamen
2493 5256 2612 5310 ideo
2665 5268 2776 5308 sua:
2830 5245 3156 5305 liberationis
3216 5241 3400 5306 oblita,

1844 5374 1901 5418 ut
1920 5358 2186 5416 liberatori
2211 5367 2307 5409 suo
2336 5365 2440 5404 non
2467 5348 2533 5401 sit
2550 5353 2694 5416 grata
2710 5342 2750 5393 ⁸.

1910 5522 1925 5552 ι
1962 5526 2054 5575 πη
2078 5520 2175 5563 tam
2196 5506 2327 5559 nolit.
2362 5512 2494 5563 bov.,
2520 5508 2743 5562 tanquam
2758 5490 2917 5543 nollet.
2935 5486 3252 5538 Emendantur
3268 5483 3407 5531 auxi-

1846 5582 1910 5632 lio
1932 5575 2369 5632 manuscriptorutn.

2087 5622 2197 5691 258,
2218 5622 2561 5691 indeclinabile.
2615 5627 2673 5669 bl.
2748 5690 2753 5691 γ
2778 5675 2904 5691 Αμ-
2946 5684 3036 5691 ___
3058 5683 3070 5691 _
3094 5664 3216 5691 “ml
3237 5663 3354 5691 mm;

1914 5664 1931 5673 '
1962 5664 2067 5689 bUU.
2092 5664 2197 5691 ειυυ,
2218 5664 2561 5681 μειουνικνπηη
2618 5664 2673 5669 __,
3345 5664 3354 5671 ‘

1914 5705 1934 5735 ³
1966 5710 2095 5757 Lov.,
2120 5709 2211 5744 non
2229 5675 2926 5757 sitqingramgfxpungendum,
2946 5683 3070 5732 twn;
3092 5664 3218 5730 quod
3237 5669 3408 5713 merito

1917 5746 2144 5826 (αῖὸοξιΐ.
2166 5746 2395 5806 Enchit'id.
2418 5762 2466 5798 tt.
2493 5746 2569 5796 28.
