3926 6386
499 314 603 370 803

567 426 619 478 4.
650 422 912 489 Quantum
944 435 1071 489 ergo
1098 420 1283 473 attinet
1307 418 1373 472 ad
1418 416 1693 471 scientiam
1722 412 2056 473 rationalem,

497 529 699 569 memor
716 514 1099 582 praeteritorum
1126 510 1284 565 etiam
1328 510 1585 564 malorum
1602 522 1814 562 suorum
1838 523 1853 572 ;
1896 520 2063 574 quan-

499 616 607 661 tum
628 616 802 661 autem
832 604 895 657 ad
925 602 1243 672 experientis
1263 616 1495 665 sensum,
1514 612 1730 668 prorsus
1759 598 2058 651 immemor.

495 697 626 751 Nam
673 705 724 750 et
771 695 1119 763 peritissimus
1173 691 1427 750 medicus,
1478 690 1613 743 sicut
1653 697 1764 741 arte
1804 686 2060 749 sciuntur,

494 800 680 841 omnes
710 786 816 838 fere
838 784 1052 837 morbos
1082 782 1319 850 corporis
1348 780 1527 834 novit:
1558 779 1691 831 sicut
1731 783 1910 829 autem
1943 789 2063 827 cor-

498 893 625 944 pore
646 878 942 931 sentiuntur
961 918 975 941 ,
1020 875 1273 943 plurimos
1301 873 1485 937 nescit,
1513 884 1645 940 quos
1675 871 1785 939 ipse
1813 883 1918 922 non
1942 882 2064 935 pas-

497 982 586 1021 sus
611 976 710 1021 est.
747 966 811 1021 Ut
851 981 978 1036 ergo
1015 965 1247 1019 scientiae
1295 963 1551 1017 malorum
1591 960 1708 1014 duae
1752 970 1913 1023 sunt;
1941 971 2062 1021 una,

495 1074 597 1127 qua
623 1057 905 1126 potentiam
936 1056 1128 1111 mentis
1172 1071 1275 1109 non
1326 1054 1527 1116 latent;
1564 1053 1751 1115 altera,
1774 1065 1877 1120 qua
1906 1064 2065 1118 expc-

498 1149 685 1202 rientis
725 1147 967 1200 sensibus
1018 1147 1279 1201 inharrent
1332 1144 1535 1213 (aliter
1584 1142 1780 1212 quippe
1826 1142 2065 1195 sciuntur

497 1237 671 1290 omnia
693 1238 815 1290 vitia
857 1254 949 1305 per
978 1237 1248 1305 sapientiae
1294 1234 1609 1299 doctrinam,
1641 1232 1791 1287 aliter
1819 1246 1912 1300 per
1942 1231 2067 1285 insi-

497 1324 690 1394 pientis
722 1326 1001 1394 pessimam
1034 1324 1223 1393 vitam)
1258 1325 1363 1378 :ita
1392 1331 1447 1377 et
1473 1323 1766 1377 obliviones
1809 1322 2066 1375 malorum

498 1412 615 1467 dum
641 1422 783 1467 sunt.
808 1414 975 1467 Aliter
999 1429 1059 1467 ea
1108 1428 1333 1481 namque
1384 1411 1708 1466 obliviscitur
1748 1411 1984 1465 eruditus
2012 1418 2070 1464 et

497 1506 706 1570 doctus,
737 1506 892 1559 aliter
944 1516 1194 1574 expertus
1223 1513 1277 1558 et
1315 1518 1539 1572 passus:
1571 1503 1679 1568 ille,
1733 1504 1778 1557 si
1824 1503 2066 1572 peritiam

498 1596 760 1665 negligat;
814 1596 935 1662 iste,
978 1596 1023 1649 si
1070 1594 1280 1648 miseria
1342 1602 1538 1648 careat.
1582 1593 1883 1647 Secundum
1933 1593 2068 1647 hanc

498 1686 817 1741 oblivionem
848 1700 1004 1756 quam
1034 1686 1327 1755 p05teriore
1378 1684 1495 1738 loco
1538 1684 1726 1753 posui,
1758 1698 1862 1737 non
1914 1691 2069 1737 erunt

500 1789 764 1829 memores
804 1775 970 1829 sancti
1018 1776 1408 1844 prmteritorum
1454 1774 1756 1826 malorum:
1810 1773 2070 1826 carebunt

499 1868 640 1921 enim
669 1866 934 1931 omnibus,
961 1866 1033 1920 ita
1064 1876 1121 1920 ut
1172 1850 1379 1935 penitus
1408 1864 1684 1919 deleantur
1712 1864 1778 1919 de
1824 1862 2067 1918 sensibus

499 1971 702 2011 corum.
732 1955 808 2011 Ea
858 1966 1032 2010 tamen
1079 1957 1308 2027 potentia
1351 1956 1611 2023 scientize,
1642 1972 1759 2025 qua:
1796 1970 1984 2025 magna
2016 1956 2065 2008 in

498 2048 579 2101 eis
607 2048 726 2110 erit,
757 2063 863 2101 non
894 2047 1064 2101 solum
1094 2062 1183 2101 sna
1212 2046 1499 2116 prietcrita,
1542 2045 1637 2101 sed
1666 2046 1825 2100 etiam
1847 2046 2069 2099 damna-

500 2146 671 2191 torum
694 2152 788 2193 eos
826 2139 1146 2208 sempiterna
1199 2138 1407 2191 miseria
1439 2152 1544 2191 non
1596 2136 1796 2192 latebit.
1821 2138 2067 2206 Alioquin

502 2230 547 2282 si
575 2245 632 2283 se
658 2227 820 2283 fuisse
850 2228 1075 2283 miseros
1115 2228 1367 2282 nescituri
1404 2236 1568 2291 sunt,
1615 2226 1901 2297 quomodo,
1933 2229 2069 2281 sicut

499 2319 573 2371 ait
594 2317 853 2383 Psalmns,
888 2318 1280 2373 misericordias
1326 2318 1531 2371 Domini
1574 2317 1623 2370 in
1663 2327 1919 2372 aeternum
1941 2332 2068 2371 can-

499 2410 718 2479 tabunt(
751 2408 897 2463 Psal.
930 2425 1191 2475 Lxxxvut,
1218 2408 1253 2461 ‘2
1282 2406 1339 2481 )?
1360 2408 1474 2473 Quo
1522 2408 1727 2462 cantico
1771 2409 1819 2459 in
1845 2407 2064 2477 gloriam

500 2502 678 2569 gratia:
706 2500 919 2565 Christi,
944 2501 1095 2568 cujus
1119 2501 1372 2568 sanguine
1424 2498 1627 2553 liberati
1681 2512 1887 2563 sumus,
1936 2498 2068 2552 nihil

499 2594 601 2647 erit
656 2592 888 2662 profecto
929 2593 1001 2646 illi
1042 2591 1324 2661 jucundius
1374 2590 1593 2644 civitati.
1643 2588 1716 2643 lbi
1745 2590 2064 2659 perﬁcietur,

514 2682 711 2744 Vacate,
739 2692 783 2735 et
805 2682 963 2735 videte
994 2684 1229 2752 quoniam
1268 2697 1357 2751 ego
1394 2697 1505 2733 sunt
1559 2680 1697 2733 Deus
1725 2680 1742 2749 (
1771 2679 1913 2734 Psal.
1944 2696 2067 2743 uv,

502 2772 562 2825 Η
588 2771 628 2841 ).
646 2770 795 2839 Quod
825 2771 923 2825 erit
949 2771 965 2802 ί
993 2785 1116 2825 vere
1133 2769 1416 2824 maximum
1439 2769 1712 2824 sabbatum
1739 2785 1843 2823 non
1872 2770 2071 2825 habens

500 2875 798 2931 veSperam,
846 2860 983 2931 quod
1034 2859 1426 2916 commendavit
1482 2860 1738 2914 Dominus
1784 2860 1835 2913 in
1885 2862 2071 2931 primis

499 2952 745 3021 operibus
770 2951 971 3017 mundi,
997 2951 1080 3004 ubi
1112 2952 1302 3020 legitur
1332 2970 1344 3003 :
1376 2949 1442 3003 Et
1467 2951 1699 3020 requievit
1727 2950 1863 3004 Deus
1892 2950 1972 3003 die
1995 2967 2073 3004 εει

501 3044 653 3112 ptimo
681 3041 741 3093 ab
768 3042 991 3095 omnibus
1020 3041 1248 3112 aperibus
1271 3043 1391 3103 suis,
1415 3057 1525 3111 qua:
1562 3041 1677 3111 fecit
1704 3056 1724 3097 :
1750 3054 1795 3095 et
1822 3042 2071 3095 benedixit

500 3131 638 3187 Deus
665 3134 793 3186 diem
818 3134 1102 3202 septimum,
1122 3141 1166 3185 et
1189 3132 1521 3199 sanctiﬁcavit
1542 3128 1671 3197 eum,
1695 3133 1811 3201 quia
1828 3134 1879 3185 in
1905 3149 1959 3185 eo
1988 3150 2069 3186 rec

499 3226 677 3292 quievit
700 3225 760 3277 ab
777 3224 1005 3278 omnibus
1030 3225 1258 3295 operibus
1278 3226 1401 3291 suis,
1428 3240 1540 3295 quae
1562 3226 1808 3278 inchoavit
1830 3224 1967 3279 Deus
1988 3225 2071 3293 [a-

500 3316 650 3387 cere(
679 3314 804 3368 Gen.
833 3332 887 3379 ιι,
911 3314 966 3382 ‘2,
1016 3316 1049 3370 5
1080 3318 1119 3385 ).
1153 3316 1272 3370 Dies
1315 3317 1456 3370 enim
1492 3317 1749 3386 septimus
1787 3316 1943 3370 etiam
1975 3332 2071 3371 nos

503 3404 603 3472 ipsi
643 3405 862 3467 erimus,
916 3405 1125 3473 quando
1178 3406 1292 3475 ejus
1320 3404 1573 3459 fuerimus
1611 3406 1976 3460 benedictione
2020 3415 2073 3461 et

501 3496 915 3550 sanctiﬁcatione
946 3496 1086 3566 pleni
1130 3505 1287 3567 atque
1325 3497 1573 3553 refecti’.
1604 3498 1679 3552 lbi
1726 3508 1971 3553 vacantes
2000 3499 2073 3552 vi-

501 3588 742 3642 debimus
769 3590 1015 3657 queniam
1034 3590 1143 3658 ipse
1186 3599 1270 3643 est
1304 3589 1442 3644 Deus
1467 3607 1480 3643 :
1502 3589 1640 3660 quod
1668 3589 1821 3644 nobis
1842 3590 1937 3659 ipsi
1954 3605 2072 3644 esse

505 3679 766 3733 voluimus
790 3722 805 3747 ,
830 3681 1041 3750 quando
1071 3682 1136 3734 ab
1167 3682 1255 3733 illo
1284 3681 1589 3745 cecidimus,
1629 3680 1904 3734 audientes
1930 3696 1958 3733 τι
1987 3695 2073 3735 sc-

501 3768 740 3832 ductore,
772 3768 926 3822 Eritis
970 3771 1094 3821 sicut
1120 3771 1192 3821 dii
1218 3768 1342 3841 (Id.
1391 3785 1466 3839 tu,
1499 3770 1551 3835 5,
1584 3770 1636 3840 );
1664 3779 1716 3822 et
1763 3770 2071 3826 recedentes

501 3876 531 3913 a
558 3875 681 3914 vero
704 3860 832 3925 Deo,
861 3877 964 3929 quo
994 3861 1215 3914 faciente
1250 3862 1322 3913 dii
1348 3876 1589 3916 essemus
1631 3862 1745 3931 ejus
1788 3863 2072 3934 participa-

504 3952 646 4004 tione
667 3990 682 4015 ,
732 3965 836 4004 non
877 3950 1198 4005 desertione.
1235 3952 1371 4019 Quid
1401 3953 1539 4007 enim
1569 3953 1683 4007 sine
1714 3954 1800 4007 illo
1827 3952 2069 4021 fecimus,

501 4037 601 4091 nisi
632 4038 771 4107 quod
796 4038 945 4092 inira
986 4043 1101 4108 ejus
1121 4039 1454 4110 defecimus(
1491 4040 1637 4095 Psal.
1683 4059 1902 4107 uxm,
1943 4044 2021 4114 9)
2051 4047 2073 4097 ?

501 4132 544 4185 Δ
566 4146 671 4201 quo
687 4130 893 4198 refecti,
913 4141 963 4186 et
983 4132 1149 4202 gratia
1190 4133 1393 4203 majore
1429 4132 1669 4203 perfecti,
1692 4136 1991 4190 vacabimus
2018 4136 2070 4190 in

500 4231 781 4286 :eternum,
808 4222 1183 4291 videntesquia
1205 4224 1316 4293 ipse
1332 4232 1413 4278 est
1436 4225 1592 4289 Deus,
1649 4239 1753 4293 quo
1808 4224 1949 4293 pleni
1978 4226 2075 4280 eri-

502 4329 641 4382 mus,
669 4313 882 4385 quando
909 4314 1021 4384 ipse
1041 4315 1332 4370 eritomnia
1351 4316 1400 4369 in
1430 4317 1693 4371 omnibus.
1722 4316 1853 4371 Nam
1884 4328 1936 4373 et
1961 4319 2071 4387 ipsa

501 4478 729 4544 omissum
752 4480 890 4544 estin
911 4478 1214 4544 editis_\'ind.
1241 4487 1341 4527 Am.
1368 4486 1421 4528 et
1436 4486 1506 4527 Fr.
1534 4479 1614 4544 vel
1637 4493 1741 4542 pro,
1768 4480 1973 4544 ingrata,
2004 4480 2075 4529 le-

502 4538 714 4598 gendum
736 4546 789 4587 ut
811 4542 858 4586 iu
884 4539 1097 4589 melioris
1119 4550 1243 4590 nota:
1266 4543 1612 4603 manuscriptis,
1635 4538 1791 4604 grata.

567 4622 588 4694 ξ
620 4628 694 4694 tir.
716 4629 768 4694 et
789 4629 920 4694 bow,
946 4624 1076 4684 Quod
1098 4623 1189 4673 erit
1210 4623 1482 4694 ibiqltbest,
1506 4626 1589 4687 ibi,
1625 4627 1686 4675 ah
1708 4626 1813 4676 aliis
1832 4626 1986 4677 libris.

568 4683 588 4713 ⁸
620 4688 671 4733 ω
694 4683 941 4747 plerisque
961 4683 1087 4747 Mss,
1111 4686 1324 4759 perfecti.

1038 309 1125 363 DE
1162 304 1477 364 CIVITATE
1519 302 1651 367 DEI,
1689 301 1747 357 S.
1788 298 2147 356 AUCUSTINI
2189 297 2386 355 LIBER
2424 298 2785 356 VICESIMUS
2821 299 3195 358 SECUNDUS.

3652 299 3763 356 804

2169 412 2308 469 bona
2340 428 2500 484 opera
2517 424 2717 482 nostra,
2741 414 2953 485 quando
2974 414 3137 484 ipsius
3180 414 3355 484 potius
3381 413 3765 484 intelliguntur

2168 519 2289 558 esse
2313 518 2469 573 quam
2496 515 2696 568 nostra,
2744 514 2869 559 tunc
2906 504 3060 559 nobis
3106 504 3171 559 ad
3192 504 3296 558 hoc
3325 504 3612 558 sabbatum
3642 506 3761 558 adi-

2172 596 2479 666 piscendum
2505 598 2846 666 imputantur.
2880 596 3013 663 Quia
3038 595 3083 649 si
3111 597 3264 650 nobis
3293 610 3355 649 ea
3374 595 3751 655 tribuerimus,

2172 688 2381 741 servilia
2409 696 2738 753 erunt;cum
2780 688 2847 742 de
2871 688 3095 742 sabbato
3141 687 3367 751 dicatur,
3400 686 3567 739 Omne
3627 703 3758 753 opus

2171 778 2419 832 servilem
2439 793 2495 831 eo
2519 779 2533 810 ¹
2561 795 2662 831 non
2680 778 2871 847 facietis
2900 778 2919 847 (
2949 776 3098 830 Deut.
3118 778 3257 838 v.14
3290 777 3329 846 ).
3354 776 3586 846 Propter
3612 778 3759 845 quod

2171 877 2226 924 et
2252 884 2347 939 per
2376 865 2705 922 Ezechielem
2737 867 3050 937 prophetam
3078 866 3293 932 dicitur,
3322 864 3389 918 Et
3408 866 3625 919 sabbata
3648 882 3755 919 mea

2170 960 2289 1014 dedi
2312 961 2450 1014 eisin
2475 961 2669 1030 signum
2694 961 2822 1013 inter
2843 975 2920 1012 me
2964 968 3011 1013 et
3038 959 3167 1012 inter
3201 974 3306 1024 eos,
3336 966 3390 1011 ut
3419 960 3610 1012 scirent
3639 960 3757 1027 quia

2170 1068 2260 1122 ego
2290 1050 2536 1104 Dominus
2559 1051 2644 1120 qui
2686 1050 2946 1118 sancti/ica
2971 1066 3053 1104 eos
3081 1048 3101 1119 (
3124 1047 3314 1101 Ezech.
3344 1064 3440 1112 xx,
3463 1047 3531 1101 12
3564 1047 3609 1116 ).
3644 1047 3756 1102 Hoc

2172 1141 2408 1212 perfecte
2435 1151 2560 1195 tunc
2602 1141 2851 1207 sciemus,
2876 1140 3092 1210 quando
3143 1140 3372 1209 perfecte
3414 1140 3749 1204 vacabimus,

2170 1245 2224 1291 et
2242 1236 2471 1305 perfecte
2495 1233 2791 1289 videbimus
2811 1233 2932 1302 quia
2961 1233 3073 1301 ipse
3098 1243 3179 1287 est
3198 1232 3356 1286 Deus.

2241 1327 2296 1381 5.
2327 1326 2444 1396 Ipse
2468 1327 2626 1380 etiam
2659 1340 2908 1380 numerus
2958 1333 3197 1390 aetatum,
3227 1323 3389 1378 veluti
3447 1322 3683 1387 dierum,
3706 1324 3754 1377 si

2172 1416 2463 1472 secundum
2489 1430 2583 1471 eos
2610 1413 2859 1470 amiculus
2907 1414 3168 1483 temporis
3192 1422 3551 1483 computetur,
3586 1420 3678 1483 qui
3698 1414 3751 1468 in

2171 1506 2457 1576 Scripturis
2476 1505 2720 1559 videntur
2729 1505 2987 1574 expressi,
3018 1504 3120 1558 iste
3142 1503 3501 1558 sabbatismns
3520 1503 3751 1559 eviden-

2172 1600 2277 1654 tius
2299 1597 2593 1668 apparebit,
2637 1596 2889 1667 quoniam
2912 1596 3173 1664 septimus
3216 1596 3487 1650 invenitur
3505 1614 3522 1648 :
3550 1605 3613 1650 ut
3641 1598 3751 1664 pri-

2173 1706 2259 1745 ma
2282 1699 2410 1744 (etas
2426 1696 2676 1757 tanquam
2708 1686 2823 1741 dies
2849 1688 3052 1756 primus
3072 1685 3143 1739 sit
3168 1685 3234 1740 ab
3264 1684 3437 1738 Adam
3468 1700 3643 1754 Itaque
3683 1687 3755 1739 ad

2172 1782 2449 1845 diluvium,
2497 1777 2728 1833 secunda
2782 1777 2905 1832 inde
2947 1791 3116 1846 usque
3162 1776 3231 1829 ad
3272 1775 3544 1829 Abraham
3573 1816 3593 1841 ,
3646 1791 3755 1830 non

2172 1869 2469 1942 aequalitate
2500 1877 2831 1938 temporum,
2888 1865 2982 1921 sed
3036 1879 3259 1919 numero
3301 1866 3749 1934 generationmn;

2174 1963 2339 2017 (lenas
2380 1960 2577 2031 quippe
2620 1958 2820 2012 habere
2870 1956 3222 2025 reperiuntur.
3264 1956 3397 2009 llinc
3430 1956 3539 2024 jam
3570 1996 3587 2021 ,
3616 1957 3757 2013 sicut

2174 2053 2451 2107 Matthmus
2465 2049 2790 2120 evangelista
2827 2047 3165 2114 determinat,
3214 2056 3323 2102 tres
3362 2055 3547 2100 aetates
3584 2061 3751 2116 usque

2173 2145 2238 2201 ad
2267 2143 2461 2199 Christi
2487 2142 2880 2211 subsequuntur
2904 2137 3210 2203 adventum,
3240 2152 3360 2206 quae
3402 2135 3628 2205 singulm
3656 2135 3751 2191 de-

2174 2238 2258 2291 nis
2318 2244 2373 2290 et
2436 2234 2708 2305 quaternis
2771 2230 3203 2303 generationibus
3266 2229 3611 2298 eXplicantur
3646 2229 3751 2282 :ab

2174 2325 2438 2380 Abraham
2468 2339 2634 2394 usque
2654 2322 2719 2378 ad
2748 2321 2911 2376 David
2959 2335 3083 2382 una,
3106 2320 3268 2373 altera
3311 2319 3436 2374 inde
3479 2334 3652 2388 usque
3688 2320 3752 2375 ad

2175 2414 2692 2486 trausmigrationem
2738 2413 2789 2467 in
2838 2412 3204 2482 Babyloniam,
3241 2411 3393 2464 tertia
3434 2409 3560 2463 inde
3591 2424 3753 2478 usque

2179 2506 2246 2562 ad
2264 2506 2462 2565 Christi
2489 2505 2757 2560 carnalem
2789 2504 3137 2558 nativitatem.
3172 2501 3331 2555 Fiunt
3371 2502 3551 2570 itaque
3570 2514 3751 2555 armies

2176 2599 2428 2667 quinque.
2456 2597 2628 2652 Sexta
2649 2610 2789 2650 nunc
2810 2594 3003 2663 agitur,
3049 2593 3192 2646 nullo
3218 2594 3626 2662 generationem
3655 2607 3749 2644 nu-

2175 2704 2322 2743 mero
2344 2687 2626 2752 metienda,
2657 2694 2871 2755 propter
2899 2684 2950 2738 id
2990 2683 3129 2753 quod
3153 2682 3355 2738 dictum
3402 2692 3508 2746 est,
3536 2680 3662 2735 Non
3684 2692 3753 2735 est

2175 2791 2389 2835 vestrum
2408 2780 2534 2834 scire
2559 2787 2801 2848 tempora,
2822 2790 2937 2845 qua:
2959 2774 3112 2827 Pater
3133 2774 3295 2842 posuit
3317 2773 3371 2825 in
3393 2789 3489 2826 sua
3515 2780 3753 2841 potestate

2176 2875 2193 2943 (
2216 2874 2326 2925 Act.
2344 2887 2381 2935 ι,
2405 2871 2436 2925 7
2466 2872 2506 2940 ).
2531 2868 2656 2923 Post
2676 2867 2813 2921 hanc
2831 2876 3078 2935 tanquam
3099 2865 3152 2919 in
3168 2863 3258 2918 die
3280 2864 3513 2933 septimo
3538 2863 3747 2931 requie-

2176 2972 2288 3019 scet
2308 2964 2468 3027 Deus,
2497 2975 2618 3015 cum
2669 2958 2916 3013 eumdem
2967 2955 3250 3025 septimum
3288 2953 3456 3021 diem,
3484 2954 3629 3023 quod
3655 2968 3747 3007 nos

2175 3058 2395 3120 erimus,
2429 3055 2480 3107 in
2515 3067 2575 3108 se
2605 3053 2719 3122 ipso
2744 3050 2890 3105 Deo”
2921 3047 3075 3102 faciet
3106 3048 3462 3116 requiescere.
3519 3046 3593 3099 De
3640 3045 3747 3099 istis

2179 3164 2336 3218 porro
2369 3146 2612 3201 uitalibus
2639 3142 2859 3212 singulis
2899 3156 3039 3195 nunc
3090 3139 3373 3210 diligenter
3426 3137 3643 3206 longum
3670 3145 3749 3191 est

2176 3243 2465 3311 disputare.
2490 3239 2614 3293 llzee
2630 3247 2806 3291 tamen
2824 3235 3045 3304 septima
3064 3234 3163 3288 erit
3182 3230 3463 3286 sabbatum
3482 3236 3747 3293 nostrum,

2176 3334 2326 3403 cujus
2354 3332 2474 3385 ﬁnis
2500 3346 2604 3385 non
2628 3329 2983 3396 eritvespera,
3010 3323 3104 3379 sed
3140 3322 3441 3377 dominicus
3466 3321 3582 3374 dies
3605 3320 3748 3374 velut

2176 3435 2393 3479 octavus
2410 3432 2657 3485 aeternus,
2671 3417 2967 3489 quiChristi
2987 3414 3376 3471 resurrectione
3396 3418 3635 3465 sacratus
3650 3420 3748 3474 est,

2176 3524 2429 3570 mmmam
2455 3527 2560 3567 non
2574 3511 2748 3566 solum
2768 3508 3002 3578 spiritus,
3019 3521 3201 3561 verum
3219 3504 3378 3559 etiam
3399 3501 3643 3570 corporis
3665 3515 3749 3554 re-

2176 3608 2352 3678 quiem
2371 3604 2731 3675 praaﬁgurans.
2760 3601 2831 3660 lbi
2850 3598 3170 3662 vacabimus,
3187 3605 3243 3650 ct
3259 3594 3557 3649 videbimus
3578 3610 3595 3657 ;
3616 3592 3754 3646 vide

2177 3698 2369 3761 bimus,
2393 3704 2449 3751 et
2462 3693 2786 3756 amabimus;
2807 3689 3124 3754 amabimus,
3148 3695 3201 3741 et
3228 3685 3585 3740 laudabimus.
3617 3684 3750 3739 Ecce

2177 3787 2318 3858 quod
2343 3788 2445 3843 erit
2474 3788 2525 3841 in
2550 3785 2676 3839 ﬁne
2701 3783 2820 3838 sine
2847 3780 2971 3835 ﬁne.
2998 3778 3129 3834 Nam
3151 3777 3269 3847 quis
3298 3776 3437 3830 alius
3466 3783 3652 3829 noster
3674 3784 3751 3829 est

2178 3879 2319 3946 ﬁnis,
2338 3878 2438 3932 nisi
2464 3875 2741 3947 pervenire
2764 3871 2831 3927 ad
2851 3886 3094 3941 regnum,
3108 3868 3260 3937 cujus
3279 3866 3459 3921 nullus
3481 3874 3563 3920 est
3585 3864 3707 3919 ﬁnis
3728 3866 3751 3917 2

2248 3973 2301 4028 6.
2352 3962 2548 4027 Videor
2596 3966 2725 4022 mihi
2774 3964 3009 4021 debitum
3054 3962 3283 4032 ingentis
3322 3960 3480 4029 hujus
3534 3959 3749 4027 operis,

2178 4063 2461 4133 adjuvante
2512 4057 2758 4123 Domino,
2805 4053 3120 4111 reddidisse.
3168 4051 3375 4117 Quibus
3428 4064 3640 4118 parum,
3673 4048 3750 4103 vel

2164 4156 2366 4225 quibus
2396 4153 2617 4206 nimium
2660 4159 2762 4215 est,
2814 4148 2947 4203 mihi
2995 4143 3531 4217 ignoscantzqnibus
3576 4151 3747 4196 autem

2180 4248 2307 4301 satis
2328 4254 2428 4310 est,
2460 4259 2566 4298 non
2592 4242 2742 4305 mihi,
2764 4239 2860 4296 sed
2886 4239 2996 4294 Deo
3011 4251 3221 4294 mecum
3248 4236 3449 4306 gratias
3468 4244 3747 4304 congratu-

2179 4339 2346 4393 lantes
2369 4344 2545 4407 agant.
2581 4335 2768 4388 Amen.

2244 4566 2259 4596 ι
2296 4563 2458 4621 Abest,
2482 4561 2530 4611 in
2548 4574 2618 4622 eo,
2637 4574 2666 4611 a
2686 4560 2939 4623 veteribus
2958 4557 3112 4608 libris.
3138 4617 3169 4623 __
3320 4615 3351 4623 __
3380 4616 3391 4623 _
3448 4614 3479 4623 υ

2241 4628 2261 4658 θ
2295 4631 2367 4673 Er.
2391 4614 2669 4681 et'Lov.,'in
2697 4636 2748 4672 se
2770 4622 2873 4686 ipso
2898 4629 3041 4671 Deus.
3067 4617 3236 4669 Melius
3274 4615 3394 4666 editi
3420 4614 3499 4664 alii
3521 4618 3572 4664 et
3590 4620 3747 4662 nmm-

2179 4688 2357 4750 scripti,
2382 4685 2431 4735 in
2453 4700 2501 4737 se.
2521 4686 2624 4749 ipso
2648 4693 2762 4734 Deo.
