  <div class='ocr_page' id='page_1' title='image "/cluster/home/n/w/nwhite01/storage/ocr_20150623/40-41/uva.x000217726/1105.png"; bbox 0 0 3926 6386; ppageno 0'>
   <div class='ocr_carea' id='block_1_1' title="bbox 610 265 713 323">
    <p class='ocr_par' dir='ltr' id='par_1_1' title="bbox 610 265 713 323">
     <span class='ocr_line' id='line_1_1' title="bbox 610 265 713 323; baseline -0.049 0"><span class='ocrx_word' id='word_1_1' title='bbox 610 265 713 323; x_wconf 83' lang='grc'><strong>807</strong></span> 
     </span>
    </p>
   </div>
   <div class='ocr_carea' id='block_1_2' title="bbox 648 366 2183 448">
    <p class='ocr_par' dir='ltr' id='par_1_2' title="bbox 648 366 2183 448">
     <span class='ocr_line' id='line_1_2' title="bbox 648 366 2183 448; baseline -0.007 -15"><span class='ocrx_word' id='word_1_2' title='bbox 648 377 977 448; x_wconf 81' lang='lat' dir='ltr'><strong>resbyterum</strong></span> <span class='ocrx_word' id='word_1_3' title='bbox 1029 372 1494 448; x_wconf 83' lang='lat' dir='ltr'><strong>meum_0rosium_</strong></span> <span class='ocrx_word' id='word_1_4' title='bbox 1546 366 1817 448; x_wconf 75' lang='lat' dir='ltr'><strong>reliquias</strong></span> <span class='ocrx_word' id='word_1_5' title='bbox 1845 366 1913 423; x_wconf 91' lang='lat' dir='ltr'><strong>de</strong></span> <span class='ocrx_word' id='word_1_6' title='bbox 1958 380 2183 448; x_wconf 74' lang='lat' dir='ltr'><strong>corpore</strong></span> 
     </span>
    </p>
   </div>
   <div class='ocr_carea' id='block_1_3' title="bbox 681 437 2180 518">
    <p class='ocr_par' dir='ltr' id='par_1_3' title="bbox 681 437 2180 518">
     <span class='ocr_line' id='line_1_3' title="bbox 681 437 2180 518; baseline -0.008 -16"><span class='ocrx_word' id='word_1_7' title='bbox 681 437 1047 515; x_wconf 62' lang='lat' dir='ltr'><strong>ati&#39;Stephani</strong></span> <span class='ocrx_word' id='word_1_8' title='bbox 1076 444 1233 513; x_wconf 86' lang='lat' dir='ltr'><strong>primi</strong></span> <span class='ocrx_word' id='word_1_9' title='bbox 1281 440 1564 518; x_wconf 69' lang='lat' dir='ltr'><strong>martyris,</strong></span> <span class='ocrx_word' id='word_1_10' title='bbox 1591 439 1693 518; x_wconf 70' lang='lat' dir='ltr'><strong>hoc</strong></span> <span class='ocrx_word' id='word_1_11' title='bbox 1725 446 1856 518; x_wconf 57' lang='lat' dir='ltr'><strong>est,</strong></span> <span class='ocrx_word' id='word_1_12' title='bbox 1911 437 2180 518; x_wconf 68' lang='lat' dir='ltr'><strong>pulverem</strong></span> 
     </span>
    </p>
   </div>
   <div class='ocr_carea' id='block_1_4' title="bbox 611 507 2183 587">
    <p class='ocr_par' dir='ltr' id='par_1_4' title="bbox 611 507 2183 587">
     <span class='ocr_line' id='line_1_4' title="bbox 611 507 2183 587; baseline -0.009 -15"><span class='ocrx_word' id='word_1_13' title='bbox 611 518 788 572; x_wconf 89' lang='lat' dir='ltr'><strong>carnis</strong></span> <span class='ocrx_word' id='word_1_14' title='bbox 813 507 970 587; x_wconf 81' lang='lat' dir='ltr'><strong>atque</strong></span> <span class='ocrx_word' id='word_1_15' title='bbox 994 507 1272 568; x_wconf 65' lang='lat' dir='ltr'><strong>nervorum</strong></span> <span class='ocrx_word' id='word_1_16' title='bbox 1301 521 1398 587; x_wconf 40' lang='grc' dir='ltr'><strong>,ηε-ι</strong></span> <span class='ocrx_word' id='word_1_17' title='bbox 1422 507 1567 579; x_wconf 82' lang='lat' dir='ltr'><strong>quod</strong></span> <span class='ocrx_word' id='word_1_18' title='bbox 1614 507 1825 587; x_wconf 69' lang='lat' dir='ltr'><strong>ﬁdelius</strong></span> <span class='ocrx_word' id='word_1_19' title='bbox 1874 507 2183 587; x_wconf 77' lang='lat' dir='ltr'><strong>certiusque</strong></span> 
     </span>
    </p>
   </div>
   <div class='ocr_carea' id='block_1_5' title="bbox 610 575 2185 647">
    <p class='ocr_par' dir='ltr' id='par_1_5' title="bbox 610 575 2185 647">
     <span class='ocr_line' id='line_1_5' title="bbox 610 575 2185 647; baseline -0.01 -5"><span class='ocrx_word' id='word_1_20' title='bbox 610 575 932 643; x_wconf 80' lang='lat' dir='ltr'><strong>credendum</strong></span> <span class='ocrx_word' id='word_1_21' title='bbox 960 594 1073 647; x_wconf 91' lang='lat' dir='ltr'><strong>est,</strong></span> <span class='ocrx_word' id='word_1_22' title='bbox 1105 598 1223 637; x_wconf 89' lang='lat' dir='ltr'><strong>ossa</strong></span> <span class='ocrx_word' id='word_1_23' title='bbox 1250 575 1417 635; x_wconf 91' lang='lat' dir='ltr'><strong>solida</strong></span> <span class='ocrx_word' id='word_1_24' title='bbox 1445 575 1602 647; x_wconf 80' lang='lat' dir='ltr'><strong>atque</strong></span> <span class='ocrx_word' id='word_1_25' title='bbox 1645 575 1918 630; x_wconf 81' lang='lat' dir='ltr'><strong>manifesta</strong></span> <span class='ocrx_word' id='word_1_26' title='bbox 1942 576 2024 629; x_wconf 91' lang='lat' dir='ltr'><strong>sui</strong></span> <span class='ocrx_word' id='word_1_27' title='bbox 2061 590 2185 647; x_wconf 89' lang='lat' dir='ltr'><strong>sa_n_-</strong></span> 
     </span>
    </p>
   </div>
   <div class='ocr_carea' id='block_1_6' title="bbox 609 643 2185 724">
    <p class='ocr_par' dir='ltr' id='par_1_6' title="bbox 609 643 2185 724">
     <span class='ocr_line' id='line_1_6' title="bbox 609 643 2185 724; baseline -0.01 -12"><span class='ocrx_word' id='word_1_28' title='bbox 609 660 791 712; x_wconf 90' lang='lat' dir='ltr'><strong>ctitate</strong></span> <span class='ocrx_word' id='word_1_29' title='bbox 826 654 975 709; x_wconf 88' lang='lat' dir='ltr'><strong>novis</strong></span> <span class='ocrx_word' id='word_1_30' title='bbox 1023 643 1310 723; x_wconf 84' lang='lat' dir='ltr'><strong>pigmentis</strong></span> <span class='ocrx_word' id='word_1_31' title='bbox 1334 649 1438 724; x_wconf 83' lang='lat' dir='ltr'><strong>_vel_</strong></span> <span class='ocrx_word' id='word_1_32' title='bbox 1467 643 1718 724; x_wconf 85' lang='lat' dir='ltr'><strong>odoribus</strong></span> <span class='ocrx_word' id='word_1_33' title='bbox 1775 647 2082 724; x_wconf 82' lang='lat' dir='ltr'><strong>pin_guiora._</strong></span> <span class='ocrx_word' id='word_1_34' title='bbox 2117 643 2185 724; x_wconf 54' lang='lat' dir='ltr'><strong>lit</strong></span> 
     </span>
    </p>
   </div>
   <div class='ocr_carea' id='block_1_7' title="bbox 614 714 2185 795">
    <p class='ocr_par' dir='ltr' id='par_1_7' title="bbox 614 714 2185 795">
     <span class='ocr_line' id='line_1_7' title="bbox 614 714 2185 795; baseline -0.009 -14"><span class='ocrx_word' id='word_1_35' title='bbox 614 736 792 781; x_wconf 89' lang='lat' dir='ltr'><strong>autem</strong></span> <span class='ocrx_word' id='word_1_36' title='bbox 819 725 959 779; x_wconf 91' lang='lat' dir='ltr'><strong>nulla</strong></span> <span class='ocrx_word' id='word_1_37' title='bbox 988 714 1153 795; x_wconf 72' lang='lat' dir='ltr'><strong>possit</strong></span> <span class='ocrx_word' id='word_1_38' title='bbox 1173 736 1290 777; x_wconf 89' lang='lat' dir='ltr'><strong>esse</strong></span> <span class='ocrx_word' id='word_1_39' title='bbox 1316 718 1592 795; x_wconf 82' lang='lat' dir='ltr'><strong>dubitatio,</strong></span> <span class='ocrx_word' id='word_1_40' title='bbox 1622 714 1789 795; x_wconf 79' lang='lat' dir='ltr'><strong>ipsam</strong></span> <span class='ocrx_word' id='word_1_41' title='bbox 1808 715 1983 795; x_wconf 71' lang='lat' dir='ltr'><strong>advos</strong></span> <span class='ocrx_word' id='word_1_42' title='bbox 2004 714 2185 769; x_wconf 89' lang='lat' dir='ltr'><strong>subdi-</strong></span> 
     </span>
    </p>
   </div>
   <div class='ocr_carea' id='block_1_8' title="bbox 615 784 2182 864">
    <p class='ocr_par' dir='ltr' id='par_1_8' title="bbox 615 784 2182 864">
     <span class='ocr_line' id='line_1_8' title="bbox 615 784 2182 864; baseline -0.008 -15"><span class='ocrx_word' id='word_1_43' title='bbox 615 807 723 849; x_wconf 91' lang='lat' dir='ltr'><strong>tam</strong></span> <span class='ocrx_word' id='word_1_44' title='bbox 781 784 1004 861; x_wconf 55' lang='lat' dir='ltr'><strong>scriptis&#39;</strong></span> <span class='ocrx_word' id='word_1_45' title='bbox 1031 794 1161 864; x_wconf 84' lang='lat' dir='ltr'><strong>meis</strong></span> <span class='ocrx_word' id='word_1_46' title='bbox 1180 832 1195 857; x_wconf 95' lang='lat'><strong>,</strong></span> <span class='ocrx_word' id='word_1_47' title='bbox 1232 789 1399 845; x_wconf 92' lang='lat' dir='ltr'><strong>sancti</strong></span> <span class='ocrx_word' id='word_1_48' title='bbox 1426 784 1740 864; x_wconf 80' lang='lat' dir='ltr'><strong>presbyteri,</strong></span> <span class='ocrx_word' id='word_1_49' title='bbox 1769 786 1851 839; x_wconf 91' lang='lat' dir='ltr'><strong>cui</strong></span> <span class='ocrx_word' id='word_1_50' title='bbox 1880 784 1995 838; x_wconf 58' lang='lat' dir='ltr'><strong>hare</strong></span> <span class='ocrx_word' id='word_1_51' title='bbox 2023 798 2182 864; x_wconf 68' lang='lat' dir='ltr'><strong>reve-</strong></span> 
     </span>
    </p>
   </div>
   <div class='ocr_carea' id='block_1_9' title="bbox 612 858 2181 931">
    <p class='ocr_par' dir='ltr' id='par_1_9' title="bbox 612 858 2181 931">
     <span class='ocr_line' id='line_1_9' title="bbox 612 858 2181 931; baseline -0.008 -13"><span class='ocrx_word' id='word_1_52' title='bbox 612 865 716 918; x_wconf 87' lang='lat' dir='ltr'><strong>lata</strong></span> <span class='ocrx_word' id='word_1_53' title='bbox 742 858 903 927; x_wconf 72' lang='lat' dir='ltr'><strong>sunt,</strong></span> <span class='ocrx_word' id='word_1_54' title='bbox 951 863 1229 931; x_wconf 78' lang='lat' dir='ltr'><strong>epistolam</strong></span> <span class='ocrx_word' id='word_1_55' title='bbox 1277 858 1827 931; x_wconf 77' lang='lat' dir='ltr'><strong>conscriptionetnque</strong></span> <span class='ocrx_word' id='word_1_56' title='bbox 1877 858 2181 931; x_wconf 75' lang='lat' dir='ltr'><strong>transmisi,</strong></span> 
     </span>
    </p>
   </div>
   <div class='ocr_carea' id='block_1_10' title="bbox 2039 212 3744 325">
    <p class='ocr_par' dir='ltr' id='par_1_10' title="bbox 2039 212 3744 325">
     <span class='ocr_line' id='line_1_10' title="bbox 2039 212 3744 325; baseline 0.009 -15"><span class='ocrx_word' id='word_1_57' title='bbox 2039 253 2401 312; x_wconf 78' lang='lat' dir='ltr'><strong>APPENDIX.</strong></span> <span class='ocrx_word' id='word_1_58' title='bbox 3386 212 3397 225; x_wconf 23' lang='grc' dir='ltr'>ἱ</span> <span class='ocrx_word' id='word_1_59' title='bbox 3675 264 3744 325; x_wconf 73' lang='grc' dir='ltr'><strong>εω</strong></span> 
     </span>
    </p>
   </div>
   <div class='ocr_carea' id='block_1_11' title="bbox 2282 361 3743 433">
    <p class='ocr_par' dir='ltr' id='par_1_11' title="bbox 2282 361 3743 433">
     <span class='ocr_line' id='line_1_11' title="bbox 2282 361 3743 433; baseline 0.002 -12"><span class='ocrx_word' id='word_1_60' title='bbox 2282 380 2532 422; x_wconf 86' lang='lat' dir='ltr'><strong>sermone</strong></span> <span class='ocrx_word' id='word_1_61' title='bbox 2554 405 2570 432; x_wconf 96' lang='lat'><strong>,</strong></span> <span class='ocrx_word' id='word_1_62' title='bbox 2599 363 2694 420; x_wconf 89' lang='lat' dir='ltr'><strong>sed</strong></span> <span class='ocrx_word' id='word_1_63' title='bbox 2740 377 2835 433; x_wconf 89' lang='lat' dir='ltr'><strong>per</strong></span> <span class='ocrx_word' id='word_1_64' title='bbox 2872 378 2957 419; x_wconf 90' lang='lat' dir='ltr'><strong>me</strong></span> <span class='ocrx_word' id='word_1_65' title='bbox 2988 370 3187 433; x_wconf 75' lang='lat' dir='ltr'><strong>postea</strong></span> <span class='ocrx_word' id='word_1_66' title='bbox 3207 362 3261 417; x_wconf 88' lang='lat' dir='ltr'><strong>in</strong></span> <span class='ocrx_word' id='word_1_67' title='bbox 3300 361 3503 419; x_wconf 85' lang='lat' dir='ltr'><strong>latinum</strong></span> <span class='ocrx_word' id='word_1_68' title='bbox 3526 382 3644 424; x_wconf 76' lang='lat' dir='ltr'><strong>versa</strong></span> <span class='ocrx_word' id='word_1_69' title='bbox 3677 386 3743 431; x_wconf 74' lang='grc' dir='ltr'><strong>εει,</strong></span> 
     </span>
    </p>
   </div>
   <div class='ocr_carea' id='block_1_12' title="bbox 2284 431 3743 504">
    <p class='ocr_par' dir='ltr' id='par_1_12' title="bbox 2284 431 3743 504">
     <span class='ocr_line' id='line_1_12' title="bbox 2284 431 3743 504; baseline 0.003 -15"><span class='ocrx_word' id='word_1_70' title='bbox 2284 437 2412 503; x_wconf 68' lang='lat' dir='ltr'><strong>Quae</strong></span> <span class='ocrx_word' id='word_1_71' title='bbox 2443 445 2497 489; x_wconf 91' lang='lat' dir='ltr'><strong>et</strong></span> <span class='ocrx_word' id='word_1_72' title='bbox 2518 448 2611 489; x_wconf 92' lang='lat' dir='ltr'><strong>vos</strong></span> <span class='ocrx_word' id='word_1_73' title='bbox 2633 474 2649 499; x_wconf 93' lang='lat'><strong>,</strong></span> <span class='ocrx_word' id='word_1_74' title='bbox 2704 431 2965 504; x_wconf 12' lang='lat' dir='ltr'><strong>sanctiret</strong></span> <span class='ocrx_word' id='word_1_75' title='bbox 2991 431 3145 487; x_wconf 86' lang='lat' dir='ltr'><strong>beati</strong></span> <span class='ocrx_word' id='word_1_76' title='bbox 3164 431 3374 504; x_wconf 82' lang='lat' dir='ltr'><strong>fratres,</strong></span> <span class='ocrx_word' id='word_1_77' title='bbox 3399 450 3534 504; x_wconf 86' lang='lat' dir='ltr'><strong>quam</strong></span> <span class='ocrx_word' id='word_1_78' title='bbox 3566 446 3743 501; x_wconf 66' lang='lat' dir='ltr'><strong>veraciter</strong></span> 
     </span>
    </p>
   </div>
   <div class='ocr_carea' id='block_1_13' title="bbox 2320 502 3744 577">
    <p class='ocr_par' dir='ltr' id='par_1_13' title="bbox 2320 502 3744 577">
     <span class='ocr_line' id='line_1_13' title="bbox 2320 502 3744 577; baseline 0.003 -17"><span class='ocrx_word' id='word_1_79' title='bbox 2320 502 2431 560; x_wconf 87' lang='lat' dir='ltr'><strong>esta</strong></span> <span class='ocrx_word' id='word_1_80' title='bbox 2461 513 2623 569; x_wconf 88' lang='lat' dir='ltr'><strong>sunt,</strong></span> <span class='ocrx_word' id='word_1_81' title='bbox 2644 511 2757 577; x_wconf 85' lang='lat' dir='ltr'><strong>tam</strong></span> <span class='ocrx_word' id='word_1_82' title='bbox 2779 502 3003 577; x_wconf 80' lang='lat' dir='ltr'><strong>ﬁdeliter</strong></span> <span class='ocrx_word' id='word_1_83' title='bbox 3039 514 3295 577; x_wconf 79' lang='lat' dir='ltr'><strong>suscepta</strong></span> <span class='ocrx_word' id='word_1_84' title='bbox 3323 502 3744 577; x_wconf 70' lang='lat' dir='ltr'><strong>habeatisimploro.</strong></span> 
     </span>
    </p>
   </div>
   <div class='ocr_carea' id='block_1_14' title="bbox 2284 522 3744 640">
    <p class='ocr_par' dir='ltr' id='par_1_14' title="bbox 2284 522 3744 640">
     <span class='ocr_line' id='line_1_14' title="bbox 2320 522 3744 577; baseline 0 -17"><span class='ocrx_word' id='word_1_85' title='bbox 2320 522 2431 560; x_wconf 75' lang='lat' dir='ltr'><strong>BSla</strong></span> <span class='ocrx_word' id='word_1_86' title='bbox 2461 522 2585 559; x_wconf 77' lang='grc' dir='ltr'><strong>ευηι</strong></span> <span class='ocrx_word' id='word_1_87' title='bbox 2607 543 2623 569; x_wconf 82' lang='lat'><strong>,</strong></span> <span class='ocrx_word' id='word_1_88' title='bbox 2644 522 2757 557; x_wconf 75' lang='lat' dir='ltr'><strong>tam</strong></span> <span class='ocrx_word' id='word_1_89' title='bbox 2779 522 3003 557; x_wconf 85' lang='lat' dir='ltr'><strong>uueuter</strong></span> <span class='ocrx_word' id='word_1_90' title='bbox 3046 522 3295 569; x_wconf 81' lang='lat' dir='ltr'><strong>suscepta</strong></span> <span class='ocrx_word' id='word_1_91' title='bbox 3324 522 3539 558; x_wconf 81' lang='lat' dir='ltr'><strong>naneaus</strong></span> <span class='ocrx_word' id='word_1_92' title='bbox 3574 522 3744 577; x_wconf 75' lang='lat' dir='ltr'><strong>imptum,</strong></span> 
     </span>
     <span class='ocr_line' id='line_1_15' title="bbox 2284 522 3744 640; baseline -0.003 -11"><span class='ocrx_word' id='word_1_93' title='bbox 2284 522 2472 629; x_wconf 45' lang='lat' dir='ltr'><strong>Certus</strong></span> <span class='ocrx_word' id='word_1_94' title='bbox 2500 588 2618 629; x_wconf 91' lang='lat' dir='ltr'><strong>sum</strong></span> <span class='ocrx_word' id='word_1_95' title='bbox 2643 572 2783 627; x_wconf 90' lang='lat' dir='ltr'><strong>enim</strong></span> <span class='ocrx_word' id='word_1_96' title='bbox 2812 573 2935 640; x_wconf 89' lang='lat' dir='ltr'><strong>quia</strong></span> <span class='ocrx_word' id='word_1_97' title='bbox 2964 612 2979 635; x_wconf 95' lang='lat'><strong>,</strong></span> <span class='ocrx_word' id='word_1_98' title='bbox 3004 573 3153 625; x_wconf 87' lang='lat' dir='ltr'><strong>sicut</strong></span> <span class='ocrx_word' id='word_1_99' title='bbox 3196 572 3307 639; x_wconf 88' lang='lat' dir='ltr'><strong>ipse</strong></span> <span class='ocrx_word' id='word_1_100' title='bbox 3335 572 3504 627; x_wconf 87' lang='lat' dir='ltr'><strong>beatus</strong></span> <span class='ocrx_word' id='word_1_101' title='bbox 3524 575 3675 640; x_wconf 71' lang='lat' dir='ltr'><strong>Herm</strong></span> <span class='ocrx_word' id='word_1_102' title='bbox 3692 582 3744 636; x_wconf 71' lang='grc' dir='ltr'><strong>ἀί.</strong></span> 
     </span>
    </p>
   </div>
   <div class='ocr_carea' id='block_1_15' title="bbox 2284 636 3745 713">
    <p class='ocr_par' dir='ltr' id='par_1_15' title="bbox 2284 636 3745 713">
     <span class='ocr_line' id='line_1_16' title="bbox 2284 636 3745 713; baseline 0.003 -16"><span class='ocrx_word' id='word_1_103' title='bbox 2284 654 2472 713; x_wconf 88' lang='lat' dir='ltr'><strong>gnatus</strong></span> <span class='ocrx_word' id='word_1_104' title='bbox 2500 653 2580 713; x_wconf 88' lang='lat' dir='ltr'><strong>est</strong></span> <span class='ocrx_word' id='word_1_105' title='bbox 2610 636 2853 696; x_wconf 79' lang='lat' dir='ltr'><strong>nuntiare</strong></span> <span class='ocrx_word' id='word_1_106' title='bbox 2894 650 2952 713; x_wconf 81' lang='lat' dir='ltr'><strong>et</strong></span> <span class='ocrx_word' id='word_1_107' title='bbox 2978 656 3084 711; x_wconf 91' lang='lat' dir='ltr'><strong>pro</strong></span> <span class='ocrx_word' id='word_1_108' title='bbox 3113 636 3283 695; x_wconf 82' lang='lat' dir='ltr'><strong>salute</strong></span> <span class='ocrx_word' id='word_1_109' title='bbox 3310 642 3474 696; x_wconf 89' lang='lat' dir='ltr'><strong>mundi</strong></span> <span class='ocrx_word' id='word_1_110' title='bbox 3498 636 3745 713; x_wconf 64' lang='lat' dir='ltr'><strong>periclitante</strong></span> 
     </span>
    </p>
   </div>
   <div class='ocr_carea' id='block_1_16' title="bbox 2286 710 3745 784">
    <p class='ocr_par' dir='ltr' id='par_1_16' title="bbox 2286 710 3745 784">
     <span class='ocr_line' id='line_1_17' title="bbox 2286 710 3745 784; baseline 0.003 -17"><span class='ocrx_word' id='word_1_111' title='bbox 2286 710 2345 767; x_wconf 79' lang='lat' dir='ltr'><strong>se</strong></span> <span class='ocrx_word' id='word_1_112' title='bbox 2372 712 2712 784; x_wconf 79' lang='lat' dir='ltr'><strong>manifestare</strong></span> <span class='ocrx_word' id='word_1_113' title='bbox 2740 751 2753 773; x_wconf 92' lang='lat'><strong>,</strong></span> <span class='ocrx_word' id='word_1_114' title='bbox 2785 710 2989 784; x_wconf 71' lang='lat' dir='ltr'><strong>auxilio</strong></span> <span class='ocrx_word' id='word_1_115' title='bbox 3022 722 3080 765; x_wconf 90' lang='lat' dir='ltr'><strong>et</strong></span> <span class='ocrx_word' id='word_1_116' title='bbox 3129 714 3404 784; x_wconf 65' lang='lat' dir='ltr'><strong>praesentia</strong></span> <span class='ocrx_word' id='word_1_117' title='bbox 3425 710 3542 784; x_wconf 70' lang='lat' dir='ltr'><strong>tanti</strong></span> <span class='ocrx_word' id='word_1_118' title='bbox 3569 722 3745 784; x_wconf 81' lang='lat' dir='ltr'><strong>patroni,</strong></span> 
     </span>
    </p>
   </div>
   <div class='ocr_carea' id='block_1_17' title="bbox 2285 780 3745 849">
    <p class='ocr_par' dir='ltr' id='par_1_17' title="bbox 2285 780 3745 849">
     <span class='ocr_line' id='line_1_18' title="bbox 2285 780 3745 849; baseline 0.005 -13"><span class='ocrx_word' id='word_1_119' title='bbox 2285 784 2330 836; x_wconf 90' lang='lat' dir='ltr'><strong>si</strong></span> <span class='ocrx_word' id='word_1_120' title='bbox 2377 796 2472 835; x_wconf 91' lang='lat' dir='ltr'><strong>vos</strong></span> <span class='ocrx_word' id='word_1_121' title='bbox 2493 782 2594 834; x_wconf 84' lang='lat' dir='ltr'><strong>tale</strong></span> <span class='ocrx_word' id='word_1_122' title='bbox 2626 782 2813 849; x_wconf 88' lang='lat' dir='ltr'><strong>pignus</strong></span> <span class='ocrx_word' id='word_1_123' title='bbox 2851 781 3012 849; x_wconf 87' lang='lat' dir='ltr'><strong>digno</strong></span> <span class='ocrx_word' id='word_1_124' title='bbox 3042 781 3229 833; x_wconf 89' lang='lat' dir='ltr'><strong>studio</strong></span> <span class='ocrx_word' id='word_1_125' title='bbox 3250 780 3479 849; x_wconf 85' lang='lat' dir='ltr'><strong>diligatis,</strong></span> <span class='ocrx_word' id='word_1_126' title='bbox 3510 785 3588 837; x_wconf 90' lang='lat' dir='ltr'><strong>tuti</strong></span> <span class='ocrx_word' id='word_1_127' title='bbox 3620 780 3745 843; x_wconf 70' lang='lat' dir='ltr'><strong>ethoc</strong></span> 
     </span>
    </p>
   </div>
   <div class='ocr_carea' id='block_1_18' title="bbox 2286 849 3747 920">
    <p class='ocr_par' dir='ltr' id='par_1_18' title="bbox 2286 849 3747 920">
     <span class='ocr_line' id='line_1_19' title="bbox 2286 849 3747 920; baseline 0.003 -14"><span class='ocrx_word' id='word_1_128' title='bbox 2286 852 2552 920; x_wconf 88' lang='lat' dir='ltr'><strong>quietique</strong></span> <span class='ocrx_word' id='word_1_129' title='bbox 2566 850 2789 920; x_wconf 58' lang='lat' dir='ltr'><strong>vivatis.</strong></span> <span class='ocrx_word' id='word_1_130' title='bbox 2841 849 3019 905; x_wconf 82' lang='lat' dir='ltr'><strong>Gratia</strong></span> <span class='ocrx_word' id='word_1_131' title='bbox 3060 849 3277 920; x_wconf 80' lang='lat' dir='ltr'><strong>Domini</strong></span> <span class='ocrx_word' id='word_1_132' title='bbox 3304 851 3458 903; x_wconf 78' lang='lat' dir='ltr'><strong>nostri</strong></span> <span class='ocrx_word' id='word_1_133' title='bbox 3488 850 3591 906; x_wconf 73' lang='lat' dir='ltr'><strong>Iesu</strong></span> <span class='ocrx_word' id='word_1_134' title='bbox 3616 855 3747 912; x_wconf 80' lang='lat' dir='ltr'><strong>Christi</strong></span> 
     </span>
    </p>
   </div>
   <div class='ocr_carea' id='block_1_19' title="bbox 2285 918 3745 989">
    <p class='ocr_par' dir='ltr' id='par_1_19' title="bbox 2285 918 3745 989">
     <span class='ocr_line' id='line_1_20' title="bbox 2285 918 3745 989; baseline 0.003 -14"><span class='ocrx_word' id='word_1_135' title='bbox 2285 918 2340 975; x_wconf 80' lang='lat' dir='ltr'><strong>et</strong></span> <span class='ocrx_word' id='word_1_136' title='bbox 2366 918 2534 975; x_wconf 84' lang='lat' dir='ltr'><strong>sancti</strong></span> <span class='ocrx_word' id='word_1_137' title='bbox 2557 918 2786 989; x_wconf 83' lang='lat' dir='ltr'><strong>Spiritus</strong></span> <span class='ocrx_word' id='word_1_138' title='bbox 2824 920 3128 985; x_wconf 83' lang='lat' dir='ltr'><strong>vobiscum,</strong></span> <span class='ocrx_word' id='word_1_139' title='bbox 3178 918 3492 973; x_wconf 82' lang='lat' dir='ltr'><strong>dilectissimi</strong></span> <span class='ocrx_word' id='word_1_140' title='bbox 3515 922 3745 980; x_wconf 83' lang='lat' dir='ltr'><strong>inDomino.</strong></span> 
     </span>
    </p>
   </div>
   <div class='ocr_carea' id='block_1_20' title="bbox 617 921 2331 1044">
    <p class='ocr_par' dir='ltr' id='par_1_20' title="bbox 617 921 2331 1044">
     <span class='ocr_line' id='line_1_21' title="bbox 617 921 2331 1003; baseline -0.007 -17"><span class='ocrx_word' id='word_1_141' title='bbox 617 949 775 1003; x_wconf 83' lang='lat' dir='ltr'><strong>qnam</strong></span> <span class='ocrx_word' id='word_1_142' title='bbox 825 921 909 986; x_wconf 78' lang='lat' dir='ltr'><strong>me</strong></span> <span class='ocrx_word' id='word_1_143' title='bbox 960 921 1056 1001; x_wconf 55' lang='lat' dir='ltr'><strong>p&#39;ro</strong></span> <span class='ocrx_word' id='word_1_144' title='bbox 1095 931 1202 984; x_wconf 89' lang='lat' dir='ltr'><strong>lide</strong></span> <span class='ocrx_word' id='word_1_145' title='bbox 1259 921 1505 983; x_wconf 73' lang='lat' dir='ltr'><strong>veritatis</strong></span> <span class='ocrx_word' id='word_1_146' title='bbox 1548 921 1758 995; x_wconf 78' lang='lat' dir='ltr'><strong>plenius</strong></span> <span class='ocrx_word' id='word_1_147' title='bbox 1800 921 2184 1002; x_wconf 72' lang='lat' dir='ltr'><strong>cognoscenda:</strong></span> <span class='ocrx_word' id='word_1_148' title='bbox 2285 929 2331 975; x_wconf 90' lang='lat' dir='ltr'><strong>et</strong></span> 
     </span>
     <span class='ocr_line' id='line_1_22' title="bbox 617 992 2331 1044; baseline 0 0"><span class='ocrx_word' id='word_1_149' title='bbox 617 1012 829 1044; x_wconf 67' lang='lat' dir='ltr'><strong>rimante</strong></span> <span class='ocrx_word' id='word_1_150' title='bbox 874 1011 929 1044; x_wconf 68' lang='lat' dir='ltr'><strong>pl</strong></span> <span class='ocrx_word' id='word_1_151' title='bbox 972 1007 1255 1044; x_wconf 64' lang='lat' dir='ltr'><strong>evnelanle</strong></span> <span class='ocrx_word' id='word_1_152' title='bbox 1293 998 1512 1044; x_wconf 79' lang='lat' dir='ltr'><strong>dictavit</strong></span> <span class='ocrx_word' id='word_1_153' title='bbox 1554 1009 1728 1044; x_wconf 71' lang='lat' dir='ltr'><strong>amco</strong></span> <span class='ocrx_word' id='word_1_154' title='bbox 1790 994 2018 1044; x_wconf 84' lang='lat' dir='ltr'><strong>primum</strong></span> <span class='ocrx_word' id='word_1_155' title='bbox 2068 1005 2182 1044; x_wconf 75' lang='lat'><strong>1088</strong></span> <span class='ocrx_word' id='word_1_156' title='bbox 2286 992 2331 1044; x_wconf 78' lang='grc' dir='ltr'><strong>Α</strong></span> 
     </span>
    </p>
   </div>
   <div class='ocr_carea' id='block_1_21' title="bbox 2337 1005 2479 1045">
    <p class='ocr_par' dir='ltr' id='par_1_21' title="bbox 2337 1005 2479 1045">
     <span class='ocr_line' id='line_1_23' title="bbox 2337 1005 2479 1045; baseline 0.007 -2"><span class='ocrx_word' id='word_1_157' title='bbox 2337 1005 2479 1045; x_wconf 88' lang='lat' dir='ltr'><strong>men.</strong></span> 
     </span>
    </p>
   </div>
   <div class='ocr_carea' id='block_1_22' title="bbox 612 992 2182 1073">
    <p class='ocr_par' dir='ltr' id='par_1_22' title="bbox 612 992 2182 1073">
     <span class='ocr_line' id='line_1_24' title="bbox 612 992 2182 1073; baseline -0.008 -16"><span class='ocrx_word' id='word_1_158' title='bbox 612 992 830 1073; x_wconf 69' lang='lat' dir='ltr'><strong>r&#39;ogante</strong></span> <span class='ocrx_word' id='word_1_159' title='bbox 874 1011 929 1057; x_wconf 88' lang='lat' dir='ltr'><strong>et</strong></span> <span class='ocrx_word' id='word_1_160' title='bbox 960 992 1255 1070; x_wconf 68' lang='lat' dir='ltr'><strong>expetente</strong></span> <span class='ocrx_word' id='word_1_161' title='bbox 1293 998 1512 1052; x_wconf 86' lang='lat' dir='ltr'><strong>dictavit</strong></span> <span class='ocrx_word' id='word_1_162' title='bbox 1548 992 1728 1066; x_wconf 75' lang='lat' dir='ltr'><strong>graeco</strong></span> <span class='ocrx_word' id='word_1_163' title='bbox 1790 992 2018 1062; x_wconf 85' lang='lat' dir='ltr'><strong>primum</strong></span> <span class='ocrx_word' id='word_1_164' title='bbox 2068 992 2182 1060; x_wconf 88' lang='lat' dir='ltr'><strong>ipse</strong></span> 
     </span>
    </p>
   </div>
   <div class='ocr_carea' id='block_1_23' title="bbox 652 1121 3069 1147">
    <p class='ocr_par' dir='ltr' id='par_1_23' title="bbox 652 1121 3069 1147">
     <span class='ocr_line' id='line_1_25' title="bbox 652 1121 3069 1147; baseline 0 -16"><span class='ocrx_word' id='word_1_165' title='bbox 652 1121 3069 1147; x_wconf 85' lang='lat'><strong>_____________________.________</strong></span> 
     </span>
    </p>
   </div>
   <div class='ocr_carea' id='block_1_24' title="bbox 1360 1195 3114 1271">
    <p class='ocr_par' dir='ltr' id='par_1_24' title="bbox 1360 1195 3114 1271">
     <span class='ocr_line' id='line_1_26' title="bbox 1360 1195 3114 1271; baseline -0.004 -8"><span class='ocrx_word' id='word_1_166' title='bbox 1360 1199 1811 1263; x_wconf 80' lang='lat' dir='ltr'><strong>ADMONITIO</strong></span> <span class='ocrx_word' id='word_1_167' title='bbox 1850 1201 1931 1260; x_wconf 99' lang='lat' dir='ltr'><strong>IN</strong></span> <span class='ocrx_word' id='word_1_168' title='bbox 1973 1196 2591 1271; x_wconf 86' lang='lat' dir='ltr'><strong>SUBSEQUENTEM</strong></span> <span class='ocrx_word' id='word_1_169' title='bbox 2630 1195 3114 1258; x_wconf 81' lang='lat' dir='ltr'><strong>EPISTOLAM.</strong></span> 
     </span>
    </p>
   </div>
   <div class='ocr_carea' id='block_1_25' title="bbox 685 1316 3745 1392">
    <p class='ocr_par' dir='ltr' id='par_1_25' title="bbox 685 1316 3745 1392">
     <span class='ocr_line' id='line_1_27' title="bbox 685 1316 3745 1392; baseline -0.003 -10"><span class='ocrx_word' id='word_1_170' title='bbox 685 1328 900 1383; x_wconf 87' lang='lat' dir='ltr'><strong>Luciani</strong></span> <span class='ocrx_word' id='word_1_171' title='bbox 944 1327 1009 1381; x_wconf 89' lang='lat' dir='ltr'><strong>ad</strong></span> <span class='ocrx_word' id='word_1_172' title='bbox 1049 1340 1259 1380; x_wconf 89' lang='lat' dir='ltr'><strong>omnem</strong></span> <span class='ocrx_word' id='word_1_173' title='bbox 1308 1324 1599 1379; x_wconf 85' lang='lat' dir='ltr'><strong>Ecclesiam</strong></span> <span class='ocrx_word' id='word_1_174' title='bbox 1637 1322 1901 1390; x_wconf 84' lang='lat' dir='ltr'><strong>totiusque</strong></span> <span class='ocrx_word' id='word_1_175' title='bbox 1950 1319 2093 1375; x_wconf 85' lang='lat' dir='ltr'><strong>orbis</strong></span> <span class='ocrx_word' id='word_1_176' title='bbox 2139 1318 2468 1379; x_wconf 86' lang='lat' dir='ltr'><strong>Christianos</strong></span> <span class='ocrx_word' id='word_1_177' title='bbox 2506 1320 2795 1388; x_wconf 85' lang='lat' dir='ltr'><strong>Epistolam</strong></span> <span class='ocrx_word' id='word_1_178' title='bbox 2839 1316 3079 1375; x_wconf 88' lang='lat' dir='ltr'><strong>indicare</strong></span> <span class='ocrx_word' id='word_1_179' title='bbox 3129 1320 3338 1375; x_wconf 82' lang='lat' dir='ltr'><strong>videtur</strong></span> <span class='ocrx_word' id='word_1_180' title='bbox 3384 1323 3745 1392; x_wconf 64' lang='lat' dir='ltr'><strong>Augustinum.</strong></span> 
     </span>
    </p>
   </div>
   <div class='ocr_carea' id='block_1_26' title="bbox 612 1408 3744 1486">
    <p class='ocr_par' dir='ltr' id='par_1_26' title="bbox 612 1408 3744 1486">
     <span class='ocr_line' id='line_1_28' title="bbox 612 1408 3744 1486; baseline -0.002 -13"><span class='ocrx_word' id='word_1_181' title='bbox 612 1430 755 1473; x_wconf 83' lang='lat' dir='ltr'><strong>ctatu</strong></span> <span class='ocrx_word' id='word_1_182' title='bbox 803 1418 903 1472; x_wconf 77' lang='grc'><strong>120</strong></span> <span class='ocrx_word' id='word_1_183' title='bbox 937 1416 990 1469; x_wconf 89' lang='lat' dir='ltr'><strong>in</strong></span> <span class='ocrx_word' id='word_1_184' title='bbox 1037 1416 1293 1471; x_wconf 82' lang='lat' dir='ltr'><strong>Joannem</strong></span> <span class='ocrx_word' id='word_1_185' title='bbox 1324 1428 1477 1480; x_wconf 92' lang='lat' dir='ltr'><strong>,cum</strong></span> <span class='ocrx_word' id='word_1_186' title='bbox 1516 1412 1641 1467; x_wconf 88' lang='lat' dir='ltr'><strong>dicit</strong></span> <span class='ocrx_word' id='word_1_187' title='bbox 1686 1428 1741 1465; x_wconf 92' lang='lat' dir='ltr'><strong>n.</strong></span> <span class='ocrx_word' id='word_1_188' title='bbox 1782 1412 1853 1465; x_wconf 66' lang='grc' dir='ltr'><strong>ιε</strong></span> <span class='ocrx_word' id='word_1_189' title='bbox 1886 1409 2275 1480; x_wconf 81' lang='lat' dir='ltr'><strong>Intelligendum</strong></span> <span class='ocrx_word' id='word_1_190' title='bbox 2314 1419 2387 1464; x_wconf 86' lang='lat' dir='ltr'><strong>est</strong></span> <span class='ocrx_word' id='word_1_191' title='bbox 2434 1409 2501 1463; x_wconf 89' lang='lat' dir='ltr'><strong>ad</strong></span> <span class='ocrx_word' id='word_1_192' title='bbox 2543 1408 2721 1465; x_wconf 83' lang='lat' dir='ltr'><strong>Jesum</strong></span> <span class='ocrx_word' id='word_1_193' title='bbox 2746 1449 2762 1474; x_wconf 97' lang='lat'><strong>,</strong></span> <span class='ocrx_word' id='word_1_194' title='bbox 2810 1426 2912 1464; x_wconf 88' lang='lat' dir='ltr'><strong>non</strong></span> <span class='ocrx_word' id='word_1_195' title='bbox 2952 1420 3074 1463; x_wconf 83' lang='lat' dir='ltr'><strong>tunc</strong></span> <span class='ocrx_word' id='word_1_196' title='bbox 3124 1410 3309 1477; x_wconf 86' lang='lat' dir='ltr'><strong>solum,</strong></span> <span class='ocrx_word' id='word_1_197' title='bbox 3350 1414 3430 1466; x_wconf 88' lang='lat' dir='ltr'><strong>sed</strong></span> <span class='ocrx_word' id='word_1_198' title='bbox 3468 1424 3565 1467; x_wconf 78' lang='lat' dir='ltr'><strong>tttnc</strong></span> <span class='ocrx_word' id='word_1_199' title='bbox 3603 1420 3744 1486; x_wconf 73' lang='lat' dir='ltr'><strong>prim</strong></span> 
     </span>
    </p>
   </div>
   <div class='ocr_carea' id='block_1_27' title="bbox 612 1500 3745 1570">
    <p class='ocr_par' dir='ltr' id='par_1_27' title="bbox 612 1500 3745 1570">
     <span class='ocr_line' id='line_1_29' title="bbox 612 1500 3745 1570; baseline -0.001 -6"><span class='ocrx_word' id='word_1_200' title='bbox 612 1513 801 1564; x_wconf 66' lang='lat' dir='ltr'><strong>venisse</strong></span> <span class='ocrx_word' id='word_1_201' title='bbox 853 1506 1231 1568; x_wconf 86' lang='lat' dir='ltr'><strong>Nicodemum;</strong></span> <span class='ocrx_word' id='word_1_202' title='bbox 1277 1506 1537 1557; x_wconf 80' lang='lat' dir='ltr'><strong>ventitasse</strong></span> <span class='ocrx_word' id='word_1_203' title='bbox 1589 1512 1753 1555; x_wconf 89' lang='lat' dir='ltr'><strong>autem</strong></span> <span class='ocrx_word' id='word_1_204' title='bbox 1803 1510 1973 1569; x_wconf 88' lang='lat' dir='ltr'><strong>postea</strong></span> <span class='ocrx_word' id='word_1_205' title='bbox 1996 1542 2012 1566; x_wconf 95' lang='lat'><strong>,</strong></span> <span class='ocrx_word' id='word_1_206' title='bbox 2055 1509 2108 1553; x_wconf 90' lang='lat' dir='ltr'><strong>ut</strong></span> <span class='ocrx_word' id='word_1_207' title='bbox 2162 1500 2301 1568; x_wconf 77' lang='lat' dir='ltr'><strong>ﬁeret</strong></span> <span class='ocrx_word' id='word_1_208' title='bbox 2347 1502 2595 1554; x_wconf 84' lang='lat' dir='ltr'><strong>audiendo</strong></span> <span class='ocrx_word' id='word_1_209' title='bbox 2658 1501 2983 1568; x_wconf 73' lang='lat' dir='ltr'><strong>discipulus;</strong></span> <span class='ocrx_word' id='word_1_210' title='bbox 3026 1500 3175 1570; x_wconf 86' lang='lat' dir='ltr'><strong>quod</strong></span> <span class='ocrx_word' id='word_1_211' title='bbox 3232 1511 3361 1555; x_wconf 88' lang='lat' dir='ltr'><strong>certe</strong></span> <span class='ocrx_word' id='word_1_212' title='bbox 3429 1504 3554 1557; x_wconf 86' lang='lat' dir='ltr'><strong>modo</strong></span> <span class='ocrx_word' id='word_1_213' title='bbox 3592 1506 3630 1559; x_wconf 79' lang='lat' dir='ltr'><strong>in</strong></span> <span class='ocrx_word' id='word_1_214' title='bbox 3660 1524 3745 1562; x_wconf 72' lang='lat' dir='ltr'><strong>rere-</strong></span> 
     </span>
    </p>
   </div>
   <div class='ocr_carea' id='block_1_28' title="bbox 615 1590 3742 1668">
    <p class='ocr_par' dir='ltr' id='par_1_28' title="bbox 615 1590 3742 1668">
     <span class='ocr_line' id='line_1_30' title="bbox 615 1590 3742 1668; baseline -0.001 -13"><span class='ocrx_word' id='word_1_215' title='bbox 615 1604 799 1655; x_wconf 86' lang='lat' dir='ltr'><strong>latione</strong></span> <span class='ocrx_word' id='word_1_216' title='bbox 838 1599 1060 1668; x_wconf 86' lang='lat' dir='ltr'><strong>corporis</strong></span> <span class='ocrx_word' id='word_1_217' title='bbox 1108 1596 1377 1648; x_wconf 76' lang='lat' dir='ltr'><strong>beatissimi</strong></span> <span class='ocrx_word' id='word_1_218' title='bbox 1406 1593 1655 1663; x_wconf 82' lang='lat' dir='ltr'><strong>Stephani</strong></span> <span class='ocrx_word' id='word_1_219' title='bbox 1699 1592 1805 1661; x_wconf 82' lang='lat' dir='ltr'><strong>fere</strong></span> <span class='ocrx_word' id='word_1_220' title='bbox 1846 1591 2073 1645; x_wconf 88' lang='lat' dir='ltr'><strong>omnibus</strong></span> <span class='ocrx_word' id='word_1_221' title='bbox 2106 1591 2333 1660; x_wconf 78' lang='lat' dir='ltr'><strong>gentibus</strong></span> <span class='ocrx_word' id='word_1_222' title='bbox 2361 1592 2665 1645; x_wconf 75' lang='lat' dir='ltr'><strong>declaratur.</strong></span> <span class='ocrx_word' id='word_1_223' title='bbox 2720 1592 2784 1645; x_wconf 88' lang='lat' dir='ltr'><strong>Et</strong></span> <span class='ocrx_word' id='word_1_224' title='bbox 2812 1591 3161 1645; x_wconf 86' lang='lat' dir='ltr'><strong>revelationis</strong></span> <span class='ocrx_word' id='word_1_225' title='bbox 3207 1590 3461 1647; x_wconf 84' lang='lat' dir='ltr'><strong>historiam</strong></span> <span class='ocrx_word' id='word_1_226' title='bbox 3498 1592 3567 1649; x_wconf 85' lang='lat' dir='ltr'><strong>hic</strong></span> <span class='ocrx_word' id='word_1_227' title='bbox 3600 1599 3742 1653; x_wconf 72' lang='lat' dir='ltr'><strong>relatam</strong></span> 
     </span>
    </p>
   </div>
   <div class='ocr_carea' id='block_1_29' title="bbox 612 1679 3744 1755">
    <p class='ocr_par' dir='ltr' id='par_1_29' title="bbox 612 1679 3744 1755">
     <span class='ocr_line' id='line_1_31' title="bbox 612 1679 3744 1755; baseline -0.002 -9"><span class='ocrx_word' id='word_1_228' title='bbox 612 1709 643 1746; x_wconf 91' lang='lat' dir='ltr'><strong>a</strong></span> <span class='ocrx_word' id='word_1_229' title='bbox 702 1691 933 1745; x_wconf 83' lang='lat' dir='ltr'><strong>Luciano</strong></span> <span class='ocrx_word' id='word_1_230' title='bbox 964 1688 1243 1742; x_wconf 82' lang='lat' dir='ltr'><strong>conﬁrmat</strong></span> <span class='ocrx_word' id='word_1_231' title='bbox 1294 1699 1480 1755; x_wconf 85' lang='lat' dir='ltr'><strong>magna</strong></span> <span class='ocrx_word' id='word_1_232' title='bbox 1518 1698 1584 1736; x_wconf 79' lang='lat' dir='ltr'><strong>ex</strong></span> <span class='ocrx_word' id='word_1_233' title='bbox 1622 1692 1770 1751; x_wconf 90' lang='lat' dir='ltr'><strong>parte</strong></span> <span class='ocrx_word' id='word_1_234' title='bbox 1811 1682 1861 1735; x_wconf 93' lang='lat' dir='ltr'><strong>in</strong></span> <span class='ocrx_word' id='word_1_235' title='bbox 1906 1681 2166 1736; x_wconf 89' lang='lat' dir='ltr'><strong>Sermone</strong></span> <span class='ocrx_word' id='word_1_236' title='bbox 2209 1682 2313 1735; x_wconf 75' lang='grc'><strong>518</strong></span> <span class='ocrx_word' id='word_1_237' title='bbox 2337 1722 2352 1746; x_wconf 86' lang='grc'><em>,</em></span> <span class='ocrx_word' id='word_1_238' title='bbox 2407 1696 2462 1735; x_wconf 91' lang='lat' dir='ltr'><strong>n.</strong></span> <span class='ocrx_word' id='word_1_239' title='bbox 2517 1682 2586 1747; x_wconf 80' lang='grc'><strong>1,</strong></span> <span class='ocrx_word' id='word_1_240' title='bbox 2617 1680 2683 1735; x_wconf 90' lang='lat' dir='ltr'><strong>de</strong></span> <span class='ocrx_word' id='word_1_241' title='bbox 2723 1679 2994 1751; x_wconf 85' lang='lat' dir='ltr'><strong>Stephano</strong></span> <span class='ocrx_word' id='word_1_242' title='bbox 3038 1682 3121 1735; x_wconf 90' lang='lat' dir='ltr'><strong>sic</strong></span> <span class='ocrx_word' id='word_1_243' title='bbox 3161 1682 3379 1750; x_wconf 87' lang='lat' dir='ltr'><strong>loquens</strong></span> <span class='ocrx_word' id='word_1_244' title='bbox 3406 1682 3593 1753; x_wconf 41' lang='lat' dir='ltr'><strong>:‘Hujus</strong></span> <span class='ocrx_word' id='word_1_245' title='bbox 3626 1704 3744 1755; x_wconf 71' lang='lat' dir='ltr'><strong>carpas</strong></span> 
     </span>
    </p>
   </div>
   <div class='ocr_carea' id='block_1_30' title="bbox 614 1772 3829 1849">
    <p class='ocr_par' dir='ltr' id='par_1_30' title="bbox 614 1772 3829 1849">
     <span class='ocr_line' id='line_1_32' title="bbox 614 1772 3829 1849; baseline -0.001 -13"><span class='ocrx_word' id='word_1_246' title='bbox 614 1801 675 1837; x_wconf 75' lang='lat' dir='ltr'><strong>ex</strong></span> <span class='ocrx_word' id='word_1_247' title='bbox 708 1782 797 1836; x_wconf 90' lang='lat' dir='ltr'><strong>illo</strong></span> <span class='ocrx_word' id='word_1_248' title='bbox 840 1795 993 1849; x_wconf 84' lang='lat' dir='ltr'><strong>usque</strong></span> <span class='ocrx_word' id='word_1_249' title='bbox 1019 1779 1084 1831; x_wconf 88' lang='lat' dir='ltr'><strong>ad</strong></span> <span class='ocrx_word' id='word_1_250' title='bbox 1133 1779 1229 1833; x_wconf 90' lang='lat' dir='ltr'><strong>ista</strong></span> <span class='ocrx_word' id='word_1_251' title='bbox 1256 1787 1477 1845; x_wconf 89' lang='lat' dir='ltr'><strong>tempora</strong></span> <span class='ocrx_word' id='word_1_252' title='bbox 1505 1774 1690 1837; x_wconf 84' lang='lat' dir='ltr'><strong>latuit;</strong></span> <span class='ocrx_word' id='word_1_253' title='bbox 1742 1790 1900 1843; x_wconf 85' lang='lat' dir='ltr'><strong>nuper</strong></span> <span class='ocrx_word' id='word_1_254' title='bbox 1927 1783 2090 1827; x_wconf 86' lang='lat' dir='ltr'><strong>autem</strong></span> <span class='ocrx_word' id='word_1_255' title='bbox 2137 1772 2412 1842; x_wconf 87' lang='lat' dir='ltr'><strong>apparuit,</strong></span> <span class='ocrx_word' id='word_1_256' title='bbox 2449 1773 2579 1825; x_wconf 86' lang='lat' dir='ltr'><strong>sicut</strong></span> <span class='ocrx_word' id='word_1_257' title='bbox 2623 1774 2805 1827; x_wconf 78' lang='lat' dir='ltr'><strong>solent</strong></span> <span class='ocrx_word' id='word_1_258' title='bbox 2838 1789 3090 1842; x_wconf 80' lang='lat' dir='ltr'><strong>apparere</strong></span> <span class='ocrx_word' id='word_1_259' title='bbox 3144 1784 3419 1827; x_wconf 80' lang='lat' dir='ltr'><strong>sanctorum</strong></span> <span class='ocrx_word' id='word_1_260' title='bbox 3457 1793 3623 1845; x_wconf 83' lang='lat' dir='ltr'><strong>corpora</strong></span> <span class='ocrx_word' id='word_1_261' title='bbox 3650 1797 3740 1832; x_wconf 69' lang='grc' dir='ltr'><strong>πωτ-</strong></span> <span class='ocrx_word' id='word_1_262' title='bbox 3828 1800 3829 1813; x_wconf 57' lang='grc' dir='ltr'>ι</span> 
     </span>
    </p>
   </div>
   <div class='ocr_carea' id='block_1_31' title="bbox 616 1862 3742 1943">
    <p class='ocr_par' dir='ltr' id='par_1_31' title="bbox 616 1862 3742 1943">
     <span class='ocr_line' id='line_1_33' title="bbox 616 1862 3742 1943; baseline -0.001 -17"><span class='ocrx_word' id='word_1_263' title='bbox 616 1886 781 1943; x_wconf 85' lang='lat' dir='ltr'><strong>tgrum</strong></span> <span class='ocrx_word' id='word_1_264' title='bbox 812 1910 829 1936; x_wconf 97' lang='lat'><strong>,</strong></span> <span class='ocrx_word' id='word_1_265' title='bbox 872 1869 1166 1923; x_wconf 81' lang='lat' dir='ltr'><strong>reuelatione</strong></span> <span class='ocrx_word' id='word_1_266' title='bbox 1214 1866 1309 1921; x_wconf 87' lang='lat' dir='ltr'><strong>Dei</strong></span> <span class='ocrx_word' id='word_1_267' title='bbox 1332 1909 1347 1933; x_wconf 90' lang='lat'><strong>,</strong></span> <span class='ocrx_word' id='word_1_268' title='bbox 1400 1868 1600 1937; x_wconf 86' lang='lat' dir='ltr'><strong>quando</strong></span> <span class='ocrx_word' id='word_1_269' title='bbox 1650 1866 1836 1936; x_wconf 87' lang='lat' dir='ltr'><strong>placuit</strong></span> <span class='ocrx_word' id='word_1_270' title='bbox 1884 1864 2126 1919; x_wconf 85' lang='lat' dir='ltr'><strong>Creatori.</strong></span> <span class='ocrx_word' id='word_1_271' title='bbox 2191 1862 2374 1916; x_wconf 86' lang='lat' dir='ltr'><strong>Verum</strong></span> <span class='ocrx_word' id='word_1_272' title='bbox 2419 1871 2585 1915; x_wconf 88' lang='lat' dir='ltr'><strong>autem</strong></span> <span class='ocrx_word' id='word_1_273' title='bbox 2634 1862 2904 1916; x_wconf 87' lang='lat' dir='ltr'><strong>revelatum</strong></span> <span class='ocrx_word' id='word_1_274' title='bbox 2956 1863 3055 1932; x_wconf 82' lang='lat' dir='ltr'><strong>fuit</strong></span> <span class='ocrx_word' id='word_1_275' title='bbox 3096 1864 3146 1916; x_wconf 89' lang='lat' dir='ltr'><strong>ei</strong></span> <span class='ocrx_word' id='word_1_276' title='bbox 3172 1904 3188 1929; x_wconf 95' lang='lat'><strong>,</strong></span> <span class='ocrx_word' id='word_1_277' title='bbox 3237 1866 3320 1933; x_wconf 81' lang='lat' dir='ltr'><strong>qui</strong></span> <span class='ocrx_word' id='word_1_278' title='bbox 3342 1881 3415 1918; x_wconf 88' lang='lat' dir='ltr'><strong>res</strong></span> <span class='ocrx_word' id='word_1_279' title='bbox 3449 1868 3560 1934; x_wconf 81' lang='lat' dir='ltr'><strong>ipsas</strong></span> <span class='ocrx_word' id='word_1_280' title='bbox 3596 1869 3742 1923; x_wconf 70' lang='lat' dir='ltr'><strong>inmte:</strong></span> 
     </span>
    </p>
   </div>
   <div class='ocr_carea' id='block_1_32' title="bbox 613 1953 3737 2029">
    <p class='ocr_par' dir='ltr' id='par_1_32' title="bbox 613 1953 3737 2029">
     <span class='ocr_line' id='line_1_34' title="bbox 613 1953 3737 2029; baseline -0.002 -10"><span class='ocrx_word' id='word_1_281' title='bbox 613 1964 923 2018; x_wconf 84' lang='lat' dir='ltr'><strong>monstravit.</strong></span> <span class='ocrx_word' id='word_1_282' title='bbox 984 1960 1387 2015; x_wconf 77' lang='lat' dir='ltr'><strong>Prtecedentibus</strong></span> <span class='ocrx_word' id='word_1_283' title='bbox 1434 1961 1567 2014; x_wconf 88' lang='lat' dir='ltr'><strong>enim</strong></span> <span class='ocrx_word' id='word_1_284' title='bbox 1594 1960 1751 2029; x_wconf 85' lang='lat' dir='ltr'><strong>signis</strong></span> <span class='ocrx_word' id='word_1_285' title='bbox 1798 1959 1934 2011; x_wconf 85' lang='lat' dir='ltr'><strong>locus</strong></span> <span class='ocrx_word' id='word_1_286' title='bbox 1984 1958 2349 2010; x_wconf 87' lang='lat' dir='ltr'><strong>demonstratus</strong></span> <span class='ocrx_word' id='word_1_287' title='bbox 2377 1964 2481 2018; x_wconf 83' lang='lat' dir='ltr'><strong>est;</strong></span> <span class='ocrx_word' id='word_1_288' title='bbox 2510 1962 2555 2006; x_wconf 82' lang='lat' dir='ltr'><strong>et</strong></span> <span class='ocrx_word' id='word_1_289' title='bbox 2599 1954 2849 2023; x_wconf 88' lang='lat' dir='ltr'><strong>quomodo</strong></span> <span class='ocrx_word' id='word_1_290' title='bbox 2875 1953 3046 2021; x_wconf 80' lang='lat' dir='ltr'><strong>fuerat</strong></span> <span class='ocrx_word' id='word_1_291' title='bbox 3085 1954 3355 2008; x_wconf 84' lang='lat' dir='ltr'><strong>revelatum</strong></span> <span class='ocrx_word' id='word_1_292' title='bbox 3377 1995 3390 2021; x_wconf 89' lang='lat'><strong>,</strong></span> <span class='ocrx_word' id='word_1_293' title='bbox 3419 1957 3483 2009; x_wconf 83' lang='lat' dir='ltr'><strong>sic</strong></span> <span class='ocrx_word' id='word_1_294' title='bbox 3504 1968 3542 2010; x_wconf 77' lang='lat' dir='ltr'><strong>et</strong></span> <span class='ocrx_word' id='word_1_295' title='bbox 3574 1960 3737 2014; x_wconf 63' lang='lat' dir='ltr'><strong>intuitum</strong></span> 
     </span>
    </p>
   </div>
   <div class='ocr_carea' id='block_1_33' title="bbox 615 2047 3738 2122">
    <p class='ocr_par' dir='ltr' id='par_1_33' title="bbox 615 2047 3738 2122">
     <span class='ocr_line' id='line_1_35' title="bbox 615 2047 3738 2122; baseline -0.001 -13"><span class='ocrx_word' id='word_1_296' title='bbox 615 2065 707 2109; x_wconf 87' lang='lat' dir='ltr'><strong>cst.</strong></span> <span class='ocrx_word' id='word_1_297' title='bbox 748 2054 900 2108; x_wconf 76' lang='lat' dir='ltr'><strong>Multi</strong></span> <span class='ocrx_word' id='word_1_298' title='bbox 929 2053 1044 2109; x_wconf 86' lang='lat' dir='ltr'><strong>inde</strong></span> <span class='ocrx_word' id='word_1_299' title='bbox 1073 2053 1307 2121; x_wconf 87' lang='lat' dir='ltr'><strong>reliquias</strong></span> <span class='ocrx_word' id='word_1_300' title='bbox 1329 2061 1623 2122; x_wconf 87' lang='lat' dir='ltr'><strong>acceperunt</strong></span> <span class='ocrx_word' id='word_1_301' title='bbox 1651 2092 1665 2117; x_wconf 91' lang='lat'><strong>,</strong></span> <span class='ocrx_word' id='word_1_302' title='bbox 1705 2051 1823 2121; x_wconf 82' lang='lat' dir='ltr'><strong>quia</strong></span> <span class='ocrx_word' id='word_1_303' title='bbox 1848 2050 1986 2103; x_wconf 89' lang='lat' dir='ltr'><strong>Deus</strong></span> <span class='ocrx_word' id='word_1_304' title='bbox 2023 2049 2177 2104; x_wconf 85' lang='lat' dir='ltr'><strong>voluit</strong></span> <span class='ocrx_word' id='word_1_305' title='bbox 2202 2089 2217 2116; x_wconf 93' lang='lat'><strong>,</strong></span> <span class='ocrx_word' id='word_1_306' title='bbox 2249 2058 2295 2101; x_wconf 87' lang='lat' dir='ltr'><strong>et</strong></span> <span class='ocrx_word' id='word_1_307' title='bbox 2334 2049 2432 2102; x_wconf 82' lang='lat' dir='ltr'><strong>huc</strong></span> <span class='ocrx_word' id='word_1_308' title='bbox 2477 2058 2733 2101; x_wconf 79' lang='lat' dir='ltr'><strong>venerunt.</strong></span> <span class='ocrx_word' id='word_1_309' title='bbox 2765 2048 2896 2103; x_wconf 85' lang='lat' dir='ltr'><strong>Item</strong></span> <span class='ocrx_word' id='word_1_310' title='bbox 2936 2050 2988 2102; x_wconf 91' lang='lat' dir='ltr'><strong>in</strong></span> <span class='ocrx_word' id='word_1_311' title='bbox 3047 2047 3311 2104; x_wconf 84' lang='lat' dir='ltr'><strong>Sermone</strong></span> <span class='ocrx_word' id='word_1_312' title='bbox 3332 2049 3456 2116; x_wconf 75' lang='lat'><strong>319,</strong></span> <span class='ocrx_word' id='word_1_313' title='bbox 3482 2066 3526 2103; x_wconf 90' lang='lat' dir='ltr'><strong>n.</strong></span> <span class='ocrx_word' id='word_1_314' title='bbox 3560 2052 3611 2106; x_wconf 90' lang='lat'><strong>6:</strong></span> <span class='ocrx_word' id='word_1_315' title='bbox 3632 2052 3738 2107; x_wconf 73' lang='lat' dir='ltr'><strong>Leuit</strong></span> 
     </span>
    </p>
   </div>
   <div class='ocr_carea' id='block_1_34' title="bbox 637 2129 3736 2216">
    <p class='ocr_par' dir='ltr' id='par_1_34' title="bbox 637 2129 3736 2216">
     <span class='ocr_line' id='line_1_36' title="bbox 637 2129 3736 2216; baseline -0.001 -17"><span class='ocrx_word' id='word_1_316' title='bbox 637 2155 756 2200; x_wconf 88' lang='lat' dir='ltr'><strong>anto</strong></span> <span class='ocrx_word' id='word_1_317' title='bbox 803 2154 1021 2216; x_wconf 84' lang='lat' dir='ltr'><strong>tempore</strong></span> <span class='ocrx_word' id='word_1_318' title='bbox 1067 2160 1247 2215; x_wconf 87' lang='lat' dir='ltr'><strong>corpus</strong></span> <span class='ocrx_word' id='word_1_319' title='bbox 1297 2143 1405 2213; x_wconf 84' lang='lat' dir='ltr'><strong>ejus</strong></span> <span class='ocrx_word' id='word_1_320' title='bbox 1431 2184 1446 2210; x_wconf 89' lang='lat'><strong>,</strong></span> <span class='ocrx_word' id='word_1_321' title='bbox 1488 2144 1724 2213; x_wconf 86' lang='lat' dir='ltr'><strong>processit</strong></span> <span class='ocrx_word' id='word_1_322' title='bbox 1766 2141 1966 2211; x_wconf 87' lang='lat' dir='ltr'><strong>quando</strong></span> <span class='ocrx_word' id='word_1_323' title='bbox 2014 2139 2153 2194; x_wconf 87' lang='lat' dir='ltr'><strong>Deus</strong></span> <span class='ocrx_word' id='word_1_324' title='bbox 2174 2129 2348 2195; x_wconf 63' lang='lat' dir='ltr'><strong>°voluit</strong></span> <span class='ocrx_word' id='word_1_325' title='bbox 2372 2181 2387 2203; x_wconf 91' lang='lat'><strong>,</strong></span> <span class='ocrx_word' id='word_1_326' title='bbox 2432 2139 2735 2193; x_wconf 77' lang='lat' dir='ltr'><strong>illuminavit</strong></span> <span class='ocrx_word' id='word_1_327' title='bbox 2773 2148 2970 2206; x_wconf 84' lang='lat' dir='ltr'><strong>terras,</strong></span> <span class='ocrx_word' id='word_1_328' title='bbox 3009 2148 3157 2192; x_wconf 89' lang='lat' dir='ltr'><strong>tanta</strong></span> <span class='ocrx_word' id='word_1_329' title='bbox 3193 2140 3424 2193; x_wconf 81' lang='lat' dir='ltr'><strong>miracula</strong></span> <span class='ocrx_word' id='word_1_330' title='bbox 3456 2141 3736 2209; x_wconf 75' lang='lat' dir='ltr'><strong>{ecit,mortsn</strong></span> 
     </span>
    </p>
   </div>
   <div class='ocr_carea' id='block_1_35' title="bbox 618 2231 3736 2313">
    <p class='ocr_par' dir='ltr' id='par_1_35' title="bbox 618 2231 3736 2313">
     <span class='ocr_line' id='line_1_37' title="bbox 618 2231 3736 2313; baseline 0 -25"><span class='ocrx_word' id='word_1_331' title='bbox 618 2237 752 2289; x_wconf 78' lang='lat' dir='ltr'><strong>uiuos</strong></span> <span class='ocrx_word' id='word_1_332' title='bbox 780 2237 903 2307; x_wconf 76' lang='lat' dir='ltr'><strong>facit</strong></span> <span class='ocrx_word' id='word_1_333' title='bbox 941 2244 1191 2313; x_wconf 81' lang='lat' dir='ltr'><strong>mortuos,</strong></span> <span class='ocrx_word' id='word_1_334' title='bbox 1218 2235 1334 2303; x_wconf 89' lang='lat' dir='ltr'><strong>quia</strong></span> <span class='ocrx_word' id='word_1_335' title='bbox 1376 2250 1463 2288; x_wconf 89' lang='lat' dir='ltr'><strong>nec</strong></span> <span class='ocrx_word' id='word_1_336' title='bbox 1506 2244 1745 2287; x_wconf 87' lang='lat' dir='ltr'><strong>mortuus.</strong></span> <span class='ocrx_word' id='word_1_337' title='bbox 1784 2233 1889 2289; x_wconf 88' lang='lat' dir='ltr'><strong>Sed</strong></span> <span class='ocrx_word' id='word_1_338' title='bbox 1932 2233 2172 2289; x_wconf 90' lang='lat' dir='ltr'><strong>eamdem</strong></span> <span class='ocrx_word' id='word_1_339' title='bbox 2208 2231 2509 2302; x_wconf 88' lang='lat' dir='ltr'><strong>Epistolam</strong></span> <span class='ocrx_word' id='word_1_340' title='bbox 2540 2233 2745 2288; x_wconf 88' lang='lat' dir='ltr'><strong>vicinus</strong></span> <span class='ocrx_word' id='word_1_341' title='bbox 2771 2247 2954 2287; x_wconf 90' lang='lat' dir='ltr'><strong>eorum</strong></span> <span class='ocrx_word' id='word_1_342' title='bbox 2989 2243 3290 2301; x_wconf 88' lang='lat' dir='ltr'><strong>temporum</strong></span> <span class='ocrx_word' id='word_1_343' title='bbox 3318 2232 3573 2287; x_wconf 84' lang='lat' dir='ltr'><strong>Gennadius</strong></span> <span class='ocrx_word' id='word_1_344' title='bbox 3591 2237 3736 2303; x_wconf 74' lang='lat' dir='ltr'><strong>propriis</strong></span> 
     </span>
    </p>
   </div>
   <div class='ocr_carea' id='block_1_36' title="bbox 618 2324 3731 2394">
    <p class='ocr_par' dir='ltr' id='par_1_36' title="bbox 618 2324 3731 2394">
     <span class='ocr_line' id='line_1_38' title="bbox 618 2324 3731 2394; baseline -0.001 -13"><span class='ocrx_word' id='word_1_345' title='bbox 618 2328 795 2382; x_wconf 79' lang='lat' dir='ltr'><strong>verbis</strong></span> <span class='ocrx_word' id='word_1_346' title='bbox 842 2336 1103 2384; x_wconf 84' lang='lat' dir='ltr'><strong>memorat</strong></span> <span class='ocrx_word' id='word_1_347' title='bbox 1142 2327 1193 2380; x_wconf 90' lang='lat' dir='ltr'><strong>in</strong></span> <span class='ocrx_word' id='word_1_348' title='bbox 1231 2327 1363 2380; x_wconf 92' lang='lat' dir='ltr'><strong>libro</strong></span> <span class='ocrx_word' id='word_1_349' title='bbox 1391 2326 1459 2380; x_wconf 91' lang='lat' dir='ltr'><strong>de</strong></span> <span class='ocrx_word' id='word_1_350' title='bbox 1500 2324 1641 2379; x_wconf 75' lang='lat' dir='ltr'><strong>Viris</strong></span> <span class='ocrx_word' id='word_1_351' title='bbox 1678 2326 1965 2380; x_wconf 89' lang='lat' dir='ltr'><strong>illustribus</strong></span> <span class='ocrx_word' id='word_1_352' title='bbox 1995 2342 2007 2377; x_wconf 92' lang='lat'>:</span> <span class='ocrx_word' id='word_1_353' title='bbox 2040 2324 2328 2388; x_wconf 81' lang='lat' dir='ltr'><strong>Lucianns,</strong></span> <span class='ocrx_word' id='word_1_354' title='bbox 2360 2325 2467 2391; x_wconf 89' lang='lat' dir='ltr'><strong>ait,</strong></span> <span class='ocrx_word' id='word_1_355' title='bbox 2513 2325 2802 2394; x_wconf 79' lang='lat' dir='ltr'><strong>presbyter,</strong></span> <span class='ocrx_word' id='word_1_356' title='bbox 2834 2324 2909 2376; x_wconf 85' lang='lat' dir='ltr'><strong>vir</strong></span> <span class='ocrx_word' id='word_1_357' title='bbox 2955 2333 3168 2377; x_wconf 86' lang='lat' dir='ltr'><strong>sanctus</strong></span> <span class='ocrx_word' id='word_1_358' title='bbox 3194 2364 3209 2389; x_wconf 92' lang='lat'><strong>,</strong></span> <span class='ocrx_word' id='word_1_359' title='bbox 3262 2324 3341 2376; x_wconf 84' lang='lat' dir='ltr'><strong>cui</strong></span> <span class='ocrx_word' id='word_1_360' title='bbox 3402 2325 3588 2377; x_wconf 73' lang='lat' dir='ltr'><strong>revelarit</strong></span> <span class='ocrx_word' id='word_1_361' title='bbox 3618 2325 3731 2389; x_wconf 72' lang='lat' dir='ltr'><strong>Das,</strong></span> 
     </span>
    </p>
   </div>
   <div class='ocr_carea' id='block_1_37' title="bbox 618 2412 3735 2487">
    <p class='ocr_par' dir='ltr' id='par_1_37' title="bbox 618 2412 3735 2487">
     <span class='ocr_line' id='line_1_39' title="bbox 618 2412 3735 2487; baseline -0.002 -18"><span class='ocrx_word' id='word_1_362' title='bbox 618 2417 919 2487; x_wconf 87' lang='lat' dir='ltr'><strong>temporibus</strong></span> <span class='ocrx_word' id='word_1_363' title='bbox 970 2416 1186 2470; x_wconf 82' lang='lat' dir='ltr'><strong>Honorii</strong></span> <span class='ocrx_word' id='word_1_364' title='bbox 1229 2427 1274 2469; x_wconf 89' lang='lat' dir='ltr'><strong>et</strong></span> <span class='ocrx_word' id='word_1_365' title='bbox 1316 2414 1588 2468; x_wconf 76' lang='lat' dir='ltr'><strong>Theodosii</strong></span> <span class='ocrx_word' id='word_1_366' title='bbox 1632 2415 2005 2484; x_wconf 76' lang='lat' dir='ltr'><strong>Augustorum,</strong></span> <span class='ocrx_word' id='word_1_367' title='bbox 2064 2412 2228 2465; x_wconf 89' lang='lat' dir='ltr'><strong>locum</strong></span> <span class='ocrx_word' id='word_1_368' title='bbox 2267 2414 2484 2481; x_wconf 83' lang='lat' dir='ltr'><strong>sepulcri</strong></span> <span class='ocrx_word' id='word_1_369' title='bbox 2524 2423 2570 2466; x_wconf 86' lang='lat' dir='ltr'><strong>et</strong></span> <span class='ocrx_word' id='word_1_370' title='bbox 2613 2413 2938 2482; x_wconf 87' lang='lat' dir='ltr'><strong>reliquiarum</strong></span> <span class='ocrx_word' id='word_1_371' title='bbox 2982 2413 3217 2482; x_wconf 86' lang='lat' dir='ltr'><strong>corporis</strong></span> <span class='ocrx_word' id='word_1_372' title='bbox 3262 2414 3411 2465; x_wconf 88' lang='lat' dir='ltr'><strong>sancti</strong></span> <span class='ocrx_word' id='word_1_373' title='bbox 3448 2413 3635 2482; x_wconf 80' lang='lat' dir='ltr'><strong>Stephani</strong></span> <span class='ocrx_word' id='word_1_374' title='bbox 3650 2432 3735 2464; x_wconf 72' lang='lat' dir='ltr'><strong>nter-</strong></span> 
     </span>
    </p>
   </div>
   <div class='ocr_carea' id='block_1_38' title="bbox 620 2501 3731 2578">
    <p class='ocr_par' dir='ltr' id='par_1_38' title="bbox 620 2501 3731 2578">
     <span class='ocr_line' id='line_1_40' title="bbox 620 2501 3731 2578; baseline 0.001 -19"><span class='ocrx_word' id='word_1_375' title='bbox 620 2510 742 2577; x_wconf 85' lang='lat' dir='ltr'><strong>tyris</strong></span> <span class='ocrx_word' id='word_1_376' title='bbox 792 2508 942 2578; x_wconf 87' lang='lat' dir='ltr'><strong>primi</strong></span> <span class='ocrx_word' id='word_1_377' title='bbox 966 2548 982 2575; x_wconf 91' lang='lat'><strong>,</strong></span> <span class='ocrx_word' id='word_1_378' title='bbox 1021 2507 1217 2572; x_wconf 87' lang='lat' dir='ltr'><strong>scripsit</strong></span> <span class='ocrx_word' id='word_1_379' title='bbox 1257 2508 1419 2574; x_wconf 84' lang='lat' dir='ltr'><strong>ipsam</strong></span> <span class='ocrx_word' id='word_1_380' title='bbox 1466 2506 1811 2557; x_wconf 82' lang='lat' dir='ltr'><strong>reuelationem</strong></span> <span class='ocrx_word' id='word_1_381' title='bbox 1837 2504 1903 2556; x_wconf 91' lang='lat' dir='ltr'><strong>ad</strong></span> <span class='ocrx_word' id='word_1_382' title='bbox 1947 2505 2171 2557; x_wconf 89' lang='lat' dir='ltr'><strong>omnium</strong></span> <span class='ocrx_word' id='word_1_383' title='bbox 2208 2501 2553 2558; x_wconf 86' lang='lat' dir='ltr'><strong>Ecclesiarum</strong></span> <span class='ocrx_word' id='word_1_384' title='bbox 2606 2520 2847 2575; x_wconf 85' lang='lat' dir='ltr'><strong>personas</strong></span> <span class='ocrx_word' id='word_1_385' title='bbox 2871 2544 2886 2569; x_wconf 92' lang='lat'><strong>,</strong></span> <span class='ocrx_word' id='word_1_386' title='bbox 2930 2520 3102 2576; x_wconf 71' lang='lat' dir='ltr'><strong>grwco</strong></span> <span class='ocrx_word' id='word_1_387' title='bbox 3152 2522 3387 2559; x_wconf 85' lang='lat' dir='ltr'><strong>sermone.</strong></span> <span class='ocrx_word' id='word_1_388' title='bbox 3411 2505 3731 2574; x_wconf 66' lang='lat' dir='ltr'><strong>Supcrﬂnumca</strong></span> 
     </span>
    </p>
   </div>
   <div class='ocr_carea' id='block_1_39' title="bbox 620 2594 3730 2666">
    <p class='ocr_par' dir='ltr' id='par_1_39' title="bbox 620 2594 3730 2666">
     <span class='ocr_line' id='line_1_41' title="bbox 620 2594 3730 2666; baseline -0 -16"><span class='ocrx_word' id='word_1_389' title='bbox 620 2607 780 2653; x_wconf 86' lang='lat' dir='ltr'><strong>testes</strong></span> <span class='ocrx_word' id='word_1_390' title='bbox 822 2612 917 2653; x_wconf 90' lang='lat' dir='ltr'><strong>eos</strong></span> <span class='ocrx_word' id='word_1_391' title='bbox 961 2596 1278 2666; x_wconf 85' lang='lat' dir='ltr'><strong>adjungerc,</strong></span> <span class='ocrx_word' id='word_1_392' title='bbox 1324 2598 1412 2665; x_wconf 91' lang='lat' dir='ltr'><strong>qui</strong></span> <span class='ocrx_word' id='word_1_393' title='bbox 1449 2594 1704 2650; x_wconf 88' lang='lat' dir='ltr'><strong>Gennadii</strong></span> <span class='ocrx_word' id='word_1_394' title='bbox 1756 2595 1913 2649; x_wconf 83' lang='lat' dir='ltr'><strong>verba</strong></span> <span class='ocrx_word' id='word_1_395' title='bbox 1961 2595 2073 2663; x_wconf 84' lang='lat' dir='ltr'><strong>ipsa</strong></span> <span class='ocrx_word' id='word_1_396' title='bbox 2107 2594 2503 2663; x_wconf 80' lang='lat' dir='ltr'><strong>exscripserunt</strong></span> <span class='ocrx_word' id='word_1_397' title='bbox 2533 2638 2548 2663; x_wconf 86' lang='lat'><strong>,</strong></span> <span class='ocrx_word' id='word_1_398' title='bbox 2578 2604 2637 2650; x_wconf 88' lang='lat' dir='ltr'><strong>ut</strong></span> <span class='ocrx_word' id='word_1_399' title='bbox 2685 2596 3023 2652; x_wconf 85' lang='lat' dir='ltr'><strong>Marcellinus</strong></span> <span class='ocrx_word' id='word_1_400' title='bbox 3052 2599 3106 2651; x_wconf 91' lang='lat' dir='ltr'><strong>in</strong></span> <span class='ocrx_word' id='word_1_401' title='bbox 3135 2596 3421 2664; x_wconf 88' lang='lat' dir='ltr'><strong>Chronico,</strong></span> <span class='ocrx_word' id='word_1_402' title='bbox 3459 2597 3730 2651; x_wconf 82' lang='lat' dir='ltr'><strong>Bedainlibro</strong></span> 
     </span>
    </p>
   </div>
   <div class='ocr_carea' id='block_1_40' title="bbox 617 2682 3727 2757">
    <p class='ocr_par' dir='ltr' id='par_1_40' title="bbox 617 2682 3727 2757">
     <span class='ocr_line' id='line_1_42' title="bbox 617 2682 3727 2757; baseline -0.001 -14"><span class='ocrx_word' id='word_1_403' title='bbox 617 2690 684 2743; x_wconf 90' lang='lat' dir='ltr'><strong>de</strong></span> <span class='ocrx_word' id='word_1_404' title='bbox 725 2702 817 2741; x_wconf 81' lang='lat' dir='ltr'><strong>sex</strong></span> <span class='ocrx_word' id='word_1_405' title='bbox 840 2686 1106 2742; x_wconf 61' lang='lat' dir='ltr'><strong>IEtatibus</strong></span> <span class='ocrx_word' id='word_1_406' title='bbox 1152 2684 1368 2751; x_wconf 88' lang='lat' dir='ltr'><strong>mundi,</strong></span> <span class='ocrx_word' id='word_1_407' title='bbox 1409 2694 1464 2739; x_wconf 91' lang='lat' dir='ltr'><strong>et</strong></span> <span class='ocrx_word' id='word_1_408' title='bbox 1509 2685 1829 2754; x_wconf 89' lang='lat' dir='ltr'><strong>posteriores</strong></span> <span class='ocrx_word' id='word_1_409' title='bbox 1865 2682 1972 2737; x_wconf 90' lang='lat' dir='ltr'><strong>alii.</strong></span> <span class='ocrx_word' id='word_1_410' title='bbox 2014 2683 2267 2738; x_wconf 83' lang='lat' dir='ltr'><strong>Nonnihil</strong></span> <span class='ocrx_word' id='word_1_411' title='bbox 2296 2695 2473 2738; x_wconf 88' lang='lat' dir='ltr'><strong>autem</strong></span> <span class='ocrx_word' id='word_1_412' title='bbox 2518 2685 2658 2755; x_wconf 92' lang='lat' dir='ltr'><strong>quod</strong></span> <span class='ocrx_word' id='word_1_413' title='bbox 2694 2686 2760 2740; x_wconf 86' lang='lat' dir='ltr'><strong>ad</strong></span> <span class='ocrx_word' id='word_1_414' title='bbox 2803 2695 3014 2756; x_wconf 87' lang='lat' dir='ltr'><strong>tempus</strong></span> <span class='ocrx_word' id='word_1_415' title='bbox 3039 2696 3281 2757; x_wconf 87' lang='lat' dir='ltr'><strong>spectat,</strong></span> <span class='ocrx_word' id='word_1_416' title='bbox 3311 2688 3571 2742; x_wconf 87' lang='lat' dir='ltr'><strong>dissentiunt</strong></span> <span class='ocrx_word' id='word_1_417' title='bbox 3586 2687 3727 2741; x_wconf 73' lang='lat' dir='ltr'><strong>invicem</strong></span> 
     </span>
    </p>
   </div>
   <div class='ocr_carea' id='block_1_41' title="bbox 618 2775 3728 2848">
    <p class='ocr_par' dir='ltr' id='par_1_41' title="bbox 618 2775 3728 2848">
     <span class='ocr_line' id='line_1_43' title="bbox 618 2775 3728 2848; baseline -0.001 -13"><span class='ocrx_word' id='word_1_418' title='bbox 618 2780 953 2837; x_wconf 80' lang='lat' dir='ltr'><strong>Marcellinus</strong></span> <span class='ocrx_word' id='word_1_419' title='bbox 1006 2789 1062 2833; x_wconf 91' lang='lat' dir='ltr'><strong>et</strong></span> <span class='ocrx_word' id='word_1_420' title='bbox 1130 2776 1272 2832; x_wconf 85' lang='lat' dir='ltr'><strong>Beda</strong></span> <span class='ocrx_word' id='word_1_421' title='bbox 1300 2817 1316 2843; x_wconf 94' lang='lat'><strong>,</strong></span> <span class='ocrx_word' id='word_1_422' title='bbox 1363 2776 1487 2832; x_wconf 90' lang='lat' dir='ltr'><strong>dum</strong></span> <span class='ocrx_word' id='word_1_423' title='bbox 1537 2777 1621 2831; x_wconf 87' lang='lat' dir='ltr'><strong>hic</strong></span> <span class='ocrx_word' id='word_1_424' title='bbox 1664 2775 2040 2830; x_wconf 89' lang='lat' dir='ltr'><strong>revelationem</strong></span> <span class='ocrx_word' id='word_1_425' title='bbox 2091 2775 2158 2830; x_wconf 88' lang='lat' dir='ltr'><strong>ad</strong></span> <span class='ocrx_word' id='word_1_426' title='bbox 2216 2778 2498 2843; x_wconf 90' lang='lat' dir='ltr'><strong>septimum</strong></span> <span class='ocrx_word' id='word_1_427' title='bbox 2547 2777 2769 2833; x_wconf 87' lang='lat' dir='ltr'><strong>Honorii</strong></span> <span class='ocrx_word' id='word_1_428' title='bbox 2837 2779 3161 2848; x_wconf 86' lang='lat' dir='ltr'><strong>imperantis</strong></span> <span class='ocrx_word' id='word_1_429' title='bbox 3214 2794 3426 2845; x_wconf 88' lang='lat' dir='ltr'><strong>annum,</strong></span> <span class='ocrx_word' id='word_1_430' title='bbox 3467 2780 3538 2833; x_wconf 86' lang='lat' dir='ltr'><strong>ille</strong></span> <span class='ocrx_word' id='word_1_431' title='bbox 3572 2794 3659 2833; x_wconf 75' lang='lat' dir='ltr'><strong>rem</strong></span> <span class='ocrx_word' id='word_1_432' title='bbox 3688 2779 3728 2833; x_wconf 73' lang='lat' dir='ltr'><strong>ad</strong></span> 
     </span>
    </p>
   </div>
   <div class='ocr_carea' id='block_1_42' title="bbox 620 2866 3725 2939">
    <p class='ocr_par' dir='ltr' id='par_1_42' title="bbox 620 2866 3725 2939">
     <span class='ocr_line' id='line_1_44' title="bbox 620 2866 3725 2939; baseline -0.001 -13"><span class='ocrx_word' id='word_1_433' title='bbox 620 2872 836 2926; x_wconf 91' lang='lat' dir='ltr'><strong>llonorii</strong></span> <span class='ocrx_word' id='word_1_434' title='bbox 860 2870 1092 2926; x_wconf 88' lang='lat' dir='ltr'><strong>consulis</strong></span> <span class='ocrx_word' id='word_1_435' title='bbox 1133 2868 1393 2923; x_wconf 89' lang='lat' dir='ltr'><strong>decimum</strong></span> <span class='ocrx_word' id='word_1_436' title='bbox 1433 2867 1616 2922; x_wconf 83' lang='lat' dir='ltr'><strong>refert.</strong></span> <span class='ocrx_word' id='word_1_437' title='bbox 1656 2866 1958 2922; x_wconf 81' lang='lat' dir='ltr'><strong>Marcellino</strong></span> <span class='ocrx_word' id='word_1_438' title='bbox 1989 2866 2341 2937; x_wconf 88' lang='lat' dir='ltr'><strong>adstipulatur</strong></span> <span class='ocrx_word' id='word_1_439' title='bbox 2370 2866 2635 2923; x_wconf 89' lang='lat' dir='ltr'><strong>Lucianns</strong></span> <span class='ocrx_word' id='word_1_440' title='bbox 2671 2869 2842 2939; x_wconf 88' lang='lat' dir='ltr'><strong>qualis</strong></span> <span class='ocrx_word' id='word_1_441' title='bbox 2868 2885 2900 2924; x_wconf 89' lang='lat' dir='ltr'><strong>a</strong></span> <span class='ocrx_word' id='word_1_442' title='bbox 2939 2870 3151 2926; x_wconf 80' lang='lat' dir='ltr'><strong>Joanne</strong></span> <span class='ocrx_word' id='word_1_443' title='bbox 3177 2871 3463 2926; x_wconf 89' lang='lat' dir='ltr'><strong>Ulimmerio</strong></span> <span class='ocrx_word' id='word_1_444' title='bbox 3485 2869 3725 2939; x_wconf 76' lang='lat' dir='ltr'><strong>primum,sc</strong></span> 
     </span>
    </p>
   </div>
   <div class='ocr_carea' id='block_1_43' title="bbox 617 2961 3722 3035">
    <p class='ocr_par' dir='ltr' id='par_1_43' title="bbox 617 2961 3722 3035">
     <span class='ocr_line' id='line_1_45' title="bbox 617 2961 3722 3035; baseline -0.001 -17"><span class='ocrx_word' id='word_1_445' title='bbox 617 2965 813 3019; x_wconf 89' lang='lat' dir='ltr'><strong>deinde</strong></span> <span class='ocrx_word' id='word_1_446' title='bbox 850 2979 880 3018; x_wconf 86' lang='lat' dir='ltr'><strong>a</strong></span> <span class='ocrx_word' id='word_1_447' title='bbox 918 2961 1336 3018; x_wconf 86' lang='lat' dir='ltr'><strong>Lovaniensibns</strong></span> <span class='ocrx_word' id='word_1_448' title='bbox 1372 2961 1594 3030; x_wconf 88' lang='lat' dir='ltr'><strong>aliisque</strong></span> <span class='ocrx_word' id='word_1_449' title='bbox 1630 2962 1797 3014; x_wconf 83' lang='lat' dir='ltr'><strong>fuerat</strong></span> <span class='ocrx_word' id='word_1_450' title='bbox 1835 2961 2073 3030; x_wconf 87' lang='lat' dir='ltr'><strong>vulgatus</strong></span> <span class='ocrx_word' id='word_1_451' title='bbox 2097 3001 2112 3025; x_wconf 89' lang='lat'><strong>,</strong></span> <span class='ocrx_word' id='word_1_452' title='bbox 2173 2970 2364 3015; x_wconf 88' lang='lat' dir='ltr'><strong>notans</strong></span> <span class='ocrx_word' id='word_1_453' title='bbox 2407 2963 2657 3017; x_wconf 89' lang='lat' dir='ltr'><strong>nimirum</strong></span> <span class='ocrx_word' id='word_1_454' title='bbox 2708 2963 2922 3019; x_wconf 89' lang='lat' dir='ltr'><strong>eosdem</strong></span> <span class='ocrx_word' id='word_1_455' title='bbox 2962 2974 3128 3035; x_wconf 87' lang='lat' dir='ltr'><strong>atque</strong></span> <span class='ocrx_word' id='word_1_456' title='bbox 3172 2966 3478 3021; x_wconf 82' lang='lat' dir='ltr'><strong>Marcellinus</strong></span> <span class='ocrx_word' id='word_1_457' title='bbox 3517 2965 3722 3018; x_wconf 81' lang='lat' dir='ltr'><strong>consules:</strong></span> 
     </span>
    </p>
   </div>
   <div class='ocr_carea' id='block_1_44' title="bbox 619 3050 3721 3125">
    <p class='ocr_par' dir='ltr' id='par_1_44' title="bbox 619 3050 3721 3125">
     <span class='ocr_line' id='line_1_46' title="bbox 619 3050 3721 3125; baseline -0 -17"><span class='ocrx_word' id='word_1_458' title='bbox 619 3068 751 3125; x_wconf 74' lang='lat' dir='ltr'><strong>imos</strong></span> <span class='ocrx_word' id='word_1_459' title='bbox 780 3054 969 3108; x_wconf 91' lang='lat' dir='ltr'><strong>mirum</strong></span> <span class='ocrx_word' id='word_1_460' title='bbox 1016 3064 1098 3107; x_wconf 90' lang='lat' dir='ltr'><strong>est</strong></span> <span class='ocrx_word' id='word_1_461' title='bbox 1126 3067 1232 3107; x_wconf 90' lang='lat' dir='ltr'><strong>non</strong></span> <span class='ocrx_word' id='word_1_462' title='bbox 1272 3051 1580 3105; x_wconf 90' lang='lat' dir='ltr'><strong>observatos</strong></span> <span class='ocrx_word' id='word_1_463' title='bbox 1610 3050 1773 3105; x_wconf 80' lang='lat' dir='ltr'><strong>fuisse</strong></span> <span class='ocrx_word' id='word_1_464' title='bbox 1803 3065 1833 3103; x_wconf 92' lang='lat' dir='ltr'><strong>a</strong></span> <span class='ocrx_word' id='word_1_465' title='bbox 1863 3051 2003 3105; x_wconf 87' lang='lat' dir='ltr'><strong>Beda</strong></span> <span class='ocrx_word' id='word_1_466' title='bbox 2028 3092 2043 3118; x_wconf 96' lang='lat'><strong>,</strong></span> <span class='ocrx_word' id='word_1_467' title='bbox 2084 3052 2173 3120; x_wconf 93' lang='lat' dir='ltr'><strong>qui</strong></span> <span class='ocrx_word' id='word_1_468' title='bbox 2212 3052 2500 3108; x_wconf 86' lang='lat' dir='ltr'><strong>Luciannm</strong></span> <span class='ocrx_word' id='word_1_469' title='bbox 2540 3052 2680 3109; x_wconf 89' lang='lat' dir='ltr'><strong>hunc</strong></span> <span class='ocrx_word' id='word_1_470' title='bbox 2723 3055 2895 3125; x_wconf 90' lang='lat' dir='ltr'><strong>ipsum</strong></span> <span class='ocrx_word' id='word_1_471' title='bbox 2936 3056 3373 3111; x_wconf 88' lang='lat' dir='ltr'><strong>Ulimmerianum</strong></span> <span class='ocrx_word' id='word_1_472' title='bbox 3415 3054 3608 3125; x_wconf 86' lang='lat' dir='ltr'><strong>legit,et</strong></span> <span class='ocrx_word' id='word_1_473' title='bbox 3631 3053 3721 3123; x_wconf 70' lang='lat' dir='ltr'><strong>plus</strong></span> 
     </span>
    </p>
   </div>
   <div class='ocr_carea' id='block_1_45' title="bbox 618 3141 3715 3215">
    <p class='ocr_par' dir='ltr' id='par_1_45' title="bbox 618 3141 3715 3215">
     <span class='ocr_line' id='line_1_47' title="bbox 618 3141 3715 3215; baseline -0.001 -15"><span class='ocrx_word' id='word_1_474' title='bbox 618 3163 681 3201; x_wconf 77' lang='lat' dir='ltr'><strong>ex</strong></span> <span class='ocrx_word' id='word_1_475' title='bbox 714 3146 901 3200; x_wconf 87' lang='lat' dir='ltr'><strong>eodem</strong></span> <span class='ocrx_word' id='word_1_476' title='bbox 945 3146 996 3199; x_wconf 89' lang='lat' dir='ltr'><strong>in</strong></span> <span class='ocrx_word' id='word_1_477' title='bbox 1027 3144 1217 3197; x_wconf 89' lang='lat' dir='ltr'><strong>librum</strong></span> <span class='ocrx_word' id='word_1_478' title='bbox 1246 3142 1698 3197; x_wconf 85' lang='lat' dir='ltr'><strong>Retractationum</strong></span> <span class='ocrx_word' id='word_1_479' title='bbox 1741 3141 1796 3195; x_wconf 91' lang='lat' dir='ltr'><strong>in</strong></span> <span class='ocrx_word' id='word_1_480' title='bbox 1840 3142 1968 3195; x_wconf 84' lang='lat' dir='ltr'><strong>Acta</strong></span> <span class='ocrx_word' id='word_1_481' title='bbox 1998 3156 2113 3213; x_wconf 91' lang='lat' dir='ltr'><strong>cap.</strong></span> <span class='ocrx_word' id='word_1_482' title='bbox 2143 3141 2177 3197; x_wconf 90' lang='lat'><strong>8</strong></span> <span class='ocrx_word' id='word_1_483' title='bbox 2222 3144 2571 3211; x_wconf 87' lang='lat' dir='ltr'><strong>transcripsit.</strong></span> <span class='ocrx_word' id='word_1_484' title='bbox 2593 3144 2749 3201; x_wconf 86' lang='lat' dir='ltr'><strong>Certe</strong></span> <span class='ocrx_word' id='word_1_485' title='bbox 2794 3145 3008 3215; x_wconf 87' lang='lat' dir='ltr'><strong>quidem</strong></span> <span class='ocrx_word' id='word_1_486' title='bbox 3048 3147 3168 3203; x_wconf 71' lang='lat' dir='ltr'><strong>haec</strong></span> <span class='ocrx_word' id='word_1_487' title='bbox 3193 3146 3446 3202; x_wconf 87' lang='lat' dir='ltr'><strong>consulum</strong></span> <span class='ocrx_word' id='word_1_488' title='bbox 3468 3154 3564 3200; x_wconf 79' lang='lat' dir='ltr'><strong>uota</strong></span> <span class='ocrx_word' id='word_1_489' title='bbox 3591 3145 3715 3198; x_wconf 78' lang='lat' dir='ltr'><strong>abalio</strong></span> 
     </span>
    </p>
   </div>
   <div class='ocr_carea' id='block_1_46' title="bbox 619 3232 3717 3307">
    <p class='ocr_par' dir='ltr' id='par_1_46' title="bbox 619 3232 3717 3307">
     <span class='ocr_line' id='line_1_48' title="bbox 619 3232 3717 3307; baseline 0 -16"><span class='ocrx_word' id='word_1_490' title='bbox 619 3240 771 3293; x_wconf 84' lang='lat' dir='ltr'><strong>abest</strong></span> <span class='ocrx_word' id='word_1_491' title='bbox 801 3237 1015 3292; x_wconf 89' lang='lat' dir='ltr'><strong>Luciani</strong></span> <span class='ocrx_word' id='word_1_492' title='bbox 1061 3235 1352 3303; x_wconf 74' lang='lat' dir='ltr'><strong>exemplari</strong></span> <span class='ocrx_word' id='word_1_493' title='bbox 1377 3275 1393 3299; x_wconf 95' lang='lat'><strong>,</strong></span> <span class='ocrx_word' id='word_1_494' title='bbox 1446 3232 1588 3303; x_wconf 92' lang='lat' dir='ltr'><strong>quod</strong></span> <span class='ocrx_word' id='word_1_495' title='bbox 1634 3234 1685 3287; x_wconf 90' lang='lat' dir='ltr'><strong>in</strong></span> <span class='ocrx_word' id='word_1_496' title='bbox 1732 3233 1996 3289; x_wconf 86' lang='lat' dir='ltr'><strong>veteribus</strong></span> <span class='ocrx_word' id='word_1_497' title='bbox 2037 3234 2305 3290; x_wconf 91' lang='lat' dir='ltr'><strong>nonnullis</strong></span> <span class='ocrx_word' id='word_1_498' title='bbox 2332 3236 2601 3291; x_wconf 88' lang='lat' dir='ltr'><strong>codicibus</strong></span> <span class='ocrx_word' id='word_1_499' title='bbox 2638 3239 2915 3307; x_wconf 86' lang='lat' dir='ltr'><strong>reperitur.</strong></span> <span class='ocrx_word' id='word_1_500' title='bbox 2950 3237 3112 3295; x_wconf 87' lang='lat' dir='ltr'><strong>Caret</strong></span> <span class='ocrx_word' id='word_1_501' title='bbox 3150 3240 3305 3295; x_wconf 88' lang='lat' dir='ltr'><strong>etiam</strong></span> <span class='ocrx_word' id='word_1_502' title='bbox 3345 3238 3465 3293; x_wconf 90' lang='lat' dir='ltr'><strong>idem</strong></span> <span class='ocrx_word' id='word_1_503' title='bbox 3501 3235 3600 3292; x_wconf 85' lang='lat' dir='ltr'><strong>istud</strong></span> <span class='ocrx_word' id='word_1_504' title='bbox 3629 3232 3717 3289; x_wconf 72' lang='lat' dir='ltr'><strong>aliud</strong></span> 
     </span>
    </p>
   </div>
   <div class='ocr_carea' id='block_1_47' title="bbox 619 3325 3717 3400">
    <p class='ocr_par' dir='ltr' id='par_1_47' title="bbox 619 3325 3717 3400">
     <span class='ocr_line' id='line_1_49' title="bbox 619 3325 3717 3400; baseline -0.004 -12"><span class='ocrx_word' id='word_1_505' title='bbox 619 3332 889 3399; x_wconf 77' lang='lat' dir='ltr'><strong>exemplar</strong></span> <span class='ocrx_word' id='word_1_506' title='bbox 916 3330 968 3384; x_wconf 91' lang='lat' dir='ltr'><strong>in</strong></span> <span class='ocrx_word' id='word_1_507' title='bbox 997 3328 1317 3383; x_wconf 87' lang='lat' dir='ltr'><strong>Floriacensi</strong></span> <span class='ocrx_word' id='word_1_508' title='bbox 1345 3325 1528 3381; x_wconf 87' lang='lat' dir='ltr'><strong>codice</strong></span> <span class='ocrx_word' id='word_1_509' title='bbox 1565 3326 1669 3381; x_wconf 83' lang='lat' dir='ltr'><strong>illis</strong></span> <span class='ocrx_word' id='word_1_510' title='bbox 1695 3327 1748 3380; x_wconf 89' lang='lat' dir='ltr'><strong>in</strong></span> <span class='ocrx_word' id='word_1_511' title='bbox 1774 3326 1880 3381; x_wconf 87' lang='lat' dir='ltr'><strong>line</strong></span> <span class='ocrx_word' id='word_1_512' title='bbox 1926 3327 2102 3382; x_wconf 86' lang='lat' dir='ltr'><strong>verbis</strong></span> <span class='ocrx_word' id='word_1_513' title='bbox 2127 3370 2141 3395; x_wconf 97' lang='lat'><strong>,</strong></span> <span class='ocrx_word' id='word_1_514' title='bbox 2174 3345 2229 3384; x_wconf 80' lang='grc' dir='ltr'><strong>ιι.</strong></span> <span class='ocrx_word' id='word_1_515' title='bbox 2276 3330 2310 3385; x_wconf 90' lang='lat'><strong>9</strong></span> <span class='ocrx_word' id='word_1_516' title='bbox 2334 3371 2349 3395; x_wconf 96' lang='lat'><strong>,</strong></span> <span class='ocrx_word' id='word_1_517' title='bbox 2378 3330 2461 3383; x_wconf 79' lang='lat' dir='ltr'><strong>Ea:</strong></span> <span class='ocrx_word' id='word_1_518' title='bbox 2486 3330 2564 3383; x_wconf 83' lang='lat' dir='ltr'><strong>his</strong></span> <span class='ocrx_word' id='word_1_519' title='bbox 2588 3346 2705 3400; x_wconf 82' lang='lat' dir='ltr'><strong>ergo</strong></span> <span class='ocrx_word' id='word_1_520' title='bbox 2749 3330 2973 3399; x_wconf 85' lang='lat' dir='ltr'><strong>reliquiis</strong></span> <span class='ocrx_word' id='word_1_521' title='bbox 3018 3332 3272 3387; x_wconf 84' lang='lat' dir='ltr'><strong>transmisi</strong></span> <span class='ocrx_word' id='word_1_522' title='bbox 3308 3329 3561 3383; x_wconf 79' lang='lat' dir='ltr'><strong>Beatitudim‘</strong></span> <span class='ocrx_word' id='word_1_523' title='bbox 3580 3336 3717 3381; x_wconf 63' lang='lat' dir='ltr'><strong>intra.</strong></span> 
     </span>
    </p>
   </div>
   <div class='ocr_carea' id='block_1_48' title="bbox 619 3418 3719 3491">
    <p class='ocr_par' dir='ltr' id='par_1_48' title="bbox 619 3418 3719 3491">
     <span class='ocr_line' id='line_1_50' title="bbox 619 3418 3719 3491; baseline -0.001 -16"><span class='ocrx_word' id='word_1_524' title='bbox 619 3437 737 3491; x_wconf 79' lang='lat' dir='ltr'><strong>qua:</strong></span> <span class='ocrx_word' id='word_1_525' title='bbox 764 3420 985 3475; x_wconf 89' lang='lat' dir='ltr'><strong>hominis</strong></span> <span class='ocrx_word' id='word_1_526' title='bbox 1020 3434 1123 3473; x_wconf 94' lang='lat' dir='ltr'><strong>non</strong></span> <span class='ocrx_word' id='word_1_527' title='bbox 1149 3428 1271 3473; x_wconf 91' lang='lat' dir='ltr'><strong>sunt</strong></span> <span class='ocrx_word' id='word_1_528' title='bbox 1305 3418 1581 3473; x_wconf 88' lang='lat' dir='ltr'><strong>scribentis</strong></span> <span class='ocrx_word' id='word_1_529' title='bbox 1608 3418 1674 3472; x_wconf 87' lang='lat' dir='ltr'><strong>ad</strong></span> <span class='ocrx_word' id='word_1_530' title='bbox 1712 3419 1946 3472; x_wconf 90' lang='lat' dir='ltr'><strong>omnium</strong></span> <span class='ocrx_word' id='word_1_531' title='bbox 1973 3420 2325 3475; x_wconf 86' lang='lat' dir='ltr'><strong>Ecclesiarum</strong></span> <span class='ocrx_word' id='word_1_532' title='bbox 2350 3436 2621 3490; x_wconf 89' lang='lat' dir='ltr'><strong>personas.</strong></span> <span class='ocrx_word' id='word_1_533' title='bbox 2652 3422 2962 3491; x_wconf 83' lang='lat' dir='ltr'><strong>Quanquam</strong></span> <span class='ocrx_word' id='word_1_534' title='bbox 2984 3422 3105 3478; x_wconf 66' lang='lat' dir='ltr'><strong>base</strong></span> <span class='ocrx_word' id='word_1_535' title='bbox 3126 3423 3335 3477; x_wconf 78' lang='lat' dir='ltr'><strong>forsitan</strong></span> <span class='ocrx_word' id='word_1_536' title='bbox 3359 3421 3529 3476; x_wconf 86' lang='lat' dir='ltr'><strong>dicebat</strong></span> <span class='ocrx_word' id='word_1_537' title='bbox 3547 3418 3719 3474; x_wconf 70' lang='lat' dir='ltr'><strong>Lucianns</strong></span> 
     </span>
    </p>
   </div>
   <div class='ocr_carea' id='block_1_49' title="bbox 618 3502 3717 3580">
    <p class='ocr_par' dir='ltr' id='par_1_49' title="bbox 618 3502 3717 3580">
     <span class='ocr_line' id='line_1_51' title="bbox 618 3502 3717 3580; baseline -0.001 -15"><span class='ocrx_word' id='word_1_538' title='bbox 618 3524 879 3565; x_wconf 79' lang='lat' dir='ltr'><strong>eunverso</strong></span> <span class='ocrx_word' id='word_1_539' title='bbox 926 3508 992 3563; x_wconf 88' lang='lat' dir='ltr'><strong>ad</strong></span> <span class='ocrx_word' id='word_1_540' title='bbox 1010 3502 1111 3563; x_wconf 60' lang='lat' dir='ltr'><strong>&#39;eos</strong></span> <span class='ocrx_word' id='word_1_541' title='bbox 1139 3509 1262 3563; x_wconf 92' lang='lat' dir='ltr'><strong>stilo</strong></span> <span class='ocrx_word' id='word_1_542' title='bbox 1286 3548 1301 3573; x_wconf 93' lang='lat'><strong>,</strong></span> <span class='ocrx_word' id='word_1_543' title='bbox 1350 3523 1574 3578; x_wconf 91' lang='lat' dir='ltr'><strong>quorum</strong></span> <span class='ocrx_word' id='word_1_544' title='bbox 1602 3523 1761 3562; x_wconf 77' lang='lat' dir='ltr'><strong>causa</strong></span> <span class='ocrx_word' id='word_1_545' title='bbox 1799 3508 2143 3577; x_wconf 87' lang='lat' dir='ltr'><strong>scriptionem</strong></span> <span class='ocrx_word' id='word_1_546' title='bbox 2196 3512 2330 3564; x_wconf 90' lang='lat' dir='ltr'><strong>hanc</strong></span> <span class='ocrx_word' id='word_1_547' title='bbox 2370 3512 2561 3566; x_wconf 87' lang='lat' dir='ltr'><strong>edebat</strong></span> <span class='ocrx_word' id='word_1_548' title='bbox 2598 3519 2813 3580; x_wconf 86' lang='lat' dir='ltr'><strong>rogatus</strong></span> <span class='ocrx_word' id='word_1_549' title='bbox 2861 3510 2928 3565; x_wconf 86' lang='lat' dir='ltr'><strong>ab</strong></span> <span class='ocrx_word' id='word_1_550' title='bbox 2960 3510 3156 3578; x_wconf 80' lang='lat' dir='ltr'><strong>Avito,</strong></span> <span class='ocrx_word' id='word_1_551' title='bbox 3201 3512 3283 3566; x_wconf 92' lang='lat' dir='ltr'><strong>cui</strong></span> <span class='ocrx_word' id='word_1_552' title='bbox 3316 3511 3454 3566; x_wconf 85' lang='lat' dir='ltr'><strong>etiam</strong></span> <span class='ocrx_word' id='word_1_553' title='bbox 3488 3506 3717 3577; x_wconf 77' lang='lat' dir='ltr'><strong>reliquiarum</strong></span> 
     </span>
    </p>
   </div>
   <div class='ocr_carea' id='block_1_50' title="bbox 624 3601 3716 3675">
    <p class='ocr_par' dir='ltr' id='par_1_50' title="bbox 624 3601 3716 3675">
     <span class='ocr_line' id='line_1_52' title="bbox 624 3601 3716 3675; baseline -0.001 -20"><span class='ocrx_word' id='word_1_554' title='bbox 624 3614 826 3673; x_wconf 81' lang='lat' dir='ltr'><strong>partem</strong></span> <span class='ocrx_word' id='word_1_555' title='bbox 882 3604 1009 3674; x_wconf 89' lang='lat' dir='ltr'><strong>ipsis</strong></span> <span class='ocrx_word' id='word_1_556' title='bbox 1047 3603 1500 3659; x_wconf 88' lang='lat' dir='ltr'><strong>transmittendam</strong></span> <span class='ocrx_word' id='word_1_557' title='bbox 1526 3644 1542 3671; x_wconf 97' lang='lat'><strong>,</strong></span> <span class='ocrx_word' id='word_1_558' title='bbox 1590 3604 1741 3658; x_wconf 92' lang='lat' dir='ltr'><strong>sicuti</strong></span> <span class='ocrx_word' id='word_1_559' title='bbox 1786 3603 1950 3670; x_wconf 86' lang='lat' dir='ltr'><strong>liquet</strong></span> <span class='ocrx_word' id='word_1_560' title='bbox 2013 3619 2077 3658; x_wconf 81' lang='lat' dir='ltr'><strong>ex</strong></span> <span class='ocrx_word' id='word_1_561' title='bbox 2130 3605 2268 3659; x_wconf 83' lang='lat' dir='ltr'><strong>Aviti</strong></span> <span class='ocrx_word' id='word_1_562' title='bbox 2321 3605 2557 3673; x_wconf 88' lang='lat' dir='ltr'><strong>Epistola</strong></span> <span class='ocrx_word' id='word_1_563' title='bbox 2584 3646 2601 3671; x_wconf 93' lang='lat'><strong>,</strong></span> <span class='ocrx_word' id='word_1_564' title='bbox 2645 3605 2953 3660; x_wconf 85' lang='lat' dir='ltr'><strong>donaverat.</strong></span> <span class='ocrx_word' id='word_1_565' title='bbox 3006 3606 3177 3661; x_wconf 91' lang='lat' dir='ltr'><strong>Porro</strong></span> <span class='ocrx_word' id='word_1_566' title='bbox 3218 3619 3469 3675; x_wconf 86' lang='lat' dir='ltr'><strong>utrumque</strong></span> <span class='ocrx_word' id='word_1_567' title='bbox 3510 3602 3576 3656; x_wconf 84' lang='lat' dir='ltr'><strong>hic</strong></span> <span class='ocrx_word' id='word_1_568' title='bbox 3601 3601 3716 3655; x_wconf 81' lang='lat' dir='ltr'><strong>damus</strong></span> 
     </span>
    </p>
   </div>
   <div class='ocr_carea' id='block_1_51' title="bbox 622 3692 3715 3765">
    <p class='ocr_par' dir='ltr' id='par_1_51' title="bbox 622 3692 3715 3765">
     <span class='ocr_line' id='line_1_53' title="bbox 622 3692 3715 3765; baseline -0.001 -17"><span class='ocrx_word' id='word_1_569' title='bbox 622 3697 921 3763; x_wconf 85' lang='lat' dir='ltr'><strong>exemplum</strong></span> <span class='ocrx_word' id='word_1_570' title='bbox 962 3695 1260 3763; x_wconf 87' lang='lat' dir='ltr'><strong>scriptionis</strong></span> <span class='ocrx_word' id='word_1_571' title='bbox 1296 3693 1514 3748; x_wconf 90' lang='lat' dir='ltr'><strong>Luciani</strong></span> <span class='ocrx_word' id='word_1_572' title='bbox 1542 3733 1557 3758; x_wconf 89' lang='lat'><strong>,</strong></span> <span class='ocrx_word' id='word_1_573' title='bbox 1609 3693 2045 3748; x_wconf 88' lang='lat' dir='ltr'><strong>Ulimtneriannm</strong></span> <span class='ocrx_word' id='word_1_574' title='bbox 2096 3692 2194 3763; x_wconf 90' lang='lat' dir='ltr'><strong>(sic</strong></span> <span class='ocrx_word' id='word_1_575' title='bbox 2240 3695 2508 3763; x_wconf 86' lang='lat' dir='ltr'><strong>appellare</strong></span> <span class='ocrx_word' id='word_1_576' title='bbox 2550 3694 2705 3750; x_wconf 88' lang='lat' dir='ltr'><strong>liceat</strong></span> <span class='ocrx_word' id='word_1_577' title='bbox 2755 3695 2898 3765; x_wconf 86' lang='lat' dir='ltr'><strong>quod</strong></span> <span class='ocrx_word' id='word_1_578' title='bbox 2963 3694 3254 3751; x_wconf 90' lang='lat' dir='ltr'><strong>Ulimmerii</strong></span> <span class='ocrx_word' id='word_1_579' title='bbox 3297 3711 3407 3750; x_wconf 88' lang='lat' dir='ltr'><strong>cura</strong></span> <span class='ocrx_word' id='word_1_580' title='bbox 3453 3693 3604 3761; x_wconf 86' lang='lat' dir='ltr'><strong>pridem</strong></span> <span class='ocrx_word' id='word_1_581' title='bbox 3638 3706 3715 3758; x_wconf 80' lang='lat' dir='ltr'><strong>pto-</strong></span> 
     </span>
    </p>
   </div>
   <div class='ocr_carea' id='block_1_52' title="bbox 622 3781 3716 3856">
    <p class='ocr_par' dir='ltr' id='par_1_52' title="bbox 622 3781 3716 3856">
     <span class='ocr_line' id='line_1_54' title="bbox 622 3781 3716 3856; baseline -0.003 -15"><span class='ocrx_word' id='word_1_582' title='bbox 622 3787 816 3855; x_wconf 91' lang='lat' dir='ltr'><strong>dierat)</strong></span> <span class='ocrx_word' id='word_1_583' title='bbox 858 3787 925 3841; x_wconf 89' lang='lat' dir='ltr'><strong>ad</strong></span> <span class='ocrx_word' id='word_1_584' title='bbox 972 3789 1148 3856; x_wconf 86' lang='lat' dir='ltr'><strong>plures</strong></span> <span class='ocrx_word' id='word_1_585' title='bbox 1194 3788 1580 3855; x_wconf 89' lang='lat' dir='ltr'><strong>manuscriptos</strong></span> <span class='ocrx_word' id='word_1_586' title='bbox 1629 3788 1954 3855; x_wconf 88' lang='lat' dir='ltr'><strong>recognitum</strong></span> <span class='ocrx_word' id='word_1_587' title='bbox 1983 3827 1998 3852; x_wconf 95' lang='lat'><strong>,</strong></span> <span class='ocrx_word' id='word_1_588' title='bbox 2028 3795 2081 3840; x_wconf 93' lang='lat' dir='ltr'><strong>et</strong></span> <span class='ocrx_word' id='word_1_589' title='bbox 2105 3788 2246 3841; x_wconf 89' lang='lat' dir='ltr'><strong>aliud</strong></span> <span class='ocrx_word' id='word_1_590' title='bbox 2277 3784 2434 3841; x_wconf 90' lang='lat' dir='ltr'><strong>modo</strong></span> <span class='ocrx_word' id='word_1_591' title='bbox 2473 3786 2796 3856; x_wconf 87' lang='lat' dir='ltr'><strong>descriptum</strong></span> <span class='ocrx_word' id='word_1_592' title='bbox 2824 3801 2889 3844; x_wconf 70' lang='lat' dir='ltr'><strong>ex</strong></span> <span class='ocrx_word' id='word_1_593' title='bbox 2933 3787 3259 3844; x_wconf 85' lang='lat' dir='ltr'><strong>Floriacensi</strong></span> <span class='ocrx_word' id='word_1_594' title='bbox 3289 3788 3413 3843; x_wconf 90' lang='lat' dir='ltr'><strong>libro</strong></span> <span class='ocrx_word' id='word_1_595' title='bbox 3439 3798 3567 3839; x_wconf 86' lang='lat' dir='ltr'><strong>annos</strong></span> <span class='ocrx_word' id='word_1_596' title='bbox 3583 3781 3716 3836; x_wconf 76' lang='lat' dir='ltr'><strong>circiter</strong></span> 
     </span>
    </p>
   </div>
   <div class='ocr_carea' id='block_1_53' title="bbox 623 3870 3714 3949">
    <p class='ocr_par' dir='ltr' id='par_1_53' title="bbox 623 3870 3714 3949">
     <span class='ocr_line' id='line_1_55' title="bbox 623 3870 3714 3949; baseline -0.001 -19"><span class='ocrx_word' id='word_1_597' title='bbox 623 3878 936 3947; x_wconf 87' lang='lat' dir='ltr'><strong>quingentos</strong></span> <span class='ocrx_word' id='word_1_598' title='bbox 965 3876 1189 3931; x_wconf 89' lang='lat' dir='ltr'><strong>habente</strong></span> <span class='ocrx_word' id='word_1_599' title='bbox 1216 3918 1231 3944; x_wconf 90' lang='lat'><strong>,</strong></span> <span class='ocrx_word' id='word_1_600' title='bbox 1259 3877 1398 3946; x_wconf 89' lang='lat' dir='ltr'><strong>quod</strong></span> <span class='ocrx_word' id='word_1_601' title='bbox 1425 3877 1477 3929; x_wconf 91' lang='lat' dir='ltr'><strong>in</strong></span> <span class='ocrx_word' id='word_1_602' title='bbox 1521 3876 1641 3931; x_wconf 87' lang='lat' dir='ltr'><strong>aliis</strong></span> <span class='ocrx_word' id='word_1_603' title='bbox 1669 3877 1825 3930; x_wconf 89' lang='lat' dir='ltr'><strong>etiam</strong></span> <span class='ocrx_word' id='word_1_604' title='bbox 1858 3877 2233 3946; x_wconf 85' lang='lat' dir='ltr'><strong>manuscriptis</strong></span> <span class='ocrx_word' id='word_1_605' title='bbox 2276 3878 2541 3932; x_wconf 91' lang='lat' dir='ltr'><strong>nonnullis</strong></span> <span class='ocrx_word' id='word_1_606' title='bbox 2568 3880 2847 3948; x_wconf 90' lang='lat' dir='ltr'><strong>reperitur.</strong></span> <span class='ocrx_word' id='word_1_607' title='bbox 2876 3878 3035 3934; x_wconf 89' lang='lat' dir='ltr'><strong>Certe</strong></span> <span class='ocrx_word' id='word_1_608' title='bbox 3064 3879 3166 3935; x_wconf 87' lang='lat' dir='ltr'><strong>hoc</strong></span> <span class='ocrx_word' id='word_1_609' title='bbox 3205 3879 3441 3949; x_wconf 84' lang='lat' dir='ltr'><strong>posterius</strong></span> <span class='ocrx_word' id='word_1_610' title='bbox 3462 3890 3544 3930; x_wconf 90' lang='lat' dir='ltr'><strong>non</strong></span> <span class='ocrx_word' id='word_1_611' title='bbox 3564 3870 3714 3941; x_wconf 71' lang='lat' dir='ltr'><strong>incogni-</strong></span> 
     </span>
    </p>
   </div>
   <div class='ocr_carea' id='block_1_54' title="bbox 622 3960 3713 4038">
    <p class='ocr_par' dir='ltr' id='par_1_54' title="bbox 622 3960 3713 4038">
     <span class='ocr_line' id='line_1_56' title="bbox 622 3960 3713 4038; baseline -0.002 -17"><span class='ocrx_word' id='word_1_612' title='bbox 622 3977 731 4021; x_wconf 85' lang='lat' dir='ltr'><strong>tum</strong></span> <span class='ocrx_word' id='word_1_613' title='bbox 773 3967 1000 4036; x_wconf 89' lang='lat' dir='ltr'><strong>antiquis</strong></span> <span class='ocrx_word' id='word_1_614' title='bbox 1026 3967 1163 4029; x_wconf 80' lang='lat' dir='ltr'><strong>luit;</strong></span> <span class='ocrx_word' id='word_1_615' title='bbox 1209 3982 1330 4020; x_wconf 90' lang='lat' dir='ltr'><strong>nam</strong></span> <span class='ocrx_word' id='word_1_616' title='bbox 1368 3967 1695 4037; x_wconf 84' lang='lat' dir='ltr'><strong>Chrysippus</strong></span> <span class='ocrx_word' id='word_1_617' title='bbox 1737 3968 2013 4036; x_wconf 83' lang='lat' dir='ltr'><strong>presbyter</strong></span> <span class='ocrx_word' id='word_1_618' title='bbox 2054 3966 2530 4038; x_wconf 82' lang='lat' dir='ltr'><strong>Jerosolymitanns</strong></span> <span class='ocrx_word' id='word_1_619' title='bbox 2580 3969 2631 4022; x_wconf 93' lang='lat' dir='ltr'><strong>in</strong></span> <span class='ocrx_word' id='word_1_620' title='bbox 2660 3969 2834 4024; x_wconf 90' lang='lat' dir='ltr'><strong>Photii</strong></span> <span class='ocrx_word' id='word_1_621' title='bbox 2882 3970 3207 4026; x_wconf 84' lang='lat' dir='ltr'><strong>Bibliotheca</strong></span> <span class='ocrx_word' id='word_1_622' title='bbox 3237 4010 3252 4035; x_wconf 95' lang='lat'><strong>,</strong></span> <span class='ocrx_word' id='word_1_623' title='bbox 3281 3969 3390 4023; x_wconf 87' lang='lat' dir='ltr'><strong>eod.</strong></span> <span class='ocrx_word' id='word_1_624' title='bbox 3433 3967 3539 4030; x_wconf 83' lang='lat' dir='ltr'><strong>l&#39;ll,</strong></span> <span class='ocrx_word' id='word_1_625' title='bbox 3576 3972 3614 4018; x_wconf 89' lang='lat' dir='ltr'><strong>et</strong></span> <span class='ocrx_word' id='word_1_626' title='bbox 3642 3960 3713 4015; x_wconf 78' lang='lat' dir='ltr'><strong>Atio</strong></span> 
     </span>
    </p>
   </div>
   <div class='ocr_carea' id='block_1_55' title="bbox 621 4051 3710 4130">
    <p class='ocr_par' dir='ltr' id='par_1_55' title="bbox 621 4051 3710 4130">
     <span class='ocr_line' id='line_1_57' title="bbox 621 4051 3710 4130; baseline -0.002 -20"><span class='ocrx_word' id='word_1_627' title='bbox 621 4057 676 4110; x_wconf 89' lang='lat' dir='ltr'><strong>in</strong></span> <span class='ocrx_word' id='word_1_628' title='bbox 720 4057 1091 4127; x_wconf 84' lang='lat' dir='ltr'><strong>Martyrologio</strong></span> <span class='ocrx_word' id='word_1_629' title='bbox 1136 4058 1187 4111; x_wconf 92' lang='lat' dir='ltr'><strong>id</strong></span> <span class='ocrx_word' id='word_1_630' title='bbox 1217 4058 1432 4111; x_wconf 91' lang='lat' dir='ltr'><strong>omnino</strong></span> <span class='ocrx_word' id='word_1_631' title='bbox 1478 4066 1806 4127; x_wconf 90' lang='lat' dir='ltr'><strong>sequuntur,</strong></span> <span class='ocrx_word' id='word_1_632' title='bbox 1852 4056 2012 4127; x_wconf 58' lang='lat' dir='ltr'><strong>aitque</strong></span> <span class='ocrx_word' id='word_1_633' title='bbox 2056 4073 2121 4112; x_wconf 81' lang='lat' dir='ltr'><strong>ex</strong></span> <span class='ocrx_word' id='word_1_634' title='bbox 2172 4058 2286 4128; x_wconf 90' lang='lat' dir='ltr'><strong>ipso</strong></span> <span class='ocrx_word' id='word_1_635' title='bbox 2338 4060 2650 4114; x_wconf 85' lang='lat' dir='ltr'><strong>exscribunt</strong></span> <span class='ocrx_word' id='word_1_636' title='bbox 2691 4060 2896 4124; x_wconf 86' lang='lat' dir='ltr'><strong>multa,</strong></span> <span class='ocrx_word' id='word_1_637' title='bbox 2927 4075 3045 4130; x_wconf 70' lang='lat' dir='ltr'><strong>qua:</strong></span> <span class='ocrx_word' id='word_1_638' title='bbox 3092 4062 3143 4114; x_wconf 92' lang='lat' dir='ltr'><strong>in</strong></span> <span class='ocrx_word' id='word_1_639' title='bbox 3197 4058 3522 4115; x_wconf 87' lang='lat' dir='ltr'><strong>Ulimmeriano</strong></span> <span class='ocrx_word' id='word_1_640' title='bbox 3548 4051 3710 4118; x_wconf 80' lang='lat' dir='ltr'><strong>exemplo</strong></span> 
     </span>
    </p>
   </div>
   <div class='ocr_carea' id='block_1_56' title="bbox 619 4142 3710 4221">
    <p class='ocr_par' dir='ltr' id='par_1_56' title="bbox 619 4142 3710 4221">
     <span class='ocr_line' id='line_1_58' title="bbox 619 4142 3710 4221; baseline -0.003 -18"><span class='ocrx_word' id='word_1_641' title='bbox 619 4148 1008 4203; x_wconf 87' lang='lat' dir='ltr'><strong>desiderantur.</strong></span> <span class='ocrx_word' id='word_1_642' title='bbox 1056 4147 1277 4201; x_wconf 79' lang='lat' dir='ltr'><strong>Additur</strong></span> <span class='ocrx_word' id='word_1_643' title='bbox 1320 4147 1459 4218; x_wconf 88' lang='lat' dir='ltr'><strong>apud</strong></span> <span class='ocrx_word' id='word_1_644' title='bbox 1510 4147 1754 4203; x_wconf 84' lang='lat' dir='ltr'><strong>Photinm</strong></span> <span class='ocrx_word' id='word_1_645' title='bbox 1783 4189 1799 4216; x_wconf 94' lang='lat'><strong>,</strong></span> <span class='ocrx_word' id='word_1_646' title='bbox 1846 4147 2175 4203; x_wconf 80' lang='lat' dir='ltr'><strong>Gamalielem</strong></span> <span class='ocrx_word' id='word_1_647' title='bbox 2220 4150 2515 4219; x_wconf 78' lang='lat' dir='ltr'><strong>prwcepisse</strong></span> <span class='ocrx_word' id='word_1_648' title='bbox 2556 4149 2813 4217; x_wconf 80' lang='lat' dir='ltr'><strong>Luciano,</strong></span> <span class='ocrx_word' id='word_1_649' title='bbox 2859 4166 2922 4204; x_wconf 88' lang='lat' dir='ltr'><strong>ne</strong></span> <span class='ocrx_word' id='word_1_650' title='bbox 2960 4153 3169 4221; x_wconf 86' lang='lat' dir='ltr'><strong>posthac</strong></span> <span class='ocrx_word' id='word_1_651' title='bbox 3209 4150 3420 4220; x_wconf 83' lang='lat' dir='ltr'><strong>reliquias</strong></span> <span class='ocrx_word' id='word_1_652' title='bbox 3452 4144 3543 4199; x_wconf 80' lang='lat' dir='ltr'><strong>illas</strong></span> <span class='ocrx_word' id='word_1_653' title='bbox 3570 4142 3641 4196; x_wconf 74' lang='lat' dir='ltr'><strong>sole</strong></span> <span class='ocrx_word' id='word_1_654' title='bbox 3681 4147 3710 4190; x_wconf 72' lang='lat' dir='ltr'><strong>et</strong></span> 
     </span>
    </p>
   </div>
   <div class='ocr_carea' id='block_1_57' title="bbox 622 4240 2953 4311">
    <p class='ocr_par' dir='ltr' id='par_1_57' title="bbox 622 4240 2953 4311">
     <span class='ocr_line' id='line_1_59' title="bbox 622 4240 2953 4311; baseline 0.001 -18"><span class='ocrx_word' id='word_1_655' title='bbox 622 4241 793 4310; x_wconf 84' lang='lat' dir='ltr'><strong>pluvia</strong></span> <span class='ocrx_word' id='word_1_656' title='bbox 816 4241 1069 4310; x_wconf 88' lang='lat' dir='ltr'><strong>corrumpi</strong></span> <span class='ocrx_word' id='word_1_657' title='bbox 1098 4257 1186 4310; x_wconf 87' lang='lat' dir='ltr'><strong>per</strong></span> <span class='ocrx_word' id='word_1_658' title='bbox 1226 4241 1579 4311; x_wconf 86' lang='lat' dir='ltr'><strong>negligentiam</strong></span> <span class='ocrx_word' id='word_1_659' title='bbox 1607 4241 1824 4307; x_wconf 89' lang='lat' dir='ltr'><strong>sineret;</strong></span> <span class='ocrx_word' id='word_1_660' title='bbox 1863 4240 2005 4311; x_wconf 88' lang='lat' dir='ltr'><strong>quod</strong></span> <span class='ocrx_word' id='word_1_661' title='bbox 2032 4241 2176 4295; x_wconf 90' lang='lat' dir='ltr'><strong>nullo</strong></span> <span class='ocrx_word' id='word_1_662' title='bbox 2213 4242 2322 4310; x_wconf 87' lang='lat' dir='ltr'><strong>jam</strong></span> <span class='ocrx_word' id='word_1_663' title='bbox 2355 4242 2406 4295; x_wconf 88' lang='lat' dir='ltr'><strong>in</strong></span> <span class='ocrx_word' id='word_1_664' title='bbox 2428 4242 2714 4310; x_wconf 81' lang='lat' dir='ltr'><strong>exemplari</strong></span> <span class='ocrx_word' id='word_1_665' title='bbox 2744 4241 2953 4311; x_wconf 82' lang='lat' dir='ltr'><strong>legitur.</strong></span> 
     </span>
    </p>
   </div>
   <div class='ocr_carea' id='block_1_58' title="bbox 1814 4459 2683 4589">
    <p class='ocr_par' dir='ltr' id='par_1_58' title="bbox 1814 4459 2683 4589">
     <span class='ocr_line' id='line_1_60' title="bbox 1814 4459 2683 4589; baseline -0.003 -2"><span class='ocrx_word' id='word_1_666' title='bbox 1814 4459 2683 4589; x_wconf 75' lang='lat' dir='ltr'><strong>EPISTULA</strong></span> 
     </span>
    </p>
   </div>
   <div class='ocr_carea' id='block_1_59' title="bbox 1288 4659 3175 4755">
    <p class='ocr_par' dir='ltr' id='par_1_59' title="bbox 1288 4659 3175 4755">
     <span class='ocr_line' id='line_1_61' title="bbox 1288 4659 3175 4755; baseline 0.001 -14"><span class='ocrx_word' id='word_1_667' title='bbox 1288 4659 1769 4741; x_wconf 83' lang='lat' dir='ltr'><strong>LUCIANI</strong></span> <span class='ocrx_word' id='word_1_668' title='bbox 1827 4659 1982 4740; x_wconf 89' lang='lat' dir='ltr'><strong>AD</strong></span> <span class='ocrx_word' id='word_1_669' title='bbox 2040 4659 2465 4741; x_wconf 86' lang='lat' dir='ltr'><strong>OMNEM</strong></span> <span class='ocrx_word' id='word_1_670' title='bbox 2502 4659 3175 4755; x_wconf 86' lang='lat' dir='ltr'><strong>ECCLESIAM,</strong></span> 
     </span>
    </p>
   </div>
   <div class='ocr_carea' id='block_1_60' title="bbox 821 4789 3567 4860">
    <p class='ocr_par' dir='ltr' id='par_1_60' title="bbox 821 4789 3567 4860">
     <span class='ocr_line' id='line_1_62' title="bbox 821 4789 3567 4860; baseline -0.003 -4"><span class='ocrx_word' id='word_1_671' title='bbox 821 4796 920 4856; x_wconf 88' lang='lat' dir='ltr'><strong>DE</strong></span> <span class='ocrx_word' id='word_1_672' title='bbox 960 4795 1525 4857; x_wconf 84' lang='lat' dir='ltr'><strong>REVELATIONE</strong></span> <span class='ocrx_word' id='word_1_673' title='bbox 1567 4794 1951 4858; x_wconf 83' lang='lat' dir='ltr'><strong>CORPORIS</strong></span> <span class='ocrx_word' id='word_1_674' title='bbox 1992 4795 2382 4856; x_wconf 82' lang='lat' dir='ltr'><strong>STEPHANI</strong></span> <span class='ocrx_word' id='word_1_675' title='bbox 2423 4797 2830 4858; x_wconf 78' lang='lat' dir='ltr'><strong>MARTYRIS</strong></span> <span class='ocrx_word' id='word_1_676' title='bbox 2871 4800 3091 4860; x_wconf 80' lang='lat' dir='ltr'><strong>PRIMI</strong></span> <span class='ocrx_word' id='word_1_677' title='bbox 3134 4800 3227 4860; x_wconf 90' lang='lat' dir='ltr'><strong>ET</strong></span> <span class='ocrx_word' id='word_1_678' title='bbox 3263 4789 3567 4857; x_wconf 79' lang='lat' dir='ltr'><strong>ALIORUM.</strong></span> 
     </span>
    </p>
   </div>
   <div class='ocr_carea' id='block_1_61' title="bbox 722 4933 2096 4974">
    <p class='ocr_par' dir='ltr' id='par_1_61' title="bbox 722 4933 2096 4974">
     <span class='ocr_line' id='line_1_63' title="bbox 722 4933 2096 4974; baseline 0.004 -6"><span class='ocrx_word' id='word_1_679' title='bbox 722 4933 783 4969; x_wconf 73' lang='lat' dir='ltr'><strong>EX</strong></span> <span class='ocrx_word' id='word_1_680' title='bbox 816 4935 966 4969; x_wconf 74' lang='grc' dir='ltr'><strong>ιωιτιε</strong></span> <span class='ocrx_word' id='word_1_681' title='bbox 987 4936 1115 4969; x_wconf 74' lang='grc' dir='ltr'><strong>σιω.</strong></span> <span class='ocrx_word' id='word_1_682' title='bbox 1139 4936 1197 4971; x_wconf 62' lang='grc' dir='ltr'><strong>Β</strong></span> <span class='ocrx_word' id='word_1_683' title='bbox 1217 4935 1323 4971; x_wconf 70' lang='grc' dir='ltr'><strong>ιον.</strong></span> <span class='ocrx_word' id='word_1_684' title='bbox 1349 4937 1407 4971; x_wconf 75' lang='grc' dir='ltr'><strong>Εἰ·</strong></span> <span class='ocrx_word' id='word_1_685' title='bbox 1428 4936 1689 4972; x_wconf 69' lang='grc' dir='ltr'><strong>ΒΕΟΟΟΚΠΔ</strong></span> <span class='ocrx_word' id='word_1_686' title='bbox 1709 4939 1770 4973; x_wconf 76' lang='grc' dir='ltr'><strong>ΔΙ)</strong></span> <span class='ocrx_word' id='word_1_687' title='bbox 1792 4938 1967 4973; x_wconf 70' lang='lat' dir='ltr'><strong>PLURES</strong></span> <span class='ocrx_word' id='word_1_688' title='bbox 1988 4938 2096 4974; x_wconf 68' lang='lat' dir='ltr'><strong>MSS.</strong></span> 
     </span>
    </p>
   </div>
   <div class='ocr_carea' id='block_1_62' title="bbox 628 5000 2187 5074">
    <p class='ocr_par' dir='ltr' id='par_1_62' title="bbox 628 5000 2187 5074">
     <span class='ocr_line' id='line_1_64' title="bbox 628 5000 2187 5074; baseline 0.003 -18"><span class='ocrx_word' id='word_1_689' title='bbox 628 5000 894 5074; x_wconf 63' lang='lat' dir='ltr'><strong>Lucianns</strong></span> <span class='ocrx_word' id='word_1_690' title='bbox 932 5002 1293 5074; x_wconf 80' lang='lat' dir='ltr'><strong>misericordia</strong></span> <span class='ocrx_word' id='word_1_691' title='bbox 1336 5004 1427 5056; x_wconf 88' lang='lat' dir='ltr'><strong>Dei</strong></span> <span class='ocrx_word' id='word_1_692' title='bbox 1466 5004 1707 5074; x_wconf 90' lang='lat' dir='ltr'><strong>indigens</strong></span> <span class='ocrx_word' id='word_1_693' title='bbox 1746 5016 1800 5060; x_wconf 91' lang='lat' dir='ltr'><strong>et</strong></span> <span class='ocrx_word' id='word_1_694' title='bbox 1826 5007 2058 5061; x_wconf 90' lang='lat' dir='ltr'><strong>omnium</strong></span> <span class='ocrx_word' id='word_1_695' title='bbox 2087 5005 2187 5060; x_wconf 87' lang='lat' dir='ltr'><strong>ho-</strong></span> 
     </span>
    </p>
   </div>
   <div class='ocr_carea' id='block_1_63' title="bbox 696 5071 2189 5145">
    <p class='ocr_par' dir='ltr' id='par_1_63' title="bbox 696 5071 2189 5145">
     <span class='ocr_line' id='line_1_65' title="bbox 696 5071 2189 5145; baseline 0.007 -25"><span class='ocrx_word' id='word_1_696' title='bbox 696 5072 895 5145; x_wconf 69' lang='lat' dir='ltr'><strong>minum</strong></span> <span class='ocrx_word' id='word_1_697' title='bbox 921 5071 1189 5145; x_wconf 75' lang='lat' dir='ltr'><strong>minimus.</strong></span> <span class='ocrx_word' id='word_1_698' title='bbox 1212 5074 1487 5145; x_wconf 80' lang='lat' dir='ltr'><strong>presbyter</strong></span> <span class='ocrx_word' id='word_1_699' title='bbox 1508 5071 1761 5129; x_wconf 78' lang='lat' dir='ltr'><strong>Ecclesiae</strong></span> <span class='ocrx_word' id='word_1_700' title='bbox 1778 5077 1867 5130; x_wconf 90' lang='lat' dir='ltr'><strong>Dei</strong></span> <span class='ocrx_word' id='word_1_701' title='bbox 1896 5092 2012 5145; x_wconf 67' lang='lat' dir='ltr'><strong>quin</strong></span> <span class='ocrx_word' id='word_1_702' title='bbox 2033 5086 2115 5130; x_wconf 87' lang='lat' dir='ltr'><strong>est</strong></span> <span class='ocrx_word' id='word_1_703' title='bbox 2135 5077 2189 5132; x_wconf 89' lang='lat' dir='ltr'><strong>in</strong></span> 
     </span>
    </p>
   </div>
   <div class='ocr_carea' id='block_1_64' title="bbox 625 4352 3701 4386">
    <p class='ocr_par' dir='ltr' id='par_1_64' title="bbox 625 4352 3701 4386">
     <span class='ocr_line' id='line_1_66' title="bbox 625 4352 3701 4386; baseline 0 -15"><span class='ocrx_word' id='word_1_704' title='bbox 625 4352 3701 4386; x_wconf 54' lang='lat' dir='ltr'><strong>WM</strong></span> 
     </span>
    </p>
   </div>
   <div class='ocr_carea' id='block_1_65' title="bbox 2569 4934 3475 4978">
    <p class='ocr_par' dir='ltr' id='par_1_65' title="bbox 2569 4934 3475 4978">
     <span class='ocr_line' id='line_1_67' title="bbox 2569 4934 3475 4978; baseline 0 -3"><span class='ocrx_word' id='word_1_705' title='bbox 2569 4940 2632 4975; x_wconf 72' lang='lat' dir='ltr'><strong>EX</strong></span> <span class='ocrx_word' id='word_1_706' title='bbox 2666 4939 2964 4977; x_wconf 60' lang='lat' dir='ltr'><strong>uomens:</strong></span> <span class='ocrx_word' id='word_1_707' title='bbox 2995 4942 3154 4978; x_wconf 74' lang='lat' dir='ltr'><strong>conice</strong></span> <span class='ocrx_word' id='word_1_708' title='bbox 3182 4943 3236 4978; x_wconf 72' lang='grc' dir='ltr'><strong>ΕΤ</strong></span> <span class='ocrx_word' id='word_1_709' title='bbox 3262 4938 3365 4975; x_wconf 63' lang='lat' dir='ltr'><strong>ams</strong></span> <span class='ocrx_word' id='word_1_710' title='bbox 3390 4934 3475 4971; x_wconf 77' lang='lat' dir='ltr'><strong>ISS-</strong></span> 
     </span>
    </p>
   </div>
   <div class='ocr_carea' id='block_1_66' title="bbox 2296 4992 3675 5081">
    <p class='ocr_par' dir='ltr' id='par_1_66' title="bbox 2296 4992 3675 5081">
     <span class='ocr_line' id='line_1_68' title="bbox 2296 4992 3675 5081; baseline -0.001 -19"><span class='ocrx_word' id='word_1_711' title='bbox 2296 5006 2560 5063; x_wconf 71' lang='lat' dir='ltr'><strong>Lucnnns</strong></span> <span class='ocrx_word' id='word_1_712' title='bbox 2602 5010 3197 5081; x_wconf 13' lang='lat' dir='ltr'><strong>misericordiagindigens</strong></span> <span class='ocrx_word' id='word_1_713' title='bbox 3238 5019 3279 5062; x_wconf 90' lang='lat' dir='ltr'><strong>et</strong></span> <span class='ocrx_word' id='word_1_714' title='bbox 3313 5004 3493 5079; x_wconf 52' lang='lat' dir='ltr'><strong>omnia»!</strong></span> 
     </span>
    </p>
   </div>
   <div class='ocr_carea' id='block_1_67' title="bbox 2368 5066 3615 5149">
    <p class='ocr_par' dir='ltr' id='par_1_67' title="bbox 2368 5066 3615 5149">
     <span class='ocr_line' id='line_1_69' title="bbox 2368 5066 3615 5149; baseline -0.013 -19"><span class='ocrx_word' id='word_1_715' title='bbox 2368 5081 2621 5143; x_wconf 84' lang='lat' dir='ltr'><strong>minimus,</strong></span> <span class='ocrx_word' id='word_1_716' title='bbox 2646 5079 2898 5149; x_wconf 81' lang='lat' dir='ltr'><strong>presbyter</strong></span> <span class='ocrx_word' id='word_1_717' title='bbox 2923 5066 3158 5135; x_wconf 75' lang='lat' dir='ltr'><strong>Ecclesia:</strong></span> <span class='ocrx_word' id='word_1_718' title='bbox 3177 5081 3261 5133; x_wconf 83' lang='lat' dir='ltr'><strong>Dei</strong></span> <span class='ocrx_word' id='word_1_719' title='bbox 3284 5091 3380 5149; x_wconf 78' lang='lat' dir='ltr'><strong>qua:</strong></span> <span class='ocrx_word' id='word_1_720' title='bbox 3403 5070 3516 5125; x_wconf 82' lang='lat' dir='ltr'><strong>estin</strong></span> <span class='ocrx_word' id='word_1_721' title='bbox 3536 5066 3615 5149; x_wconf 68' lang='lat' dir='ltr'><strong>tilla</strong></span> 
     </span>
    </p>
   </div>
   <div class='ocr_carea' id='block_1_68' title="bbox 696 5140 2184 5215">
    <p class='ocr_par' dir='ltr' id='par_1_68' title="bbox 696 5140 2184 5215">
     <span class='ocr_line' id='line_1_70' title="bbox 696 5140 2184 5215; baseline 0.006 -24"><span class='ocrx_word' id='word_1_722' title='bbox 696 5141 818 5194; x_wconf 87' lang='lat' dir='ltr'><strong>villa</strong></span> <span class='ocrx_word' id='word_1_723' title='bbox 853 5140 1265 5215; x_wconf 71' lang='lat' dir='ltr'><strong>Caphargamala</strong></span> <span class='ocrx_word' id='word_1_724' title='bbox 1304 5140 1668 5199; x_wconf 62' lang='lat' dir='ltr'><strong>in&#39;territorio</strong></span> <span class='ocrx_word' id='word_1_725' title='bbox 1711 5140 2184 5215; x_wconf 41' lang='lat' dir='ltr'><strong>Jerosol‘ymorum,</strong></span> 
     </span>
    </p>
   </div>
   <div class='ocr_carea' id='block_1_69' title="bbox 696 5210 2187 5284">
    <p class='ocr_par' dir='ltr' id='par_1_69' title="bbox 696 5210 2187 5284">
     <span class='ocr_line' id='line_1_71' title="bbox 696 5210 2187 5284; baseline 0.007 -24"><span class='ocrx_word' id='word_1_726' title='bbox 696 5220 892 5284; x_wconf 66' lang='lat' dir='ltr'><strong>sanch</strong></span> <span class='ocrx_word' id='word_1_727' title='bbox 930 5210 1284 5284; x_wconf 74' lang='lat' dir='ltr'><strong>_Ecclesi;e_et</strong></span> <span class='ocrx_word' id='word_1_728' title='bbox 1330 5215 1574 5268; x_wconf 90' lang='lat' dir='ltr'><strong>omnibus</strong></span> <span class='ocrx_word' id='word_1_729' title='bbox 1610 5216 1808 5269; x_wconf 91' lang='lat' dir='ltr'><strong>sanctis</strong></span> <span class='ocrx_word' id='word_1_730' title='bbox 1843 5210 1941 5284; x_wconf 82' lang='lat' dir='ltr'><strong>qui</strong></span> <span class='ocrx_word' id='word_1_731' title='bbox 1973 5224 2097 5270; x_wconf 89' lang='lat' dir='ltr'><strong>sunt</strong></span> <span class='ocrx_word' id='word_1_732' title='bbox 2135 5210 2187 5271; x_wconf 81' lang='lat' dir='ltr'><strong>in</strong></span> 
     </span>
    </p>
   </div>
   <div class='ocr_carea' id='block_1_70' title="bbox 696 5278 2186 5351">
    <p class='ocr_par' dir='ltr' id='par_1_70' title="bbox 696 5278 2186 5351">
     <span class='ocr_line' id='line_1_72' title="bbox 696 5278 2186 5351; baseline 0.005 -19"><span class='ocrx_word' id='word_1_733' title='bbox 696 5278 906 5334; x_wconf 77' lang='lat' dir='ltr'><strong>Christo</strong></span> <span class='ocrx_word' id='word_1_734' title='bbox 922 5280 1047 5335; x_wconf 85' lang='lat' dir='ltr'><strong>Jesu</strong></span> <span class='ocrx_word' id='word_1_735' title='bbox 1062 5282 1115 5336; x_wconf 90' lang='lat' dir='ltr'><strong>in</strong></span> <span class='ocrx_word' id='word_1_736' title='bbox 1131 5282 1375 5338; x_wconf 87' lang='lat' dir='ltr'><strong>universe</strong></span> <span class='ocrx_word' id='word_1_737' title='bbox 1396 5284 1612 5351; x_wconf 87' lang='lat' dir='ltr'><strong>mundo,</strong></span> <span class='ocrx_word' id='word_1_738' title='bbox 1636 5285 1688 5339; x_wconf 89' lang='lat' dir='ltr'><strong>in</strong></span> <span class='ocrx_word' id='word_1_739' title='bbox 1707 5278 1926 5340; x_wconf 82' lang='lat' dir='ltr'><strong>Domino</strong></span> <span class='ocrx_word' id='word_1_740' title='bbox 1943 5286 2186 5340; x_wconf 86' lang='lat' dir='ltr'><strong>salutem.</strong></span> 
     </span>
    </p>
   </div>
   <div class='ocr_carea' id='block_1_71' title="bbox 700 5371 2185 5445">
    <p class='ocr_par' dir='ltr' id='par_1_71' title="bbox 700 5371 2185 5445">
     <span class='ocr_line' id='line_1_73' title="bbox 700 5371 2185 5445; baseline 0.005 -22"><span class='ocrx_word' id='word_1_741' title='bbox 700 5373 753 5423; x_wconf 78' lang='lat' dir='ltr'><strong>l.</strong></span> <span class='ocrx_word' id='word_1_742' title='bbox 788 5371 943 5445; x_wconf 83' lang='lat' dir='ltr'><strong>Visio</strong></span> <span class='ocrx_word' id='word_1_743' title='bbox 964 5373 980 5403; x_wconf 74' lang='grc'>⁸</span> <span class='ocrx_word' id='word_1_744' title='bbox 1007 5389 1124 5441; x_wconf 70' lang='lat' dir='ltr'><strong>quae</strong></span> <span class='ocrx_word' id='word_1_745' title='bbox 1149 5375 1389 5445; x_wconf 84' lang='lat' dir='ltr'><strong>apparuit</strong></span> <span class='ocrx_word' id='word_1_746' title='bbox 1412 5390 1544 5429; x_wconf 87' lang='lat' dir='ltr'><strong>meae</strong></span> <span class='ocrx_word' id='word_1_747' title='bbox 1578 5375 1850 5445; x_wconf 89' lang='lat' dir='ltr'><strong>pusillitati</strong></span> <span class='ocrx_word' id='word_1_748' title='bbox 1891 5391 1920 5429; x_wconf 90' lang='lat' dir='ltr'><strong>a</strong></span> <span class='ocrx_word' id='word_1_749' title='bbox 1948 5376 2055 5431; x_wconf 90' lang='lat' dir='ltr'><strong>Deo</strong></span> <span class='ocrx_word' id='word_1_750' title='bbox 2085 5385 2185 5445; x_wconf 91' lang='lat' dir='ltr'><strong>ter,</strong></span> 
     </span>
    </p>
   </div>
   <div class='ocr_carea' id='block_1_72' title="bbox 628 5438 2192 5515">
    <p class='ocr_par' dir='ltr' id='par_1_72' title="bbox 628 5438 2192 5515">
     <span class='ocr_line' id='line_1_74' title="bbox 628 5438 2192 5515; baseline 0.006 -25"><span class='ocrx_word' id='word_1_751' title='bbox 628 5438 695 5491; x_wconf 89' lang='lat' dir='ltr'><strong>de</strong></span> <span class='ocrx_word' id='word_1_752' title='bbox 734 5438 1052 5515; x_wconf 65' lang='lat' dir='ltr'><strong>revelatione</strong></span> <span class='ocrx_word' id='word_1_753' title='bbox 1096 5438 1433 5515; x_wconf 85' lang='lat' dir='ltr'><strong>reliquiarum</strong></span> <span class='ocrx_word' id='word_1_754' title='bbox 1479 5438 1615 5499; x_wconf 77' lang='lat' dir='ltr'><strong>beaii</strong></span> <span class='ocrx_word' id='word_1_755' title='bbox 1657 5454 1713 5515; x_wconf 75' lang='lat' dir='ltr'><strong>et</strong></span> <span class='ocrx_word' id='word_1_756' title='bbox 1750 5445 1964 5513; x_wconf 86' lang='lat' dir='ltr'><strong>gloriosi</strong></span> <span class='ocrx_word' id='word_1_757' title='bbox 2011 5438 2192 5515; x_wconf 56' lang='lat' dir='ltr'><strong>proto;</strong></span> 
     </span>
    </p>
   </div>
   <div class='ocr_carea' id='block_1_73' title="bbox 629 5511 2187 5587">
    <p class='ocr_par' dir='ltr' id='par_1_73' title="bbox 629 5511 2187 5587">
     <span class='ocr_line' id='line_1_75' title="bbox 629 5511 2187 5587; baseline 0.01 -31"><span class='ocrx_word' id='word_1_758' title='bbox 629 5511 884 5587; x_wconf 74' lang='lat' dir='ltr'><strong>martyris</strong></span> <span class='ocrx_word' id='word_1_759' title='bbox 900 5512 1153 5587; x_wconf 72' lang='lat' dir='ltr'><strong>Stephani</strong></span> <span class='ocrx_word' id='word_1_760' title='bbox 1179 5511 1241 5587; x_wconf 63' lang='lat' dir='ltr'><strong>et</strong></span> <span class='ocrx_word' id='word_1_761' title='bbox 1259 5515 1409 5582; x_wconf 91' lang='lat' dir='ltr'><strong>primi</strong></span> <span class='ocrx_word' id='word_1_762' title='bbox 1437 5515 1641 5569; x_wconf 85' lang='lat' dir='ltr'><strong>diaconi</strong></span> <span class='ocrx_word' id='word_1_763' title='bbox 1679 5511 1898 5587; x_wconf 67' lang='lat' dir='ltr'><strong>Christi,</strong></span> <span class='ocrx_word' id='word_1_764' title='bbox 1937 5524 1989 5587; x_wconf 86' lang='lat' dir='ltr'><strong>et</strong></span> <span class='ocrx_word' id='word_1_765' title='bbox 2013 5511 2187 5587; x_wconf 57' lang='lat' dir='ltr'><strong>&#39;Nico-</strong></span> 
     </span>
    </p>
   </div>
   <div class='ocr_carea' id='block_1_74' title="bbox 629 5574 2191 5656">
    <p class='ocr_par' dir='ltr' id='par_1_74' title="bbox 629 5574 2191 5656">
     <span class='ocr_line' id='line_1_76' title="bbox 629 5574 2191 5656; baseline 0.01 -29"><span class='ocrx_word' id='word_1_766' title='bbox 629 5574 783 5629; x_wconf 74' lang='lat' dir='ltr'><strong>demi</strong></span> <span class='ocrx_word' id='word_1_767' title='bbox 800 5580 886 5647; x_wconf 91' lang='lat' dir='ltr'><strong>qui</strong></span> <span class='ocrx_word' id='word_1_768' title='bbox 917 5582 969 5633; x_wconf 90' lang='lat' dir='ltr'><strong>in</strong></span> <span class='ocrx_word' id='word_1_769' title='bbox 989 5574 1281 5652; x_wconf 66' lang='lat' dir='ltr'><strong>Evangelia</strong></span> <span class='ocrx_word' id='word_1_770' title='bbox 1308 5587 1536 5656; x_wconf 87' lang='lat' dir='ltr'><strong>scriptus</strong></span> <span class='ocrx_word' id='word_1_771' title='bbox 1558 5596 1661 5654; x_wconf 72' lang='grc' dir='ltr'><strong>εει,</strong></span> <span class='ocrx_word' id='word_1_772' title='bbox 1696 5594 1752 5643; x_wconf 88' lang='lat' dir='ltr'><strong>et</strong></span> <span class='ocrx_word' id='word_1_773' title='bbox 1775 5574 2078 5642; x_wconf 81' lang='lat' dir='ltr'><strong>Gamaliclis</strong></span> <span class='ocrx_word' id='word_1_774' title='bbox 2099 5588 2191 5655; x_wconf 86' lang='lat' dir='ltr'><strong>qui</strong></span> 
     </span>
    </p>
   </div>
   <div class='ocr_carea' id='block_1_75' title="bbox 695 5666 1381 5732">
    <p class='ocr_par' dir='ltr' id='par_1_75' title="bbox 695 5666 1381 5732">
     <span class='ocr_line' id='line_1_77' title="bbox 695 5666 1381 5732; baseline 0.013 -18"><span class='ocrx_word' id='word_1_775' title='bbox 695 5666 715 5696; x_wconf 82' lang='grc'><strong>⁸</strong></span> <span class='ocrx_word' id='word_1_776' title='bbox 745 5672 797 5715; x_wconf 80' lang='grc' dir='ltr'>ω</span> <span class='ocrx_word' id='word_1_777' title='bbox 817 5675 919 5716; x_wconf 71' lang='lat' dir='ltr'><strong>ltiss.</strong></span> <span class='ocrx_word' id='word_1_778' title='bbox 941 5670 1080 5721; x_wconf 81' lang='lat' dir='ltr'><strong>deest</strong></span> <span class='ocrx_word' id='word_1_779' title='bbox 1103 5686 1213 5732; x_wconf 77' lang='lat' dir='ltr'><strong>vox,</strong></span> <span class='ocrx_word' id='word_1_780' title='bbox 1244 5674 1381 5723; x_wconf 78' lang='lat' dir='ltr'><strong>I’ssio.</strong></span> 
     </span>
    </p>
   </div>
   <div class='ocr_carea' id='block_1_76' title="bbox 2368 5142 3663 5218">
    <p class='ocr_par' dir='ltr' id='par_1_76' title="bbox 2368 5142 3663 5218">
     <span class='ocr_line' id='line_1_78' title="bbox 2368 5142 3663 5218; baseline 0.007 -19"><span class='ocrx_word' id='word_1_781' title='bbox 2368 5142 2698 5218; x_wconf 75' lang='lat' dir='ltr'><strong>pltargamala</strong></span> <span class='ocrx_word' id='word_1_782' title='bbox 2725 5150 2777 5201; x_wconf 90' lang='lat' dir='ltr'><strong>in</strong></span> <span class='ocrx_word' id='word_1_783' title='bbox 2790 5142 3045 5204; x_wconf 60' lang='lat' dir='ltr'><strong>lerrilorio</strong></span> <span class='ocrx_word' id='word_1_784' title='bbox 3063 5150 3096 5203; x_wconf 84' lang='grc'><strong>.1</strong></span> <span class='ocrx_word' id='word_1_785' title='bbox 3102 5142 3450 5218; x_wconf 65' lang='grc' dir='ltr'><strong>ενοεοιῃὴιᾷιαιζρς</strong></span> 
     </span>
    </p>
   </div>
   <div class='ocr_carea' id='block_1_77' title="bbox 2366 5200 3680 5291">
    <p class='ocr_par' dir='ltr' id='par_1_77' title="bbox 2366 5200 3680 5291">
     <span class='ocr_line' id='line_1_79' title="bbox 2366 5200 3680 5291; baseline -0.011 -21"><span class='ocrx_word' id='word_1_786' title='bbox 2366 5200 2530 5291; x_wconf 57' lang='lat' dir='ltr'><strong>clerici:</strong></span> <span class='ocrx_word' id='word_1_787' title='bbox 2552 5200 2599 5270; x_wconf 83' lang='lat' dir='ltr'><strong>et</strong></span> <span class='ocrx_word' id='word_1_788' title='bbox 2628 5200 2857 5291; x_wconf 71' lang='lat' dir='ltr'><strong>omnibus</strong></span> <span class='ocrx_word' id='word_1_789' title='bbox 3184 5200 3293 5291; x_wconf 49' lang='lat' dir='ltr'><strong>iniu</strong></span> <span class='ocrx_word' id='word_1_790' title='bbox 3316 5200 3538 5291; x_wconf 33' lang='lat' dir='ltr'><strong>in.(.&#39;ltristo</strong></span> <span class='ocrx_word' id='word_1_791' title='bbox 3553 5200 3635 5255; x_wconf 71' lang='grc' dir='ltr'><strong>Ιαι</strong></span> <span class='ocrx_word' id='word_1_792' title='bbox 3653 5200 3680 5247; x_wconf 72' lang='grc' dir='ltr'><strong>ὶι</strong></span> 
     </span>
    </p>
   </div>
   <div class='ocr_carea' id='block_1_78' title="bbox 2368 5284 3401 5356">
    <p class='ocr_par' dir='ltr' id='par_1_78' title="bbox 2368 5284 3401 5356">
     <span class='ocr_line' id='line_1_80' title="bbox 2368 5284 3401 5356; baseline -0.005 -16"><span class='ocrx_word' id='word_1_793' title='bbox 2368 5289 2593 5343; x_wconf 86' lang='lat' dir='ltr'><strong>universo</strong></span> <span class='ocrx_word' id='word_1_794' title='bbox 2618 5290 2828 5356; x_wconf 87' lang='lat' dir='ltr'><strong>mundo,</strong></span> <span class='ocrx_word' id='word_1_795' title='bbox 2850 5291 2903 5343; x_wconf 88' lang='lat' dir='ltr'><strong>in</strong></span> <span class='ocrx_word' id='word_1_796' title='bbox 2927 5284 3136 5345; x_wconf 77' lang='lat' dir='ltr'><strong>Domino</strong></span> <span class='ocrx_word' id='word_1_797' title='bbox 3158 5289 3343 5343; x_wconf 85' lang='lat' dir='ltr'><strong>salutem</strong></span> <span class='ocrx_word' id='word_1_798' title='bbox 3368 5284 3401 5335; x_wconf 76' lang='grc' dir='ltr'><strong>ί.</strong></span> 
     </span>
    </p>
   </div>
   <div class='ocr_carea' id='block_1_79' title="bbox 2372 5366 3677 5451">
    <p class='ocr_par' dir='ltr' id='par_1_79' title="bbox 2372 5366 3677 5451">
     <span class='ocr_line' id='line_1_81' title="bbox 2372 5366 3677 5451; baseline 0.012 -19"><span class='ocrx_word' id='word_1_799' title='bbox 2372 5379 2421 5432; x_wconf 78' lang='grc'><strong>1.</strong></span> <span class='ocrx_word' id='word_1_800' title='bbox 2449 5376 2823 5451; x_wconf 62' lang='lat' dir='ltr'><strong>Iievelationem</strong></span> <span class='ocrx_word' id='word_1_801' title='bbox 2846 5382 3005 5434; x_wconf 86' lang='lat' dir='ltr'><strong>sancti</strong></span> <span class='ocrx_word' id='word_1_802' title='bbox 3034 5379 3277 5451; x_wconf 65' lang='lat' dir='ltr'><strong>Stephani,</strong></span> <span class='ocrx_word' id='word_1_803' title='bbox 3312 5388 3405 5442; x_wconf 57' lang='grc' dir='ltr'><strong>(ἵκω</strong></span> 
     </span>
    </p>
   </div>
   <div class='ocr_carea' id='block_1_80' title="bbox 2300 5431 3677 5505">
    <p class='ocr_par' dir='ltr' id='par_1_80' title="bbox 2300 5431 3677 5505">
     <span class='ocr_line' id='line_1_82' title="bbox 2300 5431 3677 5505; baseline -0.001 -5"><span class='ocrx_word' id='word_1_804' title='bbox 2300 5431 2420 5501; x_wconf 84' lang='lat' dir='ltr'><strong>tiam</strong></span> <span class='ocrx_word' id='word_1_805' title='bbox 2461 5448 2663 5502; x_wconf 85' lang='lat' dir='ltr'><strong>Domini</strong></span> <span class='ocrx_word' id='word_1_806' title='bbox 2706 5431 3240 5505; x_wconf 10' lang='lat' dir='ltr'><strong>etrrsalrva&#39;tonsnrostri</strong></span> <span class='ocrx_word' id='word_1_807' title='bbox 3268 5431 3429 5498; x_wconf 66' lang='lat' dir='ltr'><strong>calcata</strong></span> <span class='ocrx_word' id='word_1_808' title='bbox 3455 5446 3522 5499; x_wconf 66' lang='grc' dir='ltr'><strong>εει.</strong></span> <span class='ocrx_word' id='word_1_809' title='bbox 3547 5431 3677 5497; x_wconf 54' lang='lat' dir='ltr'><strong>dign“</strong></span> 
     </span>
    </p>
   </div>
   <div class='ocr_carea' id='block_1_81' title="bbox 2346 5533 3671 5616">
    <p class='ocr_par' dir='ltr' id='par_1_81' title="bbox 2346 5534 3671 5616">
     <span class='ocr_line' id='line_1_83' title="bbox 2346 5534 3671 5616; baseline -0.008 -13"><span class='ocrx_word' id='word_1_810' title='bbox 2346 5557 2378 5614; x_wconf 51' lang='grc' dir='ltr'>,ί</span> <span class='ocrx_word' id='word_1_811' title='bbox 2398 5564 2446 5604; x_wconf 87' lang='lat' dir='ltr'><strong>tu</strong></span> <span class='ocrx_word' id='word_1_812' title='bbox 2468 5556 2633 5606; x_wconf 85' lang='lat' dir='ltr'><strong>codice</strong></span> <span class='ocrx_word' id='word_1_813' title='bbox 2655 5561 2961 5607; x_wconf 84' lang='lat' dir='ltr'><strong>Germanensi</strong></span> <span class='ocrx_word' id='word_1_814' title='bbox 2976 5570 3194 5607; x_wconf 87' lang='lat' dir='ltr'><strong>annorum</strong></span> <span class='ocrx_word' id='word_1_815' title='bbox 3215 5555 3305 5603; x_wconf 83' lang='lat' dir='ltr'><strong>fere</strong></span> <span class='ocrx_word' id='word_1_816' title='bbox 3322 5547 3394 5616; x_wconf 61' lang='lat'><strong>400</strong></span> <span class='ocrx_word' id='word_1_817' title='bbox 3412 5534 3671 5616; x_wconf 85' lang='lat' dir='ltr'><strong>sic</strong></span> 
     </span>
    </p>
   </div>
   <div class='ocr_carea' id='block_1_82' title="bbox 2301 5593 3671 5686">
    <p class='ocr_par' dir='ltr' id='par_1_82' title="bbox 2301 5593 3671 5686">
     <span class='ocr_line' id='line_1_84' title="bbox 2301 5593 3671 5686; baseline 0.037 -39"><span class='ocrx_word' id='word_1_818' title='bbox 2301 5593 3251 5686; x_wconf 49' lang='grc' dir='ltr'><strong>ηοηλωοῖ-ῖάῖιξᾱξξ·ίῷῶῖξλῑίῖί“ῑῖέιῖιξείρ</strong></span> <span class='ocrx_word' id='word_1_819' title='bbox 3280 5612 3467 5686; x_wconf 60' lang='grc' dir='ltr'><strong>θρέξφέἴῆ</strong></span> 
     </span>
    </p>
   </div>
   <div class='ocr_carea' id='block_1_83' title="bbox 2299 5656 3669 5746">
    <p class='ocr_par' dir='ltr' id='par_1_83' title="bbox 2299 5656 3669 5746">
     <span class='ocr_line' id='line_1_85' title="bbox 2299 5656 3669 5746; baseline -0.013 -19"><span class='ocrx_word' id='word_1_820' title='bbox 2299 5656 2583 5730; x_wconf 58' lang='lat' dir='ltr'><strong>éi&#39;biviiiiu&#39;n&#39;i</strong></span> <span class='ocrx_word' id='word_1_821' title='bbox 3048 5656 3296 5746; x_wconf 49' lang='lat'><strong>$323171};</strong></span> <span class='ocrx_word' id='word_1_822' title='bbox 3304 5656 3371 5721; x_wconf 74' lang='lat' dir='ltr'><strong>rde</strong></span> <span class='ocrx_word' id='word_1_823' title='bbox 3384 5656 3467 5717; x_wconf 68' lang='lat' dir='ltr'><strong>tilla</strong></span> <span class='ocrx_word' id='word_1_824' title='bbox 3493 5656 3669 5720; x_wconf 57' lang='lat' dir='ltr'><strong>(ap/ursi”</strong></span> 
     </span>
    </p>
   </div>
  </div>
