3926 6386
147 280 242 335 813
1423 264 1748 322 EPISTOLA
1793 263 2084 320 LUCIANI.

145 394 394 448 adstarcm
424 383 671 454 episcopo
698 380 906 454 Joanni,
939 394 1160 454 narrans
1197 380 1493 454 ei_omnem_
1535 379 1693 431 visio-

148 476 280 516 nem.
308 458 350 512 A
379 450 482 524 quo
506 450 720 508 videbar
751 452 980 524 audire:
1007 451 1204 524 Sighxc
1230 450 1306 524 sic
1328 465 1387 524 se
1413 451 1609 524 habent
1641 454 1698 500 ut

144 531 288 591 dicis,
319 519 647 599 charissime,
669 533 721 577 et
749 522 1006 576 Dominus
1029 521 1117 599 tibi
1144 520 1396 599 reve!_avit
1424 519 1538 572 haec
1559 528 1694 599 tem-

147 590 350 668 poribus
387 595 604 668 nostris,
635 601 848 668 oportet
875 607 959 646 me
986 590 1240 659 colligere
1266 590 1333 644 de
1357 590 1698 668 possessione

145 661 226 724 illa
257 667 437 720 bovem
471 664 613 716 illum
644 663 928 716 maximum
969 670 1254 724 aratorem,
1284 661 1371 729 qui
1394 667 1448 712 et
1467 673 1620 713 carro
1646 667 1700 710 ct

143 748 312 794 aratro
353 742 505 804 aptus
543 743 645 799 est,
685 732 952 785 dimittere
995 731 1085 784 tibi
1109 730 1529 855 lpossessionem
1578 742 1697 781 cum

143 807 376 855 omnibus
412 804 636 855 exteris.
677 802 756 855 Ad
780 817 936 855 auem
959 801 1074 854 aio:
1160 799 1305 855 tauid
1336 798 1462 852 mihi
1492 811 1697 855 nosses-

142 798 636 863 omnibus'cxteris.
677 802 756 856 Ad
780 817 936 866 quem
959 801 1074 854 aio:
1109 798 1305 866 thuid
1336 798 1462 852 mihi
1492 811 1700 866 posses-

141 879 235 939 sio,
255 876 444 930 domne
475 874 567 934 mi,
592 874 636 925 si
664 888 766 926 non
800 871 1183 948 ha_beo__boven_t
1232 871 1375 948 illum
1409 884 1502 948 per
1541 882 1698 936 quem

141 955 342 1018 regatur
365 954 415 1018 et
440 952 622 1018 aretur
647 941 950 1018 possessio?
974 941 1037 1018 Et
1062 941 1195 1018 dixit
1220 939 1350 1018 _mihi
1379 939 1698 1018 episcopus:

142 1007 222 1070 Ita"
241 1014 450 1084 placuit,
479 1007 810 1076 charis-sime,
842 1011 1091 1084 quoniam
1131 1010 1316 1084 civitas
1345 1007 1701 1084 nostra_velii~

140 1079 266 1140 culis
287 1082 634 1145 ministratur,
663 1091 716 1136 et
739 1079 898 1134 unum
927 1081 1111 1133 bovem
1148 1079 1214 1133 ad
1243 1080 1384 1132 illum
1413 1079 1698 1131 maximum

140 1170 336 1210 carrum
361 1154 536 1206 minus
561 1151 817 1206 habemus
836 1152 875 1212 ί,
903 1165 1059 1220 quem
1089 1161 1140 1202 tu
1170 1150 1365 1220 diceris
1392 1149 1441 1220 in
1484 1162 1700 1220 passes-

140 1226 280 1280 sione
321 1233 405 1277 tua
434 1222 634 1276 celare.
661 1222 881 1289 Oportet
910 1217 1135 1288 namque
1161 1229 1217 1272 ut
1244 1219 1295 1272 in
1323 1217 1702 1289 civitate_eele-

140 1295 356 1349 berrima
378 1292 447 1346 sit
474 1293 638 1361 magis
659 1287 815 1360 quam
841 1293 890 1344 in
918 1287 1132 1361 parvula
1152 1288 1515 1361 possessione.
1541 1287 1704 1361 Νιιιιιτ

140 1364 386 1434 ῳιίιιίιιοιι
417 1363 509 1416 tibi
536 1354 805 1434 sufﬁciunt
833 1354 946 1434 duo
970 1354 1173 1434 residui
1191 1360 1354 1414 boves
1380 1359 1616 1412 minores
1635 1354 1700 1410 ad

139 1430 472 1489 excolendam
503 1442 696 1486 terram
727 1431 951 1485 vehiculi
982 1430 1088 1493 tui?

205 1525 254 1579 6.
292 1522 532 1592 Cumque
558 1522 657 1575 hoc
684 1522 734 1576 in
765 1521 980 1586 exstasi,
1007 1520 1106 1592 hoc
1134 1528 1211 1573 est
1239 1519 1289 1592 in
1309 1532 1700 1592 excessukmen-

139 1595 222 1655 tis,
263 1589 546 1655 audissém,
596 1594 773 1646 statim
803 1590 1202 1662 expergefactus
1244 1590 1485 1662 benedixi
1533 1589 1701 1642 Domi-

139 1680 277 1724 ltum,
302 1673 356 1716 et
398 1663 608 1731 perrexi
645 1662 709 1715 atl
737 1661 1002 1716 civitatem
1033 1662 1096 1714 ad
1128 1670 1365 1714 sanctum
1394 1661 1698 1727 episcopqu

138 1735 403 1788 Joannem.
433 1733 497 1786 Et
525 1748 644 1786 cum
678 1733 752 1785 illi
776 1733 950 1784 omnia
975 1747 1091 1800 quzc
1115 1731 1346 1784 videram
1377 1745 1694 1800 narrassem,

139 1803 412 1878 retieuide
455 1803 658 1878 visione
705 1803 886 1878 bovis,
936 1812 1251 1878 exspectans
1275 1801 1417 1878 "quid
1462 1799 1699 1878 audirem

138 1875 304 1926 abeo.
334 1873 704 1927 lntellexeram
735 1873 875 1926 enim
901 1874 1018 1940 quia
1046 1881 1256 1924 sanctus
1273 1871 1701 1940 Stephannsipse

138 1953 270 1997 esset
291 1945 384 1996 bos
407 1945 689 2019 maximus,
713 1953 765 2019 et
788 1942 908 2012 quia
923 1939 1066 2019 carri
1099 1941 1261 2019 illide
1285 1939 1700 2019 quibusdicebat

139 2023 326 2066 saneta:
353 2021 535 2066 essent
565 2011 834 2078 Ecclesim’,
859 2023 910 2066 et
940 2013 1065 2065 Sion
1107 2013 1271 2079 prima
1297 2011 1553 2076 Ecclesia,
1586 2011 1697 2078 ipsa

137 2093 268 2137 esset
287 2098 470 2137 cirrus
491 2083 677 2152 major.
705 2083 765 2136 Et
791 2084 912 2150 quia
935 2081 1161 2135 habebat
1186 2091 1396 2134 sanctus
1419 2081 1700 2152 cpiscOpns

138 2168 165 2205 a
192 2169 272 2207 me
300 2163 484 2222 petere
511 2153 770 2207 benedieti
801 2153 1051 2221 Stephani
1085 2152 1351 2221 reliquias,
1380 2151 1497 2204 ideo
1527 2151 1591 2203 de
1616 2151 1697 2203 vi-

137 2223 278 2293 sione
314 2224 466 2277 bovis
495 2226 742 2293 episcopo
783 2224 960 2276 dicere
1005 2222 1168 2275 nolui.
1201 2224 1436 2290 Ctlllltllle
1467 2222 1579 2272 lucc
1605 2235 1699 2293 au-

136 2292 292 2370 disset
319 2289 552 2370 Joa_nnes
570 2289 1325 2370 episcopus,iugulatus-est
1352 2289 1694 2370 prargautlio,

136 2373 187 2414 et
212 2363 370 2416 dixit:
402 2364 720 2418 Benedictus
750 2361 1163 2416 Dominus‘lteus
1190 2361 1354 2415 Filius
1387 2361 1476 2414 Dei
1502 2361 1620 2412 vivi.
1641 2361 1697 2414 Si

138 2429 246 2486 lucc
275 2443 330 2487 ut
355 2435 510 2498 dicis,
545 2433 874 2494 charissime,
899 2441 951 2486 et
977 2433 1164 2485 audisti
1186 2435 1226 2492 ²,
1250 2441 1302 2485 ct
1334 2433 1470 2484 [lens
1501 2429 1591 2483 tibi
1616 2445 1698 2485 re-

136 2505 341 2568 velavit,
361 2515 572 2572 oportet
590 2521 674 2558 me
697 2505 816 2557 inde
831 2503 1117 2556 transferre
1139 2503 1346 2554 beatum
1368 2503 1694 2572 Stephanum

136 2574 357 2643 primum
386 2571 676 2645 martyrem
699 2584 749 2627 ct
768 2574 1194 2645 archidiaconnm
1220 2572 1438 2645 Cltristi,
1462 2572 1558 2645 qui
1584 2571 1694 2639 pri-

139 2642 276 2697 mum
289 2642 568 2698 adversum
582 2644 792 2698 Judmos
805 2644 1062 2696 dominica
1079 2643 1213 2698 bella
1230 2642 1519 2703 bellavit,et
1535 2642 1696 2694 Deum

138 2711 186 2766 in
216 2729 307 2768 sua
337 2714 613 2782 majestate
643 2715 693 2766 in
726 2715 881 2768 terris
926 2714 1124 2782 positus
1151 2714 1200 2764 in
1225 2713 1360 2766 creto
1389 2712 1517 2764 vidit
1553 2719 1698 2763 stan-

137 2789 260 2849 tem,
289 2793 341 2837 et
370 2793 616 2852 tanquam
639 2785 856 2853 angelus
885 2785 934 2837 in
961 2785 1215 2837 (:"ttciultu
1238 2782 1507 2835 hominum
1534 2797 1697 2849 appa-

137 2853 257 2906 ruit.
282 2853 408 2908 llzcc
437 2863 610 2907 autem
641 2854 814 2908 omnia
838 2864 897 2908 ut
927 2854 1051 2919 \idi,
1085 2855 1152 2906 ita
1175 2862 1464 2906 evenerunt
1489 2861 1541 2904 et
1567 2867 1696 2904 eon-

136 2936 260 2977 sona
307 2925 408 2978 sibi
455 2936 810 2993 apparuerunt
855 2926 1116 2976 universa.
1164 2923 1306 2976 Dixit
1349 2933 1522 2993 autem
1569 2921 1697 2993 mihi

135 3004 343 3048 sanctus
359 2992 673 3062 cpiscomts:
701 2995 862 3058 Vade,
887 2995 1002 3047 folle
1019 2994 1070 3046 in
1089 3008 1297 3054 acervo,
1313 2995 1398 3061 qui
1419 3001 1499 3045 est
1515 2992 1562 3043 in
1586 2992 1698 3058 ipso

136 3077 258 3132 agro
290 3083 302 3116 :
346 3075 401 3118 et
438 3065 479 3116 si
527 3066 812 3126 inveneris,
862 3066 1040 3117 mmtia
1071 3064 1217 3117 mihi.
1260 3065 1326 3116 Et
1351 3078 1448 3129 ego
1477 3063 1580 3132 dixi
1609 3063 1654 3116 ei
1682 3080 1694 3114 :

137 3131 470 3204 Deambulavi
502 3149 708 3204 agrum,
741 3149 787 3188 et
820 3136 920 3186 vidi
944 3150 1192 3187 acervum
1223 3135 1540 3185 minutorum
1569 3131 1699 3204 lapi-

71 3220 76 3222 ·
135 3202 257 3257 dum
286 3205 338 3258 in
367 3202 560 3269 medio,
598 3206 686 3257 ubi
716 3205 999 3257 arbitratus
1029 3219 1144 3256 sum
1185 3219 1278 3258 eos
1307 3218 1444 3256 esse.
1478 3205 1539 3256 lit
1569 3203 1698 3256 dixit

136 3274 260 3326 mihi
289 3291 454 3343 papa:
479 3275 593 3328 .lant
621 3275 728 3328 dir-.i
753 3276 863 3338 tibi,
885 3274 1050 3337 Vade,
1070 3272 1221 3333 fode;
1252 3283 1299 3326 ct
1331 3274 1375 3326 si
1409 3274 1695 3334 inveneris,

133 3345 323 3397 sedens
357 3347 562 3400 custodi
604 3348 797 3407 locum,
830 3357 880 3397 et
911 3344 1096 3396 manda
1129 3344 1252 3396 ntibi
1298 3359 1390 3412 per
1419 3343 1695 3397 diaconum

134 3421 192 3466 ut
219 3416 426 3468 veniam
449 3417 513 3468 ad
541 3417 733 3470 locum.
761 3418 822 3468 lit
853 3417 919 3468 ita
948 3432 1028 3467 me
1050 3415 1266 3466 dimisit.
1287 3415 1349 3467 Et
1378 3430 1495 3466 eum
1523 3414 1696 3466 venis-

133 3498 250 3554 sem
273 3486 324 3538 in
354 3487 549 3550 villam,
595 3487 712 3538 misi
756 3500 1046 3554 praecones,
1080 3493 1134 3537 nt
1162 3500 1346 3537 oumes
1374 3484 1696 3538 habitatores

131 3551 269 3607 villa:
288 3555 523 3610 diluculo
551 3551 951 3625 consurgerent,
979 3567 1033 3609 et
1063 3554 1301 3608 foderent
1322 3555 1372 3607 in
1394 3569 1604 3608 acervo.

202 3643 254 3714 7.
289 3643 488 3699 Eadem
506 3662 630 3699 vero
659 3655 832 3709 nocte,
859 3645 1098 3714 apparuit
1123 3647 1232 3713 ipse
1256 3645 1480 3699 domnus
1505 3644 1692 3700 Gama-

128 3711 215 3784 tiel
237 3714 446 3784 cuidam
475 3716 735 3769 monacho
771 3711 982 3769 nomine
1010 3711 1218 3784 illigetio
1258 3717 1312 3780 ³,
1350 3717 1615 3770 innocenti
1643 3723 1697 3769 et

127 3781 358 3855 simplici
390 3784 505 3855 viro
528 3825 541 3846 ,
571 3786 754 3855 eadem
777 3781 1118 3839 similitudine
1147 3802 1246 3855 qna
1274 3788 1398 3840 mihi
1431 3787 1690 3855 apparuit.

126 3849 339 3926 et‘dixit
367 3853 430 3926 ad
453 3869 570 3904 cum
599 3872 612 3906 :
647 3854 805 3926 Vade,
829 3856 920 3926 die
939 3849 1176 3908 Luciano
1199 3849 1522 3926 presbytero.
1547 3856 1695 3912 Vane

128 3921 341 3974 laboras
370 3923 420 3974 in
447 3937 634 3976 acervo
659 3924 773 3982 illo;
803 3924 960 3976 modo
989 3941 1090 3977 non
1121 3921 1419 3988 ibisutnus,
1445 3926 1535 3980 sed
1571 3935 1694 3982 [nuc

129 3989 199 4043 ibi
229 3993 388 4058 positi
421 3991 612 4045 fuimus
637 4034 650 4055 ,
680 4008 799 4045 cum
840 3993 1252 4047 lamentarentur
1281 4011 1376 4048 nos
1404 3997 1691 4050 secumlmn

126 4061 564 4132 consuetudinem
593 4063 945 4130 antiquorum,
972 4073 1184 4130 pr0pter
1211 4067 1346 4132 quod
1378 4064 1446 4117 ibi
1473 4079 1695 4119 aceruis

127 4129 566 4202 intestinmnium
596 4129 838 4201 planctus
867 4129 1032 4185 factus
1059 4129 1156 4186 est.
1179 4129 1280 4186 Séd
1311 4150 1486 4202 (ιιιιυι-ιε
1515 4151 1608 4186 nos
1641 4138 1690 4188 in

128 4199 232 4253 alia
272 4211 444 4272 parte,
475 4199 708 4268 quur—cst
738 4202 800 4254 ad
833 4203 1046 4256 boream
1075 4202 1129 4266 ‘,
1155 4213 1206 4256 et
1237 4199 1352 4256 loco
1381 4205 1467 4272 qui
1499 4205 1694 4258 dicitur

128 4215 232 4253 ana
309 4215 444 4267 arte,
475 4219 590 4268 qua:
628 4215 708 4256 est
738 4215 800 4254 au
833 4215 1046 4256 boream
1075 4215 1129 4266 ',
1155 4215 1206 4256 et
1237 4215 1352 4256 loco
1381 4219 1467 4272 qut
1499 4215 1692 4258 dieitur

128 4285 253 4341 syra
272 4215 460 4339 gingua
502 4272 803 4335 Debatalia,
834 4273 973 4341 quod
1018 4273 1388 4340 interpretum
1428 4276 1478 4327 in
1521 4289 1692 4341 grmco

127 4343 308 4411 ᾀνδρῶν
324 4342 508 4408 ἀγαθῶν
532 4384 546 4406 ,
570 4342 708 4410 quod
753 4358 848 4394 nos
896 4358 1172 4411 possumus
1205 4343 1415 4408 dicere,
1447 4344 1688 4398 Virorum

131 4409 366 4463 fortium.
398 4409 629 4465 Dilucul’o
661 4428 783 4466 vero
807 4409 1128 4481 consorgens
1157 4416 1221 4465 ad
1249 4415 1488 4480 hymnos,
1517 4413 1689 4467 inveni

129 4481 448 4534 monachum
497 4482 641 4534 illum
704 4482 1071 4548 ιιτωᾱίρτιιιιριιι
1125 4483 1368 4536 onmibus
1420 4483 1688 4540 fratribus.

130 4549 353 4620 Hymnis
377 4551 569 4606 deinde
588 4552 741 4606 dictis
763 4592 777 4614 ,
805 4554 940 4617 C(Btti
970 4553 1144 4606 dicere
1169 4569 1182 4605 :
1217 4554 1409 4607 Eamus
1437 4555 1500 4605 ad
1539 4567 1688 4606 accr-

129 4634 255 4673 vum
298 4621 442 4674 illum
467 4661 482 4685 ,
515 4631 566 4674 et
610 4621 867 4676 fodiamus
894 4623 944 4676 in
987 4623 1099 4675 illo.
1131 4623 1277 4676 Tunc
1301 4623 1511 4691 quidam
1539 4623 1689 4678 dixe-

128 4700 253 4763 runt
278 4691 404 4763 mihi
431 4691 603 4763 :_Audi
634 4693 855 4760 pritnttm
871 4692 1008 4763 quid
1035 4693 1171 4745 dicat
1217 4693 1503 4745 monachus
1530 4693 1689 4763 illige-

129 4761 252 4831 tius.
289 4761 351 4813 Et
391 4761 650 4815 advocato
679 4761 936 4814 monacho
967 4762 1206 4831 Migetio,
1239 4763 1492 4830 exquisivi
1531 4761 1689 4818 ab'eo

126 4830 253 4897 quid
289 4842 431 4902 esset
467 4831 604 4902 quod
640 4831 872 4902 vidisset.
907 4832 998 4902 llle
1041 4830 1213 4885 autem
1252 4834 1496 4887 universa
1542 4833 1689 4902 signa

125 4914 244 4972 quae
275 4900 712 4972 videramidomni
739 4900 1041 4956 Gamalielis
1065 4903 1195 4956 dixit
1223 4902 1348 4956 mihi
1371 4943 1387 4968 ,
1420 4913 1470 4955 et
1503 4900 1689 4972 quem-

124 4970 412 5023 admodum
443 4971 656 5024 vidisset
693 4981 872 5024 contra
904 4980 1138 5025 austrum
1185 4988 1365 5038 agrum
1409 4970 1565 5026 situm
1590 5014 1604 5037 ,
1637 4984 1690 5026 et

126 5049 528 5110 niotiumentum
556 5041 606 5094 in
637 5055 702 5094 eo
725 5041 868 5110 quasi
895 5042 1186 5108 neglectum
1208 5050 1260 5096 et
1285 5043 1580 5108 ruinosum,
1602 5043 1688 5097 tibi

124 5109 346 5162 vidisset
382 5120 487 5164 tres
525 5111 691 5165 lectos
731 5109 919 5165 aureos
956 5121 1184 5173 stratos.
1207 5121 1259 5165 et
1293 5127 1453 5164 unum
1499 5127 1565 5166 ex
1613 5114 1691 5166 eis

123 5179 368 5233 altiorem
416 5181 620 5251 ueteris
661 5179 710 5234 in
759 5195 865 5251 quo
902 5191 1053 5236 erant
1091 5181 1196 5235 duo
1241 5181 1514 5250 jacentes,
1556 5198 1692 5237 unus

123 5261 288 5317 senex
320 5257 372 5302 et
393 5250 754 5318 unusjuvenis
779 5250 792 5313 ζ
823 5261 876 5306 et
901 5252 952 5306 in
982 5251 1101 5306 aliis
1129 5251 1331 5304 duobus
1364 5253 1510 5305 lectis
1539 5263 1690 5306 erant

123 5318 340 5388 singuli.
371 5319 434 5371 Et
461 5319 730 5388 respondit
769 5323 854 5390 qui
891 5333 1006 5376 erat
1047 5337 1098 5376 tn
1133 5322 1408 5376 excelsiori
1434 5323 1570 5377 lecto
1592 5365 1606 5388 ,
1638 5333 1692 5378 et

188 5451 202 5479 ¹
241 5450 376 5508 mliti,
394 5456 438 5498 et
455 5462 597 5497 unum
615 5447 773 5500 bovem
795 5449 931 5501 illum
952 5453 1214 5504 maximum
1235 5455 1299 5503 ad
1322 5466 1517 5504 carrum
1537 5452 1690 5505 minus

123 5507 366 5559 habemus.
387 5513 684 5572 tastigautur
709 5525 770 5560 ex
791 5521 894 5560 Mss.
1505 5526 1510 5532 ‘

187 5575 206 5600 ¹
242 5578 397 5627 Forte,
443 5573 510 5621 ita
540 5574 743 5630 audisti.
834 5579 890 5622 bl.

188 5631 210 5661 ³
242 5634 312 5681 sit:
334 5639 438 5680 Mss.
464 5635 575 5682 l-Lditi
600 5641 781 5691 autem,
806 5635 1013 5692 Nugetio.

191 5695 213 5722 ⁸
246 5696 380 5755 Batti.
401 5707 509 5758 qua:
529 5703 595 5746 est
623 5708 790 5746 eoran.
819 5698 1134 5747 Emendaatur
1153 5698 1211 5747 ad
1233 5705 1427 5749 veteres
1453 5698 1653 5748 codices.

3265 273 3366 326 8H

1806 375 1883 456 fit
1897 386 2112 456 quartus.
2130 378 2359 456 calathus
2379 387 2578 456 crocum
2590 377 2830 456 habebat,
2849 383 2994 449 cujus
3021 383 3147 437 odor
3170 387 3369 456 fragra-

1802 444 2242 518 batsuavissimus.
2261 447 2329 500 Et
2351 450 2516 516 posuit
2541 451 2655 503 illos
2677 452 2726 502 in
2749 444 3010 518 conspectu
3033 444 3229 518 meo,'et
3249 444 3369 512 dicit

1803 516 1926 588 mihi
1947 532 1967 570 :
1988 515 2145 588 fides
2170 519 2260 571 hos
2301 515 2524 588 calathos
2539 520 2564 572 ?
2587 519 2654 574 Et
2679 522 2760 573 aio
2792 522 2860 574 ad
2872 515 2995 574 eum
3016 539 3035 575 :
3058 515 3244 588 Etiam,
3277 526 3368 580 do—

1802 585 1951 638 mine.
1978 585 2043 639 Et
2069 587 2186 664 dicit
2213 588 2335 640 mihi
2359 604 2377 641 :
2407 585 2499 664 (sti
2523 600 2640 664 sunt
2661 591 2812 643 loculi
2833 592 2988 645 nostri
3012 593 3064 645 in
3089 585 3265 660 quibus
3276 598 3370 664 ja-

1802 671 1970 709 cemus
1989 698 2001 719 ,
2027 665 2070 708 et
2101 658 2180 710 ha:
2204 674 2332 711 rosa:
2357 657 2580 723 reliquia:
2616 669 2800 713 nostra:
2825 673 2938 714 sunt
2963 677 2982 714 :
3006 671 3052 715 et
3080 657 3205 716 sicut
3237 657 3372 720 vides

1802 725 1935 778 hunc
1950 726 2203 780 calathum
2224 744 2362 780 rosas
2379 729 2740 797 pulcherrimas
2763 731 3019 784 habentem
3033 733 3099 784 ad
3116 736 3371 787 dexteram

1804 803 1942 869 tuam
1969 798 2218 869 positum,
2261 799 2342 869 ita
2362 815 2475 850 cum
2503 800 2697 865 aperire
2716 802 2920 869 carperis
2940 803 3128 864 locmn,
3159 804 3372 860 invenies

1803 867 1984 943 ostium
1999 867 2231 943 sepulcri,
2259 876 2303 919 et
2329 868 2662 943 introgressus
2687 867 2904 943 reperies
2924 871 2974 923 in
2995 873 3207 943 dextera
3229 890 3371 943 parte

1803 934 2024 1007 loculum
2049 934 2066 988 ὲ
2090 937 2196 1004 ipse
2220 947 2291 991 est
2312 934 2480 990 sancti
2498 934 2762 1007 Stephani.
2791 938 2854 992 Et
2881 957 2942 993 ne
2971 941 3198 996 dubitare
3218 934 3370 997 velis:

1802 1005 1920 1084 quia
1935 1006 2043 1084 ipse
2057 1007 2194 1084 solus
2210 1023 2272 1060 ea:
2286 1009 2425 1084 nobis
2443 1005 2685 1084 martyrio
2702 1010 2877 1084 meruit
2901 1013 3151 1084 coronari.
3174 1013 3238 1066 Et
3260 1015 3365 1066 idm

1804 1076 1855 1126 in
1886 1077 2116 1128 orientali
2148 1088 2288 1144 parte
2318 1079 2507 1144 positus
2533 1076 2626 1132 est.
2660 1076 2758 1132 Ille
2801 1096 2912 1132 vero
2957 1080 3150 1135 loculus
3179 1085 3266 1146 qui
3303 1102 3370 1136 aa

1806 1154 1972 1222 partes
2002 1146 2178 1222 borete,
2208 1147 2261 1198 id
2291 1157 2362 1222 est
2384 1148 2654 1222 aquilonis,
2679 1149 2868 1222 positus
2890 1159 2965 1222 est
2983 1191 2997 1211 ,
3026 1152 3132 1222 ipse
3157 1163 3224 1205 est
3248 1172 3338 1207 srm
3359 1185 3371 1196 -

1805 1214 1870 1290 eti
1895 1213 2162 1290 Nicodemi
2195 1213 2436 1286 neophgti
2461 1219 2498 1268 ¹.
2525 1213 2753 1272 ΑΙίιιδίνε.
2775 1235 2804 1272 o
2835 1213 3055 1290 loculus;
3075 1223 3160 1290 qui
3186 1226 3367 1289 paulu-

1805 1283 1909 1335 lum
1933 1285 2223 1356 eminentior
2249 1283 2342 1345 est,
2367 1283 2472 1356 ipse
2491 1297 2561 1339 est
2589 1305 2725 1341 meus
2747 1298 2792 1341 et
2816 1289 2910 1355 ﬁlii
2935 1291 3028 1342 mei
3049 1307 3066 1344 :
3085 1283 3200 1355 quia
3217 1305 3261 1345 et
3279 1312 3369 1347 nos

1804 1354 2040 1423 neaphyti
2066 1356 2270 1428 fuimus.
2297 1356 2360 1409 Et
2385 1354 2474 1425 ego
2507 1358 2586 1409 aio
2611 1360 2676 1410 ad
2705 1354 2860 1428 eunt;
2889 1359 3047 1428 Rogo,
3068 1362 3264 1415 domine
3280 1371 3367 1428 mi,

1803 1438 1958 1498 quare
1981 1442 2108 1498 unus
2132 1425 2360 1480 calathus
2381 1438 2643 1495 argenteus
2671 1439 2740 1481 est
2758 1429 2783 1480 ?
2804 1425 2870 1482 Et
2905 1425 3024 1482 dicit
3054 1432 3173 1484 mihi
3198 1449 3214 1486 :
3236 1425 3370 1498 Quo:

1804 1493 1942 1545 niam
1984 1495 2120 1561 ﬁlius
2162 1513 2300 1548 meus
2344 1493 2508 1550 cast—ns
2552 1507 2597 1549 et
2636 1499 3032 1554 immaculatus'
3081 1493 3290 1556 excessit
3341 1522 3369 1557 e

1803 1564 2023 1647 mundo,
2045 1567 2384 1647 propterea'iln
2415 1565 2787 1647 similitudinem
2819 1572 3024 1647 argenti.
3051 1575 3367 1627 ntundissimi

1804 1635 2357 1709 appa_ru_it._l\'untquitl
2373 1636 2646 1709 _non__vt'des
2675 1635 2905 1702 crocum,
2940 1641 3024 1708 qui
3050 1643 3100 1693 in
3129 1648 3236 1709 ipso
3261 1659 3330 1697 est
3349 1688 3364 1709 ,

1803 1705 2082 1777 suavissimi
2107 1722 2214 1759 esse
2237 1707 2450 1760 odoris?
2471 1706 2535 1760 Ει
2569 1709 2688 1760 dum
2727 1711 2832 1762 lttec
2858 1705 3084 1777 dixisset,
3116 1705 3278 1767 denuo
3307 1705 3369 1770 ex

1803 1775 1961 1828 oculis
1982 1776 2102 1828 meis
2122 1777 2340 1831 evanuit.

1873 1843 2181 1921 5._Cumq_ue
2223 1847 2875 1921 expergefactusfuissem,
2918 1851 3119 1919 gratias,
3147 1853 3226 1921 egi
3265 1853 3370 1907 Dea

1802 1914 2126 1990 omnipotenti
2141 1957 2162 1990 _,
2199 1925 2244 1969 et
2287 1914 2563 1990 constitutis
2595 1914 2804 1990 jejuniis
2838 1914 3040 1989 aptiram
3069 1914 3372 1990 (tertiusque

1802 1985 2384 2058 tertiamreuelationem.
2416 1985 2480 2040 In
2510 1985 2654 2039 tertia
2677 1990 2830 2056 igitur
2857 1985 3134 2058 septimana
3153 2034 3167 2057 ,
3198 1985 3370 2048 eadem

1801 2051 1883 2132 die
1920 2063 1966 2132 et
1997 2055 2282 2132 ltora__uenit
2308 2058 2637 2132 supradictus
2662 2051 2755 2122 vir,
2785 2051 3091 2132 comminans
3119 2051 3165 2114 el
3193 2066 3372 2132 freme-

1803 2123 2015 2197 bundus,
2041 2136 2086 2178 et
2107 2127 2224 2178 dicit
2252 2127 2372 2178 mihi
2396 2141 2415 2180 :
2437 2127 2602 2193 Quare
2626 2143 2780 2197 usque
2799 2145 2932 2181 nunc
2956 2123 3299 2197 dissintulusti,
3325 2146 3372 2186 rt

1801 2193 2005 2247 noluisti
2031 2212 2250 2268 pergere,
2268 2207 2319 2268 _et
2344 2197 2506 2249 dicere
2530 2193 2762 2268 episcopo
2781 2196 2971 2251 Joanni
2993 2217 3103 2268 qua?
3126 2204 3212 2254 tibi
3236 2193 3369 2258 dicta

1799 2273 1916 2316 sunt
1937 2274 1982 2316 et
2001 2265 2231 2342 ostensa?
2251 2266 2410 2332 Quam
2431 2265 2793 2342 excusationem
2815 2265 3013 2322 habebis
3022 2273 3368 2342 _apud.l)eum,

1801 2343 2062 2413 qucquam
2093 2336 2284 2388 veniam
2311 2351 2402 2413 pro
2431 2338 2523 2389 hoc
2551 2347 2834 2413 contemptu
2864 2336 3084 2413 sperabis
3107 2342 3159 2394 in
3185 2344 3265 2396 die
3283 2347 3347 2413 ju

1800 2402 1958 2457 dicii'?
1981 2403 2046 2457 Et
2072 2420 2169 2457 non
2197 2402 2481 2483 consideras
2506 2407 2623 2476 quia
2653 2402 2796 2461 multi
2823 2402 3051 2463 meliores
3077 2421 3123 2463 te
3146 2425 3261 2465 sunt
3283 2402 3370 2483 per

1799 2476 2211 2548 eremum‘sancti
2240 2476 2331 2528 viri
2352 2517 2366 2541 ,
2397 2492 2519 2546 quos
2558 2486 2910 2548 praetereuntes
2939 2496 3028 2548 per
3055 2489 3099 2534 te
3128 2476 3370 2536 volnus-ns

1799 2543 2059 2598 innotesci.
2091 2543 2214 2598 Ideo
2239 2543 2450 2616 namque
2480 2557 2525 2598 te
2551 2543 2611 2600 ex
2648 2548 2750 2599 alia
2779 2543 2984 2601 basilica
3011 2549 3091 2602 hic
3120 2552 3368 2606 voluimus

1800 2628 1904 2686 esse
1926 2614 2294 2679 sacerdotem’,
2327 2614 2380 2668 ut
2410 2633 2498 2686 per
2525 2627 2570 2668 te
2598 2619 3047 2683 manifestaremur.
3080 2621 3144 2674 'Et
3169 2638 3279 2675 cum
3306 2627 3369 2676 ml

1799 2683 1945 2760 verba
1971 2686 2078 2760 ejus
2103 2683 2464 2760 intremuissem
2484 2728 2499 2753 ,
2531 2687 2636 2739 dixi
2660 2703 2678 2760 ζ
2709 2686 2828 2760 Non
2860 2689 2934 2756 fui
2960 2691 3210 2760 negligens
3231 2736 3242 2751 .
3277 2695 3341 2746 do

1801 2754 1934 2806 mine
1961 2754 2056 2819 mi,
2085 2757 2172 2809 sed
2199 2756 2524 2824 prtustolabar
2559 2757 2700 2809 tertio
2726 2754 2990 2811 aduentum
3021 2754 3179 2814 tuum.
3222 2763 3371 2816 Nunc

1800 2824 2049 2898 v_ero_si_ne
2083 2827 2301 2898 crastina
2326 2827 2407 2878 die
2446 2843 2648 2898 pergant
2670 2825 2710 2890 ⁵,
2739 2831 2906 2880 omnia
2937 2845 3048 2898 quae
3075 2832 3196 2884 mihi
3226 2850 3367 2887 num-

1801 2893 1932 2965 dasti
1959 2895 2202 2948 dicturus.
2237 2895 2300 2948 Et
2340 2893 2454 2948 cum
2493 2893 2760 2964 indignans
2797 2893 3056 2951 adversum
3087 2917 3163 2953 me
3188 2913 3368 2965 staret,

1801 2964 2002 3017 videbar
2030 2965 2151 3017 mihi
2178 2967 2318 3034 quasi
2347 2967 2399 3018 in
2428 2966 2637 3018 alterum
2665 2968 2840 3020 utentis
2864 2984 3113 3022 excessum
3145 2964 3370 3026 tleuenis¥

1801 3049 1905 3109 sem
1933 3034 2261 3109 Jerosolgmis
2281 3037 2324 3100 ⁸,
2355 3045 2402 3109 et
2428 3037 2544 3104 quia
2570 3037 2620 3088 in
2651 3047 2914 3109 conspectu
2941 3049 3124 3109 starem
3155 3044 3370 3109 (piscem

1800 3102 2288 3179 Joannis,_na'rrmts
2331 3107 2374 3159 ei
2418 3102 2611 3179 omnem
2655 3102 2909 3160 visionem.
2946 3108 2990 3160 Α
3032 3126 3129 3179 quo
3171 3102 3372 3166 uidebar

1801 3175 1978 3243 audire
2003 3189 2023 3229 :
2054 3175 2114 3229 Si
2151 3176 2254 3229 luet:
2283 3177 2351 3228 ita
2380 3191 2434 3229 se
2463 3176 2668 3237 habent,
2703 3187 2754 3228 ιιι
2785 3179 2940 3239 dicis,
2973 3175 3261 3236 charissima
3280 3225 3292 3243 ,
3327 3196 3371 3236 ιι

1801 3241 2049 3318 Dominus
2087 3245 2172 3318 tibi
2211 3247 2438 3299 reuelauit
2481 3248 2908 3318 Itocﬂtentporibus
2936 3250 3151 3311 nostris;
3177 3241 3369 3318 Oportet

1802 3330 1878 3366 me
1908 3316 2080 3369 tollere
2124 3317 2186 3369 de
2222 3318 2527 3385 possessione
2565 3317 2653 3368 illa
2697 3315 2864 3369 bovem
2907 3319 3049 3372 illum
3098 3315 3368 3376 marinum:

1800 3394 2068 3447 aratorem,
2101 3387 2185 3454 qui
2209 3404 2353 3439 carro
2379 3397 2424 3439 et
2453 3397 2620 3440 aratro
2648 3398 2796 3450 aptus
2821 3398 2912 3450 est,
2941 3399 2984 3441 et
3013 3388 3256 3445 dimittere
3285 3396 3370 3448 tibi

1801 3457 2155 3526 possessionem
2183 3473 2294 3510 cum
2324 3458 2510 3510 cwtcris
2554 3456 2800 3510 omnibus.
2833 3458 2912 3510 Ad
2946 3476 3088 3526 quem
3119 3463 3198 3514 aio
3225 3479 3244 3515 .'
3273 3463 3368 3516 1χί-

1799 3525 1920 3591 quid
1947 3526 2068 3577 ntilti
2093 3530 2332 3594 possessio
2364 3538 2453 3592 est,
2486 3527 2682 3580 domine
2710 3528 2794 3589 mi,
2824 3536 2865 3580 st
2892 3525 2987 3581 non
3017 3531 3171 3584 habeo
3199 3533 3365 3586 bovem

1801 3611 1889 3661 per
1917 3608 2286 3666 quemircgatnr
2307 3609 2351 3650 et
2375 3599 2541 3650 ala'ur
2566 3599 2850 3665 possessio?
2881 3598 2945 3650 Et
2970 3601 3088 3652 dicit
3117 3604 3239 3655 mihi
3265 3608 3369 3666 cpi-

1799 3680 1977 3732 scopus
2001 3682 2021 3720 :
2049 3665 2130 3718 Ita
2144 3665 2342 3734 placuit
2359 3709 2372 3732 ,
2407 3669 2694 3719 charissima
2714 3708 2726 3729 ,
2757 3669 2872 3735 quia
2899 3669 3067 3723 civitas
3093 3682 3260 3725 nostra
3285 3665 3366 3727 re-

1801 3735 1978 3787 hirulis
2009 3737 2335 3800 ministratur,
2369 3749 2412 3790 et
2443 3753 2594 3790 unum
2626 3739 2792 3790 bovem
2821 3740 2888 3790 ad
2920 3740 3063 3792 illum
3095 3745 3366 3796 maximum

1798 3821 1995 3878 carrum
2028 3808 2190 3878 minus
2220 3809 2485 3878 habemus,
2517 3824 2658 3876 quem
2689 3819 2740 3859 tu
2769 3810 2947 3862 diceris
2974 3811 3022 3863 in
3059 3815 3369 3878 possessione

1799 3884 1882 3926 tua
1906 3877 2085 3928 celare.
2116 3876 2319 3946 Oportet
2351 3895 2562 3946 namque
2587 3889 2638 3930 ut
2667 3879 2714 3929 in
2743 3879 2938 3931 civitate
2962 3876 3277 3934 celeberrima
3305 3887 3367 3936 sit

1797 3961 1946 4022 quam
1977 3948 2036 4022 in_
2054 3963 2206 4022 parua
2234 3949 2556 4016 possessione.
2586 3946 2844 4022 Numquid
2870 3950 2956 4001 tibi
2980 3967 3077 4003 non
3121 3955 3366 4022 sufficiunt

1798 4013 1899 4066 duo
1940 4013 2126 4068 residui
2164 4013 2340 4080 boves,
2385 4029 2431 4069 et
2475 4033 2605 4070 unus
2643 4013 2856 4080 vitulus,
2888 4029 2932 4070 et
2967 4013 3204 4074 utensilta'
3234 4025 3368 4078 boris

1798 4085 2022 4146 maximi,
2055 4084 2122 4136 ad
2150 4087 2469 4138 excolendam
2496 4097 2682 4138 terram
2709 4089 2919 4140 vehiculi
2950 4091 3020 4140 tui
3037 4092 3063 4142 ?

1868 4158 1919 4226 b‘.
1955 4153 2019 4206 Et
2045 4171 2163 4207 cum.
2182 4157 2274 4208 hoc
2300 4157 2350 4209 in
2377 4157 2552 4210 ecstasi
2572 4196 2585 4220 ,
2614 4156 2706 4209 hoc
2732 4169 2804 4209 est
2835 4159 2886 4210 in
2923 4175 3125 4211 excessu
3154 4163 3360 4226 utentis,

1795 4224 2079 4300 audissem,
2103 4226 2270 4300 statim
2299 4229 2672 4300 expergefactus
2696 4226 2925 4300 benedixi
2947 4227 3110 4300 Deum
3133 4245 3150 4282 :
3172 4242 3217 4282 et
3247 4224 3361 4300 per;

1795 4295 1903 4346 rexi
1943 4296 1998 4366 in
2033 4296 2277 4347 ciuitatem
2319 4296 2386 4348 ad
2415 4295 2650 4366 sanctum
2679 4299 2962 4366 episcopum
2996 4295 3264 4352 Joannem.
3302 4303 3364 4354 lit

1795 4378 1910 4435 cum
1941 4365 2018 4417 illi
2046 4366 2214 4419 omnia
2237 4381 2348 4435 qua:
2374 4365 2592 4419 videram
2619 4382 2925 4420 enarrassem
2947 4408 2960 4430 ,
2989 4371 3163 4422 relicui
3191 4371 3252 4422 de
3287 4374 3363 4424 ui-

1794 4433 1934 4486 sione
1958 4435 2124 4498 bovis,
2155 4433 2446 4504 exspectans
2469 4437 2592 4505 quid
2623 4438 2849 4490 audirem
2883 4437 2944 4491 ab
2981 4455 3059 4492 eo.
3096 4438 3365 4494 Intellexe-

1796 4519 1904 4555 ram
1925 4505 2057 4557 enim
2077 4506 2194 4570 quia
2214 4515 2413 4558 sanctus
2437 4506 2722 4572 Stephanus
2750 4507 2856 4574 ipse
2874 4517 2944 4560 est
2965 4508 3052 4562 bos
3077 4511 3326 4563 maximus
3347 4529 3364 4575 ;

1795 4582 1841 4624 et
1862 4575 1978 4639 quia
2004 4575 2136 4627 carri
2156 4575 2251 4636 illi,
2282 4579 2345 4628 de
2369 4577 2544 4643 quibus
2569 4575 2778 4642 dicebat,
2800 4587 3168 4631 sanetur-essent
3192 4579 3366 4634 Eccle-

1795 4645 1918 4717 situ;
1945 4654 1988 4717 et
2015 4644 2142 4717 Sion
2168 4646 2331 4714 prima
2359 4644 2602 4717 Ecclesia,
2624 4646 2734 4713 ipsa
2754 4657 2876 4699 esset
2901 4663 3074 4701 currus
3095 4650 3296 4717 major;
3317 4663 3363 4705 et

1795 4713 1910 4784 quia
1936 4713 2144 4784 habebat
2169 4713 2370 4768 sanctus
2406 4716 2668 4782 episcopus
2699 4731 2730 4768 α
2759 4732 2836 4767 me
2863 4727 3024 4784 petere
3055 4713 3216 4772 sancti
3243 4720 3359 4775 Ste-

1796 4782 1951 4854 phani
1989 4784 2224 4854 reliquias
2246 4826 2260 4849 ,
2292 4785 2403 4838 ideo
2439 4785 2502 4837 de
2536 4785 2722 4838 visione
2757 4782 2891 4839 boris
2933 4788 3164 4854 episcopo
3203 4789 3365 4844 dicere

1797 4851 1955 4929 potui.
1982 4851 2203 4924 Cumque
2230 4855 2450 4929 audisset
2477 4855 2737 4929 episcopus
2760 4851 3014 4929 Joannes,
3045 4851 3150 4929 pra:
3177 4861 3364 4929 gaudio

1795 4921 2101 4991 lacrgmatus
2119 4921 2216 4988 est,
2241 4935 2287 4978 et
2315 4923 2441 4977 dixit
2470 4921 2809 4978 :Benedictus
2835 4921 3080 4980 Dominus
3111 4921 3243 4983 Deus
3273 4929 3366 4982 Fi-

1796 4993 1894 5064 lius
1918 4991 2015 5046 Dei
2035 4993 2148 5064 vivi.
2179 4995 2240 5064 Si
2269 4995 2396 5060 hare,
2419 5002 2470 5046 ut
2490 4994 2636 5059 dicit,
2658 4995 2966 5057 charissima,
2993 4999 3065 5050 ita
3089 4999 3297 5064 audisti,
3319 5011 3365 5053 et

1796 5059 1946 5135 ρενιωΔ
1963 5063 2051 5115 tibi
2084 5062 2356 5128 reuelauit;
2383 5059 2575 5132 oportet
2602 5080 2680 5118 me
2712 5070 2981 5135 transferre
3015 5068 3132 5121 inde
3167 5059 3362 5121 beatum

1798 5130 2112 5200 Stephanum
2141 5135 2355 5202 primum
2385 5130 2651 5203 martyrem
2670 5175 2685 5200 ,
2713 5130 3118 5189 archidiaconum
3143 5137 3328 5191 Christi
3348 5181 3362 5200 ,

1796 5203 1882 5271 qui
1907 5203 2098 5272 primus
2124 5204 2260 5274 apud
2280 5203 2489 5258 Juda'os
2509 5205 2758 5258 dominica
2783 5204 2910 5259 bella
2937 5206 3154 5271 bellavit,
3185 5217 3232 5260 et
3257 5207 3363 5262 Do-

1861 5332 1875 5362 ¹
1910 5333 2242 5380 Germneusis
2263 5338 2364 5390 διε..
2387 5328 2566 5392 nepotis
2586 5329 2695 5380 mei.

1859 5392 1880 5422 ³
1911 5395 2247 5442 Germauensis
2266 5387 2456 5449 codex,
2478 5392 2608 5453 virgo
2629 5399 2671 5453 et
2687 5387 2876 5442 immac'
2895 5390 3034 5442 latus.

1861 5453 2045 5514 'rldem
2064 5455 2397 5502 Gertuancnsis
2417 5451 2589 5514 codex,
2615 5451 2942 5500 Ulimmeriauo
2965 5452 3228 5514 exemplari
3263 5469 3362 5504 ma-

1795 5515 1874 5582 gis
1895 5513 1968 5581 loc
1992 5515 2094 5563 loco
2114 5517 2436 5582 consentiens,
2461 5513 2570 5582 Ideo
2585 5525 2786 5582 rutnupte
2806 5520 2851 5563 te
2870 5526 2936 5582 ex
2953 5514 3050 5582 alia
3070 5512 3124 5562 iii
3143 5515 3232 5566 huc
3249 5517 3362 5567 villa

1797 5573 2022 5626 voluimus
2044 5589 2144 5624 esse
2168 5577 2493 5637 presbyterum
2514 5580 2563 5637 ut
2581 5586 2665 5637 per
2683 5573 2728 5622 te
2751 5573 3178 5636 numifestaremur.

1858 5637 1881 5666 δ
1914 5639 2043 5688 Idem
2065 5634 2236 5693 codex,
2262 5634 2362 5685 sine
2385 5634 2700 5698 retardatioue
2721 5634 2934 5698 pergam.

1863 5699 1883 5729 ⁸
1920 5704 1967 5744 tu
1992 5697 2164 5747 eodem
2186 5699 2496 5747 Germanensi
2519 5697 2701 5761 codice,
2719 5695 2960 5748 deuenisse
2986 5695 3329 5762 Jerosolytnam
