3926 6386
93 307 193 364 817
995 305 1081 361 DE
1120 305 1648 363 TRANSLATIONE
1686 304 2025 362 STEPHANI
2064 308 2430 366 MARTYRIS.
3255 315 3378 372 818·

162 422 219 504 ε).Δ
259 419 325 502 ξι
373 419 488 504 ideo
515 427 668 504 .orate
689 459 705 482 ,
748 434 944 504 precor,
973 436 1081 504 ‘pro
1122 421 1392 504 gignimur
1439 437 1550 504 mea
1573 462 1588 486 ,
1616 429 1672 474 ut
1719 421 2233 504 dignusninueniauin
2269 433 2536 504 conspectu
2579 423 2804 491 Domini,
2842 426 3045 504 adjutus
3086 429 3360 504 beatissimi

94 491 328 561 martyris
378 488 647 561 Stephani
677 489 900 561 meritis,
937 499 984 542 et
1029 488 1224 544 uestris
1243 491 1548 545 orationibus
1575 506 1594 543 :
1638 488 1875 561 regnante
1902 491 2102 546 Christo
2142 493 2268 547 Jesu
2309 488 2524 548 Domino
2563 505 2733 548 nostra
2756 539 2768 556 .
2790 488 2991 551 'cui’est
3036 515 3148 550 cum
3201 497 3358 554 Patre

93 572 147 641 et.
169 559 569 641 Spirituosaucto
595 559 758 628 gloria
794 571 840 641 et
883 559 1151 630 imperium
1193 562 1245 614 in
1282 563 1469 616 sarcula
1503 559 1820 616 tumulorum.
1847 561 2026 617 Amen.
2063 561 2293 619 Inventa
2339 575 2454 620 sunt
2483 577 2649 620 autem
2692 568 2918 638 reliquiae
2944 567 3214 623 beatissimi
3243 569 3360 625 Ste-

95 636 248 699 phani
277 636 425 683 tertia
449 645 608 682 nonas
630 638 888 712 augustast

98 761 3356 789 ———_——————_—_—_.——.——_

658 859 1308 932 ADMONITIO
1382 861 1501 932 ΙΝ
1569 861 2204 934 EPISTOLAM
2246 861 2839 935 ANASTASII

987 1010 1091 1072 ET
1133 1011 1215 1073 IN
1257 1009 1878 1087 SUBSEQUENTEM
1921 1013 2446 1078 SCRIPTUMM.

167 1243 249 1300 Ex
272 1253 457 1301 vetere
487 1244 624 1301 libro
652 1243 978 1300 Floriacensi
1026 1241 1201 1314 prodit
1230 1241 1466 1313 Epistola
1496 1242 1612 1299 hzec
1641 1245 1937 1312 Anastasii,
1969 1259 2072 1314 qua
2104 1245 2190 1300 ille
2217 1243 2476 1315 signiﬁcat
2503 1259 2534 1302 e
2557 1257 2732 1316 graeco
2769 1257 3016 1301 sermone
3058 1243 3110 1298 in
3139 1241 3362 1298 latinum

97 1335 406 1391 translatam
452 1350 550 1391 suo
575 1337 757 1391 labore
792 1335 1571 1405 subsequentemscripturam.
1601 1335 1842 1404 Quonam
1867 1347 2082 1391 auctore
2110 1335 2322 1391 condita
2350 1351 2522 1407 graece
2545 1345 2600 1392 et
2624 1337 2861 1392 conficta
2878 1333 3040 1391 fuerit
3061 1335 3320 1405 scriptura
3343 1375 3361 1400 ,

99 1435 431 1496 compertum
462 1443 569 1482 non
594 1435 717 1483 est:
745 1427 795 1483 ei
843 1435 1020 1482 tamen
1065 1425 1222 1480 tidem
1258 1425 1461 1480 addunt
1481 1426 1633 1481 multi
1655 1443 1686 1483 e
1710 1427 1943 1495 Grrecis,
1989 1427 2077 1498 qui
2116 1428 2425 1498 plerumque
2449 1429 2592 1483 illam
2619 1428 2873 1500 Stephani
2899 1427 3145 1500 martyris
3165 1468 3181 1494 ,
3204 1441 3364 1497 quam

99 1526 310 1584 narrat,
345 1519 702 1576 detectionem
723 1519 881 1574 aliam
911 1527 965 1573 et
994 1518 1044 1570 in
1075 1516 1258 1570 urbem
1289 1514 1802 1588 Constantinopolim
1834 1519 2232 1574 translationem
2268 1526 2508 1575 statuunt
2530 1528 2650 1590 post
2674 1519 2877 1589 aliquot
2901 1533 3070 1573 annos
3098 1531 3128 1571 a
3158 1515 3366 1572 revela-

100 1610 244 1665 tione
273 1610 413 1664 facta
457 1610 711 1666 Luciano.
757 1609 1048 1664 Enimvero
1075 1608 1360 1678 contigisse
1399 1609 1677 1663 translatio
1721 1611 1835 1665 luce
1880 1609 2095 1676 dicitur,
2148 1627 2169 1663 ‹
2196 1624 2319 1665 cum
2363 1618 2509 1666 esset
2536 1611 2865 1666 reconditum
2908 1609 3076 1665 sancti
3107 1606 3366 1676 Stephani

102 1717 295 1771 corpus
321 1701 675 1774 Jeresolymis
703 1702 756 1756 in
783 1710 965 1757 sancta
995 1699 1122 1755 Sion
1146 1717 1159 1754 :
1189 1718 1207 1752 ι
1238 1715 1346 1770 quo
1375 1699 1626 1756 nimirum
1655 1717 1684 1756 a
1713 1701 1917 1757 Joanne
1945 1702 2392 1776 Jerosolymitauo
2425 1702 2736 1757 translatum
2769 1709 2888 1772 post
2914 1700 3133 1756 Luciani
3160 1699 3366 1754 revela-

104 1795 300 1850 tionem
330 1792 430 1847 fuit
450 1834 466 1862 ,
511 1791 806 1848 secundum
837 1791 1000 1862 ipsius
1031 1790 1322 1861 Epistolam
1356 1790 1599 1846 Luciani.
1630 1792 1881 1847 Attamen
1909 1792 2266 1864 Nicephorus,
2298 1793 2388 1849 lib.
2420 1793 2520 1859 Η,
2548 1807 2668 1863 cap.
2699 1791 2767 1858 9,
2797 1790 2959 1847 refert
2986 1791 3216 1862 primum
3244 1789 3367 1845 Ste-

101 1887 255 1956 phani
278 1887 536 1956 reliquias
569 1883 1085 1954 Constantinopolim
1113 1883 1420 1954 deportatus
1449 1884 1554 1939 sub
1579 1884 1928 1940 Constantino
1947 1926 1963 1953 ,
1995 1894 2102 1940 tum
2133 1885 2280 1940 addit
2304 1894 2508 1955 partem
2538 1884 2821 1955 quamdam
2840 1883 2954 1953 ejus
2981 1882 3322 1951 reliquiarum
3347 1921 3364 1947 ,

100 1992 214 2048 quze
243 1977 510 2032 occultata
536 1975 757 2030 forsitan
783 1982 837 2029 et
864 1975 1045 2030 relicta
1075 1983 1190 2030 erat
1213 1975 1266 2028 in
1310 1973 1591 2029 Palaestina
1615 2017 1630 2040 ,
1661 1991 1692 2030 a
1719 1976 1953 2031 aniano
1981 1984 2163 2044 postea
2200 1975 2464 2031 detectam
2502 1965 2678 2030 divina
2718 1974 3060 2030 revelatione.
3102 1972 3366 2027 Cmterum

99 2068 472 2139 subsequentis
515 2068 793 2138 scripturae
830 2065 1112 2121 falsitatem
1140 2065 1370 2134 produnt
1405 2065 1629 2135 plurima
1649 2107 1664 2134 ,
1693 2083 1812 2138 qua:
1852 2082 1972 2124 cum
1999 2075 2298 2136 temporum
2331 2066 2555 2122 historia
2583 2075 2836 2136 pugnant.
2877 2064 3077 2119 Dicitur
3104 2062 3366 2132 Stephani

99 2161 382 2216 loculusin
417 2159 652 2217 oratorio
679 2174 776 2230 per
801 2157 1160 2213 Alexandrum
1187 2165 1460 2213 exstructo
1507 2176 1525 2210 ι
1561 2159 1762 2229 positus
1790 2159 2070 2214 consulatu
2109 2157 2445 2215 Constantini
2470 2159 2696 2230 Augusti
2721 2158 2900 2214 decies
2929 2175 2941 2210 :
2974 2176 2992 2210 ι
3025 2165 3078 2210 at
3101 2155 3365 2214 Constan-

100 2250 234 2306 tinus
263 2251 558 2323 imperator
602 2250 767 2305 octies
795 2257 998 2305 tautum
1023 2248 1210 2305 consul
1250 2248 1303 2302 in
1343 2247 1519 2304 Fastis
1544 2249 1904 2320 consignatur.
1934 2250 2163 2322 Cyrillus
2181 2291 2197 2317 ,
2228 2251 2319 2322 qui
2348 2250 2435 2306 hic
2459 2260 2761 2306 nominatur
2782 2251 3062 2319 episcOpus
3090 2247 3365 2318 Jerosoly-

101 2344 366 2414 mitanus,
414 2357 522 2400 non
549 2343 650 2399 sub
691 2339 1041 2400 Constantino
1079 2341 1312 2410 suscepit
1339 2340 1700 2410 episcopatum
1724 2381 1740 2407 ,
1782 2340 1876 2396 sed
1904 2342 2004 2402 sub
2030 2343 2342 2398 Constantio
2365 2385 2380 2410 ,
2422 2344 2576 2398 annis
2604 2352 2750 2398 certe
2776 2342 2953 2396 multis
2995 2349 3114 2410 post
3141 2348 3366 2394 mortem

101 2437 313 2496 Eusebii
340 2437 602 2508 episcopi,
632 2435 720 2506 qui
746 2435 1006 2491 Eusebius
1033 2434 1375 2489 nihilominus
1403 2432 1866 2504 Constantinopoli
1890 2433 2081 2490 sedere
2103 2445 2158 2491 et
2182 2435 2438 2506 Stephani
2462 2450 2653 2506 corpus
2682 2436 2930 2505 excipere
2959 2434 3187 2504 fingitur.

1259 2663 2235 2812 EPISTULA

429 2902 1435 3021 ANASTASII
1521 2905 1778 3015 AD
1856 2902 3027 3041 LANDULEUM,

110 3097 211 3158 DE
251 3096 692 3160 SCRIPTURA
735 3089 1370 3156 TRANSLATIONIS
1413 3088 2088 3152 PROTOMARTYRIS
2122 3091 2539 3163 STEPHANI,
2584 3089 2808 3165 QUAM
2851 3088 2901 3149 E
2961 3085 3250 3149 GIUECO
3294 3088 3372 3149 IN

1377 3168 1738 3230 LATINUM
1781 3172 2101 3291 VERTIT.

1541 3315 1909 3369 ἓωθιοιίᾶ

117 3467 398 3524 LANDULEO
435 3468 630 3538 egregio
678 3476 724 3521 et
781 3466 886 3520 Deo
940 3465 1117 3538 digno
1142 3463 1376 3538 episcopo
1420 3459 1692 3538 Cupuano,

184 3533 514 3609 Amsnsnus
543 3533 752 3606 Exiguus
776 3533 1074 3609 Apostolica:
1104 3534 1122 3567 ί
1152 3533 1553 3588 bibliothecarius
1575 3571 1590 3598 ,
1642 3533 1697 3586 in

189 3608 412 3664 Domino
454 3610 684 3664 salutem.

188 3680 241 3732 l.
299 3679 430 3745 Quia
480 3690 662 3736 sancta
710 3678 980 3745 Ecclesia,
1032 3676 1118 3730 cui
1164 3673 1555 3745 Venerabilitas
1607 3681 1694 3728 tua

119 3743 350 3817 prmesse
374 3751 629 3807 decenter
655 3743 976 3818 agnoscitur,
1006 3747 1146 3818 beati
1168 3746 1428 3818 Stephani
1456 3743 1694 3818 reliquiis

116 3815 169 3872 et
199 3821 457 3872 memoria
501 3815 724 3873 celebris
753 3829 804 3873 et
845 3819 1064 3888 insignis
1082 3816 1339 3888 habetur,
1381 3830 1443 3869 ac
1470 3830 1568 3888 per
1595 3815 1698 3869 hoc

118 3901 315 3958 magno
353 3903 477 3956 erga
525 3889 638 3958 ejus
678 3884 1031 3958 reverentiam
1072 3887 1337 3941 Sanctitas
1381 3884 1486 3958 tua
1511 3884 1700 3958 ﬂugrat

119 3953 349 4018 affectu;
381 3953 700 4014 ratum'duxi
725 3999 739 4022 ,
783 3973 946 4026 penes
971 3957 1301 4009 Mantuanam
1321 3954 1517 4026 urbem
1545 3953 1699 4008 Sedis

118 4028 432 4094 apostolica:
455 4027 734 4096 legationis
762 4024 898 4095 apud
924 4029 1190 4095 Augustos
1213 4024 1472 4096 explenda
1494 4024 1515 4054 ³
1540 4038 1698 4076 causa

121 4093 355 4166 degens,
397 4093 818 4152 Translationem
867 4093 1031 4164 ipsius
1070 4096 1204 4166 sacri
1247 4093 1701 4166 corporisgraccc

123 4162 523 4237 conscriptam,
574 4182 636 4221 ac
687 4183 750 4220 ex
799 4162 1085 4234 improviso
1121 4165 1384 4226 delatam,
1434 4162 1700 4237 lalineqne

127 4231 386 4308 nusquam
413 4254 443 4291 a
477 4253 563 4292 me
605 4247 726 4290 ante
753 4231 971 4308 prorsus
999 4237 1266 4308 inventam?
1286 4277 1300 4297 ,
1329 4247 1549 4308 romano
1573 4231 1701 4286 dare

127 4305 396 4374 sermoni,
430 4318 637 4377 tuaeque
680 4305 780 4376 piae
807 4307 1072 4361 destinare
1092 4305 1360 4377 devotioni
1380 4321 1405 4377 _:
1437 4313 1700 4371 quatenus

128 4394 223 4502 rer
254 4380 355 4434 hoc
389 4389 443 4434 et
472 4374 755 4432 otiosita’tis
801 4393 830 4430 a
862 4393 947 4432 me
977 4392 1167 4433 rancor
1204 4374 1600 4435 excluderetur,
1648 4382 1703 4425 et

149 4448 364 4502 atinitas
406 4457 671 4502 tantorum
720 4447 1092 4502 miraculorum
1140 4446 1441 4502 connitione
1480 4443 1700 4496 minime

149 4448 364 4505 atinitas
406 4457 671 4504 tantorum
720 4447 1092 4507 miraculorum
1140 4446 1441 4512 cognitione
1480 4443 1700 4512 minime

132 4519 490 4576 fraudaretur.
544 4518 752 4574 Accidit
796 4530 1008 4582 autem,
1061 4524 1121 4572 ut
1160 4511 1320 4571 etiam
1357 4528 1516 4584 super
1544 4511 1646 4567 hoc
1673 4525 1704 4565 a

194 4632 211 4695 ξ
247 4629 443 4695 supple,
467 4621 621 4695 sedis.

193 4693 215 4724 ²
248 4692 404 4754 Forte,
427 4692 698 4757 exptrudw.

1800 3465 2034 3590 friefata:
2062 3468 2210 3523 urbis
2250 3468 2436 3523 incolis
2476 3467 2669 3522 obnixe
2720 3481 2966 3534 rogarer,
3010 3479 3076 3518 co
3103 3464 3241 3534 quod
3274 3466 3379 3518 illic

1819 3538 1957 3590 iuius
1986 3540 2233 3590 martvris
2264 3539 2519 3590 habeatur
2551 3537 2804 3590 tcmulum
2827 3577 2842 3590 .
2876 3536 3096 3590 honesta
3124 3535 3378 3590 qualitate

1819 3538 1957 3603 mjus
1986 3540 2233 3610 martyris
2264 3539 2519 3594 habeatur
2551 3537 2842 3606 templum,
2876 3536 3096 3591 honesta
3124 3535 3378 3604 qualitate

1801 3619 2184 3664 constructum.

1869 3681 1924 3733 2.
1951 3680 2175 3749 Suscipe
2197 3681 2373 3748 itaque
2401 3679 2503 3732 hoc
2523 3677 2859 3745 opusculum,
2892 3675 3102 3749 et‘mira
3126 3690 3243 3745 qua:
3272 3677 3382 3745 pri-

1802 3765 1919 3804 mus
1967 3745 2162 3806 Christi
2221 3745 2430 3804 Domini
2485 3749 2682 3815 Martyr
2735 3757 2892 3815 atque
2949 3745 3210 3799 Diaconus
3261 3757 3383 3816 post

1803 3822 2082 3876 transitum
2124 3822 2316 3891 gessit.
2349 3835 2569 3890 quaeque
2618 3820 2752 3891 forte
2801 3819 3056 3891 hactenus
3092 3817 3342 3891 ignorasti
3367 3859 3380 3877 .

1802 3886 2155 3959 comperiens:
2184 3886 2592 3946 laudes-auctori
2621 3889 2804 3957 dignas
2827 3886 3058 3958 repende
3085 3903 3099 3940 :
3132 3886 3383 3959 diemque

1803 3956 2219 4016 anniversarium
2242 4002 2256 4019 .
2287 3963 2388 4014 mei
2416 3975 2628 4030 quoque
2674 3956 2784 4018 non
2812 3956 3112 4030 immemor,
3138 3957 3195 4030 in
3228 3956 3385 4025 hujus

1805 4032 2061 4085 mirabilis
2094 4028 2453 4084 translationis
2483 4030 2896 4083 celebrationem
2926 4028 3236 4084 solemniter
3263 4043 3381 4096 age.

1803 4101 1908 4155 Sed
1932 4103 2178 4170 quoniam
2209 4111 2330 4154 tunc
2354 4101 2606 4170 temporis
2631 4099 2824 4170 ibidem
2848 4099 3049 4170 positus
3078 4113 3382 4170 sermonem

1806 4166 2149 4226 nihilominus
2188 4186 2345 4240 quem
2376 4169 2443 4240 de
2468 4166 2787 4240 virginitate
2827 4166 2988 4240 super
3018 4168 3168 4240 Anna
3209 4166 3383 4240 et__Si-

1807 4259 2024 4302 meone.
2057 4243 2163 4295 imo
2183 4236 2341 4309 quem
2368 4239 2434 4293 de
2461 4236 2628 4291 tribus
2657 4237 3073 4306 professionibus
3101 4236 3381 4305 Amphilo-

1805 4313 1956 4368 chius
1985 4313 2141 4367 lconii
2174 4310 2366 4380 prtesul
2411 4309 2720 4380 habuerat,
2741 4309 3119 4380 interpretatus
3148 4321 3263 4380 sum
3286 4347 3300 4372 ,
3330 4315 3385 4380 et

1808 4385 1947 4438 hunc
1973 4374 2190 4453 quoque
2207 4397 2326 4453 cum
2357 4386 2653 4434 memorato
2683 4377 2861 4453 simul
2882 4374 3142 4453 opusculo
3162 4374 3385 4453 Sancti:

1806 4446 2004 4509 mouiai
2030 4446 2132 4507 tuae
2179 4452 2390 4505 mittere
2435 4448 2732 4517 procuravi.
2774 4446 3043 4517 Spirituali
3087 4446 3281 4517 quippe
3312 4447 3387 4517 nil

1806 4526 1919 4580 fere
1968 4523 2298 4579 commodius
2340 4515 2499 4582 duxi,
2549 4533 2709 4588 quam
2754 4515 3044 4588 spiritualia
3092 4515 3384 4588 offerenda.

1810 4594 2086 4650 Beatitudo
2116 4605 2202 4647 tua
2232 4593 2282 4646 in
2328 4586 2586 4645 :eternuni
2616 4589 2789 4642 valeat
2818 4587 2920 4640 mei
2954 4601 3179 4652 memor,
3212 4586 3385 4656 impe-

1812 4666 2072 4721 trantibus
2100 4664 2195 4720 Dei
2222 4662 2377 4717 sedes
2407 4658 2738 4714 orationibus
2763 4658 2894 4712 suis.

137 4791 3352 4837 ____________________________.________....—._.

1198 4890 2316 5054 SCRIPTURA

695 5154 834 5224 DE
896 5145 1762 5224 TRANSLATIONE
1824 5138 2220 5216 SANCTI
2275 5131 2852 5210 STEPHANI,

964 5309 1069 5369 DE
1111 5302 1572 5367 .IERUSALEM
1614 5301 1694 5360 IN
1736 5294 2010 5360 URBEM
2050 5289 2535 5354 BYZANTIUM.

213 5562 260 5614 1.
288 5558 504 5615 Factum
526 5565 628 5622 est,
653 5569 771 5610 cum
799 5560 942 5608 esset
968 5550 1297 5622 reconditum
1323 5560 1514 5613 corpus
1535 5545 1699 5622 sancti

144 5628 393 5696 Stephani
423 5628 575 5696 primi
606 5617 853 5696 martyris
878 5619 1304 5696 .lerosoly‘misin
1330 5626 1508 5696 sancta
1532 5617 1662 5696 Sion
1687 5654 1701 5677 ,

147 5698 198 5755 in
223 5687 407 5756 diebus
426 5687 646 5755 'Joannis
670 5687 898 5767 episcopi
927 5687 1376 5761 Jerusblymitani,
1403 5697 1456 5742 ut
1484 5687 1711 5742 Alexau~

1693 5467 1736 5482 νε

1751 5430 1769 5450 0
1773 5429 1920 5450 ὥθ’-..ε
1924 5437 1941 5450 9

1815 5542 1908 5594 dcr
1951 5540 2160 5610 quidam
2208 5544 2512 5610 senatorum
2546 5532 2808 5610 posuisset
2833 5529 2889 5610 in
2927 5528 3106 5610 animo
3134 5540 3236 5610 suo
3265 5541 3398 5580 con-

1813 5598 2024 5665 slruei'e
2052 5609 2338 5662 oratoriam
2369 5598 2584 5658 (tornum
2618 5603 2784 5655 sancti
2833 5598 3108 5668 Stephani.
3135 5601 3250 5663 Quo
3277 5613 3396 5664 pm:-

1818 5692 1955 5749 acto,
1987 5680 2300 5750 deprecatus
2332 5685 2411 5732 est
2440 5674 2660 5728 multum
2689 5672 2944 5728 Joannem
2980 5668 3305 5738 episeopmn,
3341 5676 3396 5722 ut.
