3960 6484
628 341 732 397 819

627 454 879 510 conderet
904 469 1096 524 corpus
1141 455 1308 509 sancti
1350 453 1598 524 martyris
1639 452 1892 522 Stephani
1923 452 1974 507 in
2005 451 2193 510 eodem

629 525 883 578 oratorio.
933 525 1080 578 Tunc
1125 539 1252 594 ergo
1293 525 1573 594 episcopus
1609 525 1783 594 posuit
1827 524 2098 594 loculum,
2142 531 2196 594 et

631 541 883 578 oratorio.
934 541 1080 578 tunc
1125 541 1182 578 er
1219 541 1252 578 o
1293 541 1323 577 e
1364 541 1573 594 tscopus
1609 541 1783 594 posuit
1827 541 2056 578 tocumm
2081 562 2098 587 ,
2143 541 2192 576 et

631 595 835 647 titulum
865 594 1026 646 clavis
1063 541 1282 648 confixit
1320 541 1612 648 fiuinsecus
1632 635 1647 656 ,
1677 608 1859 648 mense
1885 592 2153 648 decembri
2174 632 2192 658 ,

628 665 713 716 die
739 673 921 732 quarta
949 664 1175 727 decima,
1207 663 1491 717 indictione
1518 664 1702 731 quinta
1728 664 1766 727 ί,
1796 664 2071 717 consulatu
2097 661 2195 715 do-

631 735 756 786 mini
803 734 966 786 nostri
1016 733 1348 800 imperatoris
1373 732 1704 787 Constantini
1733 733 1951 802 Augusti
1989 732 2186 802 decies.

630 803 807 868 itaque
848 812 962 870 post
991 817 1158 856 annos
1195 803 1426 872 quinque
1473 802 1522 854 in
1564 801 1920 856 infirmitatem
1953 801 2190 872 incidens

626 873 931 925 Alexander
957 881 1187 934 senator,
1224 871 1592 926 testamentum
1623 872 1746 925 fecit
1785 880 1981 925 sancta:
2007 871 2188 926 Eccle-

628 948 720 993 sim.
760 953 823 1011 et
865 943 1178 1010 pauperibus
1206 949 1362 1009 atque
1391 941 1598 1011 conjugi
1626 957 1734 995 sua:
1762 941 2005 1006 Juliante,
2036 941 2188 1009 adju-

629 1025 752 1081 rans
801 1009 1057 1081 Joannem
1109 1012 1438 1081 episcopum
1471 1009 1566 1080 per
1614 1012 1892 1066 Dominum
1943 1021 2182 1081 nostrum

627 1079 804 1132 Jesum
826 1079 1090 1135 Christum
1111 1123 1125 1145 ,
1157 1080 1222 1135 Ut
1251 1079 1368 1148 post
1391 1079 1589 1134 obitum
1609 1122 1622 1144 ,
1653 1081 1855 1150 inquit,
1889 1096 2064 1134 meum
2095 1079 2185 1134 fiat

628 1150 830 1203 loculus
858 1151 1110 1219 persit-us,
1137 1159 1189 1206 et
1219 1150 1388 1204 locate
1411 1165 1494 1204 me
1517 1151 1661 1217 juxta
1693 1152 1857 1204 sancti
1890 1160 2184 1219 protomar-

628 1221 756 1290 tyris
785 1221 1036 1289 Stephani
1067 1221 1320 1290 tumulum
1354 1236 1531 1290 zinatn
1560 1229 1614 1273 et
1637 1220 1851 1273 domum
1873 1221 1990 1290 ejus
2012 1219 2183 1274 trdifi-

626 1289 738 1342 eavi
768 1305 830 1343 ev
878 1307 990 1343 mea
1021 1289 1330 1344 substantia.
1361 1289 1476 1356 Quo
1503 1289 1646 1344 dicto
1670 1289 1920 1345 dormivit
1945 1292 1996 1344 in
2030 1305 2178 1345 oace.

626 1359 840 1412 Postera
869 1375 996 1413 vero
1023 1361 1105 1414 die
1135 1360 1352 1412 veniens
1377 1360 1660 1428 episcopus
1699 1376 1799 1412 una
1847 1376 1963 1414 cum
2009 1361 2183 1412 multi-

625 1430 802 1482 tudine
830 1431 1040 1498 populi,
1069 1429 1279 1483 sustulit
1307 1444 1426 1483 eum
1445 1471 1460 1496 ,
1488 1439 1542 1484 et
1566 1431 1744 1498 posuit
1766 1429 1914 1499 juxta
1939 1439 2178 1486 sanctum

625 1499 945 1562 Stephanum
982 1507 1440 1569 protomartyrem.

692 1569 746 1621 ‘2.
787 1569 912 1622 Post
941 1567 1060 1639 oeto
1099 1567 1284 1622 autctn‘
1305 1583 1472 1621 annos
1505 1567 1708 1623 Juliana
1741 1584 1882 1624 uxor
1898 1570 2013 1637 ejus
2032 1571 2177 1639 cogi-

625 1648 742 1692 tans
787 1647 841 1692 et
886 1654 1003 1692 esse
1044 1638 1237 1692 bonum
1270 1639 1615 1703 existinmas,
1658 1641 1822 1694 voluit
1847 1655 2040 1708 corpus
2081 1638 2176 1694 viri

625 1709 838 1780 tollere,
861 1723 923 1780 ac
947 1709 1156 1780 deferre
1170 1709 1482 1780 Byzantium
1516 1709 1566 1762 in
1593 1715 1856 1780 pr0priam
1885 1711 2178 1778 possessio-

623 1793 763 1852 nem.
806 1779 868 1852 lit
894 1779 992 1833 hoc
1017 1779 1286 1852 consiliata
1309 1819 1322 1842 ,
1353 1781 1583 1852 profecta
1602 1779 1782 1852 Aestiad
1804 1779 2063 1852 Cyrillum
2093 1781 2178 1834 Je-

623 1848 1053 1917 rosolymitanum
1077 1849 1401 1918 episcopum,
1427 1858 1480 1904 et
1509 1849 1638 1903 dixit
1667 1849 1714 1904 ei
1747 1868 1759 1902 :
1792 1848 1922 1916 Quia
1954 1851 2048 1904 viri
2073 1852 2176 1906 mei

619 1932 820 1990 corpus
856 1919 975 1990 volo
1011 1930 1236 1990 portare
1254 1919 1646 1990 Byzantiumin
1685 1935 1854 1974 meam
1886 1921 2176 1989 possessio-

623 2003 761 2060 nem.
789 1989 886 2053 Qtti
915 1989 1046 2042 dixit
1073 1989 1119 2044 ei
1195 1988 1547 2060 Nonipossum
1578 1988 1676 2044 hoc
1705 1988 1906 2049 facere,
1933 2001 1986 2045 et
2009 2006 2174 2060 popu-

621 2057 726 2110 lum
771 2060 1105 2113 contnrbare.
1135 2059 1284 2114 Tunc
1307 2059 1510 2114 Juliana
1544 2060 1786 2128 plorans,
1839 2061 1969 2115 abiit
2005 2057 2055 2114 in
2079 2057 2164 2114 ito-

619 2143 762 2200 mum
786 2143 956 2200 suam,
984 2138 1039 2182 et
1063 2129 1256 2183 faciens
1281 2131 1482 2184 litteras
1508 2131 1648 2183 misit
1673 2131 1736 2184 ad
1760 2142 1958 2200 patrem
1985 2146 2136 2186 suum
2155 2134 2174 2165 '

621 2197 854 2270 [Byzantii
907 2201 1130 2268 positum
1157 2241 1172 2264 ,
1212 2201 1448 2254 scribens
1479 2201 1586 2254 ita:
1625 2219 1644 2250 ι
1675 2197 1888 2270 Propria
1937 2203 2040 2254 filia
2088 2211 2173 2256 tua

617 2266 855 2334 Juliana,
903 2266 1038 2337 patri
1086 2285 1202 2324 meo
1245 2270 1296 2324 in
1339 2271 1560 2324 Domino
1585 2266 1828 2325 salutent.
1877 2271 2175 2327 Decentes'

620 2337 848 2411 honores
874 2339 1039 2393 ofi‘ero
1063 2381 1076 2405 ,
1095 2349 1160 2411 _et
1193 2353 1318 2408 rogo
1347 2350 1564 2408 pr:rstes
1590 2341 1715 2395 mihi
1737 2357 1842 2411 quo
1867 2356 1894 2394 a
1927 2351 1978 2396 te
2004 2344 2173 2396 susci-

616 2408 748 2481 piar.
781 2409 909 2462 Nam
941 2425 1044 2463 non
1075 2409 1214 2481 dicta
1241 2411 1413 2465 verbis
1441 2411 1646 2465 blandis
1681 2408 1876 2481 repleta
1898 2454 1912 2475 ,
1940 2413 2030 2467 sed
2059 2429 2170 2466 C(13-

614 2479 730 2550 lesti
774 2482 1026 2550 mysterio
1073 2480 1338 2543 nuntiata,
1391 2496 1558 2550 neque
1605 2479 1946 2549 compositam
1997 2485 2172 2536 verbis

616 2547 892 2622 rhetoricis
917 2550 1184 2604 suadelam
1208 2547 1650 2622 circumferentia.
1679 2547 1769 2622 sed
1795 2567 1978 2620 prCCcs
2003 2553 2172 2622 dirigo

613 2619 692 2691 ad
711 2627 908 2691 patrem
943 2636 1122 2691 meum
1144 2629 1196 2672 et
1224 2619 1516 2685 dominum,
1539 2619 1920 2690 quoniatntvim
1951 2619 2168 2691 patiora

618 2687 936 2761 principihps
967 2699 1019 2741 ut
1045 2688 1214 2752 vidua,
1240 2704 1394 2761 causa
1425 2687 1741 2757 nuptiarum.
1772 2687 2019 2746 Acci-lem
2046 2710 2170 2761 ergo

616 2763 671 2830 ιιι
716 2758 802 2810 fiat
866 2758 1451 2830 Sacraketﬂmittatur
1493 2776 1521 2812 a
1595 2777 1785 2830 magno
1856 2758 2170 2830 imperatore

610 2825 1015 2902 Constmttinof,
1058 2827 1570 2902 Cyrilloepiscopo
1595 2825 2037 2902 JeﬁiSonmitano
2063 2875 2078 2900 ,
2115 2847 2169 2887 ut

612 2895 817 2950 veniam
863 2907 916 2950 et
959 2899 1069 2968 ipsa
1089 2895 1118 2958 ,⁷
1151 2895 1430 2967 maritique
1469 2895 1574 2954 mei
1618 2895 1820 2968 corpus
1847 2895 2074 2956 afferant
2101 2906 2164 2957 ad

611 2967 997 3032 possessionem
1047 2984 1236 3022 meam.
1277 2987 1296 3020 ι
1345 2971 1525 3025 Atille
1563 2967 1825 3038 accipiens
1874 2973 2087 3028 Sacram
2138 2991 2165 3028 a

610 3051 800 3116 magno
844 3038 1158 3116 imperatore
1193 3039 1582 3116 Constantino,
1625 3044 1768 3098 misit
1805 3058 1920 3098 eam
1970 3043 2166 3116 Cyrillo

607 3106 858 3180 episcopo
894 3106 1255 3180 Jet'OSolymis.

682 3177 734 3231 ὅ.
763 3175 942 3250 Itaque
967 3175 1179 3250 Sacram
1199 3181 1479 3249 episcopus
1505 3181 1703 3250 legens,
1729 3191 1780 3237 et
1802 3185 2164 3240 contradicere

607 3259 712 3298 non
737 3247 944 3320 valens,
969 3249 1183 3320 adduxit
1209 3247 1504 3316 mulierem,
1536 3247 1586 3306 et
1616 3247 1745 3307 dixit
1769 3254 1817 3308 ei
1847 3272 1859 3306 :
1890 3257 2164 3320 Quomodo

607 3328 887 3390 possumus
936 3319 1035 3390 hoc
1064 3319 1265 3385 facere,
1311 3337 1431 3374 cum
1477 3325 1708 3376 nesciam
1736 3326 1822 3390 qui
1853 3319 1926 3377 sit
1963 3325 2163 3380 loculus

605 3387 772 3462 sancti
803 3389 957 3462 primi
1006 3391 1254 3459 martyris
1281 3391 1567 3460 Stephani,
1628 3403 1680 3448 et
1720 3387 1806 3462 qui
1841 3397 2011 3447 mariti
2046 3399 2162 3450 tui?

737 3453 934 3530 vadens
965 3453 1194 3530 praepara
1225 3477 1342 3528 qua:
1376 3453 1563 3516 itineri
1589 3453 1884 3518 necessaria
1924 3476 2076 3530 Sttul,
2108 3481 2163 3522 ct

604 3523 773 3578 indica
803 3523 1146 3603 mihiCQute,
1182 3523 1492 3603 preraralis
1534 3532 1617 3587 his
1660 3550 1777 3603 qua:
1815 3534 1987 3588 itineri
2027 3523 2158 3590 cun-

601 3605 811 3665 gruunt,
844 3599 1462 3674 perrexita‘depiScopum
1486 3603 1536 3656 in
1557 3599 1798 3658 ecclesia.
1831 3606 2160 3674 Advespera-

601 3676 782 3744 scente
805 3679 993 3744 autem
1005 3670 1312 3744 profundius
1342 3672 1730 3727 descenderunt
1759 3676 1808 3728 in
1832 3670 2154 3744 oratorium,

602 3736 687 3788 ubi
730 3737 938 3813 jaeebat
982 3736 1240 3813 lipsanutn
1263 3740 1438 3813 Sancti
1470 3760 1482 3795 :
1525 3752 1578 3797 et
1615 3745 1909 3813 aperientes
1938 3736 2155 3813 positio;

599 3819 750 3884 netu,
793 3807 1556 3884 _inv_e_nerunt_loculos_duos.
1607 3807 1668 3865 Et
1699 3812 1831 3866 dixit
1872 3807 2154 3884 episcopus

599 3875 803 3958 mulieri
837 3894 856 3958 :_
880 3877 990 3958 Non
1023 3879 1140 3931 novi
1169 3881 1252 3958 qui
1279 3881 1348 3933 sit
1379 3881 1580 3958 loculus
1607 3884 1772 3958 sancti
1799 3875 2153 3958 protomarty-

595 3943 667 4022 ris
713 3944 994 4025 Stephani,
1044 3956 1098 4025 e_t
1135 3943 1230 4025 qui
1263 3952 1432 4025 mariti
1482 3952 1576 4025 _tu_i.
1606 3953 1700 4025 Cui
1734 3943 1926 4008 mulier
1955 3973 1968 4007 :
2003 3943 2113 4025 Ego
2135 3999 2149 4022 ,

596 4014 790 4094 inquit.
826 4018 943 4094 novi
987 4017 1076 4086 qui
1115 4014 1183 4094 sit
1219 4019 1420 4074 lomlus
1445 4021 1541 4094 viri
1585 4023 1720 4094 mei,
1767 4025 2014 4093 quoniam
2048 4014 2153 4094 Ego

593 4079 692 4161 feci
725 4098 866 4140 eum.
899 4079 1047 4140 Tunc
1077 4089 1352 4161 episcopus
1373 4090 1592 4145 audiens
1630 4079 1952 4161 hiem-jussit
1975 4095 2022 4149 ei
2056 4079 2154 4151 toi;

595 4152 702 4232 lere
741 4170 894 4220 quem
941 4152 1139 4232 nosset.
1173 4152 1479 4232 E_t'it_npetu
1517 4163 1703 4216 abiens
1746 4152 2038 4232 amplexata
2068 4177 2150 4222 est

572 4221 854 4297 -lipsanum
877 4228 1043 4282 sancti
1071 4228 1324 4297 Stephani
1343 4221 1693 4290 {existimans
1719 4221 1848 4288 esse.
1866 4237 2036 4289 mariti
2067 4221 2146 4292 sui

589 4307 803 4366 corpus.
847 4296 910 4349 Et
937 4296 1202 4366 accipiens
1223 4301 1397 4366 posuit
1423 4301 1549 4354 illud
1589 4302 1638 4354 in
1670 4303 1930 4358 lecticam.
1961 4306 2025 4358 Et
2055 4322 2147 4359 va-

591 4361 823 4444 ledicens
863 4361 1112 4444 episcopo
1135 4408 1150 4434 ,
1192 4361 1524 4444 ibatjtinere
1555 4387 1652 4444 suo
1680 4373 1932 4441 gaudens.
1966 4375 2030 4428 Et
2057 4393 2148 4444 per

590 4443 762 4509 totam
781 4445 987 4509 noctem
1029 4437 1255 4509 hymnus
1294 4438 1462 4495 factus
1489 4451 1570 4498 est
1598 4442 1646 4494 in
1672 4437 1782 4509 via,
1814 4453 1866 4497 et
1891 4443 2022 4498 odor
2052 4437 2148 4500 un-

584 4504 765 4582 gucnti
793 4507 1050 4582 suavitate
1067 4504 1249 4582 referti
1293 4511 1543 4582 Spirabat.
1585 4504 2000 4582 Porro-Spiritus
2043 4515 2145 4570 itu-

585 4575 765 4630 mtmdi
809 4576 1106 4653 clamabant
1148 4575 1386 4653 dicentes
1415 4581 1546 4653 :__V:e
1575 4583 1726 4635 nobis
1745 4624 1760 4646 ,
1787 4575 1927 4653 quia
1964 4595 2143 4653 proto-

585 4653 786 4724 martyr
819 4646 1118 4724 Stephanus
1161 4650 1379 4724 transit,
1417 4649 1534 4704 diro
1564 4667 1660 4724 nos
1690 4646 1976 4708 verberans
2004 4656 2140 4724 igne.

584 4711 770 4792 plulier
792 4711 966 4771 autem
1014 4719 1064 4771 iu
1098 4719 1340 4792 vehiculo
1364 4711 1460 4774 Suo
1475 4715 1699 4792 sedebat
1727 4763 1740 4784 ,
1769 4732 1824 4776 et
1851 4725 1996 4792 pueri
2020 4711 2109 4780 ἴιιιι
2127 4757 2142 4767 ο

581 4783 830 4838 hulabattt
874 4802 1053 4840 corant
1101 4789 1319 4853 lectica,
1371 4799 1424 4844 et
1468 4783 1819 4846 formidabant
1853 4783 2138 4850 'dicentes:

579 4853 714 4918 Quid
740 4864 821 4929 es_t
846 4857 984 4929 quod
1011 4858 1201 4912 accidit
1228 4859 1399 4924 nobis,
1431 4862 1552 4929 quia
1583 4862 1795 4929 spiritus
1821 4862 2049 4919 clamant
2075 4868 2140 4921 de

578 4935 759 4976 sancto
782 4922 1080 5003 Stephano?
1107 4929 1336 5003 Putasne
1377 4922 1540 5003 ips-ius
1575 4922 1660 5003 est
1703 4931 1804 4986 hoc
1827 4947 2022 5003 corpus
2042 4975 2058 5000 ,
2085 4947 2138 4992 et

579 5007 676 5044 nos
701 4995 1006 5070 nescimust
1035 4995 1475 5070 Multitudoken—im
1500 5002 1819 5070 Angelorutn
1843 4995 1963 5058 ante
1994 4995 2141 5060 lecti-

576 5077 691 5115 catn
736 5073 950 5137 cammt
978 5065 1252 5134 hymnum.
1295 5067 1398 5122 Sed
1441 5071 1564 5137 quid
1586 5065 1896 5136 'faciemus,
1926 5075 2137 5130 domina

576 5134 790 5186 nostra?
817 5133 1054 5208 Fortisan
1101 5149 1204 5208 non
1254 5148 1337 5208 est
1365 5133 1561 5193 viri'tui
1589 5155 1804 5208 corpus,
1846 5133 1937 5196 sed
1969 5147 2136 5199 sancti

576 5205 980 5277 protomartyris
1023 5205 1295 5274 Stephani.
1324 5208 1471 5262 Tunc
1517 5210 1602 5262 illa
1637 5205 1718 5264 his
1745 5205 1936 5265 auditis
1960 5254 1975 5277 ,
2006 5215 2137 5269 flens

571 5273 797 5328 tacebat.
826 5273 1188 5346 Prmcepitque
1219 5278 1393 5345 pueris
1432 5280 1629 5333 nemini
1673 5281 1850 5338 dicere
1879 5273 1998 5351 qua:
2035 5287 2136 5340 sibi

633 5401 752 5477 {ita
773 5399 1084 5477 Floriacensis
1103 5408 1467 5477 manuscriptus.
1492 5413 1547 5458 At
1563 5408 1722 5477 codex
1759 5413 1952 5477 Joannis
1992 5414 2134 5463 Clim-

566 5463 814 5534 meriiqui
837 5464 958 5534 hanc
988 5468 1266 5534 scripturam
1286 5463 1462 5534 primus
1497 5470 1726 5532 vulgavit,
1759 5471 1938 5534 aliique
1970 5483 2138 5534 postea

569 5524 906 5593 oditi__ltahent_,
934 5524 1192 5593 indigitari;
1211 5544 1259 5578 ll.
1286 5524 1335 5578 Et
1359 5531 1498 5587 infra,
1527 5524 1686 5593 [atque
1711 5524 1809 5592 post
1832 5524 1983 5586 «imos
2001 5552 2049 5584 ιι.

627 5587 656 5658 ξ.
679 5583 1088 5658 Sicnll‘loriaeensis
1109 5591 1402 5640 codexJiditi
1428 5583 1560 5654 vero,
1583 5583 1648 5642 (id
1665 5583 2008 5658 presbyterum.

628 5645 651 5677 ⁸
681 5652 728 5693 ιιι
751 5645 1030 5697 Floriaeensi
1052 5657 1152 5705 Ms.,
1183 5660 1427 5703 Ducentos.

625 5705 648 5775 ξ
677 5705 984 5775 riui-iacensis
1006 5716 1084 5758 tus.
1124 5712 1212 5762 hoc
1236 5711 1354 5775 loco,
1393 5715 1695 5774 constantia;
1733 5715 1820 5767 sed
1857 5730 1967 5768 mox
2014 5717 2133 5768 infra

487 5785 500 5796 ί
562 5764 724 5824 habet,
748 5781 768 5815 ι
783 5769 1060 5825 ωιδιιιηιίιιο.

2075 339 2435 396 APPENDIX.

3751 347 3844 401 820

2299 453 2721 534 apparuerantin
2743 454 2929 534 Itinere
2950 472 2964 508 :
2985 454 3094 534 Sed
3107 455 3152 509 si
3176 454 3736 534 quis_inlerrt_igaverit
3749 499 3771 534 ,_
3788 460 3855 512 in-

2295 523 2438 593 quit.
2470 523 2520 575 in
2549 523 2758 593 civitate
2785 533 2874 576 aut
2904 524 2954 577 in
2988 523 3204 592 regione
3228 525 3390 593 cujus
3421 527 3490 578 sit
3518 523 3628 578 ha-e
3657 527 3853 591 letum,

2295 590 2454 664 dicite
2482 609 2506 664 ελ
2537 592 2668 664 Quia
2721 595 2892 647 mariti
2938 590 3170 648 dom—ina":
3213 590 3421 648 noétraa
3468 605 3588 658 est,
3637 607 3696 649 et
3737 590 3854 652 vadit

2295 659 2624 731 Byzantium.
2675 664 2729 716 Ιιι
2769 664 2952 717 eadem
2977 680 3104 718 vero
3149 676 3312 718 nocte
3343 666 3696 718 transivimus
3723 684 3856 719 man-

2293 732 2471 803 siones
2516 741 2643 803 tres.
2691 732 2856 803 Porro
2906 734 3136 788 interdiu
3182 735 3622 803 quiescentibus,
3672 745 3727 788 et
3754 753 3856 792 sero

2290 798 2655 872 incedentibus
2676 802 2848 868 nobis,
2870 803 3086 871 spiritus
3104 798 3367 872 profunda
3394 815 3551 858 nocte
3571 807 3854 860 clamabant

2287 869 2525 942 dicentes
2553 888 2566 923 :
2595 871 2807 926 Transit
2834 875 2878 925 is
2901 869 2993 941 qui
3016 869 3250 942 ﬂagellat
3275 889 3374 927 nos
3399 891 3414 936 ;
3448 889 3553 926 non
3584 890 3851 942 possumus

2285 938 2424 992 ferre
2451 940 2694 996 virtutem
2722 942 2889 996 sancti
2916 938 3176 1012 corporis,
3204 943 3327 1010 quia
3359 944 3494 1012 ignis
3519 938 3614 1006 est,
3653 956 3712 998 et
3736 949 3852 999 acri-

2288 1015 2368 1062 ter
2397 1025 2496 1082 nosﬁ
2517 1012 2780 1082 consumit
2801 1029 2820 1082 7:
2851 1027 2956 1082 non
2985 1013 3310 1067 sustinentes
3349 1015 3457 1067 vim
3488 1016 3660 1067 sancti
3693 1028 3850 1082 ιιι-θυι.

2284 1081 2529 1148 martyris
2563 1079 2831 1148 Stephani.
2884 1080 3151 1137 Sanitates
3193 1092 3375 1138 autem
3410 1093 3465 1137 et
3493 1079 3723 1139 virtutes
3763 1089 3846 1140 tie-

2283 1147 2618 1203 hant’multa:
2645 1147 2696 1203 in
2728 1151 2829 1204 via.

2352 1219 2406 1300 4.
2448 1219 2612 1273 Porro
2641 1221 3314 1302 pervenimusnAscalonem
3339 1222 3689 1286 maritimam,
3709 1234 3761 1277 et
3783 1225 3848 1279 ia-

2282 1289 2521 1361 venimus
2541 1289 2710 1361 navim
2724 1299 2941 1361 euntem
2964 1291 3297 1361 Byzantium,
3315 1303 3720 1359 convocatoque
3736 1309 3849 1347 nau-

2281 1359 2456 1430 clero.
2491 1359 2682 1413 mulier
2705 1359 2852 1430 dedit
2883 1361 2930 1414 ei
2960 1359 3336 1430 quinquaginta
3375 1377 3604 1425 aureos,
3633 1365 3847 1416 dicens:

2281 1426 2411 1491 Quia
2437 1438 2698 1483 secretum
2733 1428 2900 1482 habeo
2927 1426 3018 1483 tibi
3044 1426 3320 1495 enarrare,
3348 1441 3408 1484 et
3437 1447 3505 1486 ne
3529 1433 3848 1487 cctitradiczs

2281 1498 2430 1572 mihi.
2455 1499 2708 1572 Lttculum
2734 1497 2902 1553 habeo
2924 1499 3310 1572 deportandum
3343 1501 3676 1572 Byzantium,
3704 1518 3844 1572 quem

2279 1568 2480 1620 salvum
2514 1569 2648 1622 ferre
2676 1582 2918 1638 procura,
2943 1579 2996 1622 et
3024 1569 3241 1624 habebis
3268 1568 3573 1625 mercedem
3597 1571 3667 1624 ab
3689 1568 3842 1624 cinni-

2278 1641 2476 1705 poteuti
2511 1639 2634 1690 Deo.
2662 1640 2759 1704 Qui
2790 1639 2920 1691 dixit
2947 1639 2995 1695 ei
3022 1654 3035 1690 :
3068 1638 3203 1693 Nolo
3229 1641 3605 1694 contradicere
3629 1641 3842 1694 domina:

2279 1722 2430 1784 meae,
2454 1710 2577 1784 quia
2601 1723 2818 1784 magnus
2846 1717 3014 1762 tecum
3045 1718 3125 1762 est
3149 1710 3838 1784 protomartyrStephanus,

2277 1786 2331 1831 et
2370 1779 2419 1850 in
2452 1779 2565 1847 ipso
2597 1789 2693 1850 est
2723 1780 2973 1850 vitamea
3011 1789 3064 1832 et
3101 1794 3225 1850 Spes
3257 1795 3411 1844 mea,
3443 1779 3568 1850 quia
3609 1780 3839 1835 viderunt

2278 1848 2417 1919 oculi
2437 1850 2536 1903 mei
2558 1849 2934 1919 gloriosissima
2955 1849 3127 1902 hodie.
3157 1849 3289 1904 Veni
3309 1848 3691 1919 ergo,‘domina
3713 1867 3837 1915 mea,

2275 1927 2328 1971 et
2356 1917 2617 1973 adscende
2644 1919 2838 1972 navim.
2868 1918 3165 1987 Navigaturi
3205 1921 3351 1972 enim
3381 1917 3568 1974 sumus
3595 1935 3716 1975 cum
3741 1923 3839 1975 vir-

2278 1995 2388 2041 tute
2420 1988 2508 2042 Dei
2535 1999 2588 2044 et
2612 1989 2778 2042 Sancti
2801 1990 3055 2057 corporis.
3089 1989 3236 2043 Tunc
3267 1990 3656 2044 introeuntibus
3674 1991 3836 2044 eruni-

2275 2057 2375 2111 bus
2405 2057 2457 2111 in
2499 2060 2671 2112 navim
2693 2100 2708 2122 ,
2739 2059 2908 2112 soluta
2938 2069 3016 2112 est
3056 2075 3083 2111 a
3116 2067 3256 2113 terra
3288 2069 3454 2114 vento
3481 2075 3748 2128 prospero.
3779 2061 3834 2116 Et

2273 2129 2546 2199 venientes
2564 2130 2613 2182 in
2635 2129 2861 2183 medimu
2888 2128 3078 2197 pelagi,
3093 2129 3272 2183 subito
3291 2139 3578 2199 tempestas
3593 2133 3723 2184 facta
3740 2141 3830 2192 est.

2276 2198 2342 2250 ita
2369 2209 2425 2253 ut
2446 2198 2642 2268 fluctus
2665 2199 3019 2253 exaltarentur
3041 2215 3202 2268 super
3227 2198 3558 2255 armamenta
3588 2201 3750 2253 navis.
3777 2201 3831 2254 Et

2273 2269 2405 2322 mari
2437 2267 2642 2322 fortiter
2686 2269 3002 2329 fluctuante,
3035 2267 3176 2324 metu
3219 2269 3425 2324 detenti
3471 2279 3831 2339 surgentesque

2273 2352 2458 2392 omnes
2482 2339 2836 2408 adoraverunt
2863 2349 3100 2392 Sanctum
3129 2355 3345 2408 corpus.
3371 2339 3505 2395 Cum
3529 2353 3700 2394 autem
3725 2343 3826 2408 plo-

2273 2419 2525 2480 rarentet
2556 2407 2742 2463 flerent
2763 2451 2776 2475 ,
2811 2420 3028 2476 repente
3055 2407 3318 2464 serenitas
3347 2427 3533 2480 magna
3560 2407 3737 2464 exorta
3758 2419 3826 2464 est

2274 2477 2324 2551 in
2346 2478 2496 2544 mari,
2516 2489 2568 2551 e_t
2582 2480 2826 2548 apparuit
2845 2482 2921 2533 eis
2940 2489 3150 2551 sanctus
3173 2477 3537 2551 protomartyr
3549 2480 3826 2548 Stephanus

2272 2546 2453 2602 dicens
2480 2565 2492 2600 :
2524 2546 2635 2619 Ego
2657 2546 2786 2603 sunt
2809 2591 2828 2619 ,ν
2875 2550 3036 2602 nolite
3079 2546 3287 2604 timere.
3320 2546 3570 2616 Quod'eo
3597 2546 3821 2612 dicente,

2272 2619 2498 2672 cessavit
2515 2618 2722 2685 ventus,
2741 2628 2795 2674 et
2813 2618 2942 2673 facta
2961 2631 3040 2673 est
3057 2622 3411 2688 tranquillitas
3427 2637 3614 2688 magna
3633 2623 3648 2688 (
3660 2621 3816 2672 Matth.

2269 2704 2382 2758 vttt,
2410 2689 2479 2742 26
2496 2690 2533 2758 ).
2559 2689 2708 2744 Mane
2735 2699 2909 2743 autem
2939 2691 3074 2743 facto
3099 2692 3340 2744 venimus
3365 2692 3434 2743 ad
3461 2703 3678 2758 angusta
3703 2691 3820 2743 Cha-

2271 2757 2426 2814 lantis
2469 2757 2682 2828 propter
2719 2761 3009 2830 principem
3049 2761 3343 2830 Augustum
3383 2763 3422 2812 ‘.
3453 2757 3636 2816 Subito
3665 2770 3818 2814 autem

2270 2837 2422 2881 terra:
2453 2839 2624 2883 motus
2652 2830 2822 2884 factus
2850 2840 2929 2883 est
2967 2831 3016 2882 itt
3049 2830 3166 2883 loco
3194 2831 3283 2883 illo
3306 2872 3321 2893 ,
3355 2831 3424 2883 ita
3456 2842 3513 2884 ut
3537 2845 3817 2884 commove-

2268 2908 2451 2951 rentur
2477 2899 2811 2954 fundamenta
2841 2908 3014 2965 terrm,
3042 2900 3210 2954 donec
3240 2903 3520 2967 pcrtansiit
3549 2901 3690 2954 navis
3711 2914 3816 2952 san-

2269 2969 2338 3020 cti
2367 2971 2767 3040 protomartyris
2792 2970 3073 3037 Stephani;
3104 2979 3154 3022 et
3186 2981 3313 3024 tunc
3339 2972 3537 3038 quievit
3564 2981 3695 3024 terra
3714 2985 3813 3038 qua

2268 3039 2591 3094 movebatur.
2617 3039 2891 3094 Diemones
2908 3051 3080 3092 autem
3100 3041 3403 3094 clamabant
3424 3042 3670 3094 adversus
3687 3041 3811 3108 prin-

2264 3111 2433 3182 cipem
2463 3111 2735 3165 dicentes:
2767 3110 3078 3181 lmpiissime
3114 3111 3361 3182 princeps
3380 3153 3394 3174 ,
3424 3126 3586 3182 quare
3617 3110 3810 3182 nonin-

2265 3180 2487 3233 eendisti
2513 3183 2684 3234 navim
2712 3197 2829 3250 qua:
2849 3180 3096 3234 transivit
3127 3181 3270 3244 illuc,
3298 3180 3393 3234 sed
3425 3180 3660 3234 dimisisti
3685 3180 3809 3233 illam

2267 3251 2490 3304 transire
2513 3261 2696 3305 contra
2720 3252 2855 3305 nos?
2884 3253 2996 3319 Ipsa
3023 3250 3162 3304 enim
3206 3253 3354 3304 navis
3390 3252 3514 3305 fecit
3544 3260 3690 3306 terra:
3712 3264 3806 3303 mo-

2265 3329 2393 3373 tum.
2420 3321 2669 3388 Princeps
2700 3337 2823 3375 vero
2849 3321 2946 3376 hoc
2969 3321 3168 3382 audito,
3202 3322 3346 3374 misit
3372 3321 3650 3375 dromones
3669 3320 3808 3387 quin-

2260 3406 2362 3456 que
2403 3391 2467 3444 ad
2511 3391 3055 3459 comprehendendam
3100 3399 3152 3443 et
3201 3392 3588 3444 incendendam
3627 3389 3804 3443 navim.

2262 3459 2615 3515 Dromonibus
2640 3469 2814 3515 autem
2843 3461 3266 3529 pervenientihus
3297 3461 3363 3515 ad
3393 3463 3588 3525 navim,
3612 3459 3807 3528 angelus

2259 3531 2443 3600 exiens
2463 3531 2528 3584 de
2558 3533 2674 3586 navi
2707 3532 2962 3600 percussit
2992 3530 3300 3594 dromones,
3329 3541 3380 3585 et
3407 3532 3799 3600 submersiteos.

2260 3599 2326 3652 Et
2367 3599 2558 3654 factum
2587 3611 2669 3655 est
2706 3598 2954 3670 gaudium
2985 3615 3232 3668 magnum
3264 3602 3319 3656 in
3357 3603 3506 3663 navi,
3547 3604 3660 3670 quia
3682 3598 3801 3670 Deus

2257 3677 2514 3741 eratcum
2552 3672 2672 3724 illis.
2712 3669 3028 3741 Navigantes
3053 3671 3228 3739 itaque
3258 3672 3430 3724 tribus
3459 3670 3670 3741 diebus,
3695 3669 3801 3741 toti-

2256 3739 2480 3809 demque
2509 3743 2783 3805 noetibus,
2811 3739 3049 3794 venimus
3077 3741 3496 3805 Chalcedonem,
3530 3752 3581 3793 et
3611 3739 3800 3809 dimissa

2255 3823 2336 3862 εει
2371 3807 2519 3863 navis
2550 3811 2599 3864 in
2631 3820 2802 3879 portu.
2837 3811 3168 3863 Facientibus
3197 3821 3378 3864 autem
3408 3811 3562 3864 nobis
3586 3810 3683 3862 illic
3703 3807 3797 3861 dies

2254 3879 2505 3948 quinque,
2525 3890 2759 3950 quoquot
2789 3881 3050 3934 habebant
3076 3880 3359 3945 dzemonia,
3383 3879 3793 3950 veniebantcirca

2254 3963 2398 4002 mare
2419 3948 2589 4025 vexati
2618 3948 2907 4025 clamantes
2938 3951 3179 4025 {Servus
3208 3951 3300 4025 Dei
3325 3954 3492 4015 \‘cnil.
3517 3951 3603 4025 {Illi
3628 3948 3796 4025 ιερίάετῖ

2254 4024 2336 4070 ttts
2368 4029 2448 4073 est
2475 4021 2540 4073 ab
2571 4022 2761 4088 iniquis
2800 4021 3014 4076 ludatis.
3049 4021 3112 4073 Et
3154 4022 3321 4088 gratia
3359 4019 3544 4075 sancti
3570 4019 3792 4087 Stephani

2255 4089 2471 4156 spiritus
2492 4091 2789 4144 clamabant
2811 4107 2824 4143 :
2854 4089 2940 4143 Vze
2961 4089 3134 4152 nobis,
3149 4092 3271 4158 quia
3293 4092 3558 4145 comburit
3577 4105 3665 4142 nos
3677 4089 3794 4140 acri-

2254 4165 2336 4228 ter
2365 4177 2377 4212 :
2402 4175 2508 4228 quo
2535 4160 2793 4228 fugiemus
2820 4161 2988 4215 minas
3011 4160 3125 4228 ejus
3156 4161 3461 4214 terribiles?
3491 4163 3646 4214 Porro
3667 4159 3790 4212 exie-

2249 4225 2378 4281 bant
2398 4225 2648 4285 atrociter
2667 4231 2733 4283 ab
2759 4225 3056 4283 hominibus
3077 4231 3294 4299 repulsi,
3316 4241 3563 4299 tanquam
3583 4228 3788 4296 abigne:

2249 4306 2302 4350 et
2339 4311 2592 4369 quotquot
2641 4301 2902 4354 habebant
2947 4299 3216 4363 infirmos,
3265 4299 3508 4354 ferebant
3545 4314 3633 4354 eos
3663 4306 3788 4351 extra

2246 4381 2414 4435 mare,
2443 4381 2492 4422 et
2516 4385 2701 4424 omnes
2728 4371 2856 4424 salvi
2886 4369 3079 4423 fiebant
3111 4371 3299 4424 virtute
3325 4374 3493 4425 sancti
3521 4369 3789 4424 Protomar-

2247 4439 2399 4505 tyris.
2423 4440 2684 4494 Praeterea
2713 4441 2834 4514 inde
2856 4443 2980 4492 moti
3004 4441 3244 4514 venimus
3264 4439 3448 4514 Sosas.
3475 4439 3692 4514 Audiens
3710 4450 3790 4514 att-

2247 4515 2351 4559 tem
2381 4525 2512 4576 pene
2545 4520 2648 4563 tota
2679 4510 2867 4563 civitas
2893 4509 3139 4563 currebat
3180 4510 3446 4564 transiens
3466 4550 3480 4572 ,
3505 4507 3790 4564 Christianis

2244 4577 2455 4654 quidem
2484 4579 2866 4654 gaudentibus,
2895 4580 3116 4647 Paganis
3154 4591 3330 4654 autem
3367 4579 3703 4654 tristantibus.
3724 4577 3785 4654 _l.'t

2246 4645 2368 4702 inde
2399 4645 2614 4716 profecti
2661 4665 2844 4702 rursus
2875 4645 3090 4717 propter
3119 4650 3329 4703 turbam
3359 4665 3482 4718 qua:
3509 4650 3562 4704 in
3590 4645 3785 4702 circuitu

2244 4727 2378 4781 erat,
2409 4720 2648 4771 venimus
2671 4720 2937 4772 civitatem
2965 4720 3230 4774 Staurium
3256 4721 3300 4773 ⁸.

2313 4786 2366 4840 5.
2407 4787 2632 4864 Cognito
2653 4798 2826 4842 autem
2856 4789 2956 4843 hoc
2980 4790 3234 4843 Eusebius
3255 4789 3536 4864 episcopus
3553 4787 3785 4864 Constan-

2243 4854 2626 4929 tinOpoleosde
2649 4873 2872 4927 oorpore
2900 4854 3302 4929 protomartyris
3320 4854 3663 4929 Stephantet
3680 4854 3781 4924 quia

2241 4933 2348 4978 tota
2371 4926 2786 4981 Christianorum
2815 4929 3094 4982 multitudo
3120 4926 3260 4982 mota
3286 4926 3428 4992 erat,
3448 4929 3513 4981 ad
3535 4927 3780 4982 videndam

2239 4997 2487 5051 virtutem
2515 4998 2681 5051 sancti
2711 4999 2971 5065 corporis,
2999 5000 3193 5054 cursim
3225 5002 3462 5066 perrexit
3489 4999 3552 5051 ad
3578 4998 3778 5063 impara-

2241 5073 2408 5141 to_re_nt
2429 5067 2831 5141 constantinum
2855 5067 2894 5132 ³,
2921 5079 2974 5122 et
3000 5069 3266 5141 nuntiavit
3281 5068 3423 5141 cide
3440 5080 3654 5132 corpore
3673 5079 3780 5141 sau-

2238 5136 2310 5189 cti
2337 5138 2607 5204 Stephani.
2657 5137 2950 5205 Imperator
2987 5149 3164 5192 autem
3194 5137 3560 5192 sciscitabatur
3580 5136 3778 5205 qualiter

2238 5201 2442 5278 venerit
2467 5209 2534 5260 ab
2561 5201 2906 5278 Jerosolymis
2931 5223 3124 5277 corpus
3142 5249 3157 5271 ,
3187 5219 3240 5261 et
3264 5209 3384 5278 quis
3414 5218 3563 5278 esset
3590 5201 3667 5273 qui
3697 5201 3776 5252 hHC

2235 5275 2512 5346 detulerat.
2553 5278 2650 5344 Qui
2698 5275 3042 5330 adduxerunt
3072 5279 3120 5332 ei
3166 5277 3448 5330 mulierem
3473 5317 3489 5340 ,
3519 5276 3732 5328 dicentes
3759 5283 3770 5346 ξ

2238 5344 2458 5399 Domine
2484 5347 2797 5415 Imperator,
2824 5347 2936 5402 hare
2965 5357 3046 5402 est
3071 5362 3189 5417 qua:
3217 5348 3394 5401 attulit
3421 5358 3609 5415 corpus
3631 5344 3772 5396 sancti

2298 5478 2315 5509 ι
2349 5477 2420 5526 sic
2440 5483 2583 5544 vetus
2604 5476 2777 5526 codex.
2801 5483 2856 5544 at
2877 5475 3010 5544 editi,
3037 5483 3173 5544 Mane
3195 5481 3354 5524 amem
3370 5473 3494 5544 [acto
3514 5463 3768 5522 minima!

2233 5545 2432 5610 angusta
2451 5538 2681 5609 calantes,
2707 5542 2898 5600 propter
2921 5538 3187 5606 principem
3205 5538 3415 5600 augusti.

2297 5604 2315 5630 ⁸
2348 5600 2480 5650 Bdtu.
2511 5608 2732 5646 Taurum.
2767 5605 2822 5645 At
2843 5604 2968 5650 Mss.
2999 5604 3254 5646 statutum.

2297 5615 2315 5630 '
2348 5615 2480 5656 ultu,
2511 5615 2732 5646 murum.
2767 5615 2822 5645 Αι
2843 5615 2968 5655 ωεδ.,
2999 5615 3254 5646 numnum.

2295 5661 2315 5728 ξ
2348 5667 2494 5728 vetus
2515 5660 2667 5708 codex
2693 5659 2782 5707 hoc
2806 5659 2982 5728 iterum
3005 5656 3129 5717 loco,
3149 5655 3670 5728 ροηδιαῃεᾷιιπμτςῃιιιι

2231 5723 2414 5779 subtus,
2437 5723 2500 5767 de
2523 5735 2619 5782 quo
2635 5732 2798 5780 supra,
2821 5732 2918 5768 non
2943 5721 3231 5782 (:onstautio,
3253 5720 3338 5768 sed
3373 5723 3656 5768 euastantur)
3684 5723 3756 5757 Iul-

2235 5793 2433 5844 peranle
2457 5779 2552 5830 t'uit'
2567 5779 2743 5844 episch
2760 5794 2820 5831 us
2834 5779 3384 5841 utinstatttinojwlimttus.
