3926 6386
563 289 668 343 893

560 404 832 484 compulsa
856 407 1182 464 mortiferum
1214 409 1339 465 illud
1370 410 1513 465 virus
1560 406 1935 463 incredulitatis
1973 408 2121 478 obje-

561 484 713 528 θοι-ιι.

635 545 689 620 3.
728 543 964 620 Namque
993 546 1177 620 diebus
1206 565 1339 618 pene
1369 548 1500 611 istis,
1519 549 1723 620 quibus
1761 563 1858 618 ego
1888 549 2014 620 tanti
2046 563 2131 602 sa-

564 615 786 689 cerdotii
805 632 1019 689 nomen,
1041 618 1161 672 licet
1183 615 1445 688 indignus,
1464 615 1683 686 adeptus
1697 615 1835 684 suni,
1855 618 2131 689 presbyter

563 684 776 759 quidam
796 685 872 755 (α)
894 689 1169 759 sanctitate
1188 684 1478 758 prméipuus
1496 704 1523 743 a
1546 684 1871 759 J'erosolyma
1890 684 2127 759 veniens,

567 752 809 821 Magonai‘
830 770 935 808 non
968 757 1125 828 longo
1166 752 1403 828 tempore
1440 770 1673 813 moratus
1712 752 1793 813 est
1826 776 1839 811 :
1867 758 1955 828 qui
1984 752 2131 827 post;

566 839 725 897 quam
759 826 1023 897 transvehi
1049 829 1114 881 ad
1146 826 1457 897 Hispanias,
1491 831 1625 883 sicut
1652 826 2003 893 desiderabat,
2035 843 2130 883 ne-

565 894 731 963 tiuivit
756 895 864 963 (ὁ),
894 911 1137 953 remeare
1178 894 1495 953 att—Africam
1540 900 1713 953 denuo
1748 900 1930 951 statuit
1963 916 1976 951 :
2009 909 2131 953 tunc

565 961 707 1017 beati
732 961 981 1038 Stephani
1023 968 1268 1037 reliquias
1289 1010 1302 1032 ,
1339 986 1455 1038 qua:
1499 985 1664 1037 nuper
1696 970 1939 1023 revelata:
1967 977 2126 1031 sunt,

564 1045 687 1107 eum
716 1034 790 1107 ad
815 1034 1092 1103 Hispanias
1122 1034 1331 1107 portare
1358 1034 1727 1093 'eonstituismt
1749 1080 1763 1103 ,
1812 1039 1951 1105 ipsas
1973 1078 1988 1103 ,
2016 1039 2131 1093 sine

564 1100 725 1183 dubio
746 1100 969 1183 Martvre
999 1100 1302 1183 inspirante,
1330 1110 1384 1183 in
1410 1110 1684 1183 memorati
1705 1100 1881 1175 oppidi
1903 1100 2129 1183 ecclesia

564 1173 865 1248 collocavit.
881 1173 1007 1248 Quo
1029 1173 1182 1242 faeto,
1208 1180 1444 1246 protinus
1469 1179 1555 1233 ille
1586 1173 1916 1248 ignis,_quem
1950 1178 2128 1248 Domi-

568 1256 669 1318 nus
686 1243 825 1297 venit
843 1245 1051 1318 mittere
1072 1249 1122 1300 in
1153 1243 1341 1302 terram
1369 1260 1420 1301 et
1448 1243 1975 1317 quem'valde'ardere
1990 1247 2132 1318 cupit

567 1310 715 1386 (Luc.
738 1328 828 1378 xu,
848 1314 961 1383 49),
980 1316 1233 1372 cbaritate
1254 1318 1366 1386 ejus
1382 1310 1634 1373 accensus
1646 1328 1743 1371 est.
1766 1318 1951 1371 Statim
1970 1310 2130 1385 siqui-

567 1381 688 1456 dem
717 1392 865 1456 tepor
890 1381 1068 1440 noster
1093 1381 1326 1456 incaluit,
1353 1398 1406 1443 et
1430 1389 1619 1442 factum
1648 1398 1729 1442 est
1757 1404 1849 1441 cor
1869 1381 2125 1453 nostrum,

566 1450 702 1531 sicut
723 1454 1093 1531 seriptumest,
1124 1450 1323 1531 ardens
1342 1460 1391 1511 in
1416 1460 1494 1531 via
1524 1458 1647 1529 (Id.
1675 1475 1815 1519 xxiv,
1841 1460 1959 1527 52).
1984 1450 2131 1531 Tunc

565 1523 887 1601 enimillein
919 1526 1019 1601 ﬁde
1042 1528 1147 1601 jam
1174 1528 1392 1601 ardebat
1417 1523 1581 1589 zelus.
1614 1539 1851 1601 tuncspe
1872 1523 2132 1601 salvandte

567 1591 917 1666 multitudinis
947 1591 1197 1663 erigebat.
1242 1598 1476 1666 [leuique
1518 1600 1693 1651 statim
1738 1591 1982 1652 intercisa
2011 1607 2133 1652 sunt

564 1662 724 1713 etiam
752 1664 1081 1719 salutationis
1106 1668 1275 1719 ofﬁcia
1302 1708 1316 1733 ,
1343 1662 1403 1722 ei
1434 1683 1541 1722 non
1566 1670 1732 1722 solum
1760 1668 2125 1722 familiaritatis

566 1733 894 1805 consuetudo
910 1736 1137 1805 divulsa,
1163 1737 1253 1790 sed
1270 1738 1425 1791 etiam
1441 1740 1590 1791 noxia
1614 1740 1913 1793 inveterata:
1929 1740 2131 1805 species

567 1800 840 1854 cliaritatis
868 1803 931 1855 ad
954 1800 1132 1859 odium
1158 1810 1461 1875 temporale,
1483 1809 1573 1862 sed
1600 1824 1693 1875 pro
1714 1819 1925 1861 :cterna:
1946 1800 2131 1861 salutis

568 1886 752 1946 amore
783 1875 1027 1927 translata
1056 1886 1154 1930 est.
1184 1876 1238 1930 lu
1270 1880 1513 1931 omnibus
1545 1880 1729 1946 plateis
1756 1879 2008 1931 adversus
2036 1877 2131 1931 Ju-

568 1940 713 2017 da-os
745 1957 928 2009 pugna:
951 1946 1105 2016 Legis
1126 1989 1141 2014 ,
1172 1948 1221 2002 in
1249 1950 1494 2003 omnibus
1519 1940 1765 2003 domibus
1794 1948 1915 2003 ﬁdei
1954 1948 2131 2017 prmlia

566 2012 776 2077 gerebat
799 2020 905 2066 tur.

640 2082 694 2134 4.
734 2081 1039 2157 J_ud;rorum
1070 2088 1290 2155 populus
1317 2088 1543 2143 maxime
1570 2088 1840 2157 cujusdam
1867 2087 2132 2142 Theodori

568 2155 880 2228 auctoritate
904 2164 957 2209 et
988 2159 1215 2224 potentia
1244 2160 1525 2223 nitebatur,
1556 2155 1649 2228 qui
1674 2176 1776 2213 non
1804 2159 1974 2213 solum
1996 2160 2133 2212 inter

567 2220 800 2288 Judmos,
816 2220 1001 2278 verum
1018 2230 1175 2281 etiam
1200 2230 1334 2282 inter
1354 2220 1679 2283 Christianos
1698 2230 1934 2297 ejusdem
1956 2228 2131 2297 oppidi

567 2300 623 2344 et
650 2307 808 2367 censu
841 2298 1116 2367 etibonore
1144 2300 1320 2352 surculi
1354 2302 1649 2367 prazcipuus
1690 2308 1804 2353 erat
1826 2340 1840 2363 ,
1874 2300 2132 2367 siquidem

569 2363 705 2429 apud
738 2362 852 2419 illos
891 2366 1041 2435 Legis
1069 2368 1255 2423 doctor
1274 2410 1287 2433 ,
1316 2362 1368 2423 et
1397 2369 1490 2439 (ut
1517 2362 1751 2438 ipsorum
1784 2362 1903 2422 utar
1932 2362 2131 2439 verbo)

567 2442 719 2499 pater
743 2444 947 2500 patrum
994 2438 1088 2490 luit
1120 2456 1132 2490 :
1178 2440 1227 2492 in
1269 2441 1477 2493 civitate
1516 2449 1689 2493 autem
1730 2439 1932 2492 cunctis
1970 2438 2133 2492 curia:

569 2502 765 2559 muniis
793 2508 1095 2573 exsolutus,
1125 2521 1178 2561 et
1203 2510 1450 2562 defensor
1472 2511 1579 2577 jam
1611 2512 1919 2571 exstiterat,
1946 2518 1997 2562 et
2024 2508 2129 2575 jam

567 2587 708 2627 nunc
740 2585 987 2646 patronus
1016 2579 1349 2646 uuiuicipium
1380 2579 1622 2632 habebat.
1650 2578 1927 2632 Christiani
1956 2588 2131 2631 autem

569 2651 626 2693 ut
660 2643 855 2708 corde,
886 2646 951 2697 ita
981 2646 1136 2700 etiam
1166 2643 1223 2701 ei
1252 2650 1450 2702 viribus
1487 2648 1711 2702 humiles
1732 2689 1744 2710 ,
1774 2648 1867 2702 sed
1896 2647 2132 2701 veritatis

568 2711 759 2787 robore
784 2714 1086 2787 superiores
1106 2757 1119 2779 ,
1154 2720 1356 2784 patroni
1386 2718 1636 2787 Stephani
1668 2718 2013 2787 patrocinium
2039 2717 2132 2771 de-

568 2782 951 2856 precabantur:
978 2782 1382 2855 donec—utrique
1408 2782 1689 2853 exercitus,
1718 2803 1835 2841 cum
1856 2788 1963 2856 jam
1990 2786 2130 2841 diem

567 2852 872 2907 certaminis
898 2855 1273 2919 condixissent,
1301 2852 1441 2911 datis
1469 2868 1594 2912 tunc
1623 2852 2131 2911 induciis'discesse-

568 2928 711 2997 Luat,
734 2921 1005 2997 .Iudxeisid
1035 2942 1347 2997 magnopere
1374 2928 1818 2996 exspectantibus,
1848 2938 1903 2980 ut
1931 2926 2134 2981 scilicet

572 2988 982 3068 Theodorus,_in
1012 2988 1161 3063 cuju's
1191 2988 1246 3050 se
1267 2998 1438 3052 omnis
1468 2988 1730 3068 synagoga
1753 2988 1950 3068 viribus
1976 2997 2133 3050 accli-

568 3060 850 3135 nabat,ex
883 3060 1211 3135 Majorieeusi
1254 3068 1421 3120 insula
1453 3060 1834 3131 reverteretur,
1868 3066 1935 3119 ad
1974 3083 2129 3135 quam

568 3129 706 3205 forte
732 3129 975 3205 visendre
989 3138 1336 3203 possessionis
1360 3140 1525 3205 gratia
1550 3129 1871 3205 perrexerat.
1895 3129 2133 3204 Quiqui-

566 3200 686 3255 dem
718 3204 892 3277 statim
922 3200 1079 3259 ut'ad
1112 3223 1230 3260 eum
1272 3200 1429 3261 missa
1467 3200 1659 3277 legatio
1698 3218 1777 3262 est
1802 3248 1816 3271 ,
1847 3200 2089 3260 remeans
2114 3249 2128 3270 ,

567 3275 876 3328 auctoritate
897 3290 990 3329 sua
1018 3277 1211 3330 multos
1239 3282 1453 3341 terruit;
1484 3275 1575 3332 sed
1606 3293 1709 3332 non
1740 3278 2007 3337 exstinxit,
2038 3278 2131 3331 sed

567 3344 1242 3416 consopivitcontentionis
1270 3348 1568 3402 incendium
1604 3366 1615 3400 :
1645 3348 1844 3416 majore
1874 3347 2131 3413 siquidem

566 3411 1086 3486 illicoexardesceus
1119 3418 1367 3471 violentia
1391 3458 1403 3480 ,
1435 3420 1591 3472 etiam
1624 3411 1849 3471 vicinum
1880 3411 2129 3486 oppidum

567 3481 690 3536 fidei
714 3482 923 3557 flamma
948 3486 1218 3557 corripuit.
1250 3488 1313 3541 Et
1334 3498 1391 3541 ut
1417 3489 1547 3543 illud
1571 3488 1867 3543 Salomonis
1885 3481 2130 3555 ini—plere-

569 3560 688 3626 tur,
721 3552 905 3626 Frater
937 3552 1143 3626 frgtrein
1189 3558 1434 3626 adjuvaus
1469 3558 1770 3613 exaltabitur
1804 3565 1930 3611 sicut
1959 3552 2130 3611 civitas

566 3621 714 3695 ﬁrmo
733 3623 907 3695 e_t_alta
936 3621 1128 3691 (Prov.
1173 3621 1321 3693 xvitt,
1355 3628 1455 3695 l9)
1486 3646 1499 3694 ;
1540 3636 1838 3682 statuerunt
1871 3627 2019 3679 multi
2050 3627 2129 3679 fa-

568 3692 694 3745 muli
734 3693 966 3761 Christi,
1001 3697 1235 3752 laborem
1284 3692 1493 3752 itineris
1525 3698 1741 3752 minime
1780 3707 2087 3752 recusantes
2112 3738 2127 3763 ,

567 3772 785 3817 cunctas
810 3767 968 3818 animi
997 3767 1136 3821 vires
1163 3768 1284 3820 huic
1314 3769 1449 3823 bello
1481 3768 1706 3821 tradere.

636 3834 689 3888 5.
731 3832 1002 3906 Pendente
1033 3837 1186 3904 igitur
1213 3839 1411 3904 proelio,
1444 3852 1542 3891 nos
1567 3837 1774 3906 quidem
1800 3837 1969 3903 qualia
1995 3851 2131 3905 pra:-

565 3903 927 3975 paraverimus
944 3920 1103 3975 arma
1124 3947 1138 3970 ,
1170 3903 1433 3961 subditum
1463 3903 1595 3961 huic
1618 3908 1853 3975 epistolze
1882 3903 2131 3961 Commo-

566 3972 812 4045 nitorium
846 3973 1033 4045 probat
1063 3991 1076 4027 :
1108 3975 1248 4043 quod
1278 3975 1489 4045 quidem
1521 3992 1624 4031 non
1656 3972 1750 4044 pro
1780 3978 2128 4045 quorumdam

564 4042 912 4108 instructione
939 4044 1021 4098 edi
1051 4042 1309 4117 voluimus
1333 4048 1552 4117 (quippe
1579 4042 1669 4117 qui
1693 4061 1753 4100 ea
1782 4042 1988 4115 penitus
2009 4064 2131 4117 ege-

566 4127 707 4187 mus,
732 4120 785 4166 et
810 4129 969 4187 quam
992 4130 1020 4167 a
1050 4116 1383 4171 Beatitudine
1402 4116 1573 4171 vestra
1600 4116 1768 4186 magis
1790 4122 2125 4187 speramus),

565 4182 739 4256 scdgut
762 4184 1112 4256 animadverti
1158 4189 1355 4256 possit,
1388 4204 1491 4241 non
1518 4182 1786 4241 minimam
1816 4182 1912 4240 nos
1938 4182 2129 4240 sollici-

564 4253 801 4325 tudinem
814 4255 1111 4325 secundum
1132 4253 1396 4311 modulum
1416 4258 1771 4325 possibilitatis
1798 4266 1991 4310 nostrae
2008 4271 2128 4310 sus-

564 4327 703 4391 cepti
743 4323 987 4378 habuisse
1016 4328 1317 4389 certaminis
1344 4344 1357 4379 :
1388 4323 1651 4382 Christum
1682 4342 1840 4389 vero,
1872 4327 2019 4394 cujus
2046 4341 2131 4381 re-

562 4407 722 4463 gnum
753 4407 856 4457 non
891 4396 940 4448 in
980 4410 1225 4451 sermone
1248 4439 1262 4463 ,
1302 4397 1394 4451 sed
1441 4399 1490 4451 in
1518 4400 1706 4451 virtute
1735 4406 1814 4450 est
1837 4438 1851 4457 ,
1882 4397 2034 4449 nobis
2064 4413 2131 4452 ne

561 4464 779 4517 verbum
798 4464 1440 4541 quidemproferentibus,
1467 4468 1576 4521 suis
1600 4466 1777 4541 omnia
1793 4467 1989 4541 viribus
2011 4481 2130 4541 con:

563 4545 883 4605 summasse,
901 4543 953 4588 et
978 4536 1175 4603 ablsque
1202 4538 1307 4591 ullo
1331 4538 1524 4591 sudore
1550 4538 1854 4592 certaminis
1874 4537 2127 4590 exercitui

560 4616 658 4655 suo
681 4602 837 4668 hanc,
856 4602 1019 4677 quam
1038 4602 1192 4661 nemo
1216 4617 1305 4660 aut
1329 4617 1511 4677 optare
1535 4608 1779 4671 audebat,
1804 4616 1893 4660 aut
1916 4620 2129 4673 sperare

560 4680 787 4747 poterat,
818 4674 1089 4747 victoriam
1119 4674 1463 4732 concessisse.
1494 4677 1658 4731 Judaei
1692 4678 1846 4747 igitur
1875 4677 2129 4744 exemplis

560 4742 620 4796 Se
650 4742 933 4811 Machabazi
979 4750 1229 4813 temporis
1266 4748 1604 4802 exhortantes
1625 4790 1637 4810 ,
1669 4742 1889 4801 niortem
1921 4742 2127 4813 quoque

560 4827 657 4879 pro
688 4813 1032 4885 defendendis
1082 4817 1328 4885 legitimis
1370 4820 1479 4871 suis
1523 4818 1912 4871 desiderabant.
1940 4813 2126 4883 Itaque

560 4874 666 4956 ξιοιι
686 4874 863 4956 solum
892 4884 1054 4956 libros
1081 4874 1357 4951 revvolvere
1377 4930 1390 4948 ,
1423 4887 1516 4956 sed
1560 4889 1715 4941 etiam
1742 4901 1867 4941 saxa
1894 4927 1907 4947 ,
1931 4874 2089 4939 sudés
2108 4928 2124 4954 ,

556 4950 755 5029 jacula,
783 4954 1065 5023 omniaque
1090 4958 1307 5029 LClOl‘iilll
1335 4954 1532 5029 genera
1556 4958 1620 5014 ad
1650 4972 1967 5028 synagogam
1996 4950 2127 5029 coué

558 5020 697 5075 ferre
722 5020 932 5090 (Sumere
955 5020 1059 5087 ,'ut
1085 5020 1503 5081 Christian'orum
1542 5020 1709 5082 aciem
1736 5020 1928 5081 virtute
1958 5026 2126 5079 sancti

559 5092 787 5169 Spiritus
811 5093 1065 5169 munitam
1096 5096 1165 5164 (si
1196 5098 1265 5151 ita
1296 5113 1381 5151 res
1408 5096 1694 5169 posceret),
1713 5100 1870 5153 etiam
1892 5097 2127 5165 corporis

556 5164 757 5216 viribus
793 5165 1176 5231 propulsarent.

630 5232 683 5286 6.
728 5232 926 5307 Interea
966 5235 1087 5288 dum
1136 5235 1187 5290 hi
1230 5246 1514 5307 apparatus
1551 5245 2125 5307 gererentur,rmagno-

557 5318 663 5373 que
706 5303 1020 5359 altrinsecus
1062 5306 1234 5359 studio
1269 5303 1508 5361 futurum
1554 5303 1841 5361 instituitur
1884 5303 2075 5359 bellum
2107 5347 2121 5370 ,

560 5374 806 5443 utrinque
850 5376 1113 5442 exercitus
1154 5378 1591 5432 inenarrabilibus
1628 5388 1680 5431 et
1718 5376 2125 5432 absolutissimis

558 5445 778 5498 somniis
806 5458 1225 5515 commoventur,
1254 5449 1476 5517 qhorum
1506 5451 1550 5502 si
1580 5448 1777 5502 nullam
1810 5449 2016 5517 penitus
2042 5445 2123 5499 fa-

620 5600 983 5729 gina
1030 5664 1248 5729 Hispania
1277 5665 1473 5729 obsessa
1518 5664 1607 5714 hoc
1651 5671 1869 5725 tempore
1893 5676 1921 5712 a
1942 5662 2119 5713 Gothis.

558 5724 780 5774 Baronius
801 5725 857 5772 ad
874 5737 1050 5774 annum
1068 5726 1172 5772 Δ118.

2012 293 2371 351 ΑΡΡΕΝΒΙΧ.

3710 302 3805 355 εει

2234 424 2411 483 cerem
2436 412 2782 483 mentionem,
2810 426 2916 466 non
2930 410 3219 483 minimam
3246 411 3465 467 videbor
3490 423 3702 483 partem
3731 418 3805 468 di-

2234 481 2371 534 vina:
2400 481 2577 549 gloria!
2600 482 2905 551 operuisse.
2922 480 3013 535 Sic
3040 481 3180 535 enim
3206 484 3372 535 sancti
3401 480 3636 551 apostoli
3668 485 3803 541 Pauli

2235 551 2496 604 somnium
2520 550 2685 605 Lucas
2706 564 2868 604 sacra:
2894 550 3127 605 historiae
3151 552 3386 614 inseruit,
3406 550 3617 619 dicens,
3641 555 3805 609 virum

2234 620 2573 675 Macedonem
2596 621 2822 674 astitisse
2850 620 2901 673 in
2926 621 3130 676 visione
3155 623 3341 683 noctis,
3365 636 3613 677 orantem
3642 633 3703 677 ut
3725 628 3809 683 ad-

2230 690 2502 762 juvaretur
2529 691 2596 762 ab
2624 705 2718 762 eo;
2746 689 2928 762 et_hac_
2951 691 3262 762 Apostolum
3292 693 3497 747 visione
3522 700 3807 762 pmnoni-

2235 767 2380 823 tum,
2412 760 2615 813 itineris
2656 760 2757 813 alio
2797 759 3042 814 destinati
3085 774 3295 815 cursum
3335 762 3400 815 ad
3446 759 3805 819 Macedoniam

2234 830 2558 884 convertisse
2574 829 2733 953 éAct.
2763 844 2852 882 xvn
2872 870 2887 891 ,
2920 830 2975 895 9,
3007 828 3129 901 10).
3156 830 3360 897 Quanto
3389 833 3575 903 itaque
3606 833 3807 891 Domini

2234 900 2399 953 nostri
2423 899 2545 953 Jesu
2620 898 2768 953 hristi
2804 899 2973 953 maior
2993 910 3074 953 est
3099 902 3260 953 gloria
3282 941 3301 953 .
3321 903 3467 953 quod
3498 904 3547 953 id
3577 905 3806 953 minimis

2234 900 2399 953 nostri
2423 899 2545 970 Jesu
2574 898 2768 970 Christi
2804 899 2973 970 major
2993 910 3074 954 est
3088 898 3260 969 gloria
3282 941 3301 963 ,
3321 903 3467 970 quod
3488 898 3547 956 id
3577 905 3806 959 minimis

2234 976 2393 1042 atque
2425 969 2657 1042 indignis
2702 968 2914 1042 famulis
2954 968 3191 1024 revelare
3232 968 3480 1041 dignatus
3515 983 3604 1027 est
3628 1015 3645 1035 ,
3677 976 3806 1042 quod

2232 1038 2391 1110 etiam
2423 1039 2577 1110 beato
2608 1040 2857 1110 Apostolo
2884 1038 3309 1110 demonstratum
3331 1042 3615 1110 Scriptura
3642 1038 3807 1100 celare

2234 1109 2439 1178 noluit?
2469 1109 2629 1178 Igitur
2657 1109 2930 1162 brevitatis
2963 1123 3150 1174 causa,
3180 1126 3247 1164 ne
3271 1109 3598 1166 Beatitudini
3624 1125 3807 1167 vestae

2233 1176 2509 1232 fastidium
2529 1178 2752 1233 fortasse
2792 1179 3053 1248 gignatur,
3093 1181 3201 1234 duo
3241 1189 3445 1235 tantum
3485 1184 3704 1237 somnia
3731 1184 3808 1237 in-

2234 1262 2403 1301 seram
2414 1288 2424 1299 .

2305 1319 2356 1370 7.
2398 1317 2548 1390 Apud
2573 1333 2667 1371 nos
2687 1318 2873 1373 devota
2895 1318 3130 1387 quaedam
3152 1318 3581 1390 religiosissima,
3600 1326 3805 1376 nomine

2233 1386 2511 1462 Tlieodo’ra
2535 1429 2548 1451 ,
2591 1399 2787 1462 qumet
2814 1386 3112 1462 virginitate
3137 1386 3384 1462 corporis
3412 1433 3428 1456 ,
3461 1403 3514 1446 ct
3556 1394 3807 1462 religione

2235 1459 2564 1530 propositi,et
2581 1459 2806 1512 nominis
2827 1459 3254 1530 interpretatione
3271 1471 3454 1530 typum
3473 1459 3693 1529 portare
3708 1464 3801 1517 Ec-

2234 1528 2405 1600 clesia:
2423 1537 2732 1600 mereretur,
2757 1529 2951 1600 viditin
2975 1528 3175 1600 visione
3196 1528 3363 1583 noctis
3389 1528 3611 1584 viduam
3633 1550 3801 1600 quam

2233 1598 2355 1651 dam
2388 1598 2801 1662 nobilissimam,
2833 1598 2897 1651 ad
2925 1613 3038 1662 me,
3067 1599 3158 1666 qui
3198 1616 3301 1652 non
3346 1616 3440 1668 pro
3466 1598 3693 1664 merito,
3718 1603 3799 1657 sed

2237 1683 2331 1733 pro
2357 1668 2517 1721 divini
2548 1669 2781 1721 muneris
2806 1668 3043 1735 largitate
3070 1668 3369 1723 sacerdotio
3401 1673 3617 1736 iungor,
3642 1674 3797 1727 insero

2236 1745 2315 1789 tas
2336 1738 2351 1768 ί
2374 1738 2572 1791 litteras
2593 1754 2687 1808 per
2702 1754 2759 1809 se
2776 1737 3043 1809 misisse},
3060 1738 3394 1809 quibusmihi
3411 1752 3639 1794 cunctos
3659 1758 3801 1809 agros

2234 1822 2357 1861 suos
2372 1809 2439 1861 ad
2462 1807 2826 1862 semiuandum
2853 1808 3158 1877 suppliciter
3181 1807 3415 1863 offerret.
3446 1810 3627 1868 Simili
3650 1807 3794 1868 etiam

2234 1880 2440 1931 somnio
2468 1892 2552 1932 me
2577 1893 2783 1947 quoque
2809 1877 3044 1931 ultimum
3076 1887 3409 1947 peccatorum
3440 1881 3506 1933 ad
3530 1882 3794 1935 seminan-

2234 1948 2356 2000 dmn
2401 1948 2721 2016 praecingere
2763 1958 2817 2002 et
2856 1961 3197 2001 commonere
3236 1949 3483 2016 dignatus
3509 1960 3618 2003 est.
3650 1951 3795 2005 Vidua

2236 2019 2375 2071 enim
2393 2018 2631 2141 (Eliadum
2658 2019 2821 2071 altera
2848 2018 3193 2083 nobilissima,
3214 2034 3370 2087 quam
3396 2035 3679 2089 synagoga:
3696 2038 3794 2101 spe-

2236 2090 2369 2141 ciem
2447 2088 2659 2141 abuisse
2687 2104 2790 2141 non
2821 2087 3035 2141 dubium
3064 2098 3168 2141 est.
3200 2104 3283 2141 me
3310 2098 3369 2141 ut
3394 2105 3549 2141 aeros
3580 2106 3701 2141 suos
3727 2109 3794 2141 in-

2235 2090 2369 2141 ciem
2410 2087 2659 2143 habuisse
2687 2104 2790 2141 non
2821 2087 3035 2141 dubium
3064 2098 3168 2152 est,
3200 2104 3283 2141 me
3310 2098 3369 2143 ut
3394 2087 3549 2158 agros
3580 2087 3701 2143 suos
3724 2087 3795 2143 in~

2235 2159 2406 2211 Cultos
2436 2159 2782 2226 susciperem,
2814 2173 3027 2227 eosque,
3064 2158 3274 2226 quando
3317 2168 3521 2227 tempus
3552 2163 3793 2213 sementis

2236 2237 2467 2296 urgeret,
2492 2228 2769 2297 diligenter
2788 2227 3109 2290 excolerem,
3138 2227 3537 2296 deprecabatur.
3575 2229 3703 2294 Qua:
3724 2244 3791 2284 est

2236 2308 2409 2351 autem
2431 2300 2593 2351 altera
2617 2298 2939 2351 nobilissima
2964 2298 3140 2363 vidua,
3163 2300 3261 2350 nisi
3288 2299 3372 2350 illa
3401 2315 3516 2366 qua:
3534 2297 3788 2353 Christum

2237 2367 2395 2436 impie
2425 2367 2749 2436 perimendo,
2779 2370 3115 2436 semetipsum
3141 2368 3508 2423 crudelissime
3534 2370 3788 2422 viduarit?

2236 2438 2348 2491 lloc
2362 2440 2622 2492 somnium
2646 2438 2913 2506 utriusque
2931 2452 3091 2490 unum
3113 2446 3213 2491 est.
3234 2440 3368 2492 Ante
3386 2440 3603 2507 triginta
3623 2439 3786 2503 ferme,

2236 2523 2390 2589 quam
2418 2508 2744 2589 impleretur,
2767 2508 2900 2571 dies,
2928 2517 2979 2561 et
3000 2507 3193 2589 vidisse
3216 2522 3331 2589 nos,
3348 2517 3427 2589 et.
3443 2510 3570 2589 licet
3594 2512 3786 2589 absolu-

2239 2582 2431 2631 tionem
2461 2578 2577 2647 ejus
2604 2578 2965 2647 ignoraremus
2989 2618 3004 2643 ,
3041 2586 3215 2631 tamen
3260 2578 3513 2633 fratribus
3536 2581 3781 2634 indicasse

2236 2646 2569 2702 manife$tum
2599 2646 2699 2701 est.
2768 2646 2783 2658 ‘
3236 2670 3237 2673 η

2306 2718 2358 2771 8.
2401 2718 2551 2785 Apud
2571 2717 2783 2787 Judzcos
2802 2731 3008 2785 quoque
3025 2716 3375 2772 mirodivinze
3394 2718 3786 2787 dispensationis

2235 2788 2439 2851 ordine,
2462 2798 2519 2841 ut
2541 2797 2594 2842 et
2615 2786 2838 2850 nominis
2856 2787 3116 2843 Theodori
3137 2798 3191 2841 et
3210 2787 3366 2842 ofﬁcii
3384 2786 3560 2844 meiin
3588 2803 3691 2842 uno
3709 2789 3785 2842 lio-

2237 2858 2378 2911 niine
2405 2860 2630 2911 societas
2653 2858 2976 2911 conveniret.
3007 2858 3317 2911 Theodorus
3341 2863 3428 2926 qui
3457 2874 3696 2911 summus
3715 2872 3785 2911 sa-

2235 2928 2424 2981 cerdos
2446 2928 2627 2996 perﬁdi
2650 2928 2829 2997 populi
2850 2937 2982 2992 erat,
3010 2929 3270 2981 somnium
3293 2928 3431 2996 quod
3454 2928 3680 2988 viderat,
3698 2946 3785 2983 nou

2235 2998 2407 3051 Solum
2436 2996 2663 3062 Judaeis,
2683 2996 2774 3052 sed
2801 2999 2957 3050 etiam
2991 2999 3295 3066 propinquae
3323 2999 3529 3051 cuidam
3563 2999 3780 3051 matrifa-

2236 3068 2410 3121 niilias
2438 3068 2701 3134 primaria:
2730 3067 2893 3135 ipsius
2920 3069 3166 3133 civitatis,
3193 3069 3476 3136 multisque
3498 3070 3663 3121 etiam
3684 3070 3780 3122 aliis

2236 3137 2568 3201 Christianis,
2584 3146 2705 3191 ante
2727 3154 2828 3189 non
2854 3152 3067 3205 parvum
3094 3153 3250 3205 quam
3271 3138 3661 3205 adimpleretur
3676 3149 3784 3191 tem-

2237 3223 2363 3274 pus,
2397 3209 2478 3262 his
2507 3207 2837 3262 sermonibus
2867 3207 3175 3275 propalavit.
3204 3208 3360 3261 Eunti
3390 3208 3520 3260 mihi
3541 3248 3558 3270 ,
3596 3210 3779 3276 inquit,

2237 3278 2287 3331 in
2332 3293 2648 3349 synagogam
2674 3318 2688 3341 ,
2728 3276 3002 3349 duodecim
3031 3278 3127 3349 viri
3164 3292 3353 3332 manus
3380 3278 3573 3349 obvias
3599 3279 3779 3331 obtule-

2214 3346 2390 3413 trunt‘,
2418 3346 2654 3402 dicentes
2682 3364 2695 3398 :
2726 3347 2840 3414 Quo
2875 3346 3057 3399 vadis?
3086 3347 3193 3401 Leo
3234 3348 3340 3401 illic
3372 3357 3474 3400 est.
3513 3348 3651 3401 Cum
3676 3362 3783 3413 ergo

2236 3420 2415 3471 audito
2446 3419 2612 3472 leonis
2638 3419 2852 3470 nomine
2882 3416 3142 3487 trepidare
3168 3419 3449 3487 coepissem
3472 3458 3487 3481 ,
3520 3418 3693 3470 locum
3719 3429 3784 3469 ta-

2237 3503 2379 3552 men,
2411 3488 2535 3541 dum
2568 3488 2739 3557 fugam
2771 3501 2920 3555 paro,
2956 3486 3091 3540 unde
3118 3486 3578 3557 introSpiscvrem,
3610 3489 3779 3551 reperi,

2236 3568 2287 3612 ct
2310 3558 2411 3611 vidi
2441 3557 2727 3613 monachos
2749 3558 2854 3610 illic
2881 3557 3008 3609 mira
3034 3558 3286 3611 suavitate
3311 3558 3624 3627 psallentes.
3643 3557 3779 3624 Major

2236 3629 2362 3681 mihi
2392 3643 2553 3695 pavor
2579 3627 2717 3680 illico
2739 3627 2971 3695 adjectus
2995 3636 3094 3691 est,
3122 3636 3175 3680 et
3195 3628 3303 3681 nisi
3330 3629 3379 3680 in
3405 3628 3679 3696 cujusdam
3698 3642 3780 3679 no-

2237 3701 2376 3752 mine
2395 3698 2580 3752 Ruben
2604 3698 2866 3766 ingressus
2890 3697 3099 3751 fuissem
3125 3697 3359 3761 domum,
3383 3706 3437 3750 et
3461 3697 3585 3750 inde
3610 3698 3672 3749 ad
3692 3711 3782 3747 ma-

2238 3779 2366 3821 trem
2388 3768 2729 3836 propinquam
2752 3782 2905 3820 cursu
2932 3768 3183 3834 praccipiti
3200 3768 3597 3829 convolassem,
3620 3781 3781 3834 nequa.

2234 3854 2388 3906 quam
2432 3853 2615 3891 curam
2659 3836 2912 3890 mortiferi
2956 3837 3180 3906 terroris
3230 3839 3539 3891 evasissem.
3588 3837 3677 3889 Illa
3712 3850 3783 3892 me

2234 3904 2536 3969 exanimem
2566 3908 2683 3960 sinu
2713 3922 2809 3959 suo
2842 3904 3158 3970 confovens,
3185 3922 3216 3960 a
3261 3907 3570 3960 discrimine
3612 3906 3783 3974 pariter

2234 3994 2282 4029 et
2305 3993 2333 4030 a
2354 3988 2493 4032 metu
2515 3978 2723 4045 eripuit.
2753 3976 2862 4030 Hoc
2883 3975 2995 4043 ejus
3021 3976 3280 4029 somnium
3302 3978 3457 4030 valde
3478 3976 3677 4030 clarum
3696 3985 3781 4037 est,

2234 4057 2283 4100 et
2312 4048 2744 4116 interpretatione
2769 4061 2870 4116 uo_u
2898 4045 3113 4116 indiget.
3142 4046 3270 4111 Quis
3293 4048 3436 4099 enim
3462 4048 3565 4110 leo,
3597 4048 3693 4099 nisi
3711 4046 3783 4098 ille

2234 4118 2295 4170 de
2320 4114 2505 4170 tribu'J
2514 4118 2614 4169 uda
2642 4116 2792 4169 radix
2817 4114 2981 4167 David
3012 4114 3280 4187 (Apoc._v,
3315 4115 3420 4187 5)?
3443 4132 3562 4186 quae
3589 4117 3781 4183 propin-

2233 4202 2334 4255 qua
2350 4188 2457 4251 illa,
2478 4188 2575 4240 nisi
2597 4187 2662 4240 de
2677 4203 2776 4255 qua
2794 4185 3044 4253 scriptum
3062 4196 3163 4251 est,
3182 4185 3297 4240 Una
3313 4185 3382 4239 est
3400 4185 3781 4256 prepinquamca

2234 4257 2465 4325 (Cantic.
2491 4273 2563 4322 vi,
2581 4256 2614 4310 8
2635 4260 2691 4325 )?
2712 4256 2839 4311 Illud
2861 4270 2986 4323 ergo
3005 4256 3173 4309 solum
3197 4256 3475 4310 videbatur
3495 4256 3779 4319 obscurum,

2234 4328 2370 4395 quod
2400 4329 2449 4378 in
2484 4327 2698 4380 domum
2735 4326 2920 4380 Ruben
2953 4325 3149 4389 Judaai,
3177 4341 3205 4379 a
3236 4327 3391 4380 leone
3418 4342 3541 4379 cum
3570 4336 3778 4379 terrete-

2235 4394 2339 4459 t’ur,
2364 4398 2630 4465 ingressus
2652 4405 2732 4449 est
2760 4412 2774 4447 :
2805 4395 2942 4464 quod
2964 4397 3174 4463 quidem
3200 4398 3350 4449 nobis
3376 4394 3700 4463 postmodum
3722 4395 3777 4447 ab

2235 4470 2350 4535 ipso
2372 4468 2522 4520 leone
2544 4469 2629 4536 qui
2657 4467 2861 4536 terruit,
2888 4475 2943 4517 ut
2966 4467 3210 4530 salvaret,
3234 4467 3622 4520 evidentissime
3638 4479 3777 4536 espo-

2234 4534 2389 4591 situm
2420 4547 2499 4590 est
2531 4534 2712 4605 {quod
2742 4535 2935 4589 dehinc
2960 4550 3056 4589 suo
3084 4536 3461 4604 explicabimus
3490 4537 3622 4590 loco.
3648 4534 3776 4587 Nunc

2233 4617 2406 4663 autem
2433 4616 2620 4674 emptae
2646 4607 2724 4660 rei
2748 4607 2987 4659 ordinem
3020 4621 3328 4674 prosequar.

2303 4678 2356 4731 9.
2400 4678 2473 4731 Ex
2500 4677 2859 4731 Jammoneusi
2883 4678 3093 4729 civitate
3117 4676 3180 4728 ad
3206 4675 3587 4745 profectionem
3617 4674 3767 4745 famu-

2234 4750 2403 4803 lorum
2433 4746 2627 4801 Christi
2658 4747 2935 4799 multitudo
2958 4744 3221 4807 convenit,
3253 4762 3371 4813 qure
3395 4748 3444 4798 in
3473 4746 3585 4812 ipso
3603 4744 3771 4812 oppido

2234 4819 2513 4887 putabatur
2540 4818 2829 4870 consistere
2853 4832 2867 4881 ;
2899 4825 3145 4886 tantaque
3172 4816 3476 4887 difﬁcillinti
3493 4816 3681 4867 itineris
3704 4814 3769 4865 la-

2233 4885 2414 4943 borem
2448 4887 2717 4940 alacritate
2744 4888 2987 4952 confecit,
3019 4885 3075 4939 ut
3112 4887 3319 4953 triginta
3352 4885 3515 4937 millia
3550 4898 3767 4951 passuum

2228 4958 2508 5027 jucundius
2538 4956 2902 5019 transvolaret,
2946 4972 3099 5025 quam
3125 4958 3169 5009 si
3213 4957 3278 5007 ad
3305 4956 3653 5008 suburbanum
3689 4953 3767 5005 ali-

2232 5026 2371 5097 quod
2398 5028 2812 5081 amoenissimum
2833 5027 2899 5078 ad
2918 5026 3154 5097 convivia
3180 5027 3436 5097 epulaturi
3457 5032 3761 5097 vocarentur.

2235 5093 2397 5167 igitur
2433 5097 2702 5166 Magonam
2734 5097 3087 5165 pervenimus.
3128 5095 3315 5167 Statim
3346 5096 3526 5167 missis
3569 5093 3763 5167 clericis,

2231 5163 2939 5222 adventum'mcumVJudzuis
2970 5166 3220 5226 nuntiavi,
3246 5174 3301 5218 et
3331 5176 3387 5217 ut
3426 5166 3492 5217 ad
3521 5163 3763 5217 ecclesiam

2232 5250 2466 5293 sanctam
2512 5237 2765 5290 accedere
2812 5237 3167 5303 dignarentur,
3212 5236 3450 5304 poposci.
3504 5234 3576 5286 llli
3616 5245 3763 5284 autem

2233 5310 2555 5378 inopinatum
2585 5307 2736 5360 nobis
2766 5308 3002 5378 nuntium
3028 5306 3377 5378 remittentes,
3416 5305 3762 5378 mandaverunt

2232 5370 2509 5433 ecclesiam
2555 5378 2652 5430 sibi
2685 5378 2797 5443 (ne,
2842 5377 3021 5439 credo,
3052 5376 3432 5448 polluerentur)
3458 5372 3665 5448 ingredi
3689 5370 3759 5448 die

2232 5449 2414 5503 eadem
2445 5464 2546 5501 non
2575 5457 2818 5515 Oportere
2847 5463 2861 5503 :
2892 5460 3009 5499 esse
3049 5445 3187 5499 enim
3218 5446 3356 5497 diem
3398 5444 3609 5505 sabbati,
3636 5444 3759 5507 cujus

2233 5520 2565 5575 festivitatem
2588 5517 2697 5571 suis
2721 5517 2793 5571 illi
2820 5517 3020 5571 actibus
3043 5516 3420 5586 corrupissent.
3448 5515 3658 5569 Rursum
3678 5525 3757 5578 ego

2297 5658 2310 5687 ι
2346 5660 2502 5720 l-‘orte,
2520 5652 2786 5720 inscriptus.

2296 5720 2315 5749 ²
2350 5718 2485 5775 Alias,
2510 5718 2808 5779 prwiiiistsse.
