3926 6386
160 263 290 322 823

156 385 452 451 expetivi,
478 391 532 454 nt
560 398 645 438 me
669 383 736 438 ad
763 396 1102 454 synagogam,
1133 383 1175 435 si
1194 383 1438 454 mallent,
1460 385 1766 452 opperiren-

160 463 307 515 tur;
341 453 773 522 quandoquidem
794 453 1073 522 ingressus
1097 453 1337 522 ecclesia:
1370 453 1588 520 pollutio
1615 455 1764 508 vide-

162 531 342 574 retur
369 521 388 576 ξ
416 540 517 576 non
549 521 729 590 utique
755 536 846 575 eos
877 537 905 574 a
934 522 1082 576 nobis
1109 522 1161 580 in
1203 521 1290 577 die
1317 521 1434 575 festi
1475 523 1673 577 sabbati
1701 523 1768 577 ad

141 607 328 663 opus
360 593 553 663 servile
578 591 820 660 compelli
845 608 860 656 ;
885 590 1316 663 futurumautem
1342 592 1768 663 honestissimum

163 660 244 712 de
273 661 408 729 lege
428 659 747 722 conflictum,
771 675 869 715 nec
893 660 1196 714 excitandas
1215 661 1335 715 lites
1354 670 1406 716 et
1431 659 1631 715 fabulas
1651 676 1769 716 esse

167 730 539 800 miscendas;
586 739 677 800 aut
703 732 745 784 si
778 745 882 783 non
909 737 1080 783 astute
1122 742 1387 784 certamen
1431 730 1688 800 fugerent,
1719 740 1772 785 et

167 799 499 866 simplicem
540 799 790 853 afferrent
831 800 1243 862 excusationem,
1270 799 1610 854 ostenderent
1635 816 1770 867 pra:-

167 877 442 937 ceptum,
471 885 575 938 quo
601 869 653 922 in
698 884 763 923 eo
791 868 876 922 die
905 885 1202 923 sermonem
1247 869 1490 924 conferre
1534 869 1769 937 prohibi~

172 946 303 990 tum
339 939 433 991 sit.
463 939 542 992 Ad
570 938 681 992 haec
705 953 825 992 cum
856 938 933 991 illi
965 939 1013 992 in
1039 939 1281 993 omnibus
1303 939 1772 995 comradictionem

172 1007 674 1062 obstinatissimam
704 1009 1028 1072 retulissent,
1057 1008 1266 1064 tandem
1295 1010 1434 1063 illius
1460 1009 1625 1063 leonis
1661 1019 1769 1065 ter-

175 1093 322 1130 rore.
359 1078 639 1145 compulsi,
676 1078 740 1130 ad
768 1077 980 1131 domum
1010 1079 1060 1130 in
1093 1093 1246 1144 quam
1279 1079 1506 1148 hospitio
1532 1094 1772 1134 accesse-

174 1162 342 1212 ram,
375 1148 761 1218 confluxerunt.
796 1148 881 1218 ibi,
904 1162 1039 1215 ego:
1070 1148 1280 1215 Quaeso,
1303 1149 1541 1218 inquam,
1562 1150 1771 1216 fratres,

177 1231 377 1284 quare
404 1219 554 1285 quasi
594 1217 845 1273 adversus
873 1217 1119 1280 latrones,
1157 1217 1444 1286 praesertim
1485 1220 1535 1273 in
1564 1219 1775 1274 civitate

179 1286 466 1340 Romanis
494 1288 693 1357 legibus
719 1287 946 1350 subdita,
978 1303 1195 1358 acervos
1219 1304 1463 1342 saxorum
1495 1290 1775 1358 omniaque

175 1371 476 1428 armorum
492 1372 689 1428 genera
703 1358 1083 1428 congregastis?
1098 1357 1203 1413 Nos
1222 1359 1494 1427 acquirere
1511 1357 1771 1428 cupimus,

184 1441 299 1479 vos
331 1426 557 1494 perdere
583 1426 914 1482 desideratis;
943 1427 1055 1481 Non
1094 1443 1193 1491 ρει,
1235 1426 1484 1497 quantum
1512 1426 1759 1492 arbitror,

180 1510 421 1565 geqnum
448 1505 506 1550 ut
531 1505 634 1550 tam
674 1499 816 1553 varia
852 1497 945 1552 lite
981 1499 1289 1552 alterutrum
1319 1498 1652 1554 laboremus:
1685 1514 1776 1553 vos

181 1580 358 1630 vero,
408 1575 466 1620 ut
504 1567 674 1632 video,
710 1569 866 1622 sititis
905 1577 1140 1620 nostrum
1168 1569 1492 1636 sanguinem,
1527 1583 1624 1622 nos
1650 1584 1775 1623 vero

183 1644 442 1690 vestram
472 1639 718 1691 salutem.
750 1638 828 1708 Ad
860 1637 973 1708 [nec
998 1638 1070 1690 illi
1103 1639 1369 1708 paululum
1399 1639 1584 1698 territi.
1615 1654 1776 1708 nega-

182 1721 333 1760 vere
358 1708 548 1760 factmn
570 1725 584 1771 ;
608 1707 804 1762 nostris
823 1706 1206 1761 affirmantibus
1231 1709 1298 1762 ita
1323 1723 1380 1763 se
1403 1708 1594 1762 habere
1619 1706 1773 1762 etiam

186 1791 326 1829 eum
352 1776 702 1846 jurejurando
741 1777 1122 1831 reuitebantur.
1156 1777 1302 1832 Tunc
1326 1794 1445 1847 ego,
1495 1788 1550 1831 ut
1580 1779 1771 1832 nodum

186 1853 402 1913 coeptae
427 1847 778 1900 contentionis
815 1848 1175 1902 absrinderem
1205 1867 1218 1902 :
1251 1848 1346 1902 Ubi
1391 1865 1496 1913 res,
1542 1849 1773 1916 inquam,

187 1917 384 1988 oculis
416 1919 625 1988 probari
657 1929 846 1985 poteSt,
896 1917 1157 1986 juratione
1193 1919 1316 1988 quid
1352 1933 1483 1987 OptlS
1513 1917 1630 1971 est?
1676 1919 1778 1972 Ea-

191 2001 328 2040 mus
359 1987 517 2053 igitur
541 1987 604 2040 ad
633 2003 972 2058 synagogam,
1002 1999 1054 2043 et
1076 1987 1248 2058 utrum
1277 2004 1370 2056 pro
1397 1988 1522 2041 viti-.i
1549 2000 1614 2040 an
1637 1989 1777 2042 veri.-

192 2063 318 2108 tate
353 2057 751 2128 vestranitatur
771 2059 1016 2125 assertio,
1047 2057 1434 2128 vobistnetipsis
1465 2060 1777 2114 testantibus

189 2126 662 2192 comprobabitur.

276 2196 376 2251 £0.
419 2196 644 2268 Pergere
695 2198 851 2268 igitur
901 2197 964 2255 ad
1015 2213 1332 2268 synagogam
1386 2198 1678 2265 cmpimus,
1726 2207 1779 2252 et

198 2264 474 2343 hymnum
515 2264 737 2343 Christo
755 2283 845 2336 per
874 2264 1095 2336 plateam
1126 2264 1188 2322 ex
1219 2264 1550 2343 multitudine
1587 2268 1780 2343 laetitiae

193 2337 555 2407 canebamus.
600 2339 842 2392 Psalmus
870 2347 1065 2403 autem,
1113 2354 1269 2406 quem
1299 2340 1430 2392 mira
1454 2338 1781 2407 jucunditate

197 2408 378 2477 etiam
415 2423 443 2460 a
471 2406 770 2462 Iudaeorum
811 2408 1018 2477 populis
1059 2406 1464 2472 decantabatur,’
1508 2407 1592 2461 hic
1636 2408 1781 2464 fuit:

197 2475 382 2530 Periit
425 2479 663 2530 memoria
709 2475 892 2531 eorum?
923 2494 1032 2531 cum
1077 2481 1321 2543 strepitu,
1365 2488 1412 2533 et
1454 2477 1698 2532 Dominus
1729 2479 1782 2531 in

199 2557 460 2600 wternum
489 2558 740 2616 permanet
777 2547 942 2616 (Psal.
966 2565 1038 2616 ix,
1068 2550 1119 2610 7,
1150 2549 1229 2616 8).
1262 2548 1365 2602 Sed
1396 2559 1675 2616 antequam
1714 2547 1781 2602 ad

199 2631 536 2687 synagogam
581 2620 994 2687 perveniremus,
1023 2619 1260 2687 quaedam
1289 2618 1485 2672 ,ιυίιειεω
1534 2619 1783 2671 mulieres

200 2687 574 2756 (ordinatione
615 2688 774 2742 credo
804 2688 939 2757 Dei),
979 2689 1248 2741 audaciam
1281 2700 1680 2756 prtesumentes,
1728 2697 1784 2740 ut

203 2757 427 2811 scilicet
455 2767 753 2811 nostrorum
799 2758 983 2811 lenitas
1014 2759 1336 2822 ineitaretur,
1369 2757 1570 2828 lapides
1595 2758 1644 2810 in
1687 2772 1783 2810 nos

203 2840 303 2906 ex_
326 2828 618 2906 superiore
641 2829 758 2882 loco
788 2828 1196 2906 iminauissiuios
1222 2832 1420 2906 jactare.
1462 2836 1737 2906 coeperunt
1765 2844 1778 2881 :

247 2897 332 2966 ui,
355 2896 542 2950 mirum
569 2897 729 2961 dictu,
751 2913 867 2950 cum
895 2913 1051 2964 super
1075 2896 1513 2953 confertissimam
1546 2896 1752 2950 imiltitu
1769 2930 1782 2939 ο

227 2966 400 3034 linem
443 2968 712 3037 grandinis
753 2969 918 3021 instar
953 2968 1356 3033 descenderent,
1395 2969 1654 3025 neminem
1683 2983 1778 3020 no-

207 3046 473 3107 strorum,
493 3053 595 3090 non
626 3038 794 3091 solum
819 3039 943 3099 ictu,
967 3037 1058 3091 sed
1087 3053 1182 3093 nec
1214 3047 1353 3094 tactu
1383 3039 1594 3107 quidem
1622 3054 1782 3091 vexa-

205 3121 369 3164 vere.
395 3106 491 3162 llic
519 3110 668 3177 agnis
697 3108 804 3162 suis
834 3109 914 3162 leo
941 3107 1026 3162 ille
1055 3108 1301 3162 terribilis
1328 3106 1781 3162 manSuetudinem

209 3177 491 3247 paululum
532 3180 788 3232 absmlit:
839 3192 1022 3231 omnes
1063 3178 1343 3245 siquidem,
1374 3178 1785 3231 reclamantibus

211 3248 394 3316 nobis,
418 3261 540 3301 saxa
568 3248 876 3316 corripiunt,
899 3258 951 3301 et
974 3249 1195 3316 pastoris
1216 3248 1622 3302 commouitione
1645 3257 1785 3316 post-

214 3315 424 3384 habita,
477 3332 595 3372 cum
643 3315 801 3372 unum
853 3315 1024 3386 potius
1073 3319 1350 3372 consilium
1394 3319 1597 3373 cunctis
1641 3315 1785 3372 zelus

214 3387 400 3458 potius
431 3386 646 3453 Christi,
680 3403 833 3457 quam
869 3389 942 3441 ira
981 3399 1304 3457 suggereret,
1327 3389 1500 3458 'lupos
1538 3391 1786 3444 cornibus

216 3455 556 3528 impetendos
583 3455 900 3512 censuerunt
924 3475 937 3528 :
966 3455 1205 3527 quamvis
1234 3459 1332 3513 hoc
1355 3455 1491 3513 illius
1527 3461 1612 3528 qui
1641 3460 1785 3512 solus

214 3524 393 3597 bonus
415 3537 594 3597 pastor
616 3537 715 3593 est,
754 3538 880 3581 nutu
912 3524 1104 3582 factum
1135 3544 1254 3582 esse
1294 3530 1423 3582 nulli
1455 3524 1667 3584 dubium
1695 3530 1781 3582 sit.

223 3595 466 3666 Denique
487 3614 552 3652 ne
581 3608 850 3652 cruentam
885 3599 1030 3669 gregi
1059 3614 1156 3655 suo
1186 3600 1451 3654 videretur
1482 3601 1786 3669 prmstitisse

214 3669 497 3721 victoriam
531 3709 545 3732 ,
591 3683 747 3722 nemo
797 3668 1099 3723 .ludteorum
1149 3685 1207 3724 se
1256 3668 1554 3724 contactum
1599 3671 1782 3722 saltem

216 3734 406 3807 fuisse,
439 3753 504 3789 ne
528 3752 622 3804 pro
644 3739 834 3796 invidia
873 3740 1106 3807 quidem,
1138 3751 1192 3793 ut
1221 3755 1336 3794 mos
1364 3748 1465 3804 est,
1494 3739 1780 3794 simulavit.

215 3806 365 3860 Sane
409 3809 651 3874 quoniam
701 3810 1013 3862 omnimodis
1058 3811 1310 3872 debemus
1360 3811 1524 3864 vitare
1567 3809 1784 3863 menda-

211 3875 386 3939 cium,
419 3891 554 3928 unus
588 3892 652 3931 ex
679 3879 823 3929 omni
847 3880 1264 3935 Christianorum
1295 3894 1516 3932 numero
1544 3879 1786 3933 inventus

213 3951 328 4016 est,
358 3945 445 4016 qui
490 3960 608 4016 cum
640 3945 839 3999 Aeliam
868 3948 939 4000 illi
984 3949 1168 4006 similis
1195 3963 1313 4002 csse
1354 3949 1535 4008 vellet,
1563 3950 1651 4016 qui
1688 3949 1786 4002 sub

215 4013 348 4089 {esu
368 4014 506 4068 Nave
532 4015 596 4069 dc
621 4018 955 4089 anathemate
981 4017 1462 4089 spoliaconcupivit
1480 4013 1656 4089 (losue
1671 4016 1782 4089 vn).

217 4083 355 4139 Nam
378 4099 561 4138 servus
589 4085 860 4153 cujusdam
890 4083 1170 4140 Christiani
1193 4083 1357 4149 solus,
1383 4083 1503 4142 dum
1535 4083 1782 4154 aliquid'a

219 4169 488 4224 synagoga
514 4155 744 4226 diripere
778 4157 1121 4224 concupiscit,
1151 4158 1200 4210 in
1234 4157 1459 4226 lapidem
1483 4157 1786 4210 offensionis

222 4226 464 4296 incurrit.
514 4225 741 4296 Quidam
789 4241 915 4279 vero
962 4225 1300 4291 nostrorum,
1345 4227 1493 4296 quasi
1535 4226 1786 4280 adversus

221 4294 751 4366 Judteum,ilapidem
781 4295 991 4361 injecit;
1035 4298 1120 4364 qui
1161 4297 1317 4364 capiti
1342 4294 1456 4366 ejus
1498 4296 1688 4362 illisus,
1731 4305 1788 4350 ut

224 4365 414 4432 capitis
439 4365 541 4430 sui,
592 4366 642 4419 id
685 4375 766 4419 est
805 4366 1021 4433 Christi,
1069 4365 1415 4431 meminisset,
1464 4367 1780 4420 admonuit:

223 4435 366 4503 quod
396 4435 585 4490 vulnus
616 4435 735 4490 licet
756 4437 1110 4504 periculosum
1137 4437 1310 4500 fuerit,
1345 4445 1519 4490 tamen
1559 4446 1610 4488 et
1642 4437 1784 4491 illum

225 4505 425 4580 rapinze
467 4521 576 4559 suae
605 4505 856 4580 confiteri
881 4508 1358 4580 concupiscentiam
1407 4507 1679 4580 compulit,
1732 4515 1786 4580 et

223 4576 450 4646 cunctos
488 4591 553 4630 ue
579 4576 820 4630 similiter
846 4577 1166 4640 laberentur,
1201 4578 1447 4646 praesenti
1492 4577 1678 4629 terruit
1705 4577 1785 4628 ul-

225 4645 388 4699 tione.
439 4645 598 4715 Igitur
641 4661 914 4715 pOStquam
958 4647 1154 4701 Judaeis
1182 4645 1489 4715 Cedentibus
1526 4661 1786 4715 synagoga

225 4716 377 4786 potiti
405 4705 608 4781 suinus,
641 4705 826 4786 nullus
849 4731 912 4779 ex
956 4731 1018 4772 ea
1049 4717 1352 4786 quidquam,
1370 4705 1489 4769 'non
1516 4705 1634 4770 dico
1657 4705 1785 4770 ab;-

227 4784 365 4848 tulit,
396 4785 488 4840 sed
518 4801 616 4841 nec
645 4784 911 4859 cogitavit
954 4784 1206 4855 diripere;
1246 4786 1433 4840 Omnia
1476 4787 1590 4852 ejus
1625 4801 1784 4859 orna-

225 4865 426 4916 menta,
456 4856 686 4925 exceptis
707 4855 1027 4926 libris‘atquc
1049 4866 1267 4925 argento
1287 4871 1406 4910 cum
1429 4859 1549 4926 ipso,
1566 4855 1782 4926 pariete,

225 4926 361 4994 ignis
384 4926 693 4994 absumpsit.
724 4925 911 4979 Libros
931 4938 1163 4992 sanctos,
1192 4941 1258 4980 ne
1281 4925 1416 4994 apud
1457 4925 1666 4979 Jud:eos
1708 4925 1790 4978 in.

219 4995 418 5064 juriam
467 5004 789 5064 paterentur,
830 4996 1172 5060 sustulimus;
1217 5005 1489 5064 argentum
1520 5010 1668 5059 vero,
1721 5010 1787 5050 ne

226 5065 310 5119 vel
337 5065 404 5118 de
428 5066 599 5133 praeda
633 5075 830 5128 nostra,
874 5067 957 5120 vel
984 5065 1049 5120 de
1072 5081 1168 5120 suo
1197 5065 1473 5134 dispendio
1502 5079 1786 5134 quereren-

227 5144 331 5197 tur,
374 5135 501 5202 ipsis
546 5135 885 5190 reddidimus.
916 5136 1112 5190 Evcrsa
1141 5133 1314 5204 itaque
1340 5135 1544 5189 cunctis
1587 5133 1785 5188 Judtcis

225 5205 556 5271 stupentibus
576 5219 858 5275 synagoga,
888 5206 952 5259 ad
980 5206 1255 5259 ecclesiam
1283 5221 1399 5260 cum
1434 5204 1641 5275 hymnis
1666 5220 1786 5271 per-

227 5270 482 5344 reximus,
507 5283 559 5328 et
579 5270 1042 5329 auctori'victoria:
1086 5285 1280 5328 nostra:
1305 5270 1497 5344 gratias
1543 5270 1782 5344 referen-

227 5352 330 5407 tes,
379 5343 568 5414 effusis
603 5345 848 5412 precibus
889 5344 1258 5414 poscebamus,
1307 5355 1364 5398 ut
1390 5359 1510 5397 vera
1552 5343 1784 5410 perfidia:

227 5426 378 5467 antra
428 5413 676 5466 Dominus
704 5425 1050 5482 expugnaret,
1098 5423 1151 5467 et
1179 5415 1578 5467 teuebrosorum
1607 5421 1785 5482 pecto-

229 5499 344 5539 rum
369 5482 648 5538 infidelitas
675 5495 1047 5551 coargueretur
1073 5498 1102 5537 a
1132 5483 1347 5538 lumine.

300 5555 385 5607 Η.
426 5553 607 5606 Ruben
634 5553 844 5620 quidam
869 5552 1080 5606 Judzcus
1105 5568 1134 5606 a
1159 5553 1400 5616 Domino,
1429 5561 1486 5604 ut
1526 5551 1785 5618 primoge-

228 5623 368 5677 nitus
396 5623 629 5676 omnium
659 5623 1082 5687 constitueretur,
1125 5632 1206 5676 est
1233 5622 1451 5675 electus.
1501 5623 1628 5674 Nam
1671 5623 1779 5673 c|a~

233 5710 378 5754 more
401 5693 730 5755 sanctissimo
758 5693 1026 5746 lzetiiicans
1051 5693 1209 5748 corda
1248 5693 1549 5757 multorum,
1582 5691 1779 5745 absolvi

1540 269 1862 326 EPISTOLA
1903 271 2166 330 SEVERI.

3333 275 3436 330 8%6

1877 401 1934 439 se
1975 400 2003 438 a
2035 387 2252 442 vinculis
2296 387 2529 442 Judaira:
2575 387 2961 455 superstitionis
3007 385 3422 456 deprecabatur:

1875 457 2156 525 Statimque
2187 458 2482 525 primitivus
2519 457 2682 512 Iacob
2723 457 2915 521 factus,
2956 456 3160 526 signum
3203 456 3434 526 salutare

1871 528 2126 594 suscepit,
2158 537 2212 580 et
2257 528 2377 581 inde
2417 529 2611 580 nostris
2638 526 2888 580 lateribus
2913 525 3068 594 athe
3095 525 3329 579 consiliis
3356 525 3435 578 in-

1875 592 2106 660 luerens,
2136 597 2600 650 obstinatissimam
2629 606 2936 650 cunctorum
2977 592 3221 649 duritiem
3253 594 3430 648 nobis—

1873 680 1993 717 cum
2034 664 2292 734 increpat.
2331 666 2601 732 Triduum,
2631 667 2679 719 ni
2708 666 2878 730 fallor,
2916 680 3186 734 emensum
3219 674 3320 728 est,
3366 679 3430 716 ex

1875 749 1980 802 quo
2011 733 2254 788 nostri’in
2305 737 2563 801 oratione,
2611 744 2664 790 et
2691 735 2856 790 Judaei
2905 736 2954 788 in
2985 733 3199 804 perfidia
3243 734 3434 800 persti-

1878 812 2010 857 tere.
2058 804 2182 858 Post
2231 805 2342 860 lucc
2370 806 2512 859 venit
2554 805 2884 868 Theodorus,
2937 803 3282 858 multitudinis
3319 818 3431 858 sure

1876 873 2086 940 agmine
2111 878 2510 942 circumseptus,
2539 876 2602 929 ad
2633 876 2801 930 locum
2832 873 2882 929 in
2907 889 3011 942 quo
3031 874 3128 926 soli
3153 888 3430 942 synagoga:

1877 943 2124 1011 parietes,
2156 945 2242 1012 qui
2271 955 2388 1012 post
2418 945 2529 998 ha:c
2565 944 2900 1000 credentibus
2922 943 3118 998 Judaeis
3145 950 3269 997 sunt
3291 945 3431 1012 sub-

1878 1013 2036 1082 versi,
2079 1011 2356 1082 superesse
2397 1014 2708 1068 videbantur
2738 1032 2752 1068 :
2794 1013 2858 1066 ad
2889 1028 3043 1082 quem
3072 1013 3245 1066 locum
3274 1011 3432 1082 Chri-

1876 1081 2167 1137 stianorum
2196 1085 2389 1152 pariter
2418 1085 2694 1138 multitudo
2734 1081 2998 1152 convenit.
3023 1082 3098 1136 lbi
3123 1081 3434 1136 Theodorus

1877 1166 1996 1222 cum
2021 1151 2270 1207 audacter
2295 1154 2360 1208 de
2389 1155 2503 1222 lege
2529 1154 2815 1216 disserens,
2847 1151 3020 1206 omnia
3066 1167 3181 1222 qum
3215 1153 3433 1222 objicie-

1878 1220 2071 1276 bantnr
2098 1223 2340 1278 irrideret
2369 1220 2525 1293 atque
2553 1231 2910 1292 perverteret;
2949 1220 3177 1293 populus
3193 1221 3436 1293 christia-

1880 1307 1978 1346 nus
2013 1293 2192 1346 videns
2219 1294 2357 1362 quod
2379 1291 2808 1362 verbis’superari
2840 1291 3148 1360 nonposset
3171 1291 3434 1362 humanis,

1877 1361 2128 1416 auxilium
2168 1361 2397 1418 de’cmlo
2441 1361 2758 1432 imploravit.
2799 1363 2995 1417 Omnes
3024 1363 3212 1432 itaque
3237 1361 3434 1429 pariter

1878 1432 2184 1496 clamantes,
2213 1448 2330 1486 cum
2353 1431 2558 1488 summo
2587 1435 2745 1487 unita:
2772 1432 2916 1486 vocis
2942 1432 3146 1499 fragore
3166 1431 3432 1484 dixerunt:

1881 1500 2176 1570 Theodore,
2224 1503 2380 1557 crede
2419 1520 2468 1556 m
2496 1503 2785 1557 Christum.
2821 1503 2949 1555 Mira
3000 1500 3438 1570 indulgentissimi

1867 1569 2090 1626 .Domini
2121 1573 2481 1627 misericordia
2509 1573 2679 1627 adhuc
2707 1588 2865 1640 parva
2890 1569 3218 1640 petebantur,
3247 1579 3300 1623 et
3323 1585 3435 1631 ma-

1874 1639 1991 1709 jora
2021 1653 2395 1702 concesserat.
2429 1644 2534 1695 imo
2561 1659 2664 1695 non
2710 1639 2898 1694 mirum
2948 1651 3028 1695 est
3069 1641 3135 1694 de
3181 1639 3437 1708 Omnipo-

1882 1720 2026 1767 lente
2045 1714 2374 1767 miraculum.
2398 1712 2510 1781 Ipse
2531 1712 2724 1767 etenim
2751 1713 2990 1764 virtutem
3013 1711 3257 1781 clamoris
3281 1709 3437 1781 hujus

1881 1781 1933 1833 in
1974 1782 2185 1836 auribus
2231 1778 2530 1837 Judworum
2559 1782 2918 1841 commutavit,
2960 1780 3049 1849 qui
3090 1780 3214 1832 olim
3243 1778 3434 1849 effecit,

1879 1861 1937 1922 ut
1965 1862 2189 1920 quatuor
2227 1854 2418 1922 leprosi
2463 1854 2599 1920 regis
2624 1852 2809 1922 Syria),
2839 1852 2927 1921 qui
2958 1848 3258 1922 Samariam
3275 1848 3436 1922 obse-

1881 1919 2050 1984 derat,
2081 1919 2618 1991 castris'potirentur;
2666 1919 2718 1977 et
2744 1923 2831 1992 qui
2857 1919 2961 1989 per
2988 1921 3202 1975 Gedeon
3244 1919 3442 1992 Mattia-

1881 1993 2106 2062 nitarum
2134 1988 2336 2062 agmina
2382 1994 2734 2058 conturbavit,
2763 1988 3014 2060 deditque
3049 1990 3298 2062 trecentis
3326 1988 3440 2057 ejus

1883 2061 2010 2116 viris
2053 2059 2317 2131 ingentem
2362 2065 2475 2117 sine
2516 2064 2694 2117 labore
2727 2059 3020 2124 victoriam,
3067 2059 3299 2131 efficiens
3325 2074 3441 2131 per

1884 2129 2161 2199 terrorem,
2207 2143 2266 2187 ut
2306 2136 2500 2187 mutuis
2546 2133 2774 2189 hostium
2804 2131 3085 2188 multitudo
3130 2129 3440 2183 vulneribus

1885 2210 2323 2270 prosterneretur.
2361 2203 2429 2256 Ita
2472 2213 2525 2257 et
2565 2219 2703 2256 nunc
2748 2204 2844 2256 ista
2882 2216 2980 2254 vox
3029 2200 3180 2268 longe
3215 2199 3367 2255 aliter
3396 2213 3436 2270 va

1882 2267 2342 2326 circumstantibus
2371 2274 2568 2328 .ludaeis
2593 2282 2833 2340 suscepta
2862 2281 2962 2334 est,
2993 2267 3146 2340 quam
3177 2284 3206 2322 a
3243 2267 3438 2340 i'iiostris

1884 2341 2278 2413 innuittebatur.
2310 2344 2504 2413 omnes
2524 2344 2662 2397 enim
2685 2338 2995 2413 putaverunt
3020 2338 3240 2413 dictum,
3265 2338 3441 2413 Theo-

1883 2411 2045 2488 dorus
2063 2413 2317 2488 credidit:
2361 2406 2926 2488 ltaqtte_exist_.imantes
2953 2410 3242 2477 principem
3286 2406 3440 2488 perii:

1884 2479 1984 2534 diae
2014 2497 2120 2535 suae
2147 2482 2212 2536 ad
2259 2479 2641 2537 Christi—fidem
2681 2482 2843 2537 fuisse
2884 2493 3219 2541 conversum,
3267 2479 3438 2530 cuncti

1884 2552 2081 2621 pariter
2126 2553 2347 2621 trepidi,
2397 2553 2483 2606 tibi
2533 2553 2687 2605 timor
2730 2568 2834 2604 non
2880 2559 3014 2613 erat,
3065 2547 3436 2621 terrebantur:

1886 2616 2133 2675 inulieres
2161 2616 2343 2676 eorum
2371 2625 2567 2691 sparsis
2592 2622 2822 2676 crinibus
2846 2627 3180 2691 occurrentes
3215 2633 3333 2672 cum
3361 2616 3440 2671 fe-

1885 2691 1984 2744 rali
2026 2693 2222 2746 ululatu
2252 2689 2442 2746 nomen
2472 2693 2733 2746 Theodori
2763 2691 2997 2759 repetitis
3030 2689 3245 2743 vocibus
3287 2701 3443 2759 accug

1871 2759 2092 2826 sabam,
2133 2762 2406 2816 dicentes:
2459 2761 2502 2814 Ο
2549 2756 2844 2826 Theodore,
2897 2759 3020 2828 quid
3070 2759 3276 2813 fecisti?
3332 2756 3442 2812 V’iﬁ

1886 2839 2080 2895 autem,
2110 2831 2196 2885 alii
2225 2831 2290 2887 ad
2317 2831 2497 2885 devios
2526 2832 2690 2885 saltus
2715 2829 3010 2889 etfixnras‘
3033 2830 3285 2885 montium
3315 2841 3443 2881 con-

1888 2901 2086 2970 fugere,
2106 2901 2190 2959 alii
2217 2919 2307 2971 per
2333 2901 2702 2971 ipsiusloppidi
2729 2902 3033 2968 augiportus
3050 2899 3438 2964 discurrebant,

1886 2963 2138 3025 loctnn'iu
2165 2963 2269 3041 quo
2290 2963 2677 3033 delitescerent,
2707 2963 2940 3023 invenire
2973 2972 3263 3041 cupientes.

1959 3042 2044 3094 12.
2100 3037 2216 3110 Ipse
2259 3042 2567 3095 Theodorus
2619 3053 2834 3110 stupore
2885 3037 3438 3110 perculsus_divin_am

1886 3106 2200 3166 sententiam
2230 3113 2279 3166 in
2315 3112 2464 3180 plebe
2491 3125 2581 3163 sua
2612 3106 2860 3180 cernebat
2888 3106 3129 3180 impleri,
3161 3106 3314 3180 Fugit
3342 3107 3437 3158 im-

1888 3183 2001 3250 pius
2030 3183 2225 3256 nemine
2249 3176 2776 3256 persequente_(Prov.
2805 3176 2988 3256 x_xvnt,
3020 3179 3109 3256 l)__:
3143 3176 3236 3256 sed
3264 3186 3438 3256 tamen

1889 3249 1991 3304 non
2024 3249 2263 3314 nemine;
2315 3249 2726 3320 persequebatur
2767 3250 2908 3304 enim
2939 3263 3030 3320 eos
3056 3249 3143 3320 ille
3172 3250 3256 3302 leo
3279 3249 3438 3320 terri-

1890 3321 2028 3386 bilis,
2083 3322 2170 3390 qui
2213 3321 2278 3376 de
2303 3315 2583 3393 synagoga:
2622 3323 2775 3393 loco,
2805 3320 2940 3372 sicut
2963 3317 3243 3393 Theodoro
3273 3315 3444 3372 fueral

1887 3394 2205 3457 revelatum,
2230 3408 2323 3461 per
2335 3390 2636 3455 'monachos
2665 3390 2893 3459 rugitum
2928 3391 3195 3461 emiserat,
3203 3401 3327 3461 _quo
3349 3401 3439 3461 re-

1887 3462 2135 3517 sistentes
2165 3456 2455 3516 tremefecit
2486 3456 2752 3515 inimicos:
2779 3461 2962 3514 Stabat
3008 3459 3164 3526 igitur
3203 3456 3444 3511 Theodo-

1888 3547 1979 3586 rus
2009 3533 2060 3586 in
2089 3533 2204 3586 loco
2233 3548 2448 3602 prorsus
2475 3531 2682 3596 eodem,
2715 3547 2819 3599 quo
2843 3530 2890 3583 ei
2925 3528 3123 3597 pridem
3165 3542 3258 3596 per
3302 3542 3442 3580 som-

1889 3603 2034 3656 nium
2067 3601 2244 3656 terror’
2278 3603 2450 3656 fuerat
2475 3601 2645 3655 leonis
2689 3602 2948 3669 injectus:
2997 3607 3052 3652 et
3085 3613 3204 3669 cum
3231 3611 3443 3669 causam

1891 3681 2046 3726 tanta:
2073 3673 2432 3740 trepidationis
2465 3665 2772 3742 inquireret,
2800 3679 2854 3742 et
2884 3684 3076 3742 nomen
3114 3665 3445 3742 solummodo

1888 3744 2055 3796 nostri
2087 3737 2252 3796 leonis
2277 3743 2504 3804 audiret,
2536 3737 2754 3795 nullam
2802 3740 2927 3805 illic,
2977 3741 3110 3793 sicut
3155 3737 3443 3802 ferebatur,

1888 3813 2145 3867 feritatem
2173 3813 2378 3877 videns,
2402 3821 2602 3866 tantum
2629 3813 2915 3881 psallentes
2944 3808 3228 3881 monachos
3263 3807 3444 3881 intue-

1890 3883 2063 3948 batur,
2106 3891 2160 3938 et
2205 3886 2272 3936 ab
2320 3884 2465 3937 omni
2517 3877 2732 3936 suorum
2780 3879 3115 3934 multitudine
3143 3877 3443 3948 destitutus,

1889 3946 2202 4020 atque'elabi
2239 3968 2452 4020 parans,
2481 3953 2641 4006 etiam
2686 3953 2799 4020 ipse
2826 3951 3017 4020 pedum
3063 3950 3209 4020 viam
3243 3946 3450 4016 prospin

1890 4017 2064 4076 ciebat
2093 4039 2103 4073 :
2129 4017 2284 4089 quem
2307 4038 2424 4075 cum
2455 4017 3003 4077 lmrribili'formidinc
3031 4017 3446 4089 apprehensum,

1890 4106 1994 4144 non
2026 4086 2194 4143 solum
2226 4092 2404 4145 colore
2441 4092 2640 4155 vultus,
2681 4105 2864 4144 verum
2895 4089 3052 4142 etiam
3081 4086 3223 4140 vocis
3271 4086 3447 4141 officis

1889 4161 2195 4214 chtitntum
2240 4160 2424 4215 Ruben
2456 4160 2546 4213 ille
2594 4160 2956 4213 sanctissimus
2985 4157 3296 4225 aspexisset,
3327 4170 3451 4224 pro-

1889 4245 2015 4298 pere
2043 4230 2265 4294 accedit,
2307 4241 2360 4284 et
2389 4237 2698 4284 trementem
2729 4228 2920 4284 blando
2945 4241 3188 4281 sermone
3209 4225 3450 4298 compel-

1891 4296 2031 4364 lans,
2062 4301 2127 4354 ad
2156 4300 2350 4353 Christi
2393 4299 2551 4353 fidem
2581 4298 2991 4360 cohortabatur;
3024 4306 3180 4365 atque
3207 4296 3448 4365 ingerent

1891 4372 1960 4431 ci.
1995 4385 2089 4439 pro
2111 4369 2358 4439 suffragio
2401 4379 2596 4434 metus,
2629 4384 2739 4422 suae
2777 4367 3098 4439 credulitatis
3120 4366 3446 4439 exemplum,

1885 4435 2078 4494 donius
2124 4435 2321 4509 figura),
2374 4439 2638 4509 adquam
2680 4452 2875 4509 pavore
2905 4437 3070 4509 leonis
3118 4435 3447 4504 confugeret,

1891 4505 2282 4594 quodammodo
2309 4505 2612 4594 satisfacere
2638 4505 2946 4594 videbatur:
2961 4505 3184 4594 Venutii,
3197 4514 3333 4594 ιιιλςι
3347 4516 3450 4594 ne:

1892 4574 2117 4634 fideliter
2144 4581 2386 4634 universa
2431 4591 2726 4643 narremus,
2758 4585 2810 4630 et
2855 4591 2950 4630 vos
2989 4575 3078 4644 qui
3123 4589 3227 4628 non
3256 4574 3449 4644 eloquii

1891 4661 2157 4715 ornatum,
2189 4649 2281 4704 sed
2327 4649 2601 4704 veritatem
2645 4645 2899 4716 quaeritis,
2928 4643 3176 4716 libentius
3204 4643 3451 4716 audiatis,

1891 4721 2054 4792 ipsius
2085 4713 2270 4792 Ruben
2318 4719 2479 4792 verba
2502 4713 2789 4792 inser—ens,
2823 4715 3064 4792 nihibex
3116 4713 3450 4792 tsimplicitate

1891 4783 2148 4843 dictorum
2172 4790 2286 4858 ejus
2317 4787 2644 4842 subtraham.
2673 4787 2862 4840 Aiebat
2899 4784 3040 4839 enim
3066 4801 3078 4836 :
3111 4783 3243 4858 Quid
3276 4783 3449 4847 times,

1891 4861 2106 4914 domine
2135 4852 2451 4914 Theodore?
2481 4858 2534 4912 Si
2567 4858 2646 4911 vis
2674 4866 2820 4911 certe
2842 4869 3057 4908 securus
3084 4866 3136 4906 et
3163 4852 3450 4907 honoratus

1890 4940 1940 4984 et
1965 4932 2112 4982 dives
2139 4944 2276 4992 esse,
2311 4930 2362 4982 in
2408 4928 2676 4986 Christum
2719 4924 2896 4990 crede,
2927 4925 3064 4978 sicut
3111 4931 3164 4975 ct
3191 4936 3290 4992 ego
3335 4935 3457 4992 ριθτ

1892 5001 2022 5054 didi.
2049 4999 2204 5053 Modo
2250 4991 2302 5052 tu
2349 5007 2479 5064 stas,
2518 5006 2572 5052 et
2597 5011 2694 5065 ego
2724 5011 2843 5049 cum
2870 4993 3132 5062 episcopis
3177 4991 3387 5065 sedeo_:_
3410 4991 3456 5044 si

1892 5083 1947 5126 tu
1975 5071 2285 5132 credideris,
2314 5079 2367 5122 et
2391 5078 2447 5121 tu
2467 5059 2706 5127 'sedeliis,
2731 5075 2785 5118 et
2808 5059 2917 5132 ego
2932 5059 3127 5116 ante’te
3155 5062 3324 5132 stabo.
3347 5059 3454 5112 Hos

1890 5155 2162 5195 sermones
2209 5129 2538 5208 Theodorus
2569 5137 2675 5190 alta
2707 5129 2880 5188 mente
2907 5133 3222 5208 suscipiens,
3250 5129 3314 5208 ad
3357 5141 3454 5208 nos

1889 5214 1963 5265 ait
1992 5229 2004 5265 :
2035 5210 2245 5263 Faciam
2288 5207 2428 5276 quod
2459 5207 2652 5269 vultis;
2683 5212 2876 5276 tenete,
2906 5202 3097 5276 inquit,
3141 5202 3452 5276 promissio-

1892 5297 2013 5335 nem
2056 5280 2223 5341 hanc;
2274 5268 2367 5332 sed
2400 5277 2686 5351 permittite
2731 5275 2878 5336 mihi,
2921 5268 2990 5351 ut
3021 5271 3166 5350 prius
3215 5268 3451 5351 alloquar
3487 5338 3492 5340 _

1892 5353 2094 5420 plebem
2126 5363 2318 5408 meam,
2350 5355 2407 5420 ut
2447 5345 2700 5420 majorem
2740 5345 3105 5420 conversionis
3133 5355 3265 5420 mea:
3293 5345 3452 5391 etiam

1891 5409 1954 5475 ex
1988 5420 2202 5488 reliquis
2225 5419 2421 5486 possim
2448 5409 2644 5468 habere
2666 5410 2984 5466 mercedem.
3008 5410 3132 5464 l’ltec
3155 5409 3268 5476 ejus
3294 5422 3454 5476 spon-

1955 5517 1972 5547 ι
2007 5518 2240 5568 Fortasse,
2275 5506 2360 5558 alii
2381 5507 2446 5556 ad
2469 5503 2627 5568 deuios
2649 5501 2795 5568 saltus
2817 5499 3076 5568 ctﬁssuras
3090 5498 3318 5568 montium
3338 5509 3456 5568 con:

1890 5578 2070 5640 Mem
2098 5563 2237 5640 narra;
2259 5585 2308 5619 n-
2337 5568 2409 5626 η»
2435 5568 2500 5640 qd
2523 5565 2665 5616 δίιυαε
2685 5563 2792 5640 δέρε.
2805 5563 3031 5640 edentis
3047 5564 3459 5640 £9"[£’_-‘I.‘?L"i'_‘.€.‘i‘

1892 5624 2051 5695 'n."l5,
2079 5634 2142 5685 ad
2184 5624 2325 5683 uiam:
2359 5624 2649 5691 speluncam,
2675 5624 2744 5676 rel
2766 5624 2918 5686 potius
2943 5636 3112 5690 rupem
3130 5626 3457 5732 committat.
