3960 6548
474 394 596 446 '82"?

499 504 580 555 sio
605 516 723 556 cum
753 501 1142 556 inexistimabili
1187 507 1492 555 cunctorem
1522 497 1912 553 existimatione
1939 511 2060 550 sus-

500 581 650 639 cepta
679 579 761 624 est
787 590 798 624 :
828 571 917 624 alii
944 573 994 624 in
1016 586 1135 624 cum
1162 570 1456 624 amabiliter
1485 569 1766 639 irruentes,
1808 581 1868 620 os
1897 568 2061 635 ipsius

511 637 722 694 et‘colla
768 640 1086 705 mulcebant,
1115 641 1202 693 alii
1232 655 1351 692 eum
1380 639 1518 693 ulnis
1565 637 1809 692 mollibus
1861 638 2062 706 ample-

502 711 798 775 ctebantur,
845 711 930 764 alii
961 720 1136 764 autem
1163 709 1435 763 dexteram
1481 708 1714 762 dextera!
1755 707 2060 775 adjungcre,

503 791 556 830 et
607 794 904 834 sermonem
949 795 1230 834 conserere
1267 779 1577 847 gestiebant.
1626 777 1864 847 Perrexit
1908 777 2063 844 igitur

507 849 818 903 Theodorus
869 850 933 902 ad
981 851 1172 903 atrium
1211 846 1362 902 suum
1390 848 1622 917 quolibet
1651 846 1826 901 officio
1857 855 2065 917 nostro-

506 935 623 973 rum
652 919 824 983 hctus,
850 929 1024 973 tamen
1045 920 1310 974 anxietate
1339 916 1442 971 non
1469 920 1676 987 penitus
1695 930 1902 970 carens.
1931 916 2061 987 Nam

509 990 634 1042 licet
662 989 710 1041 in
740 989 952 1042 donmm
984 991 1164 1042 Ruben
1195 1005 1291 1057 per
1327 985 1727 1058 proxiiissionem
1754 1001 1914 1058 suam
1953 985 2063 1054 jam

513 1061 800 1122 veniretur,
842 1059 1112 1129 ingressus
1161 1057 1415 1112 tamenet
1462 1067 1585 1112 tunc
1633 1057 1864 1124 trepidus
1903 1064 2061 1118 erat;

511 1129 631 1198 quia
664 1129 893 1182 nondum
921 1129 984 1182 ad
1024 1129 1367 1198 prepinquam
1394 1136 1772 1198 venerat,_qu:e
1802 1141 1920 1198 eum
1950 1134 2067 1193 post

514 1197 740 1251 triduum
771 1196 1287 1266 materndsuScepit
1328 1198 1466 1262 sinu,
1498 1207 1550 1251 et
1593 1196 1661 1251 ab
1687 1197 1829 1249 omni
1863 1206 2068 1264 pertur-

513 1267 723 1320 batione
751 1267 1112 1336 trepidationis
1147 1268 1388 1322 absolvit.
1434 1267 1539 1320 Nos
1577 1276 1764 1336 autem
1785 1266 1850 1318 ad
1893 1267 2067 1320 eccle-

514 1338 644 1389 siam
676 1353 795 1390 cum
837 1335 1051 1407 hymnis
1089 1353 1154 1390 ex
1183 1353 1328 1391 more
1359 1337 1707 1405 perreximus.
1755 1335 2069 1407 Benedictus

520 1416 602 1459 est
630 1407 785 1460 Pater
810 1406 1288 1460 miSericordiarum
1319 1417 1371 1459 et
1401 1407 1539 1460 Deus
1567 1407 1723 1459 totius
1751 1406 2071 1458 consolatio-

517 1478 619 1538 nis,
649 1478 736 1546 qui
785 1477 930 1531 dedit
969 1478 1127 1545 capiti
1170 1485 1350 1530 nostro
1376 1491 1564 1544 aquam
1601 1483 1654 1530 et
1682 1476 1848 1528 oculis
1879 1476 2069 1529 nostris

519 1546 716 1599 fontem
762 1546 1136 1617 lacrymarum,
1183 1555 1237 1598 ut
1267 1547 1594 1617 ploraremus
1638 1547 1938 1617 vulneratos
1972 1561 2072 1617 ipo-

520 1617 622 1683 pnli
675 1615 1143 1670 nostri.‘Peractis
1188 1615 1447 1686 siquidem
1492 1617 1756 1686 mysteriis
1795 1616 2071 1686 ecclesiam

519 1687 736 1753 egressi,
769 1702 873 1739 non
903 1687 1169 1739 minimam
1201 1685 1250 1738 in
1291 1685 1568 1740 occursum
1599 1694 1835 1739 nostrum
1865 1685 2073 1739 Judieoc

518 1771 634 1808 rum
682 1755 1070 1808 multitudinem
1123 1756 1435 1810 convenisse
1481 1757 1822 1822 inspeximus.
1873 1755 2074 1809 Omnes

521 1826 838 1880 unanimiter
878 1825 1315 1894 deprecabantur,
1347 1838 1402 1878 ut
1428 1825 1621 1878 Christi
1658 1826 2014 1881 characterem
2043 1840 2074 1879 a

522 1911 626 1958 me,
655 1896 778 1949 licet
827 1896 1039 1964 indigno
1069 1906 1297 1963 pastore,
1341 1897 1687 1964 susciperent.
1719 1895 1936 1950 Reversi
1977 1896 2074 1949 ita-

523 1981 624 2033 que
651 1965 715 2019 ad
757 1965 1057 2027 ecclesiam,
1089 1975 1142 2019 et
1182 1974 1288 2018 toto
1327 1965 1485 2019 corde
1525 1968 1744 2019 Domino
1769 1967 1963 2035 gratias
1993 1981 2076 2020 re-

524 2037 769 2094 ferentes,
822 2036 961 2088 illico
1015 2037 1066 2088 iu
1115 2035 1372 2088 frontibus
1419 2051 1604 2090 eorum
1643 2038 1848 2104 signum
1890 2036 2075 2092 salutis

524 2106 880 2166 impiuximus.
912 2107 1038 2170 Quae
1074 2115 1246 2158 autem
1276 2121 1392 2158 cum
1423 2107 1504 2158 his
1541 2109 1627 2174 qui
1659 2109 1722 2160 ad
1753 2108 1931 2170 silvas,
1963 2107 2075 2160 sive

517 2177 588 2250 ad
611 2185 758 2232 antra
771 2179 1150 2250 _conl‘ugerant,
1195 2177 1392 2250 Christi
1430 2180 1622 2233 virtute
1644 2189 1789 2250 gesta
1819 2180 1942 2246 sint,
1974 2197 2093 2250 quae

518 2248 695 2320 lingua
727 2247 1006 2300 elfabitur‘!
1039 2249 1329 2320 prtescrtim
1371 2263 1490 2303 cum
1523 2247 1881 2320 unu~quisque
1908 2247 2091 2306 eorum

520 2319 786 2398 propriam
813 2318 1180 2398 conversionis
1207 2333 1330 2398 suae
1375 2320 1564 2398 habeat
1611 2318 1906 2398 historiam.
1928 2322 2092 2398 _Sicut

519 2388 697 2456 itaque
727 2388 1053 2455 impossibile
1098 2389 1248 2442 nobis
1293 2399 1375 2442 cst
1417 2394 1592 2443 omnia
1642 2392 1851 2455 dicere;
1897 2391 1974 2445 sic
2013 2393 2094 2446 in-

520 2469 740 2534 gratum
759 2470 943 2510 cuncta
978 2459 1269 2534 pra-linire.
1316 2462 1650 2534 Quapropter
1697 2478 1855 2514 unum
1902 2462 2096 2518 Christi

525 2531 856 2609 miraculum,
898 2533 1038 2609 quod
1087 2543 1191 2587 tum
1215 2549 1264 2609 __a
1307 2531 1546 2609 fidelibus
1592 2537 2079 2609 probatissimisque

525 2604 659 2673 viris
678 2604 1054 2673 comperimus,
1089 2604 1329 2671 precibus
1357 2606 1544 2658 vestris
1573 2606 1782 2673 adjutus
1811 2604 2074 2660 evolvam.

595 2669 700 2740 13.7
732 2671 844 2725 Duo
893 2669 1101 2740 quidam
1149 2673 1380 2740 primarii
1419 2669 1718 2727 Judmorum
1748 2716 1762 2738 ,
1807 2677 2076 2739 Meletius,

525 2737 784 2812 Theodori
813 2737 991 2812 frater,
1025 2753 1076 2795 et
1100 2737 1452 2812 lii—nocentius,
1475 2745 1560 2812 qui
1589 2737 1952 2812 l-liSpaniarum
1981 2737 2081 2802 cla-

530 2807 642 2861 lem
667 2825 831 2877 nuper
851 2810 1118 2879 effugiens,
1150 2827 1267 2865 cum
1299 2807 1508 2866 famulis
1540 2816 1648 2866 suis
1673 2807 1738 2869 ad
1771 2821 1908 2871 hanc
1939 2818 2081 2872 insu-

529 2889 626 2930 nm
659 2889 904 2950 venerat:
938 2884 1071 2934 sicut
1100 2897 1236 2935 nunc
1267 2883 1361 2950 ipsi
1390 2884 1546 2936 etiam
1577 2899 1693 2938 cum
1720 2897 2079 2942 sacramento-

522 2962 636 3000 ‘tum
667 2949 886 3026 terribili
915 2949 1310 3026 interpositione
1339 2952 1669 3019 confirmant,
1695 2956 1758 3008 ad
1781 2973 1934 3010 unam
1957 2973 2079 3026 Spe-

531 3032 748 3090 luncam,
778 3021 856 3073 vel
885 3022 1056 3088 potius
1083 3037 1265 3090 rupem
1287 3036 1665 3087 convenerunt,
1695 3021 2003 3080 associando
2024 3043 2081 3082 se

521 3085 729 3141 luohus
752 3085 1484 3165 quibusdamJuilaiis‘humili
1516 3093 1632 3165 loco
1655 3085 1806 3157 nrtis,
1836 3099 1922 3165 qui
1952 3099 2081 3153 istos

523 3159 816 3213 communis
846 3159 980 3228 fugze
1003 3162 1262 3229 principes
1290 3161 1542 3231 legerant.
1569 3164 1728 3230 igitur
1746 3159 1866 3220 cuni
1888 3168 1937 3220 in
1967 3169 2080 3222 loco

525 3231 931 3304 eorumutrepidi
961 3231 1368 3304 :ui'helautcsque
1417 3233 1680 3304 paululum
1728 3237 2077 3304 resedissent;

523 3296 933 3376 duos__illos,__qui
964 3310 1118 3376 artato
1131 3296 1342 3376 alacres
1372 3296 1670 3376 ctaudaces
1697 3315 1864 3370 erant,
1893 3296 2082 3376 exple;

527 3368 674 3420 randi
714 3371 879 3437 gratia
918 3371 982 3423 ad
1023 3372 1270 3439 Oppidum
1322 3374 1671 3438 remittentes,
1713 3376 1807 3428 soli
1845 3368 2080 3432 dere-licti

522 3447 645 3490 sunt
669 3439 757 3491 ibi.
781 3440 935 3514 _'l‘unc
965 3442 1374 3514 priorAMelctius
1397 3459 1411 3495 :
1436 3444 1569 3514 Quid
1611 3453 1712 3508 est,
1759 3447 1941 3514 inquit,
1973 3448 2080 3500 fra-

525 3516 625 3573 ter,
657 3508 1057 3584 quodﬂvcrbum,
1083 3511 1216 3584 sicut
1239 3513 1392 3565 docet
1413 3513 1593 3582 religio
1618 3524 1814 3580 nostra,
1831 3508 2081 3584 blasphe-

525 3592 666 3630 mmn
695 3579 920 3633 avellere
945 3595 973 3632 a
1003 3581 1162 3635 corde
1184 3597 1301 3655 meo
1324 3579 1563 3655 nequeo?
1591 3585 1662 3637 Ex
1685 3602 1788 3655 quo
1812 3579 1963 3639 enini
1981 3588 2084 3640 fra-

525 3655 656 3726 trem
685 3665 856 3726 meum
887 3666 1197 3726 conversum
1229 3653 1389 3726 fuisse
1413 3652 1827 3708 Christianorum
1859 3657 2081 3726 populus

521 3721 845 3794 inclamavit,
880 3720 1173 3794 nihilalind
1206 3723 1344 3794 mihi,
1379 3725 1430 3794 in
1461 3726 1621 3778 corde
1648 3720 1962 3794 Suggeritur,
1993 3730 2094 3781 nisi

524 3789 624 3843 hoc
667 3790 885 3864 verbum
936 3791 1062 3864 mihi
1089 3807 1254 3864 usque
1284 3793 1347 3846 ad
1379 3793 1518 3847 hunc
1545 3795 1682 3847 diem
1713 3789 1917 3862 pellitus
1949 3789 2097 3864 igno-

522 3869 692 3934 ratum
717 3879 728 3912 :
759 3860 988 3919 Christe,
1021 3861 1070 3912 in
1103 3863 1314 3934 nomine
1343 3872 1448 3916 tuo.
1478 3864 1684 3928 Quanto
1705 3860 1869 3931 magis
1891 3860 2098 3934 pulsare

521 3930 623 3984 hoc
649 3933 715 4002 ab
743 3935 917 3988 animo
947 3950 1066 3989 meo
1116 3926 1272 4002 nitor,
1321 3950 1464 3992 tanto
1501 3926 2082 4002 violentius.tenacius-

518 4015 620 4122 pne
649 4001 962 4084 inharrescit.
1017 4006 1096 4060 Ad
1147 4001 1266 4062 haec
1305 4011 1676 4066 Innocentius:
1713 4014 1848 4076 Non,
1891 4001 2078 4087 inquit,

543 4080 708 4122 rustra
754 4072 838 4122 hic
875 4088 1070 4122 sermo-
1100 4093 1254 4122 mmm
1285 4096 1377 4122 cur
1408 4090 1548 4122 Innm
1615 4093 1668 4122 nt
1700 4089 1833 4122 simul
1862 4099 2078 4122 nmmum

543 4075 719 4153 rustra.
754 4072 838 4153 hic
875 4088 1071 4141 sermo,
1100 4093 1254 4146 quem
1285 4096 1377 4132 eor
1408 4090 1572 4147 tttum,
1615 4093 1672 4135 ut
1699 4072 2082 4153 apud'cun'ctos

518 4141 944 4227 probatissimum
972 4155 1072 4211 est,
1104 4141 1256 4227 antea
1289 4167 1385 4205 nec
1419 4141 1682 4227 cogitavit,
1725 4141 1822 4210 nec
1851 4141 2081 4227 unquam

518 4212 754 4295 protulit,
797 4214 880 4295 hic
924 4220 1220 4295 priesertim
1273 4222 1448 4295 menti
1478 4212 1597 4286 fine,
1631 4212 1686 4277 ut
1717 4212 2078 4291 asserisﬁtam—

517 4280 774 4337 violenter
798 4280 1024 4341 insertus
1045 4296 1126 4342 est
1159 4307 1172 4343 :
1205 4291 1303 4344 hoc
1330 4308 1392 4345 ex
1424 4291 1530 4346 Deo
1558 4280 1675 4346 esse
1701 4280 1945 4350 arbitror.
1979 4280 2080 4354 hic:

517 4355 1064 4436 ru‘mtamenelahora,
1088 4359 1330 4436 obsecro,
1368 4370 1420 4436 et
1455 4362 1642 4436 fabulis
1673 4364 1753 4418 his
1781 4367 2076 4436 declinatis,

519 4423 994 4503 interpellationem
1024 4429 1262 4484 molesta:
1301 4423 1635 4503 cogitationis
1677 4438 1900 4503 expelle.
1931 4423 2079 4494 Tune

515 4489 756 4578 hleletius
783 4495 852 4578 ita
879 4495 1184 4578 obstrepere
1215 4511 1266 4555 et
1297 4489 1527 4554 confusis
1553 4489 1872 4578 clamoribus
1897 4489 2079 4578 perso:

516 4576 642 4634 _nare
671 4574 850 4631 cmpit,
877 4574 930 4619 ut
958 4581 1077 4620 eum
1119 4585 1240 4622 cum
1271 4587 1363 4624 sua
1405 4581 1583 4626 mente
1628 4575 1831 4634 luctari.
1863 4574 1962 4630 non
1993 4595 2078 4630 so-

515 4629 623 4715 lum
655 4629 866 4715 nutibus
894 4638 1086 4700 vultus,
1119 4639 1210 4693 sed
1230 4641 1392 4715 etiam
1428 4644 1584 4695 totius
1625 4629 1861 4712 corporis
1886 4629 2078 4702 indicio

514 4699 1179 4784 Innocentiusncerneret.__
1207 4710 1356 4784 Quod
1401 4699 1737 4784 posteaquam
1781 4732 1846 4769 ne
1895 4699 2077 4784 parum

513 4772 727 4852 quidem
761 4777 1012 4852 prolicere
1037 4772 1313 4852 intellexit,
1342 4772 1616 4850 et'adjecit'
1641 4786 1797 4837 etiam
1845 4772 1990 4852 illud,
2024 4798 2079 4842 ut

513 4841 673 4921 verba
695 4845 932 4910 quadam
964 4849 1178 4921 profana
1207 4859 1256 4904 et
1291 4841 1459 4920 turpia
1485 4841 1828 4920 'loqueretur,
1857 4866 1910 4910 et
1940 4841 2078 4912 nunc

514 4911 729 4964 naribus
753 4911 1044 4994 corrugatis
1060 4933 1234 4994 aerem
1257 4911 1478 4994 sorbens
1495 4911 1806 4994 inhonestos
1817 4911 2076 4994 'strepitus

512 4992 798 5060 promeret,
826 5000 964 5060 nunc
990 4986 1163 5041 fetidis
1183 4991 1376 5045 risibus
1396 4992 1826 5060 cacliiunaretur;
1849 4986 1952 5049 sed'
1966 4997 2078 5051 ha'c

511 5049 802 5135 abuaninio
831 5054 960 5134 'ejus
999 5072 1189 5110 nomen
1233 5061 1426 5135 Christi
1471 5049 2078 5135 exstingtterc'nequivit

509 5129 734 5205 insania,
757 5129 875 5205 quia
895 5129 1245 5205 jam'cunctas
1269 5129 1384 5205 _ejus
1402 5129 2078 5205 _mcdullas'sanitatis-ignis

510 5199 820 5270 pervaserat
851 5209 862 5244 :
891 5193 1026 5270 Quid
1061 5210 1228 5270 _ergo,
1269 5193 1458 5266 inquit,
1503 5201 1767 5256 Innocenti
1811 5193 1990 5270 frater:
2023 5206 2075 5260 in

510 5263 834 5315 contrarium
863 5263 1018 5317 verba
1060 5263 1155 5318 ista
1195 5263 1504 5321 vertuntur?
1548 5271 1903 5327 Aholitioncm
1946 5263 2074 5329 mihi

511 5331 740 5384 nominis
774 5332 966 5411 Christi
995 5349 1099 5411 _nee
1127 5337 1442 5411 scurrilitatc
1483 5342 1784 5404 verborum,
1817 5358 1912 5397 nec
1951 5345 2077 5411 ipsis

510 5414 740 5482 possunt.
772 5403 1008 5482 obsceni
1054 5406 1625 5482 sonittis__extorquere
1675 5403 2014 5482 blasphemiis
2059 5432 2072 5468 :

508 5469 647 5550 aliud
697 5470 962 5550 siquidem
996 5475 1124 5528 mihi
1165 5477 1310 5550 reddi
1346 5469 1537 5550 sentio,
1583 5479 1720 5550 quod
1749 5469 1924 5536 cordis
1973 5485 2076 5538 mei

508 5541 745 5622 auribus,
774 5556 908 5621 quas
940 5543 1436 5622 fr_u_s_tra_obstruere
1472 5541 1629 5622 nitor,
1649 5548 1853 5622 _Christi
1881 5568 2074 5607 nomen

509 5614 747 5688 ingerere
767 5614 1068 5688 incessabili
1104 5615 1466 5688 clamorenon
1494 5618 1703 5673 desinit.
1747 5619 1840 5672 His
1883 5622 2078 5678 Meletii

507 5677 681 5731 verbis
711 5680 832 5733 talia
865 5682 1196 5738 Innocentius
1219 5687 1427 5740 retulit:
1451 5687 1682 5742 Fratrem
1709 5705 1881 5744 meum
1899 5677 2078 5746 Theo;

507 5746 692 5827 dorum
719 5749 979 5817 doctrina,
1003 5753 1202 5827 honore
1222 5767 1275 5827 et
1312 5765 1465 5810 :etate
1489 5758 1776 5827 majorem,
1799 5761 1862 5813 ad
1883 5761 2078 5818 Christi

506 5813 660 5869 tidem
687 5813 1001 5876 conversum
1042 5823 1123 5880 his
1148 5825 1361 5881 auribus
1401 5813 1737 5885 audientibus
1763 5813 1911 5901 plebs
1933 5813 2081 5888 bini;

1932 384 2297 440 APPENDlX.

3654 377 3741 431 823

2163 499 2331 551 stiana
2361 505 2544 550 testata
2575 504 2685 561 est;
2738 497 2998 565 poteritne
3048 494 3183 561 ﬁeri,
3226 504 3285 549 ut
3309 495 3488 550 etiam
3535 502 3615 555 tu,
3645 508 3751 560 ger.

2161 569 2301 620 mani
2334 569 2643 621 constrictus
2671 567 2934 634 exemplo,
2971 568 3281 636 religionem
3310 565 3601 636 judaicam
3625 575 3754 616 dese

2164 639 2286 691 ras?
2315 637 2451 702 Quid
2477 652 2609 707 ergo,
2629 637 2678 690 in
2711 636 2806 707 hac
2833 636 3051 707 terribili
3075 634 3373 690 solitudine
3395 634 3614 707 diutius
3639 643 3755 687 tem-

2163 721 2262 777 pus
2294 705 2556 777 terimus‘f
2582 706 2840 777 Quamdiu
2878 705 3037 759 etiam
3083 707 3260 777 inopia
3295 708 3480 777 victus
3528 705 3760 758 laborare

2165 775 2488 846 poterimus?
2529 775 2662 844 Quid
2715 791 2887 829 causae
2930 785 3032 839 est,
3085 786 3146 846 rut
3198 775 3342 846 fame
3392 775 3759 840 tabescamus,

2164 845 2466 902 arescamus
2495 848 2600 912 siti,
2625 846 3017 914 obrigescamns
3046 845 3226 914 algore
3243 845 3269 898 ?
3295 846 3362 898 ad
3398 855 3760 913 postremum,

2163 917 2302 986 quod
2323 916 2430 982 jam
2463 916 2706 984 patimur.
2740 924 2935 986 nostra:
2958 914 3134 986 hujus
3172 914 3763 986 solitudinisgliorribili

2170 984 2444 1041 teneamur
2466 987 2710 1040 silentio?
2740 985 3004 1055 Numquid
3032 986 3298 1038 latronum
3326 984 3579 1047 vincula,
3613 999 3765 1037 num-

2165 1057 2288 1126 quid
2317 1057 2656 1110 barbarorum
2685 1054 3188 1126 gladios’lugimus;
3237 1055 3518 1123 numquid
3560 1057 3769 1126 sangui-

2168 1124 2287 1180 nem
2317 1134 2551 1179 nostrum
2579 1126 2728 1192 plebs
2750 1133 2892 1178 tanta
2928 1125 3252 1187 misericors,
3280 1140 3451 1193 quam
3487 1139 3595 1191 pro
3623 1124 3766 1176 nobis

2167 1196 2294 1250 flere
2323 1196 2710 1264 conspeximus,
2751 1195 3113 1262 concupiscit?
3158 1193 3570 1257 Recordemur,
3614 1194 3768 1248 obse-

2167 1281 2279 1328 cro,
2309 1281 2463 1334 quem
2489 1281 2716 1332 unquam
2760 1264 3026 1318 lmseritvi
3058 1273 3392 1334 nostrorum,
3437 1264 3532 1334 vel
3583 1264 3767 1316 saltem

2169 1333 2474 1405 irrogaverit
2521 1336 2784 1402 injuriam.
2837 1333 3274 1405 Rcvertamuriad
3319 1333 3614 1405 innoxios,
3644 1349 3771 1405 quos

2169 1407 2220 1459 in
2252 1403 2395 1459 nullo
2422 1405 2647 1458 lzesimus
2667 1405 2937 1468 inimicos;
2959 1405 3167 1472 etquod
3192 1404 3304 1472 Deo
3328 1404 3632 1471 placuerit,
3659 1403 3764 1456 ίὶςι.

2168 1476 2248 1529 Ad
2282 1475 2392 1529 lucc
2420 1475 2654 1528 Meletius
2685 1490 2696 1524 :
2729 1474 2840 1542 Ego
2879 1483 2954 1538 te,
3001 1471 3190 1543 inquit,
3240 1471 3540 1527 Innocenti
3586 1472 3770 1538 frater,

2170 1561 2327 1614 quem
2371 1560 2475 1598 non
2521 1545 2688 1598 solum
2734 1545 2926 1608 latinis,
2973 1543 3065 1596 sed
3112 1545 3273 1596 etiam
3319 1545 3531 1614 grecis
3584 1543 3771 1614 litteris

2171 1613 2432 1670 eruditum
2477 1616 2604 1677 scio,
2653 1622 2706 1666 et
2752 1614 2920 1682 legem
2965 1613 3162 1682 jugitcr
3207 1613 3488 1676 meditari,
3543 1613 3769 1666 oblitum

2171 1700 2313 1749 reor,
2343 1684 2482 1754 quod
2515 1700 2608 1751 per
2632 1683 2959 1737 Ezccltielem
2997 1685 3313 1754 propheta_m
3346 1683 3627 1736 Dominus
3651 1684 3727 1754 ait
3754 1700 3767 1734 :

2172 1751 2485 1826 Annua—qum
2509 1755 2795 1826 peccaverit,
2819 1754 2928 1822 ipsa
2951 1754 3184 1826 morietur
3201 1751 3616 1826 (Ezechaxgn,
3644 1752 3755 1826 20).

2171 1825 2228 1880 Si
2273 1822 2414 1879 enim
2463 1822 2631 1892 legisti
2683 1824 2800 1888 hoc,
2849 1838 2944 1876 cur
2983 1838 3066 1876 me
3110 1822 3288 1892 fratris
3335 1825 3442 1876 mei
3484 1822 3762 1876 Theodori

2173 1891 2655 1965 exemploiattrabi
2710 1908 2862 1961 posse
2904 1893 2968 1946 ad
3011 1894 3165 1965 tidem
3204 1891 3413 1946 Christi
3437 1893 3769 1947 existimas?

2175 1963 2344 2019 liabet
2395 1964 2482 2018 ille
2529 1965 2757 2017 animam
2804 1978 2973 2023 suam,
3029 1963 3098 2016 ita
3139 1971 3194 2016 et
3237 1973 3521 2030 peccatum
3556 1977 3762 2016 suum:

2175 2035 2314 2103 quod
2341 2034 2551 2103 quidem
2580 2043 2850 2102 peccatum
2881 2032 3029 2103 mihi,
3055 2034 3097 2085 si
3136 2033 3424 2084 Dominum
3459 2033 3642 2103 Deum,
3661 2047 3761 2103 non

2175 2101 2440 2174 relinquo,
2471 2101 2832 2174 non’nocebit.
2863 2102 3054 2174 Testor
3078 2111 3256 2156 autem
3287 2103 3443 2174 illum
3467 2101 3766 2170 quieduxit

2213 2172 2354 2230 atres
2380 2183 2589 2229 nostros
2616 2173 2683 2228 de
2711 2182 2848 2227 terra
2890 2172 3123 2243 Aigypti,
3170 2188 3277 2237 me,
3325 2174 3373 2225 si
3426 2173 3619 2226 hiemis
3647 2173 3759 2243 rio:

2198 2247 2335 2299 entia
2383 2262 2485 2299 non
2530 2245 2758 2304 obesset,
2790 2241 3013 2308 abrepto
3057 2257 3400 2312 quocumque
3443 2243 3656 2311 navigio
3692 2241 3757 2294 ad

2176 2317 2439 2384 quaslibet
2465 2325 2631 2368 terras
2657 2314 2825 2367 solum
2853 2313 2987 2367 velle
3016 2315 3277 2384 migrare:
3304 2327 3518 2384 necime
3541 2325 3756 2382 posses-

2178 2381 2385 2439 sionum
2415 2401 2583 2447 amor,
2614 2399 2708 2437 nec
2732 2384 3012 2436 affectuum
3042 2382 3277 2436 Charitas
3313 2381 3602 2447 detineret,
3625 2397 3754 2451 quo-

2177 2471 2295 2509 rum
2330 2455 2492 2508 facilis
2519 2456 2641 2508 mihi
2660 2454 2862 2524 jactura
2885 2462 2997 2518 est;
3027 2462 3230 2506 tantum
3254 2468 3323 2506 ne
3352 2453 3515 2507 Deum
3543 2462 3752 2524 patrum

2166 2535 2404 2596 meorum
2423 2540 2627 2596 negare
2655 2531 2962 2596 cnmpellar.
2995 2529 3146 2596 Quod
3192 2540 3377 2585 autem
3423 2536 3649 2587 consilio
3681 2537 3746 2588 in-

2167 2590 2651 2672 dtiliad-civitatem
2676 2590 3323 2672 rem-candumidecernis;
3349 2604 3517 2658 miror
3540 2614 3609 2666 te,
3637 2622 3746 2672 pru-

2167 2661 2533 2744 dentissimum
2575 2667 2763 2732 virum,
2807 2684 2924 2744 non_
2956 2670 3138 2744 animo
3179 2661 3480 2739 prmvidcm
3522 2661 3648 2744 quid
3680 2675 3743 2729 de

2167 2731 2322 2816 nobis
2351 2731 2852 2816 futurum_censeas,
2883 2741 2926 2793 si
2957 2731 3296 2816 Theodorus,
3320 2731 3566 2798 columna
3591 2761 3745 2816 syna-

2167 2815 2314 2876 gogte
2342 2814 2558 2875 noslrm,
2600 2808 2652 2866 in
2689 2824 2794 2874 quo
2818 2825 3031 2864 omnem
3060 2811 3310 2867 tiduciam
3339 2808 3750 2877 reponebaiuus,

2179 2896 2474 2954 apostatare
2501 2886 2801 2954 compulsus
2828 2892 2928 2938 est.
2960 2885 3068 2937 lloe
3091 2901 3218 2952 ergo
3243 2885 3430 2937 sanius
3452 2897 3546 2944 est,
3575 2898 3627 2938 ιιι
3654 2900 3737 2935 ra—

2178 2971 2299 3009 mus
2317 2956 2384 3009 ad
2423 2971 2604 3023 agrum
2642 2971 2836 3016 meum,
2882 2971 2979 3008 nec
3025 2969 3119 3007 nos
3144 2957 3280 3008 ultra
3330 2956 3732 3008 Christianorum

2179 3027 2344 3080 oculis
2374 3027 2686 3094 ingeramus.
2735 3025 3019 3078 Possumus
3045 3025 3184 3077 enim
3235 3025 3347 3077 illic
3388 3026 3587 3078 interim
3614 3023 3734 3094 deli-

2183 3105 2403 3158 tescere,
2430 3092 2597 3147 donec
2622 3103 2919 3162 opportuno
2952 3102 3190 3161 tempore
3221 3094 3286 3146 ad
3316 3095 3586 3162 peregrina
3613 3092 3733 3146 emi-

2178 3179 2408 3234 grcmns.
2438 3165 2871 3232 Quandoquidem
2903 3165 2952 3216 in
2983 3163 3076 3216 hac
3120 3164 3291 3234 insula
3323 3165 3396 3217 ita
3445 3165 3578 3230 apud
3613 3178 3730 3214 cnn-

2179 3233 2295 3289 Ctos
2317 3235 2493 3288 odium
2521 3243 2716 3287 nostrae
2755 3234 3020 3302 religionis
3051 3233 3299 3297 increvit,
3329 3241 3388 3286 ut
3414 3234 3500 3302 qui
3527 3234 3729 3302 patriam

2181 3321 2285 3358 non
2321 3304 2606 3372 reliquerit,
2639 3304 2792 3356 Iidem
2832 3301 3037 3372 patrum
3068 3313 3247 3356 tenere
3285 3319 3390 3357 non
3431 3301 3608 3372 possm
3632 3301 3736 3372 Cur

2181 3375 2356 3442 itaque
2405 3370 2508 3429 non
2563 3370 2917 3426 voluntarium
2961 3375 3311 3441 suscipiamus
3367 3370 3624 3433 exsilium,
3654 3370 3726 3442 ad

2180 3441 2341 3513 quoii,
2369 3446 2506 3498 sicut
2552 3460 2636 3502 res
2668 3444 2879 3502 indicat.
2922 3443 3057 3496 odiis
3097 3445 3312 3507 civium,
3343 3444 3551 3497 etiamsi
3587 3441 3725 3495 nolu-

2180 3531 2318 3578 mus,
2350 3515 2643 3568 destinandi
2670 3515 2887 3567 sumus?
2913 3514 3022 3567 line
3051 3514 3205 3582 igitur
3233 3514 3726 3582 consilioutriusqne

2180 3585 2440 3638 sententia
2468 3585 2798 3649 confirmata,
2831 3584 3062 3637 laborem
3077 3580 3335 3637 destinati
3373 3584 3570 3637 itineris
3597 3580 3723 3634 arri-

2183 3655 2349 3722 piunt.
2382 3655 2486 3708 Sed
2511 3656 2633 3707 dum
2666 3670 2759 3722 per
2800 3654 3224 3721 angustissimum
3256 3655 3608 3722 ingrediuntur
3627 3651 3726 3704 cal-

2182 3725 2306 3790 lem,
2337 3726 2708 3794 cogitationum
2741 3725 2970 3778 tenebris
3014 3724 3183 3776 lucem
3218 3723 3726 3794 occecantibusocu-

2184 3793 2601 3862 lorum,ipsum
2647 3809 2802 3863 quem
2851 3795 2998 3846 inscii
3053 3793 3434 3862 sequebantur,
3479 3793 3721 3846 tramitem

2182 3865 2544 3932 perdiderunt,
2586 3874 2639 3918 et
2682 3867 2731 3917 in
2761 3865 2890 3917 locis
2917 3863 3138 3918 desertis
3167 3874 3325 3931 atque
3365 3863 3517 3917 inviis
3539 3875 3723 3916 reman~

2169 3946 2306 3987 sere.
2339 3934 2471 3989 Cum
2518 3947 2692 3990 autem
2740 3938 3108 3991 scinderentur
3137 3939 3380 3992 sentibus
3410 3953 3473 3990 ac
3500 3935 3734 4003 vepribus

2169 4003 2550 4076 lacerarentur,
2582 4017 2860 4074 postham
2887 4021 3082 4075 corpus
3109 4022 3260 4061 suum
3294 4007 3465 4076 longis
3487 4005 3734 4061 foedavere

2169 4075 2510 4146 vulneribus,
2562 4076 2626 4129 ad
2679 4087 2874 4129 tantam
2927 4079 3100 4146 primo
3143 4077 3360 4146 quidem
3394 4075 3733 4136 anxietatem.

2169 4143 2362 4200 deinde
2389 4147 2548 4199 etiam
2568 4147 2633 4200 ad
2662 4143 3086 4215 desperationem
3116 4143 3276 4218 atque
3298 4146 3623 4202 formidinem
3649 4161 3734 4200 ve-

2180 4243 2327 4290 nere,
2377 4235 2436 4279 ut
2476 4227 2917 4294 compellerentur
2966 4224 3136 4286 fateri,
3187 4238 3246 4277 Se
3289 4239 3351 4276 ea
3405 4223 3593 4294 judicio
3622 4220 3722 4294 pllei

2175 4297 2320 4367 justo
2340 4298 2406 4350 ob
2430 4291 2844 4351 incredulitatem
2877 4296 3096 4364 perpeti.
3128 4294 3290 4367 igitur
3313 4291 3501 4367 notuen
3518 4291 3719 4367 Christi,

2179 4361 2318 4437 quod
2345 4376 2468 4419 ante
2497 4383 2554 4419 se
2579 4369 2716 4419 ultro
2747 4361 2988 4434 ingerens
3011 4361 3354 4434 repellebant,
3375 4361 3720 4437 laceratisjam

2178 4432 2439 4498 cruribus,
2463 4437 2782 4500 invocantes,
2807 4432 3050 4490 semitam
3071 4432 3188 4503 qua:
3215 4448 3310 4487 eos
3343 4444 3521 4487 contra
3557 4432 3722 4484 volun-

2181 4516 2339 4561 tatem
2364 4521 2426 4560 ac
2454 4507 2778 4575 propositum
2807 4521 2959 4559 suum
2986 4505 3050 4558 ad
3079 4503 3328 4575 oppidum
3356 4504 3586 4575 retraxit,
3609 4514 3720 4554 cor-

2179 4572 2472 4645 ripuerunt}
2503 4572 2604 4631 sed
2627 4591 2745 4628 cum
2773 4577 2835 4628 ad
2860 4577 3118 4628 civitatem
3153 4574 3297 4626 inviti
3325 4589 3387 4626 ac
3409 4572 3588 4645 trepidi
3610 4585 3721 4637 per-

2177 4642 2452 4701 venissent
2474 4688 2488 4708 ,
2517 4647 2778 4700 curius-ius
2802 4645 2976 4697 omnia
3011 4652 3435 4712 percunctantes,
3468 4642 3723 4712 audierunt

2180 4717 2516 4771 Theodorum
2538 4718 2694 4769 etiam
2723 4731 2859 4768 nunc
2885 4711 3125 4768 Judmum
3143 4729 3283 4775 esse,
3307 4728 3406 4766 nec
3425 4713 3600 4774 ullam,
3626 4711 3720 4761 sic-

2181 4795 2241 4840 ut
2278 4787 2740 4847 cxistimaverant,
2780 4785 2956 4853 populi
3000 4783 3286 4836 Christiani
3327 4779 3722 4853 pertuliss_e_vio—

2179 4856 2414 4911 lentiam.
2456 4857 2739 4924 Stupentes
2778 4851 2975 4919 autem,
3020 4863 3074 4907 et
3121 4853 3283 4924 quod
3315 4854 3446 4920 ipsis
3483 4851 3721 4924 accident

2178 4942 2282 4980 non
2309 4921 2610 4988 credentes,
2661 4925 2726 4977 ad
2769 4925 2985 4978 doumm
3021 4922 3287 4976 Theodori
3332 4923 3431 4976 iter
3473 4921 3718 4986 dirigunt:

2179 4997 2264 5065 ubi
2289 5011 2407 5049 cum
2436 5010 2529 5048 eos
2548 4994 2656 5064 jam
2687 5009 2824 5064 pene
2851 5002 3037 5048 exacto
3059 4992 3277 5065 prandio
3305 4992 3395 5065 ille
3423 4992 3715 5065 excepisset.

2179 5064 2320 5120 illico
2343 5061 2564 5135 inquirit
2583 5061 2816 5129 causam,
2847 5079 2940 5135 cur
2964 5079 2992 5114 a
3016 5061 3074 5118 se
3093 5071 3149 5116 et
3170 5078 3200 5114 a
3220 5061 3432 5135 civitate
3455 5061 3718 5135 abscessis-

2177 5145 2334 5201 sent;
2373 5129 2779 5203 universumque
2807 5134 3044 5187 ordinem
3089 5140 3251 5200 geste
3279 5129 3399 5203 _rei,
3433 5131 3592 5198 magis
3617 5139 3722 5180 cum

2179 5200 2495 5275 risn,'quam
2525 5221 2643 5276 cum
2672 5200 3019 5276 admiratione
3046 5200 3337 5266 cognoscit.
3479 5270 3491 5276 _
3547 5268 3550 5269 ν
3620 5265 3632 5276 θ

2248 5261 2336 5330 Mi.
2359 5261 2504 5329 'Post
2545 5273 2773 5328 triduum
2808 5261 3147 5340 Theodorus,
3175 5285 3295 5322 cum
3341 5261 3728 5340 concinnari__ad

2177 5346 2386 5416 plebem
2409 5360 2580 5416 suam,
2609 5341 2886 5416 eosqueitd
2917 5341 3068 5416 fidem
3091 5339 3289 5416 Christi
3321 5352 3604 5416 provocare
3629 5334 3719 5416 dis-

2181 5403 2427 5484 poneret,
2472 5403 2612 5467 ultro
2655 5403 3618 5484 sc'offerentium_ad__coufessionem
3645 5403 3721 5456 Ju-

2179 5477 2583 5539 dzeorum'etiam
2611 5482 2922 5536 seditionem
2944 5480 3176 5548 pertulit.
3201 5477 3534 5548 Nemoenim
3561 5487 3719 5527 eortina

2179 5556 2345 5609 ferme
2370 5562 2501 5617 erat,
2530 5554 2618 5622 qui
2649 5569 2751 5606 non
2780 5566 2837 5622 se
2865 5545 3040 5622 palam
3079 5551 3311 5622 sensisse
3339 5545 3529 5622 Christi
3563 5552 3718 5610 poteu‘

2181 5626 2305 5679 tiam
2337 5617 2741 5678 contestaretur.
2791 5617 2918 5674 Nam
2967 5619 3136 5687 primo
3184 5619 3235 5670 in
3295 5617 3537 5687 concilio
3559 5627 3716 5687 eorum

2179 5695 2485 5748 adolescens
2541 5693 2787 5760 quidam,
2846 5683 3008 5759 ipsius
3055 5687 3318 5760 Theodori
3363 5683 3715 5760 consobrinus.

2183 5765 2394 5818 nomine
2445 5754 2691 5818 Gali'lteus
2735 5763 2813 5828 (ut
2861 5754 3173 5828 congruum,
3225 5757 3361 5810 sicut
3402 5754 3596 5828 dictum
3629 5761 3716 5828 est,

2186 5833 2486 5888 nominibus
2514 5819 2820 5904 mysterium
2858 5819 3019 5900 gesth
3049 5829 3124 5884 rei
3160 5819 3328 5897 usque
3351 5824 3416 5880 ad
3461 5823 3609 5878 linem
3635 5819 3708 5873 dc-
