3926 6386
3367 249 3471 306 850

1890 351 2047 436 dzere,
2075 353 2389 436 inteirhqnas
2425 364 2667 436 matrona
2711 356 2906 436 Meletii
2940 359 3099 436 illius,
3130 361 3280 436 cuius
3308 380 3464 436 supra

1884 425 2085 504 mentio
2111 424 2288 504 habita
2316 425 2509 504 est,_de
2535 429 2812 504 ctenaculo
2859 424 3239 504 perSpicientes
3270 433 3337 485 ita
3368 424 3467 488 sibi

1882 494 2112 575 idipsum
2156 496 2336 575 visum
2383 496 2737 575 affirmabant,
2793 494 2948 575 quasi
2987 494 3150 570 supra
3197 503 3467 558 basilicam

1881 563 2187 642 decidisset.
2221 565 2416 642 verum
2447 568 2546 622 hoc
2575 563 2751 642 utrum
2799 563 3151 640 angelusfan
3198 573 3311 642 ipse
3353 575 3469 630 Ste-

1880 632 2461 717 phanus,quod.visnm
2487 647 2588 703 est,
2621 639 2798 717 fuerit,
2835 632 3093 717 in'eertum
3131 632 3232 698 est:
3265 644 3464 700 Eadem

1880 705 1984 786 dici
2007 705 2380 786 horalcirciter
2401 720 2608 779 quarta,
2641 710 2689 764 id
2717 705 2826 786 est,
2852 713 3008 786 paulo
3037 723 3160 786 ante
3183 731 3340 784 quam
3366 716 3466 770 hoc

1881 778 2114 859 signpm.
2138 778 2616 859 demonstraretur,
2635 778 2866 859 “grando
2896 778 3272 859 minutissima,
3303 801 3463 855 quam

1881 848 2070 903 incola:
2103 849 2292 903 insula:
2336 851 2474 904 illius
2501 848 2686 920 gentili
2717 868 2964 908 sermone
2991 848 3349 925 albigistinum
3377 873 3468 910 vo-

1879 928 2024 992 cant,
2068 934 2174 974 non
2225 936 2603 992 usquequaque
2642 925 2855 992 copiosa
2900 925 3136 980 defluxit.
3171 925 3314 991 llaec,
3341 942 3463 981 eum

1879 987 2014 1070 odor
2035 1005 2105 1044 ex
2134 1007 2193 1070 ea
2224 987 2396 1045 mellis
2413 987 2654 1070 fragrare
2675 987 2947 1070 ctnpisset,
2970 1011 2998 1047 a
3023 997 3201 1070 multis
3215 987 3349 1066 quos
3372 1014 3468 1066 per

1883 1061 2017 1112 viam
2038 1061 2421 1138 verberaverat
2448 1063 2744 1133 degustata,
2764 1061 2984 1120 'dulcior
3009 1069 3164 1138 melle
3189 1061 3464 1138 comperta

1879 1138 1981 1202 est.
2035 1131 2182 1186 Mulli
2237 1133 2414 1202 itaque
2456 1131 2744 1202 sapientes,
2794 1153 2914 1190 cum
2960 1137 3146 1193 eadem
3195 1139 3280 1193 die
3317 1131 3466 1193 'filios

1879 1199 2039 1256 Israel
2081 1203 2151 1256 ab
2199 1199 2431 1278 {Egy’pto
2476 1199 2858 1278 pérlidiwlsute
2891 1209 2906 1240 ⁸
2936 1218 3094 1278 atque
3136 1225 3167 1264 a
3210 1212 3465 1266 servitute

1878 1286 2143 1355 egressos“
2165 1275 2425 1355 viderent,
2479 1277 2593 1330 lnee
2628 1294 2745 1344 quae
2785 1278 2924 1355 facta
2973 1275 3114 1355 sunt,
3151 1281 3316 1351 signis
3359 1283 3464 1336 illis

1876 1345 2073 1424 qufein
2103 1345 2288 1399 Exodo
2314 1347 2976 1424 lcgimus_coniparahant,
3008 1360 3069 1404 ut
3097 1345 3222 1424 huic
3243 1353 3460 1424 pepulo,

1875 1415 1964 1480 qui
2008 1415 2172 1470 Deum
2200 1415 2419 1472 credulo
2439 1419 2600 1472 corde
2629 1415 2840 1475 intuens
2862 1436 3042 1474 verum
3065 1422 3224 1476 etiam
3245 1415 3464 1477 "Israelis

1876 1498 2080 1561 nomen
2121 1488 2348 1561 meruit,
2399 1501 2591 1543 man‘na
2633 1491 2920 1561 crederent
2970 1492 3210 1546 innovari
3248 1491 3458 1561 (Exod.

1876 1557 2005 1624 xvr).
2041 1556 2353 1630 Columnam
2383 1575 2593 1630 quoque
2629 1560 2784 1629 ignis.
2818 1577 2935 1629 quae
2967 1572 3144 1629 patres
3182 1565 3233 1616 in
3259 1556 3456 1618 eremo

1875 1628 2210 1705 praecedebat
2230 1627 2341 1694 (Id.
2363 1627 2474 1705 xiu,
2488 1627 2605 1695 22),
2625 1627 2682 1705 ut
2705 1627 2864 1686 etiam
2903 1627 3030 1705 filiis
3040 1648 3068 1685 a
3089 1649 3210 1687 vera
3228 1633 3463 1705 Egypto

118 239 246 296 829
1507 237 1838 296 EPISTOLA
1878 238 2146 296 SEVERI.

118 354 527 428 duceretur),
557 368 688 428 cum_
721 352 918 428 ingenti
958 350 1151 406 invidia
1181 350 1510 428 proclamare
1545 351 1646 406 hoc
1671 366 1781 407 ete-

125 427 214 480 uit
248 444 262 478 :
298 420 645 494 ConteStor,
678 420 867 493 inquit,
899 437 994 476 vos
1015 437 1201 494 omnes
1226 437 1312 494 me
1334 420 1636 494 Jndzeorutn
1661 437 1780 476 esse

123 511 248 550 .ion
286 511 484 565 posse
510 497 560 550 in
593 493 960 565 possessione;
990 493 1333 565 siquidemin
1363 493 1780 565 ea_C_hristianos

119 562 463 623 Const-artes
501 562 690 632 habeo,
723 580 948 633 quormn
973 563 1132 628 odiis,
1172 563 1216 616 si
1257 563 1308 617 in
1349 562 1623 618 .ludaismo
1659 579 1780 630 per-

121 654 189 692 se
200 654 432 694 verare
455 637 704 701 voluero,
722 635 942 689 forsitan
966 633 1305 704 perimendus
1325 649 1462 688 sum.
1489 634 1598 703 Ego
1620 634 1779 703 igitur

124 711 270 762 vita:
303 725 471 764 mea:
505 707 742 776 periculo
771 705 1074 770 consulens,
1110 705 1175 758 ad
1205 705 1484 776 ecclesiam
1512 706 1622 776 jam
1654 719 1776 776 per-

123 795 297 849 gam,
337 787 409 834 ut
459 774 648 834 necem
676 793 794 846 quae
823 777 952 830 mihi
983 785 1198 846 paratur
1225 774 1493 844 cll‘ugiam.
1525 774 1779 849 llzeeCa-

128 845 354 916 ῑιιωυε,
390 865 530 904 cum
575 849 642 903 ad
685 845 892 916 tempus
944 845 1078 916 fuga:
1110 861 1188 916 ise
1237 855 1468 915 pararet,
1518 845 1667 915 quasi
1699 851 1780 916 Aut

127 913 352 975 causas
383 919 770 974 conversionis
796 913 1554 990 sure,reddidisse’videretur,
1578 916 1652 990 de
1691 913 1774 990 fu-

132 992 252 1046 turi
286 992 501 1046 saeculi
524 999 694 1045 morte
715 997 838 1044 tunc
854 987 1256 1058 nihilcogitans,
1280 987 1555 1042 veritatem
1576 987 1774 1058 inscius

133 1063 526 1132 loquebatur.
561 1063 692 1116 lluic
721 1057 1128 1132 serinoni_pene
1158 1058 1466 1132 praeteriens
1494 1061 1574 1132 vir
1604 1057 1774 1132 hone-

129 1128 291 1199 stus,
335 1142 402 1187 et
439 1148 550 1186 non
581 1132 751 1186 solum
781 1132 920 1185 inter
956 1128 1191 1194 Judaros,
1223 1128 1406 1183 verum
1437 1129 1680 1199 etiamin
1701 1130 1776 1181 ci—

132 1198 327 1258 vitate
355 1219 545 1273 usque
569 1203 704 1256 adeo
735 1202 1056 1273 praecipuus,
1089 1209 1146 1253 ut
1176 1200 1336 1253 etiam
1365 1198 1776 1273 nunedefensor

133 1275 409 1329 civitatis
457 1268 666 1329 electus
711 1268 800 1338 sit,
842 1268 1178 1335 Gmcilianus,
1223 1285 1346 1324 vera
1388 1268 1663 1324 Galilanun
1697 1269 1776 1324 di-

133 1359 306 1412 cere,
345 1361 533 1415 seque
549 1345 776 1400 similem
802 1343 996 1415 habere
1016 1356 1250 1403 causam,
1271 1340 1461 1394 similia
1485 1340 1774 1396 formidare

136 1413 562 1472 attestabatur.
595 1415 799 1482 Quibus
828 1413 1004 1467 verbis
1048 1421 1246 1466 tantatn
1287 1425 1444 1480 supra
1480 1420 1774 1466 memorato

131 1488 348 1554 juveni
381 1487 592 1556 adjecit
617 1485 1016 1556 confidentiam,
1046 1492 1107 1556 fut
1142 1483 1192 1556 i_n
1222 1491 1508 1556 conspectu
1537 1484 1772 1556 omnium

137 1553 328 1612 cursu
363 1553 717 1627 rapidissimo
745 1555 812 1609 ad
860 1553 1418 1627 percipiendumiidei
1442 1553 1679 1627 bravium
1705 1553 1773 1607 ad

139 1628 379 1684 Galilmi
418 1623 590 1682 nostri
631 1627 942 1680 convolaret
966 1625 1247 1686 auxilium,
1294 1623 1439 1678 etab
1473 1624 1772 1678 humilitate

140 1711 381 1764 nostra,
424 1709 488 1754 ut
516 1698 632 1767 ejus
652 1697 844 1752 deinde
872 1696 1085 1767 nomine
1114 1705 1442 1767 censeretur,
1473 1703 1769 1763 expeteret.

142 1770 508 1825 Caecilianus
531 1765 708 1823 autem
739 1783 858 1822 cum
889 1776 1033 1821 esset
1055 1765 1360 1820 Judieorum
1389 1773 1558 1834 pater,
1593 1767 1772 1821 habito

141 1856 280 1895 cum
337 1841 595 1903 Florino,
629 1840 791 1893 fratre
827 1854 946 1902 suo,
987 1853 1138 1906 teque
1165 1835 1470 1890 Judzeorum
1514 1845 1662 1905 patre
1687 1854 1772 1891 se-

143 1913 342 1978 niore,
380 1912 635 1976 consilio,
685 1907 1010 1977 hujusmodi,
1043 1909 1178 1962 sicut
1217 1907 1549 1976 agnovimus,
1592 1909 1772 1978 verbis

145 1977 510 2054 synagogam
542 1980 765 2034 adorsus
793 1994 915 2054 esr:
945 1979 1436 2054 Ego,«ina_]uit,_cum
1459 1979 1558 2032 sint
1588 1977 1641 2031 in
1665 1979 1768 2054 ho-

145 2048 638 2123 n'ore'svnagoga:
681 2063 797 2120 post
839 2050 1176 2123 Theodorum
1226 2049 1447 2123 primus,
1486 2064 1590 2123 non
1635 2048 1772 2104 sicut

145 2119 692 2193 juvenis'Galdaeus,
707 2132 927 2193 cunctos
943 2120 1093 2190 quasi
1116 2120 1350 2188 trepidus
1377 2119 1616 2182 consulo,
1641 2134 1769 2193 con-

152 2191 458 2264 testor-que
481 2211 494 2257 ;
525 2194 618 2248 sed
649 2194 824 2264 potius
852 2192 1108 2264 adhortor
1133 2199 1654 2264 atqueconunoneo,
1681 2191 1768 2246 de-

149 2260 435 2320 nuntians
466 2275 522 2319 ut
547 2260 730 2318 errore
753 2265 896 2333 pravi
926 2261 1130 2318 itineris
1149 2261 1422 2333 derelicto,
1456 2261 1500 2315 si
1530 2260 1645 2315 ﬁeri
1677 2277 1768 2330 po-

153 2345 288 2402 test,
317 2352 521 2391 omnes
554 2331 766 2404 pariter
787 2334 851 2387 ad
895 2333 1050 2404 fidem
1093 2331 1505 2404 ecelesiasticani
1547 2347 1772 2387 concur-

151 2421 375 2460 ramns.
411 2402 566 2472 Quod
605 2407 646 2458 si
674 2421 766 2459 vos
791 2404 856 2458 ad
885 2403 1156 2458 Christum
1184 2411 1324 2455 tanta
1353 2402 1521 2455 virtus
1550 2418 1654 2456 non
1683 2413 1764 2457 at-

154 2477 335 2530 trahit
365 2495 381 2538 ;
418 2493 520 2546 ego
563 2486 707 2530 certe
754 2483 808 2529 et
838 2474 1082 2528 Florinus
1119 2475 1281 2527 frater
1299 2487 1493 2546 meus,
1515 2473 1653 2527 sicut
1682 2489 1768 2528 re-

154 2543 494 2602 cusatttibtts
545 2548 693 2601 vobis
739 2555 937 2599 tantam
989 2547 1213 2598 Salutem
1263 2543 1367 2595 vim
1412 2543 1608 2598 inferre
1661 2561 1766 2598 non

156 2632 490 2686 possumus,
536 2618 603 2670 ita
649 2632 746 2670 nos
781 2631 900 2670 cmn
933 2616 1176 2669 universa
1207 2613 1370 2686 domo
1415 2624 1589 2686 nostra
1615 2616 1767 2686 _reli—

154 2683 350 2758 giotiis
397 2689 576 2758 hujus,
618 2703 775 2756 quam
810 2698 1050 2740 astruere
1095 2698 1198 2737 non
1251 2685 1511 2758 valemus,
1542 2683 1766 2758 ludibria

157 2754 514 2823 deserentes,
548 2754 970 2811 Clu-istianorum
1025 2769 1246 2808 numero
1287 2754 1515 2822 fideique
1543 2755 1769 2812 Suciabi-

157 2847 289 2884 mur
323 2849 336 2884 :
369 2831 463 2900 qui
515 2845 782 2898 nunquam
813 2823 1770 2900 utiqueinnumerabilibusScriptu-

159 2917 357 2955 rarum
389 2893 740 2961 testimoniis,
790 2893 1111 2952 non'solum
1157 2904 1230 2958 te,
1265 2894 1428 2948 frater
1465 2893 1764 2964 Theodore,

160 2973 256 3040 qui
292 2972 520 3041 peritior
559 2972 775 3039 reti-piis
815 2966 1028 3032 videris,
1071 2965 1349 3041 sedetiani
1389 2973 1608 3018 cunctos
1633 2980 1766 3022 con-

161 3037 481 3106 vincerent,
525 3043 622 3095 nisi
657 3037 956 3104 veritatem,
985 3055 1104 3107 qua:
1131 3037 1266 3107 vinci
1315 3051 1419 3089 non
1449 3045 1644 3104 potest,
1675 3051 1766 3092 se-

163 3122 477 3169 ctarentur.
492 3113 602 3166 Tali
625 3111 960 3166 Caecilianum
979 3106 1137 3162 sensu
1156 3106 1362 3175 plebem
1384 3122 1532 3160 suam
1549 3107 1766 3163 allatum

164 3185 566 3253 comperimus,
596 3184 895 3250 tnultosque
934 3179 1239 3235 Judaiorum
1266 3176 1454 3231 eadem
1479 3177 1567 3253 die
1600 3179 1683 3253 ad
1712 3179 1768 3253 _f_i_-

165 3248 319 3307 dem'
353 3255 549 3308 Christi
593 3269 714 3308 eum
764 3248 879 3320 ipso
923 3259 1304 3306 concurrentes
1345 3263 1468 3302 cum
1514 3248 1766 3306 inelfabili

166 3325 540 3379 exsultatione
565 3324 912 3392 suscepimus.

245 3397 340 3450 15.
379 3396 623 3465 Prodigia
662 3389 791 3447 sane
832 3408 949 3461 qum
984 3391 1060 3446 de.
1090 3391 1228 3465 coelo
1275 3399 1402 3446 tunc
1453 3389 1589 3465 facta
1619 3400 1762 3465 sunt,

166 3465 315 3520 sicut
345 3466 520 3536 eloqui
542 3462 698 3536 digne
725 3481 828 3536 non
851 3464 1254 3536 valeam,silere
1281 3477 1394 3536 non
1409 3462 1599 3536 audeo.
1624 3462 1764 3519 llora

169 3538 397 3591 circiter
424 3533 647 3606 septima
697 3535 910 3590 Missam
955 3534 1291 3606 dominicam
1318 3533 1630 3606 solemniter
1657 3549 1768 3606 eoae

167 3609 357 3676 pimus
382 3603 670 3663 celebrare.
690 3605 820 3661 Nam
842 3607 964 3660 dum
988 3619 1085 3658 nos
1109 3605 1454 3660 advenientes
1477 3603 1543 3658 ad
1565 3604 1762 3660 Christi

170 3678 346 3731 tidem
373 3678 588 3733 Judaeos
619 3681 701 3734 vel
740 3679 1101 3742 exhortamur,
1131 3677 1209 3730 vel
1241 3676 1557 3730 adnotamus
1589 3677 1768 3746 (siqui-

169 3749 302 3800 dem
336 3751 548 3800 nomina
578 3765 762 3802 eorum
787 3750 1145 3817 scripsimus),
1175 3748 1404 3816 populus
1433 3757 1610 3801 autem
1635 3747 1766 3802 tanti

168 3817 361 3885 gaudii
406 3819 574 3886 epulis
620 3820 892 3887 saginatus
933 3819 1226 3871 carnalium
1274 3833 1376 3871 non
1431 3818 1765 3873 meminisset

172 3901 452 3955 cscarurn,
499 3903 622 3956 pars
647 3889 749 3942 diei
787 3889 955 3955 major
991 3897 1320 3942 exettrrerat.
1353 3888 1487 3942 Cum
1529 3887 1687 3957 igitur
1712 3903 1766 3942 In

172 3957 576 4028 ecclesia,qu:e
602 3958 869 4028 paululum
910 3973 937 4009 a
987 3959 1200 4012 civitate
1240 3957 1504 4026 sequestri
1555 3962 1606 4010 in
1648 3959 1766 4013 loco

170 4033 280 4082 sita
308 4038 412 4099 est,
453 4031 506 4083 in
547 4045 649 4099 qua
691 4031 856 4082 sancti
899 4030 1149 4099 martyris
1192 4029 1447 4097 Stephani
1493 4043 1660 4095 nuper
1691 4044 1768 4084 re-

175 4098 414 4154 condita:
431 4098 668 4170 reliquia:
689 4098 1090 4168 conquiescunt,
1111 4101 1382 4154 nobiscum
1408 4100 1602 4167 pariter
1619 4100 1768 4169 plebs

178 4172 433 4225 universa
457 4172 667 4225 Missam
687 4171 1099 4239 opperiebatur;
1117 4171 1222 4226 duo
1248 4171 1462 4240 quidem
1492 4171 1760 4235 monachi,

178 4256 321 4310 quos
350 4242 604 4296 Dominus
632 4250 795 4294 testes
819 4257 1034 4296 suorum
1064 4243 1440 4296 miraculorum
1468 4241 1772 4310 praeelegit,

182 4313 238 4366 in
263 4328 455 4382 campo
475 4315 562 4382 qui
589 4323 711 4366 ante
739 4311 880 4367 fores
905 4314 1148 4368 ecclesia:
1179 4313 1528 4382 protenditur,
1559 4311 1610 4364 in
1641 4311 1768 4366 her-

184 4383 270 4436 bis
300 4385 648 4438 aecnbabant.
681 4384 772 4437 Vir
789 4395 964 4438 autem
992 4385 1302 4449 honoratus,
1333 4383 1504 4438 Julius
1529 4383 1764 4448 nomine,

184 4470 308 4508 cum
335 4454 441 4509 alio
479 4457 704 4524 quodam
745 4455 811 4510 de
853 4456 1066 4510 civitate
1094 4457 1373 4510 ecclesiam
1410 4465 1617 4523 petens,
1645 4469 1767 4508 cum

185 4525 453 4596 peripsos
478 4529 747 4595 praeterire
772 4529 1042 4596 erupisset,
1066 4527 1422 4596 respondente
1443 4539 1548 4578 uno
1567 4539 1633 4596 ex
1655 4539 1769 4578 mo-

186 4594 395 4668 nachis,
448 4594 560 4650 viso
600 4598 828 4653 mirabili
863 4594 1024 4668 signo
1067 4594 1436 4663 conturbatus,
1486 4595 1768 4650 confusum

187 4667 366 4721 emisit
414 4668 735 4733 clamorem;
788 4667 1185 4738 conversusque
1237 4669 1302 4721 ad
1367 4684 1425 4720 se
1456 4707 1470 4728 ,
1523 4676 1768 4738 protensa

188 4753 371 4802 manu,
403 4756 522 4810 qua:
550 4740 710 4794 verbo
737 4741 1006 4810 explicare
1034 4735 1138 4793 no'n
1168 4737 1541 4810 poterat,quid_
1564 4735 1770 4810 videret

188 4806 442 4863 ostendit:
485 4810 612 4864 Erat
651 4806 836 4879 globus
875 4809 1090 4879 quidam
1125 4806 1766 4879 candidissimiAlutninis,

192 4884 512 4948 proceritate
561 4877 936 4935 sui—staturam
977 4882 1126 4950 quasi
1180 4881 1410 4934 hominis
1457 4877 1765 4946 adaaquans,

192 4951 359 5004 instar
379 4952 710 5007 vasculorum
733 4968 850 5021 qua:
875 4952 1033 5021 vulgo
1051 4965 1190 5006 orca:
1218 4950 1581 5021 appellantur;
1609 4956 1770 5021 tanta?

191 5036 318 5074 vero
347 5023 601 5076 claritatis
629 5031 684 5076 et
717 5019 952 5092 fulgoris,
975 5019 1055 5076 “ut
1099 5023 1269 5092 visum
1298 5019 1417 5084 fuit,
1446 5019 1586 5089 quod
1610 5019 1769 5092 fratri

189 5093 276 5159 qui
310 5092 361 5145 id
393 5093 537 5159 prior
563 5089 943 5158 uotavitfsicut
967 5094 1081 5162 ipso
1101 5091 1367 5147 referente
1395 5089 1766 5160 cognovimus,

190 5163 267 5215 sol
318 5162 564 5218 decidere
616 5163 904 5220 videretur.
955 5164 1066 5218 Hoc
1108 5164 1243 5218 sicut
1286 5163 1400 5217 istis
1453 5165 1623 5214 visunt
1665 5169 1768 5223 est,

192 5232 342 5301 quasi
388 5243 533 5287 trans
580 5233 876 5302 basilicam,
923 5235 974 5288 in
1023 5249 1123 5303 qua
1162 5234 1447 5287 universus
1491 5232 1769 5285 nobiscum

196 5305 420 5377 populus
446 5306 778 5368 consederat,
807 5306 950 5377 lento
977 5306 1125 5373 lapsu
1150 5305 1527 5377 detnittebatur
1551 5320 1564 5356 :
1584 5317 1769 5355 verum

197 5374 262 5428 ita
294 5377 643 5446 propinquum
676 5374 948 5444 putavere,
988 5385 1048 5430 ut
1075 5389 1134 5430 se
1179 5375 1320 5428 idem
1358 5375 1523 5446 frater
1551 5381 1770 5446 stupore

197 5443 428 5512 percrtus
456 5443 616 5500 cursu
645 5443 973 5516 praeriperet,
1009 5444 1409 5516 existimans_id
1450 5451 1568 5511 post
1591 5443 1772 5496 basili-

197 5530 310 5568 cam
343 5517 624 5572 decidisse.
649 5513 756 5572 Sed
785 5513 852 5571 ab
895 5518 986 5570 illo
1025 5525 1286 5570 retractus
1324 5513 1487 5568 fratre
1527 5527 1772 5582 gressum

198 5586 424 5641 inhibuit
448 5606 461 5640 :
490 5587 581 5642 ille
623 5588 763 5641 enim
792 5589 861 5641 ita
901 5587 1114 5657 quidem
1143 5587 1304 5642 etiam
1341 5585 1439 5639 sibi
1469 5584 1660 5657 visum,
1689 5592 1770 5657 ta-

201 5673 317 5713 men
350 5659 555 5728 longius
595 5658 778 5723 fuisse,
831 5655 935 5712 noti
975 5658 1126 5726 quasi
1172 5665 1368 5723 certus,
1415 5655 1508 5712 sed
1545 5665 1600 5710 ut
1631 5655 1773 5728 sisti-

202 5742 346 5786 tnans
390 5727 678 5786 astrucbat.
722 5730 962 5786 Mulieres
1003 5738 1178 5785 autem
1221 5731 1463 5796 quaedam
1508 5737 1634 5784 tunc
1676 5727 1770 5784 Ju-

1874 1707 2034 1773 at_que
2081 1699 2317 1773 fornace,
2344 1703 2501 1773 _sicut
2545 1701 2798 1770 scriptmn
2849 1713 2956 1766 est,
3007 1701 3178 1758 ferrea
3229 1699 3461 1773 egressis

1875 1766 2050 1842 (Deut.
2083 1786 2154 1834 tv,
2184 1771 2298 1839 20),
2325 1769 2574 1825 ducatum
2603 1766 2864 1842 praeberet
2892 1774 2958 1827 ad
2984 1774 3169 1837 vitam,
3188 1766 3459 1829 ost'ensam

1873 1839 2036 1893 fuisse
2067 1843 2460 1895 existimarunt.
2490 1843 2557 1896 Et
2588 1839 2644 1896 re
2679 1859 2824 1910 vera,
2872 1845 3008 1897 sicut
3039 1844 3264 1898 lectione
3294 1845 3461 1900 Exodi

1871 1918 2196 1990 attestatur”,
2250 1911 2542 1990 similitudo
2589 1913 2859 1990 signorum
2911 1915 3129 1990 minime
3169 1915 3458 1984 discrepat.

1873 1979 2003 2054 Nam
2039 1991 2094 2054 et
2133 1982 2262 2036 illud
2290 1985 2432 2054 quod
2463 1979 2662 2038 nivem'
2685 1986 2846 2040 fuisse
2893 1985 3215 2039 credidimus
3235 2027 3247 2044 .
3274 1979 3458 2041 semen

1872 2052 2137 2124 coriandri
2166 2052 2353 2108 minuti
2381 2054 2711 2124 adtequabat.
2742 2056 2915 2110 mellis
2939 2070 3185 2124 saporem
3215 2055 3455 2122 ferebat;

1870 2122 2056 2196 ethoc
2083 2125 2234 2196 quod
2271 2122 2536 2194 apparuit,
2576 2127 2835 2180 columnae
2879 2122 3047 2195 ignea:
3097 2127 3330 2196 speciem
3373 2127 3464 2182 ha-

1871 2191 2052 2265 buisse
2071 2191 2404 2250 manifestum
2427 2207 2528 2250 εει.
2549 2196 2840 2265 Utrumque
2865 2191 3043 2250 autem
3064 2191 3272 2265 signum
3295 2198 3457 2252 etiam

1870 2261 2166 2321 Jammona:
2213 2269 2626 2323 consistentibus
2671 2261 2921 2321 fratribus
2961 2261 3250 2321 revelatum
3296 2268 3458 2323 fuisse

1871 2338 2260 2407 cognoscimus.
2293 2338 2423 2392 Nam
2454 2348 2508 2392 et
2553 2339 2782 2407 pluviam
2831 2339 3003 2393 mellis
3048 2338 3223 2402 multi,
3264 2339 3458 2407 quibus

1872 2404 2174 2461 intellectus
2215 2409 2517 2478 requirendi
2553 2404 2615 2463 et
2642 2418 2922 2478 pergustus
2950 2404 3458 2477 agnoscendi'datus

1872 2487 1977 2542 est,
2008 2479 2300 2544 probavere
2329 2498 2341 2534 :
2374 2488 2429 2532 et
2453 2480 2700 2534 columna
2729 2479 3093 2534 eandidissimi
3126 2479 3268 2532 illius
3297 2478 3456 2533 lumi-

1872 2548 1956 2600 nis
1982 2549 2290 2620 multorum,
2323 2551 2673 2620 quosdignos
2704 2551 2956 2620 Dominus
2977 2549 3252 2620 judicavit,
3284 2564 3342 2604 se
3382 2549 3458 2604 in-

1868 2619 2035 2690 gessit
2071 2619 2394 2688 aspectibus.
2440 2619 2589 2675 Unde
2633 2621 2849 2690 intelligi
2890 2619 3069 2685 datur,
3112 2619 3325 2673 Judzeos
3362 2634 3457 2689 per

1871 2689 2178 2759 universum
2209 2691 2391 2744 orbem
2434 2691 2556 2746 fidei
2599 2689 3128 2745 lutnine’visitandos
3155 2707 3168 2741 :
3199 2691 3453 2759 quoniam

1869 2758 2084 2832 quidem
2113 2761 2284 2824 nobis,
2317 2763 2406 2830 qui
2437 2763 2487 2814 in
2513 2763 2610 2816 hac
2640 2763 2808 2815 insula
2834 2761 3061 2832 atquein
3091 2760 3190 2832 hoc
3211 2758 3453 2830 parvulo,

1871 2838 1931 2882 ut
1953 2829 2025 2884 ita
2056 2830 2303 2895 dixerim,
2328 2829 2457 2885 orbe
2485 2833 2849 2894 COllSlsllﬂllIS,
2880 2829 3059 2884 tantus
3081 2829 3316 2884 cmle'stis
3335 2845 3456 2898 gra-

1872 2901 1958 2953 tiae
1987 2902 2238 2971 splendor
2266 2901 2455 2966 illnxit,
2485 2909 2542 2954 ut
2568 2917 2735 2971 usque
2761 2901 2827 2954 ad
2865 2911 3138 2954 extremos
3171 2909 3326 2954 terra:
3357 2914 3453 2956 ve-

1869 2981 1996 3024 strae
2020 2973 2274 3026 terminos
2300 2974 2572 3041 signorum
2596 2973 2728 3026 visio
2759 2971 3080 3040 perveniret.

1943 3043 2029 3100 16.
2063 3044 2314 3111 Sequenti
2347 3044 2503 3112 igitur
2541 3043 2628 3097 die
2669 3057 2876 3096 sununa
2901 3041 3138 3112 omnium
3168 3047 3450 3112 exspecta-

1871 3112 1966 3180 tio,
2004 3122 2061 3168 ut
2097 3110 2412 3169 Theodorus
2439 3113 2713 3181 sponsioni
2743 3127 2853 3166 suae
2892 3110 3239 3169 satisfaceret.
3268 3111 3456 3165 admo-

1871 3187 2031 3258 nebat
2060 3203 2073 3238 :
2106 3187 2194 3258 qui
2222 3200 2341 3240 cum
2363 3185 2542 3253 justis,
2569 3192 2834 3258 qu_antnn_t_
2849 3181 3453 3258 ridebaturtallegatio-

1869 3257 2025 3312 nibus
2043 3251 2497 3311 cunctorum'vota
2523 3251 2766 3309 crederet
2785 3251 3096 3315 differenda,
3125 3252 3309 3306 dicens
3333 3267 3452 3306 ma-

1871 3338 2079 3383 tronam
2109 3329 2257 3397 prius
2293 3341 2473 3389 suam,
2505 3341 2662 3397 quam
2695 3327 2746 3378 in
2786 3323 3118 3397 Majoricensi
3149 3322 3454 3397 reliquisset

1870 3400 2060 3462 insula,
2093 3392 2196 3452 huc
2237 3413 2296 3452 se
2325 3398 2465 3474 velle
2508 3392 2804 3457 deducere;
2851 3411 2917 3448 ne
2960 3395 3119 3474 forte,
3160 3393 3204 3446 si
3251 3392 3452 3474 absque

1867 3485 2130 3526 consensu
2167 3484 2265 3522 suo
2290 3469 2458 3522 virum
2489 3482 2643 3520 suum
2669 3480 2982 3520 conversum
3014 3463 3174 3518 fuisse
3199 3463 3450 3531 agnovis-

1868 3553 1966 3607 set,
2000 3542 2139 3596 sicut
2176 3541 2332 3605 solet,
2361 3539 2602 3608 pertinax
2632 3537 2852 3608 perfidia
2891 3543 3062 3598 esset;
3108 3535 3451 3608 persuasione

1868 3604 2056 3668 matris
2085 3604 2349 3682 prazcipue
2364 3604 2498 3671 sum,
2518 3604 2840 3682 quieadliuc
2863 3616 3173 3682 supererat,_
3189 3612 3244 3658 et
3268 3604 3452 3682 consi-

1868 3686 1951 3740 liis
1972 3673 2295 3744 dem'entata,
2323 3690 2377 3734 et
2399 3695 2429 3733 a
2452 3673 2696 3748 conjugio
2717 3678 2813 3731 viri
2844 3677 3100 3745 religione
3125 3673 3446 3748 discederet.

1867 3756 2002 3812 Cum
2033 3755 2147 3809 hzec
2175 3743 2490 3808 Theodorus
2511 3743 2830 3803 Christianis
2852 3743 2964 3816 jani
2989 3743 3452 3816 acquiescentibus

1868 3827 2237 3899 propalasset;
2287 3819 2631 3899 Judaeis,__qui
2653 3815 2901 3899 conversi
2926 3815 3156 3899 fuerant,
3187 3815 3450 3897 acerrima

1869 3887 2231 3952 commotione
2251 3887 2640 3954 resistentibus,
2669 3896 2939 3958 amputata
2961 3887 3230 3942 dilationis
3259 3900 3407 3958 mora
3431 3925 3449 3953 ,

1869 3970 1934 4022 ad
1966 3968 2150 4021 matris
2185 3965 2495 4035 propinqua:
2535 3963 2708 4035 sinunt
2755 3956 2973 4015 festinus
3005 3958 3138 4035 ipse,
3171 3967 3230 4011 ut
3271 3956 3323 4009 in
3362 3971 3452 4010 so-

1870 4040 2010 4093 mnis
2030 4030 2254 4100 viderat,
2278 4030 2598 4089 convolavit.
2631 4033 2756 4085 Post
2784 4045 2942 4098 quem
2974 4030 3448 4100 ontnis._tanquam

1869 4117 2074 4165 remoto
2096 4095 2267 4168 obice,
2291 4104 2358 4160 ad
2378 4103 2656 4160 ecclesiam
2677 4095 2941 4172 synagoga
2965 4097 3238 4172 conﬂuxit.
3259 4095 3452 4172 Mirum

1869 4182 2032 4244 dictu,
2064 4167 2340 4233 inveterati
2372 4176 2512 4229 illius
2551 4173 2681 4244 legis
2706 4167 2968 4244 doctores,
2999 4169 3115 4222 sine
3145 4167 3250 4220 ulla
3281 4167 3450 4244 alter-

1869 4237 2078 4306 catione
2112 4248 2424 4311 verborum,
2451 4245 2568 4299 sine
2597 4237 2704 4298 ullo
2731 4237 3453 4311 Scripturarumcertatnine

1868 4321 2208 4377 crediderunt
2239 4335 2252 4371 :
2287 4306 2488 4371 tantum
2539 4306 2909 4383 percunctati'1
2944 4325 3010 4383 an
3050 4309 3248 4383 vellem
3295 4306 3452 4383 fidem

1869 4393 2065 4458 Christi
2106 4389 2376 4458 suscipere
2395 4429 2410 4454 ,
2451 4377 2672 4458 credere
2702 4399 2761 4438 se
2789 4383 2840 4436 in
2871 4381 3084 4458 Christo
3111 4388 3164 4434 et
3192 4377 3452 4458 Christiaf

1872 4479 1970 4518 nos
2021 4455 2135 4516 fieri
2180 4449 2828 4528 cupere'prolitebantnr.
2881 4453 3106 4528 (lentum
3148 4449 3359 4528 quidam
3397 4456 3454 4501 et

1869 4535 2024 4599 duos,
2055 4545 2110 4587 ut
2137 4519 2618 4591 asse'runt,'a:tatis
2647 4535 2804 4599 atque
2834 4522 3069 4599 perfidia:
3101 4535 3210 4575 sua:
3249 4519 3454 4599 habens

1869 4591 2058 4669 annos,
2087 4604 2201 4658 sine
2232 4601 2389 4666 trium
2416 4591 3160 4669 commutationeverborunr,
3190 4605 3284 4660 spe
3314 4591 3454 4642 futu-

1872 4693 1946 4732 ra:
1971 4661 2092 4730 vita:
2121 4661 2640 4737 alacer-decrepitus.
2669 4673 2932 4737 optarese
2953 4663 3089 4737 utin
3118 4661 3223 4737 fine
3247 4671 3454 4728 tempo-

1870 4762 1988 4802 rum
2013 4759 2230 4800 suorum
2260 4757 2355 4812 per
2383 4733 2541 4794 fidem
2568 4733 2774 4812 Christi
2810 4735 2876 4789 ad
2909 4733 3236 4812 spiritualiem
3269 4745 3453 4812 rever-

1873 4827 2073 4872 teretur
2125 4802 2435 4876 infan'tiam,
2493 4810 2752 4878 nobisque
2804 4804 3090 4874 putrefacta
3139 4803 3249 4872 jam
3301 4802 3454 4855 senio

1873 4889 2132 4948 membra,
2161 4893 2219 4940 ut
2255 4881 2570 4954 quantocius
2613 4894 2708 4951 per
2745 4878 3073 4948 Baptismum
3105 4887 3454 4944 regenerare-

1875 4970 1978 5019 tur.
2009 4957 2245 5023 ingessit.

1947 5011 2304 5083 f7.ﬂ'li‘uerunt
2329 5024 2544 5092 quidam
2569 5020 2760 5085 Judmi,
2791 5018 2886 5092 qui
2919 5021 3299 5087 prmtereuntes
3329 5011 3456 5065 illuc

1874 5101 2114 5169 appulsi,
2171 5091 2622 5169 opportunitatem
2669 5091 2922 5169 temporis
2964 5097 3124 5154 atque
3173 5093 3452 5169 ventorum

1873 5160 2312 5240 aucupabantu'r:
2345 5166 2435 5236 qui
2466 5163 2742 5240 na_vigat_id_i
2769 5160 3022 5240 concessa
3054 5160 3454 5240 opportuniuite

1875 5222 2107 5297 credere
2136 5222 2456 5294 maluerunt.
2506 5222 2638 5290 Trer
2667 5235 2826 5303 igitur
2855 5239 3056 5303 tantum
3086 5222 3456 5303 l'etninasnsed

1875 5291 2231 5370 nobilissimas
2262 5291 2586 5369 Judieornm,
2615 5291 3048 5370 advvirtutis‘sna:
3074 5295 3294 5365 gloriam
3321 5291 3458 5345 dila-

1876 5368 2090 5438 tandatn
2137 5383 2188 5434 in
2229 5381 2422 5434 duritie
2454 5368 2690 5447 perfidia:
2728 5388 2839 5447 sua;
2871 5368 3118 5447 Christus
3144 5377 3460 5447 permanere

1877 5433 2262 5524 aliquantulum
2291 5433 2477 5524 passus
2505 5433 3238 5524 est._Artemisia.siquidem,

1877 5509 2083 5594 rii,'qui
2115 5509 2450 5594 nuper-banc
2480 5516 2803 5594 provi_nei_a_tn_
2832 5511 2986 5594 rexit,
3017 5517 3072 5563 et
3103 5522 3243 5594 nunc
3265 5509 3461 5594 Comes

1879 5583 2245 5658 esse'dicitu'r,
2277 5593 2401 5657 tilia,
2428 5583 2664 5662 conjugis
2706 5583 2900 5640 Mclelii
2940 5583 3290 5637 conversione
3313 5589 3436 5630 cont

1942 5733 1956 5765 ¹
1994 5739 2152 5793 Forte,
2183 5723 2458 5792 perﬁdiose.
