3960 6554
503 372 601 428 85!

503 490 667 542 mnta,
696 494 814 534 cum
847 495 948 534 una
976 480 1140 536 ferme
1161 482 1328 535 amica
1364 488 1420 535 et
1456 479 1663 535 nutrice
1692 486 1745 534 et
1776 480 1953 549 paucis
1982 496 2077 535 an-

505 552 641 606 cillis
670 551 883 605 domum
908 552 1004 604 viri
1035 552 1114 604 sui
1140 551 1428 612 deserens.
1458 551 1522 604 ad
1549 551 1829 619 quamdam
1861 551 2076 619 spelun-

507 637 646 687 cam,
679 622 801 674 licet
840 622 892 673 in
919 622 1093 686 vinea,
1117 628 1294 675 tamen
1336 621 1621 674 remotiore
1660 620 1926 689 paululum
1963 621 2079 675 loco

510 693 631 753 sita,
655 691 814 744 oblita
838 691 1078 744 femineae
1100 691 1418 744 infirmitatis
1438 690 1621 744 evasit.
1653 691 1777 742 Erat
1799 691 1847 743 in
1873 706 1933 743 ea
1960 705 2081 758 par-

510 776 633 815 vum
660 776 959 829 novumque
981 762 1212 814 torcular
1234 801 1248 823 ,
1285 761 1535 829 lacusque
1560 774 1727 812 novus
1758 759 1923 813 factus
1949 764 2078 828 ligu-

512 846 626 885 ram
650 829 1039 899 quodammodo
1075 846 1261 899 gerere
1284 830 1548 884 credentis
1580 829 1753 899 populi
1786 830 2079 883 videbatur.

512 902 630 955 Non
654 901 795 954 cnim
825 900 953 954 istos
995 900 1127 954 sicut
1170 910 1314 954 utres
1338 908 1564 964 veteres,
1606 899 1698 953 sed
1743 899 1880 953 sicut
1918 914 2083 955 novos

512 971 663 1025 lacus
690 978 918 1022 mustum
948 971 1068 1023 novi
1095 970 1415 1024 Testamenti
1438 970 1720 1038 recepisse.
1744 980 1793 1022 et
1815 969 2084 1025 credimus

516 1050 570 1095 et
594 1040 852 1094 videmus.
900 1038 953 1092 In
994 1054 1058 1093 eo
1098 1040 1253 1109 igitur
1292 1039 1408 1093 loco
1435 1054 1553 1092 cum
1596 1054 1688 1107 per
1722 1038 1938 1092 biduum
1977 1054 2087 1093 ma-

519 1120 673 1165 trona
694 1123 721 1161 a
745 1110 857 1162 viro
879 1124 974 1162 suo
994 1109 1195 1163 offensa
1221 1110 1557 1163 inexorabilis
1585 1110 1996 1175 permansisset;
2028 1118 2087 1163 ut

520 1184 749 1250 primum
772 1180 921 1233 tertia
943 1179 1056 1233 dies
1078 1180 1268 1241 illuxit,
1299 1178 1507 1232 famula:
1531 1174 1963 1250 aquamhausire
1991 1174 2086 1250 imo

520 1247 725 1320 peravit
753 1264 944 1320 :_quam
987 1265 1106 1320 cum
1137 1249 1312 1320 odore
1333 1258 1385 1301 et
1422 1263 1610 1320 sapore
1640 1248 1812 1320 mellis
1848 1247 2087 1302 dulcedi-

522 1317 643 1374 iiem
688 1317 887 1372 referre
926 1319 1200 1381 sensisset,
1240 1319 1408 1386 primo
1433 1318 1935 1386 quidemministrce
1966 1334 2088 1372 suc-

524 1403 743 1444 censere
775 1388 955 1456 ctepit,
983 1397 1037 1442 et
1070 1403 1165 1441 cur
1190 1391 1242 1442 in
1267 1388 1454 1442 eodem
1484 1402 1644 1441 urceo
1671 1389 1774 1441 mel
1801 1388 2086 1456 injecisset,

524 1459 806 1527 indignans
871 1458 1183 1526 inquirebat.
1250 1458 1531 1526 Postquam
1571 1466 1786 1521 autem,
1839 1468 1896 1511 ut
1942 1460 2091 1527 quasi

528 1539 806 1598 negantem
828 1529 1182 1591 convinceret,
1218 1527 1283 1581 ad
1299 1528 1478 1598 lacum
1509 1529 1704 1596 pergit;
1730 1528 1797 1581 de
1825 1543 1930 1597 quo
1960 1544 2090 1595 pau-

528 1597 691 1657 Iulum
728 1598 970 1668 concavis
1011 1599 1251 1651 manibus
1296 1597 1594 1668 hauriens,
1629 1600 1825 1665 reperit
1864 1614 2090 1668 aquam,

532 1683 632 1741 qua
662 1682 767 1741 per
792 1667 1005 1741 biduum
1042 1683 1134 1741 usa
1147 1668 1351 1741 fuerat,
1378 1668 1426 1741 in
1458 1667 1627 1720 mellis
1649 1669 1944 1721 suavissimi
1972 1685 2093 1741 ver-

529 1735 641 1796 s'am
666 1735 1037 1791 dulcedinem.
1082 1735 1365 1790 Advocans
1408 1738 1581 1804 itaque
1614 1746 1827 1807 cunctas
1854 1754 1970 1807 qua:
1999 1739 2095 1792 ad-

531 1816 702 1871 erant,
745 1816 802 1859 ut
838 1815 1117 1877 gustarent
1148 1816 1315 1875 rogat,
1363 1823 1428 1861 ne
1470 1807 1606 1860 forte
1646 1806 1804 1861 fallax
1844 1824 2001 1877 sapor
2044 1810 2097 1863 in

530 1877 769 1936 faucibus
796 1884 996 1929 tantum
1025 1876 1187 1944 ipsius
1213 1878 1522 1930 suavitatem
1548 1878 1873 1932 mentiretur.
1904 1876 2098 1933 Omnes

531 1955 802 2021 gustantes
850 1948 979 2021 mira
1027 1948 1378 2021 oblectatione
1425 1949 1624 2021 affectae
1673 1959 1793 2021 sunt
1815 1989 1844 2021 ,ί
1890 1958 1945 2002 ut
1994 1966 2098 2002 nou

531 2017 721 2091 aquam
763 2017 933 2091 mellis
968 2032 1163 2091 sapore
1194 2018 1500 2091 delibatam,
1534 2017 1626 2071 sed
1668 2020 1769 2072 mel
1804 2020 2100 2091 sincerissi-

534 2086 678 2145 m'um
700 2129 713 2151 ,
743 2086 912 2159 solum
947 2102 1095 2159 aqum
1126 2089 1518 2159 similitudinem
1550 2098 1845 2142 censerent.
1876 2090 2102 2158 Stupore

534 2162 692 2231 igitur
730 2158 942 2224 percitre
962 2197 975 2220 ,
1008 2158 1133 2231 dum
1161 2158 1227 2211 ad
1255 2159 1517 2231 civitatem
1556 2161 1978 2231 revertisparant,
2008 2176 2101 2213 cu-

533 2228 987 2293 riosius‘ageutes,
1018 2229 1173 2281 etiam
1218 2243 1391 2283 rorem
1434 2230 1520 2297 qui
1562 2228 1611 2280 in
1654 2229 1829 2282 herbis
1868 2232 2102 2297 plurimis

534 2314 669 2362 erat,
699 2298 1024 2365 degustatum
1052 2298 1276 2351 similem
1306 2306 1633 2366 repererunt.
1675 2298 1905 2369 Pcrgens
1932 2302 2105 2368 itaque

531 2371 601 2424 ad
631 2372 893 2425 civitatem
920 2378 1158 2422 matrona
1190 2377 1475 2423 memorata
1494 2410 1508 2433 ,
1542 2372 1653 2423 hmc
1683 2372 1871 2422 marito
1899 2371 2102 2435 detulit,

534 2450 591 2495 et
620 2457 713 2510 per
737 2454 856 2510 eum
886 2440 1130 2510 omnibus
1171 2439 1453 2503 indicavit,
1494 2440 1777 2510 statimque
1819 2441 1883 2493 ad
1910 2440 2104 2495 Christi

537 2508 695 2565 fidem
739 2508 853 2561 sine
891 2508 1233 2563 reluctatione
1277 2510 1561 2565 consensit.
1591 2509 1784 2564 Verum
1815 2512 1997 2564 eadem
2020 2513 2107 2566 die

536 2596 641 2649 qua
666 2578 854 2635 Meletii
879 2594 1009 2632 uxor
1035 2579 1439 2633 amaritudinem
1470 2580 1851 2634 incredulitatis
1876 2582 2105 2650 abjicere

537 2666 603 2705 ex
634 2653 791 2705 melle
812 2650 1084 2719 compulsa
1111 2660 1209 2713 est,
1238 2650 1445 2711 eadem,
1478 2650 1712 2717 inquam,
1738 2651 1824 2704 die
1853 2667 1956 2719 qua
1989 2666 2105 2706 me-

537 2731 738 2776 morata
772 2718 874 2770 filia
906 2720 1062 2772 Israel
1091 2720 1236 2788 quasi
1268 2719 1322 2772 in
1353 2720 1563 2773 deserto
1593 2721 1758 2787 posita
1797 2718 1939 2773 illum
1967 2723 2106 2775 anti-

538 2806 698 2860 quum
742 2790 906 2860 Mar_a__
932 2790 1100 2860 lacum
1143 2789 1332 2860 injecto
1362 2794 1533 2860 crucis
1559 2791 1700 2858 ligno
1728 2790 2107 2846 obdulcescere

538 2857 803 2931 persensit
842 2857 1032 2931 (Εῳοά.
1058 2860 1201 2931 _xv),
1250 2859 1320 2911 ita
1364 2857 1863 2931 mirifico’vereqne
1904 2863 2108 2917 caelesti

539 2926 713 2986 omnis
753 2926 972 2985 ecclesia
1006 2926 1169 2984 odore
1199 2930 1464 2997 fragravit,
1495 2938 1552 2982 ut
1581 2926 1912 2997 praesentiam
1941 2934 2109 3000 Spiri-

538 3009 626 3057 tus
656 3001 1008 3069 sancti,quam
1032 3008 1086 3053 et
1104 3010 1224 3054 ante
1240 3000 1349 3067 jam
1369 3000 1667 3069 aliquoties,
1684 3001 1777 3055 sed
1809 3003 2108 3069 paucissimi

542 3082 912 3131 senseramus,
961 3070 1258 3125 fraternitas
1302 3085 1434 3138 pene
1479 3072 1723 3124 universa
1764 3073 2023 3127 sentiret:
2056 3084 2111 3128 et

538 3142 733 3196 mirum
763 3138 967 3194 eunetis
994 3140 1122 3194 illud
1153 3143 1279 3205 fuit,
1312 3140 1451 3209 quod
1481 3156 1574 3209 per
1600 3142 1812 3195 eosdem
1844 3142 1958 3196 dies
1978 3184 1991 3207 ,
2022 3159 2109 3197 se-

538 3226 666 3281 rena
712 3209 1092 3281 propemodum
1139 3212 1336 3281 jugitcr
1376 3221 1749 3279 permanente,
1802 3214 2108 3268 creberrimi

541 3280 741 3335 imbres
768 3280 1194 3346 demittebantur,
1214 3280 1277 3336 et
1304 3282 1552 3348 paulatim
1576 3282 1845 3337 venientes
1865 3284 1929 3337 ad
1954 3284 2107 3338 fidem

539 3350 736 3405 Christi
774 3352 985 3405 Judmos
1027 3351 1194 3418 pluvia
1235 3352 1561 3420 prmcedebat
1589 3370 1601 3406 :
1632 3354 1697 3406 ita
1729 3362 1783 3406 ut
1810 3352 1909 3406 hoc
1937 3355 2109 3407 anim-

542 3420 898 3485 advertentes,
925 3421 1083 3489 vulgo
1106 3424 1241 3476 inter
1268 3436 1364 3475 nos
1392 3431 1445 3476 et
1471 3424 1617 3490 quasi
1635 3423 1943 3491 joculariter
1968 3423 2111 3478 dice-

541 3505 722 3561 remus
748 3510 759 3545 :
790 3492 927 3546 Ecce
946 3493 1053 3561 jam
1086 3494 1245 3560 pluit,
1280 3492 1465 3546 scitote
1503 3506 1863 3561 quoscumque
1899 3493 2111 3549 Juda-os

545 3560 614 3632 ad
640 3559 835 3616 Christi
864 3559 1018 3617 fidem
1046 3559 1376 3632 accessuros.
1409 3559 1596 3616 Mirum
1631 3559 1794 3627 dictu,
1810 3563 2111 3632 frequenter

542 3629 668 3702 dum
694 3632 866 3687 adhuc
897 3634 1013 3685 talia
1043 3631 1401 3702 loqueremur,
1433 3647 1463 3685 a
1488 3634 1799 3701 quibusdam
1827 3629 2024 3688 Judaeis
2051 3636 2112 3687 li-

542 3700 627 3753 dei
651 3701 810 3772 janua
844 3700 1147 3770 pulsabatur
1177 3722 1187 3755 :
1220 3719 1319 3757 nec
1349 3700 1645 3769 immerito,
1683 3704 1818 3757 sicut
1858 3705 2109 3772 scriptum

539 3779 640 3843 est,
672 3770 902 3843 Pluviam
924 3774 1254 3827 voluntariam
1279 3772 1554 3843 segregabit
1579 3773 1859 3827 [iazredilati
1880 3770 1985 3827 sum
2006 3775 2111 3828 Do-

540 3842 707 3914 minus
731 3840 900 3910 (Psal.
928 3860 1086 3908 van,
1122 3843 1229 3912 10).
1278 3840 1515 3914 Desuper
1543 3852 1693 3897 erant
1717 3843 1926 3901 femina)
1946 3886 1959 3911 ,
1992 3862 2111 3914 qua:

540 3909 593 3962 in
623 3911 852 3981 odorem
894 3909 1276 3981 unguentorum
1309 3913 1503 3966 Christi
1533 3909 2105 3980 currererecusabant.

611 3980 699 4033 18.
742 3980 1027 4035 Innocentii
1071 3983 1207 4037 illius
1228 4022 1241 4045 ,
1271 3985 1420 4051 cujus
1448 3998 1605 4050 supra
1634 3983 1855 4039 fecimus
1880 3987 2109 4039 mentio-

538 4062 681 4113 nem,
706 4060 943 4121 matrona
970 4068 1087 4105 cum
1119 4054 1263 4121 prole
1291 4069 1406 4119 sna,
1440 4053 1775 4117 venerabilis,
1809 4055 1944 4108 sicut
1974 4056 2108 4109 fama

538 4128 619 4172 est
638 4160 652 4184 ,
684 4120 838 4175 vidua
859 4163 872 4186 ,
900 4122 1042 4176 illico
1067 4120 1125 4176 ut
1165 4123 1551 4187 Innocentium,
1584 4126 2104 4195 sororisconjugem,

538 4203 851 4261 conversum
875 4208 992 4247 esse
1012 4195 1303 4261 conspexit.
1333 4195 1508 4249 navim
1534 4194 1860 4260 conscendit,
1893 4194 1995 4250 non
2019 4212 2109 4250 so-

538 4258 646 4334 lum
698 4258 1156 4334 permittentibus;
1191 4265 1283 4319 sed
1332 4267 1490 4320 etiam
1535 4258 1875 4321 suadentibus
1926 4267 2107 4334 nobis;

538 4331 658 4398 quia
689 4332 754 4386 ad
780 4334 937 4387 fidem
962 4332 1154 4389 Christi
1180 4351 1277 4389 nec
1296 4338 1489 4398 verbis,
1513 4351 1609 4390 nec
1639 4337 1904 4389 miraculis
1932 4331 2110 4391 flecte;

537 4411 740 4477 rentur.
778 4401 1447 4477 Usorautemilnnoccntii
1479 4423 1573 4477 per
1596 4406 1958 4477 quatuorfere
1996 4408 2110 4463 dies

536 4471 754 4547 verbum
783 4474 988 4547 salutis,
1017 4476 1155 4544 quod
1178 4471 1567 4547 ingerebam'us,
1595 4471 1865 4530 obduratis
1894 4477 2109 4532 auribus

536 4542 844 4616 recipiebat.
876 4545 998 4600 Haac
1019 4542 1137 4599 cum
1161 4542 1371 4600 omnem
1400 4562 1655 4616 respuens
1678 4547 2012 4613 medicinam,
2038 4548 2109 4601 in-

538 4612 760 4686 sanabili
799 4613 1180 4669 incredulitatis
1207 4612 1505 4676 valetudine
1535 4617 1953 4686 opprimeretur,
1989 4612 2107 4671 nul-

537 4679 707 4755 lisque
738 4683 1025 4755 lnnocentii
1050 4687 1288 4755 conjugis
1310 4689 1393 4742 vel
1419 4679 1702 4754 niinis','vel
1736 4679 2000 4755 precibus,
2026 4688 2109 4742 vel

537 4749 803 4824 lacrymis
835 4756 1035 4810 moveri
1081 4749 1287 4824 poését;
1343 4749 1621 4823 universa,
1669 4749 2107 4812 innocentio'ro-

535 4832 716 4895 gant_e,
740 4822 805 4876 ad
832 4824 1043 4880 domum
1076 4822 1126 4879 in
1155 4842 1256 4895 qua
1288 4827 1576 4893 habitabat,
1604 4827 1945 4882 fraternitatis
1973 4830 2107 4882 mul-

537 4890 706 4968 titudo
722 4890 1213 4968 convenit,_lia|)ens
1240 4913 1482 4967 magnum
1506 4890 1739 4952 dolorem
1762 4899 1943 4963 animi,
1967 4899 2109 4968 quod

536 4966 693 5037 tanta)
733 4963 929 5039 latitia:
964 4965 1269 5039 plenitudini
1298 4963 1399 5023 una
1433 4969 1625 5039 mulier
1654 4969 1952 5033 obsisteret,
1985 4963 2107 5039 quia

534 5034 637 5098 jam
668 5044 822 5109 soror
845 5034 978 5101 ejus
995 5037 1275 5109 manifeste
1304 5038 1603 5105 putabatur.
1650 5040 1781 5093 Cum
1824 5040 1980 5109 igitur
2003 5034 2109 5097 'diu

532 5112 679 5153 cassa
708 5101 863 5155 verba
884 5104 1057 5157 surdis
1077 5106 1290 5160 auribus
1305 5101 1612 5177 ingerentes
1634 5109 1762 5164 nihil
1790 5101 2103 5178 profecisse-

1963 370 2316 428 APPENDIX.

3638 375 3748 432 331

2184 495 2322 547 mus,
2345 477 2417 534 ad
2434 479 2701 550 cognitum
2727 479 2980 535 orationis
3000 479 3308 549 presidium
3334 483 3747 549 convolavimus,

2186 566 2474 619 precesque
2495 549 2625 619 quas
2647 549 2873 620 humana
2896 552 3187 619 repellebat
3212 550 3482 620 impietas,
3503 554 3569 606 ad
3594 559 3752 610 cmic—

2185 631 2318 675 stem
2367 619 2793 690 misericordiam
2816 620 3069 674 vertimus
3100 639 3113 675 :
3141 619 3320 689 itaque
3361 636 3532 690 usque
3567 625 3618 677 in
3648 627 3753 678 ho-

2184 706 2295 744 ram
2335 691 2543 744 tertiam
2583 688 2747 761 ferme
2781 688 3101 761 hymnorum
3138 699 3194 761 et
3229 688 3537 761 orationum
3564 696 3757 761 pretiis

2186 761 2438 814 adversus
2465 759 2702 830 Amalec,
2734 758 2941 830 hostem
2966 758 3114 830 Jesu,
3142 758 3296 814 ducis
3322 762 3519 830 nostri,
3549 758 3762 817 sudavit

2185 830 2456 901 exercitus
2487 828 2679 901 (Exod.
2711 826 2864 899 xvu).
2894 827 3162 901 lndeicum
3182 832 3293 901 jam
3323 844 3482 898 pene,
3502 826 3648 901 quod
3673 834 3756 886 fa-

2186 899 2402 954 tendum
2450 899 2551 965 est,
2604 899 2945 968 desperantes
2988 899 3384 953 abscessionem
3431 899 3758 967 moliremur,

2188 968 2471 1037 resumptis
2510 984 2717 1022 rursum
2745 968 2945 1023 viribus
2986 969 3282 1023 orationem
3320 972 3534 1024 cunctis
3571 972 3763 1026 indixi-

2189 1054 2327 1104 mus,
2358 1041 2575 1106 soloque
2602 1039 2749 1092 strati
2779 1038 2868 1091 diu
2898 1038 3171 1105 flevimus;
3200 1048 3400 1093 etcum
3431 1041 3484 1092 in
3512 1056 3763 1096 consum-

2191 1108 2421 1162 matione
2459 1108 2714 1162 orationis
2750 1111 2917 1163 Amen
2956 1110 3180 1177 populus
3203 1109 3578 1173 acclamasset,
3600 1120 3648 1166 et
3667 1112 3761 1164 illa

2190 1191 2407 1232 credere
2435 1192 2508 1248 se
2549 1186 2603 1231 et
2637 1176 2994 1231 Christianam
3021 1178 3133 1232 fieri
3162 1179 3297 1233 velle
3325 1178 3616 1248 subjunxit.
3653 1180 3765 1236 Nos

2192 1249 2402 1319 itaque,
2434 1246 2533 1301 hac
2557 1248 2717 1301 etiam
2747 1263 2777 1301 a
2804 1248 3003 1302 diaboli
3032 1249 3231 1319 laqueis
3254 1246 3439 1313 eruta,
3458 1250 3563 1305 lzeti
3580 1250 3643 1305 ad
3666 1250 3763 1304 ha-

2192 1317 2417 1372 bitacula
2446 1325 2624 1370 nostra
2654 1319 3002 1386 perreximus.

2266 1386 2351 1442 l9.
2383 1387 2655 1456 Sequenti,
2689 1387 2739 1441 id
2774 1395 2856 1441 est
2879 1397 3062 1442 octava
3091 1386 3305 1442 demum
3341 1387 3455 1451 die,
3483 1404 3582 1457 qua
3607 1406 3763 1446 vene-

2193 1472 2373 1531 ramus
2414 1457 2720 1531 .lammona,
2760 1472 2999 1531 remeare
3036 1458 3593 1531 statuimu_s,_optima
3632 1477 3767 1531 pra:-

2195 1528 2351 1581 clarre
2380 1528 2612 1581 victoria:
2652 1526 2839 1596 gaudia
2875 1536 3229 1595 reportantes.
3275 1528 3382 1583 Sed
3422 1526 3545 1582 com
3581 1526 3677 1598 jam
3706 1533 3765 1585 in

2196 1598 2469 1665 procinctu
2514 1598 2717 1651 itineris
2762 1598 3052 1661 constituti,
3095 1598 3311 1651 civitate
3348 1598 3758 1667 digrederemur,

2198 1669 2449 1721 Dominus
2476 1668 2666 1735 popqu
2690 1683 2806 1738 suo,
2836 1668 2983 1735 quasi
3006 1682 3101 1735 pro
3125 1668 3340 1738 viatico,
3360 1669 3607 1737 gaudium
3628 1673 3765 1738 quod

2199 1739 2370 1791 solum
2401 1738 2587 1791 deesse
2614 1737 2907 1803 videbatur,
2934 1738 3142 1806 adjecit.
3177 1737 3368 1790 Afﬁnis
3401 1737 3653 1807 siquidem
3674 1740 3764 1794 ln-

2201 1809 2427 1861 uncentii
2457 1807 2721 1877 illavidua
2763 1808 2828 1861 de
2872 1808 3056 1877 pelago
3086 1807 3303 1861 reducta
3331 1817 3433 1871 est,
3464 1824 3581 1876 qua:
3602 1812 3766 1865 subito

2200 1893 2258 1931 se
2280 1878 2409 1931 meis
2429 1876 2649 1946 genibus
2671 1876 2978 1939 advolvens,
3002 1876 3133 1931 fidei
3161 1886 3360 1931 nostra:
3382 1878 3631 1931 auxilium
3649 1897 3765 1934 cum

2202 1948 2447 2019 lacrymis
2486 1948 2889 2015 deprecabatur.
2926 1947 3028 2019 Cui
3062 1962 3159 2017 ego
3192 1947 3362 2019 :Cur,
3389 1949 3620 2016 inquam,
3649 1967 3763 2003 mu-

2204 2018 2299 2071 lier
2317 2017 2468 2072 tanta
2499 2019 2657 2070 animi
2684 2019 2893 2072 levitate
2917 2018 3106 2073 fratres
3128 2030 3245 2071 tuos
3264 2017 3519 2072 deserere
3536 2021 3763 2073 voluisti?

2203 2089 2282 2141 Ad
2311 2088 2421 2142 haec
2450 2089 2537 2142 illa
2568 2088 2673 2141 :Et
2696 2088 2846 2152 Jona,
2882 2090 3082 2156 inquit,
3129 2087 3386 2155 PrOpheta
3427 2103 3457 2140 a
3502 2088 3626 2143 facie
3660 2090 3759 2143 Do-

2204 2159 2331 2211 mini
2361 2160 2538 2228 fugere
2559 2158 2743 2222 voluit,
2776 2169 2825 2211 et
2855 2167 3026 2228 tamen
3060 2158 3384 2212 voluntatem
3414 2158 3527 2224 Dei,
3559 2161 3667 2213 licet
3686 2161 3763 2212 in-

2205 2228 2363 2294 vitus,
2406 2228 2643 2297 implevit
2680 2228 2848 2298 (Iona:
2872 2227 2932 2296 ι).
2978 2229 3196 2295 Suscipe
3225 2243 3357 2296 ergo
3386 2238 3439 2280 tu
3477 2244 3575 2281 non
3604 2229 3760 2283 solum

2205 2313 2309 2360 me,
2355 2299 2447 2352 sed
2497 2309 2551 2353 et
2596 2300 2721 2351 istas
2764 2298 3046 2367 orphanas,
3081 2309 3134 2351 et
3160 2298 3377 2350 Christo
3406 2314 3499 2351 eas
3528 2301 3674 2351 nutri.
3701 2301 3761 2352 Et

2211 2370 2308 2422 hoc
2329 2370 2696 2422 miserabiliter
2724 2370 3042 2432 acclamans,
3073 2369 3203 2421 duas
3226 2367 3366 2421 filias
3393 2383 3518 2422 suas
3541 2370 3761 2436 parvulas

2208 2438 2338 2508 mihi
2374 2454 2491 2493 cum
2524 2438 2735 2493 fletibus
2774 2439 3061 2508 ingerebat.
3109 2438 3239 2508 Quis
3286 2453 3393 2492 non
3440 2454 3546 2506 prze
3590 2440 3763 2507 gaudio

2209 2507 2389 2581 flevit?
2417 2512 2511 2581 cui
2532 2523 2635 2563 non
2670 2507 2891 2563 extorsit
2920 2510 3176 2581 lacrymas
3207 2507 3409 2581 laetitia:
3438 2510 3760 2581 magnitudo?

2208 2580 2426 2649 Suscepi
2467 2580 2622 2649 plane
2658 2596 2833 2647 ovem,
2864 2580 3040 2647 quam
3063 2594 3130 2633 ex
3168 2580 3311 2632 omni
3356 2593 3578 2631 numero
3614 2580 3755 2631 solam

2208 2663 2416 2719 errasse
2467 2650 2811 2718 putabamus;
2868 2665 3090 2719 eamque
3134 2663 3253 2703 cum
3297 2649 3516 2717 gemino
3560 2649 3654 2703 fetu
3692 2650 3753 2701 ad

2209 2716 2401 2773 Christi
2422 2716 2575 2773 ovilia
2598 2719 2859 2774 revocavi.

2280 2790 2369 2843 20.
2393 2791 2529 2844 Sane
2553 2806 2648 2859 per
2669 2792 2764 2843 hos
2786 2799 2924 2852 octo,
2956 2790 3145 2860 quibus
3173 2789 3289 2860 htcc
3308 2799 3459 2857 gesta
3481 2797 3615 2852 sunt,
3639 2790 3757 2849 dies.

2210 2868 2334 2914 ante
2364 2862 2569 2915 initium
2598 2861 3058 2930 Quadragesimze,
3098 2859 3338 2930 Pascha:
3368 2873 3399 2911 a
3446 2861 3592 2914 nobis
3632 2862 3757 2913 cclc-

2209 2930 2359 2984 brata
2384 2942 2465 2984 est
2494 2932 2751 2985 festivitas
2786 2929 3143 3000 :quingentas
3169 2929 3435 3000 siquidem
3473 2940 3525 2983 et
3560 2931 3758 2999 quadra-

2210 3002 2353 3069 ginta
2398 3002 2601 3055 animas
2642 3001 2705 3055 ad
2751 2999 3037 3056 Ecclesiam
3079 3010 3288 3055 constat
3324 2999 3577 3066 adjectas.
3622 3001 3757 3053 lnane

2212 3080 2387 3125 autem
2428 3080 2482 3126 et
2521 3086 2967 3140 supervacaneum
2998 3087 3103 3126 non
3148 3086 3290 3137 reor,
3336 3078 3417 3129 ut.
3463 3084 3578 3140 cum
3617 3071 3754 3123 multa

2212 3152 2426 3209 propter
2450 3139 2706 3196 infinitam
2735 3143 2938 3211 copiam
2967 3142 3381 3211 prmtermisero,
3413 3140 3466 3193 in
3505 3139 3603 3193 line
3634 3156 3755 3192 com.

2211 3226 2537 3279 memorem,
2580 3214 2845 3267 neminem
2884 3228 2949 3266 ex
2994 3220 3131 3266 tanta
3174 3211 3567 3266 Jammonensis
3606 3213 3755 3278 populi

2211 3281 2579 3352 multitudine,
2608 3284 2696 3352 qui
2727 3298 2821 3351 per
2855 3283 3066 3351 triginta
3094 3282 3255 3335 millia
3284 3296 3538 3350 passuum
3564 3291 3673 3333 ante
3694 3290 3758 3333 tot

2213 3350 2327 3406 dies
2352 3363 2587 3419 venerat,
2612 3350 2702 3407 aut
2728 3350 2908 3408 curam
2935 3353 3124 3407 domus
3144 3366 3273 3415 suae,
3307 3358 3404 3405 aut
3434 3352 3754 3419 provisionem

2213 3422 2539 3487 substantiae,
2565 3432 2656 3477 aut
2679 3423 2927 3478 desiderii
2964 3424 3211 3478 allectum
3253 3423 3376 3475 huic
3408 3421 3557 3485 Operi
3594 3430 3760 3488 pisctu-

2212 3492 2358 3547 lisse.
2406 3494 2536 3548 Illud
2578 3494 2745 3563 magis
2786 3494 2978 3547 mirutn
3016 3493 3288 3563 magisque
3325 3490 3651 3563 gaudendum
3674 3499 3754 3551 est,

2216 3563 2355 3631 quod
2382 3564 2549 3631 ipsam
2578 3561 2811 3619 Jud‘aicaa
2844 3564 3009 3630 plebis
3038 3561 3228 3618 terram
3257 3563 3349 3616 diu
3371 3561 3623 3621 inertem,
3643 3577 3757 3631 nunc

2214 3630 2385 3687 autem
2408 3630 2599 3689 recisis
2628 3634 3010 3689 incredulitatis
3030 3634 3278 3703 vepribus
3305 3642 3360 3687 et
3390 3642 3603 3700 recepto
3624 3630 3756 3684 Verbi

2214 3706 2417 3758 semine
2449 3706 2792 3773 multiplicem
2827 3705 3050 3758 fructum
3075 3705 3293 3773 justitiaz
3334 3704 3631 3773 germinare
3656 3716 3758 3754 con-

2214 3775 2496 3841 Spicimus;
2526 3778 2597 3830 ita
2624 3784 2680 3829 ut
2706 3776 2860 3830 nobis
2889 3778 2940 3830 in
2971 3789 3064 3842 spe
3088 3786 3353 3828 tantorum
3376 3773 3638 3825 novalium
3657 3786 3757 3839 gau-

2215 3845 2453 3911 deamus,
2480 3847 2617 3901 unde
2646 3848 2901 3915 insignem
2923 3845 3160 3914 perfidia:
3189 3845 3431 3915 eruimus
3458 3842 3653 3915 silvam,
3668 3842 3758 3915 illic

2215 3915 2535 3971 fertilissima
2572 3917 2693 3971 fidei
2722 3913 2881 3987 opera
2919 3915 3201 3987 pullulare.
3232 3914 3471 3987 Primum
3500 3913 3635 3965 enim
3668 3913 3760 3987 ipsa

2214 3999 2494 4057 synagoga)
2524 3981 2863 4042 fundamenta
2885 3981 3145 4057 evertere,
3171 3985 3366 4057 deinde
3387 3982 3456 4057 ad
3484 3996 3660 4057 novam
3686 3981 3760 4031 ba-

2214 4050 2851 4113 silica'm'construendam
2876 4072 2978 4110 non
3001 4056 3171 4109 solum
3196 4054 3464 4124 impendia
3482 4050 3753 4110 conferunt,

2214 4127 2307 4180 sed
2339 4130 2495 4181 etiam
2524 4129 2754 4183 humeris
2784 4142 2908 4181 saxa
2936 4135 3291 4195 comportant.

2286 4197 2378 4272 ‘2i_._
2412 4198 2835 4272 ll:cc_Beatitudo
2857 4207 3035 4272 vestra
3063 4188 3389 4272 diequarte
3419 4206 3662 4272 nonarum
3686 4188 3754 4272 fe.

2214 4266 2473 4321 brualium
2505 4270 2693 4323 virtute
2720 4269 2925 4322 Domini
2955 4269 3120 4321 nostri
3158 4263 3287 4320 Jesu
3326 4263 3518 4318 Christi
3547 4268 3751 4327 arrepta.

2214 4346 2335 4403 octo
2363 4338 2549 4393 diebus
2592 4340 2657 4393 ab
2695 4339 2886 4393 eodem
2913 4345 3278 4392 consummata
3318 4349 3438 4388 esse
3476 4339 3751 4403 cognoscat,

2217 4399 2334 4475 post
2356 4411 2699 4481 consmatum
2715 4407 3153 4481 dominillonoﬁi
3180 4406 3549 4481 undecimum,
3562 4410 3610 4454 et
3633 4399 3755 4452 Cun-

2214 4480 2409 4533 statutio
2437 4479 2626 4533 iterum
2657 4480 2875 4533 victore.
2902 4478 3254 4545 Quamobrem
3284 4474 3551 4548 siindigni
3572 4480 3753 4548 etpcco

2214 4550 2407 4603 catoris
2428 4550 2646 4605 verbum
2662 4538 2945 4617 dignanter
2959 4548 3253 4611 admittitis,
3274 4546 3447 4617 zelum
3466 4538 3642 4596 Christi
3667 4538 3726 4590 ad

2216 4633 2424 4674 versum
2442 4620 2673 4687 Judzeos,
2697 4614 2786 4675 sed
2809 4629 3023 4689 propter
3044 4620 3207 4689 Deum
3226 4614 3628 4689 corttm‘denl‘luc

2214 4700 2423 4757 petuam
2464 4679 2709 4753 salutem.
2743 4679 3010 4754 suscipite.
3061 4688 3301 4741 Forsitan
3335 4686 3473 4740 enim
3498 4679 3604 4760 jam
3643 4679 3749 4760 illud

2217 4748 2524 4825 prmdictum
2555 4762 2622 4816 ab
2651 4748 2906 4830 Apostolo
2934 4760 3079 4813 venit
3105 4767 3316 4830 tempus
3336 4797 3351 4822 ,
3372 4764 3437 4830 ‘ut
3463 4748 3752 4830 plenitudine

2214 4823 2454 4901 gentium
2478 4823 2715 4900 ingressa
2740 4832 2914 4886 omnis
2955 4829 3113 4884 Israel
3155 4823 3333 4881 salvus
3364 4825 3458 4901 fiat
3491 4823 3659 4901 (llam.
3687 4834 3744 4877 xi.

2212 4893 2325 4974 25).
2350 4902 2413 4974 ljit
2434 4893 2659 4974 fortasse
2685 4902 2820 4974 hanc
2848 4901 2915 4974 ab
2942 4909 3184 4974 extremo
3207 4907 3364 4951 terra:
3386 4893 3645 4974 scintillam
3664 4902 3744 4974 vu-g

2215 4964 2310 5023 luit
2359 4972 2611 5025 Dominus
2649 4972 2885 5037 excitari,
2920 4981 2975 5025 ut
3020 4970 3300 5024 universus
3341 4964 3485 5020 orbis
3521 4972 3744 5015 terrarum

2213 5040 2485 5097 charitatis
2509 5043 2699 5112 ﬂagret
2725 5043 2989 5098 incendio.

1061 5198 3745 5239 ____________________________________...

1402 5294 1849 5355 ADMONITIO
1876 5296 1957 5355 IN
1993 5294 2594 5369 SUBSEQUENTES
2620 5292 2921 5354 LIBROS.

600 5556 791 5612 Incerti
819 5560 1055 5617 auctoris
1081 5571 1205 5617 sunt
1230 5561 1296 5618 de
1323 5563 1585 5620 Miraculis
1609 5566 1775 5620 sancti
1801 5566 2050 5638 Stephani
2078 5569 2326 5641 martyris
2353 5567 2468 5622 libri
2500 5568 2604 5621 duo
2629 5609 2643 5631 ,
2672 5581 2843 5637 neque
2882 5563 3062 5619 Evodii
3098 5562 3331 5632 episcopi
3362 5554 3621 5649 Uzalensis
3664 5538 3738 5601 ml-

531 5661 675 5715 meu,
706 5650 789 5704 cui
816 5651 1050 5721 inscripti
1078 5668 1108 5707 a
1134 5653 1555 5711 Lovaniensibus
1580 5656 1826 5721 fuerunt,
1859 5658 2207 5727 praeferebant
2230 5658 2282 5713 in
2313 5666 2434 5712 ante
2463 5658 2602 5713 edito
2631 5656 2848 5712 Joannis
2878 5652 3171 5708 Ulimmerii
3196 5650 3399 5715 codice,
3424 5658 3581 5713 neque
3601 5650 3732 5693 ιηγε·

532 5747 643 5794 tere
669 5740 802 5796 libro
823 5740 1160 5800 Floriaceusi.
1205 5744 1386 5802 Evodii
1414 5748 1565 5817 jussu
1596 5750 1916 5820 compositos
1943 5740 2162 5807 testattu'
2200 5757 2385 5807 auctor
2413 5749 2464 5805 in
2507 5751 2742 5818 prologi),
2771 5759 2932 5817 seque
2955 5743 3112 5798 etiam
3132 5742 3243 5812 ipse
3264 5743 3329 5799 ab
3351 5737 3528 5799 eodem
3565 5728 3741 5787 Evodio
