3926 6386
188 245 303 304 353
995 249 1082 306 DE
1121 247 1486 306 MIRACULIS
1525 249 1768 306 SANCTI
1805 252 2146 308 STEPHANI
2185 251 2388 311 LIBER
2427 255 2698 316 PRIMUS.
3353 272 3457 329 854

184 363 448 432 episcopo
466 359 736 417 diversum
765 362 964 420 indicat
988 364 1040 417 in
1062 373 1214 418 serto
1237 379 1300 418 ac
1319 363 1528 418 decimo
1549 366 1704 420 tertio
1738 367 1910 434 capite
1939 365 2056 420 libri
2085 369 2238 436 primi
2261 379 2313 424 et
2339 371 2390 424 in
2424 372 2526 426 ﬁne
2551 374 2669 428 libri
2695 377 2931 432 secundi.
2961 379 3189 438 Proinde
3219 385 3268 438 in
3294 402 3455 462 argu-

183 461 376 550 mento
559 453 890 550 lib-reprimo
916 469 944 508 a
965 459 1226 550 scriptore
1246 456 1551 525 praaﬁgitur,
1594 458 1804 527 quando
1839 459 2090 513 miracula
2117 459 2230 516 lucc
2257 462 2504 518 dicuntur
2529 468 2770 522 mandata
2807 488 3002 544 quoque
3019 477 3210 534 notitia:
3230 453 3458 550 ﬁdelium

177 542 250 596 ab
285 543 478 647 Epodio
507 545 558 598 in
588 542 817 600 Ecclesia
843 545 1028 610 Uzaii;
1055 547 1138 601 his
1172 547 1346 602 verbis
1377 564 1479 602 non
1511 559 1695 602 auctor
1715 550 2045 620 scriptorque
2072 553 2268 619 Operis,
2293 554 2386 610 sed
2407 571 2596 612 suasor
2623 570 2676 614 et
2699 542 3019 630 approbator
3039 573 3129 638 qui
3149 542 3308 628 scribi
3331 577 3464 648 legi-

176 651 294 732 que
320 637 558 732 jusserit,
587 638 816 732 Ei-odius
847 639 1190 732 signiﬁcatur.
1217 640 1490 732 Nescimus
1525 649 1700 696 autem
1727 656 1794 696 an
1832 656 1965 711 Opus
1995 642 2132 698 istud
2173 643 2412 700 habuerit
2437 664 2544 717 prae
2573 652 2740 707 oculis
2761 637 3104 728 Augustinus,
3130 666 3339 732 quando
3365 637 3460 727 de-

175 731 444 828 scriptum
493 730 578 783 hic
613 731 663 783 in
695 731 810 784 libri
825 733 999 828 primi
1033 730 1138 786 ﬁne
1166 731 1477 828 miraculum
1504 741 1810 828 narraturus
1849 733 1904 789 in
1945 733 2204 790 Sermone
2229 736 2351 804 525,
2378 755 2432 792 n.
2456 742 2510 804 5,
2534 741 2742 828 dicebat
2765 763 2778 798 :
2803 747 2954 818 Apud
2985 730 3187 809 Uzaliin
3212 799 3229 828 ,
3260 759 3344 814 ubi
3386 773 3460 817 est

174 823 452 890 episcopus
473 826 631 892 frater
657 839 796 876 meus
819 821 1062 888 Evodius,
1081 833 1266 892 quanta
1297 821 1544 876 miracula
1573 823 1644 876 ibi
1668 825 1794 892 ﬁmi!
1817 827 2040 894 quau-ite,
2066 835 2110 881 et
2133 829 2411 912 invenietis.
2455 821 2818 892 Prwterritissis
2836 851 2999 896 autent
3026 847 3161 914 aliis,
3186 821 3352 906 indico
3373 872 3458 907 ιη.-

175 914 264 968 bis
295 930 452 967 unum
479 915 613 983 quod
631 913 701 967 ibi
729 919 916 983 factum
941 925 1032 978 est,
1055 927 1108 968 nt
1135 916 1344 968 videatis
1365 926 1552 983 quanta
1579 919 1640 967 sit
1672 917 1736 967 ibi
1759 917 2026 986 praesentia
2052 919 2352 988 maiestatis.

1099 1119 1367 1258 DE
1445 1026 2625 1274 MIRACULIS

180 1351 853 1468 SANCTI
879 1352 1812 1470 STEPHANI
1845 1361 3450 1504 PROTOMABTYRIS

1572 1565 1845 1660 imitari
1915 1568 2099 1664 bno.

1492 1738 2168 1780 -ιηοΟοῠ--ι-

1243 1833 1710 1948 LIBER
1749 1843 2385 1954 PRIMUS.

179 2017 650 2112 Teir-tus'ti'ivlinorum
667 2031 888 2091 operum,
911 2031 1020 2100 qua:
1053 2027 1247 2092 ostensa
1267 2029 1392 2094 sunt.
1404 2034 1492 2083 per
1515 2023 1646 2094 beati
1667 2028 2024 2096 protomartyris
2046 2027 2267 2100 stephani
2287 2027 2570 2081 venerabile
2593 2036 2834 2094 meritum,
2859 2041 3082 2093 mandata
3104 2059 3298 2112 quoque
3323 2056 3448 2103 ηοιί-

277 2093 334 2112 ιω
373 2095 396 2112 ιι
421 2097 446 2112 υ
473 2094 566 2112 mm
591 2095 614 2112 ι)
673 2080 844 2112 πυηιὶιη
865 2095 912 2112 ιη
933 2080 1133 2112 luna-Inc")
1157 2083 1276 2112 n-mh
1318 2096 1453 2112 [nunc
1477 2086 1608 2112 “uulua
1629 2087 1948 2112 ..η-...ειηηη-η.
1965 2089 2318 2112 η,.ι.......,..-..ι.,..
2342 2093 2564 2112 Hunni“-
2592 2095 2668 2112 .)εῄ
2688 2098 2742 2112 ναί
2760 2100 2784 2112 ν-
2944 2111 2949 2112 ,
3059 2105 3086 2112 ._

348 2080 1146 2164 int-leelesia
1157 2083 1296 2154 Dzali,
1318 2080 1455 2164 cujus
1477 2086 1610 2164 urbis
1629 2080 1949 2164 [iontiticaturn
1963 2080 2323 2162 administrabat
2341 2080 2567 2144 sacerdos

247 2145 317 2192 ris
339 2145 600 2206 Augustino
622 2143 748 2205 apud
773 2144 1036 2207 Hipponem
1053 2131 1304 2195 dtmainiczé
1325 2131 1525 2197 satione
1538 2131 2323 2210 aigp’éggggég‘ggggﬁgﬁa"“""
2341 2131 2567 2144 "mw"
2587 2131 2912 2164 “·δ··“”“¹³“οι
2929 2131 3122 2156 “ww
3135 2131 3246 2161 tunc
3269 2131 3453 2178 tempo-

1631 2283 1997 2338 καθωσὶὼ

823 2397 1118 2455 Pnowcus.

261 2489 520 2557 Quoniam
549 2498 765 2546 sanctus
819 2491 1054 2560 Raphael
1094 2491 1316 2561 angelus
1363 2506 1459 2546 nos
1500 2493 1772 2551 adhortari

181 2560 455 2632 dignatur,
490 2568 546 2614 ut
571 2576 732 2630 opera
763 2563 853 2616 Dei
883 2579 984 2615 non
1015 2573 1119 2616 tam
1152 2560 1203 2616 in
1243 2563 1557 2618 abscondito
1603 2567 1774 2622 collo-

183 2645 568 2700 cemus,quam
597 2633 770 2705 potius
793 2647 888 2700 pro
917 2634 1004 2686 Dei
1033 2635 1198 2701 gloria
1243 2633 1295 2686 in
1344 2643 1527 2705 aperto
1569 2637 1770 2705 panda-

185 2719 332 2775 Inus,
361 2717 583 2775 monens
609 2712 662 2756 et
687 2701 888 2767 dicens,
925 2705 1306 2775 Sacramentnm
1333 2701 1463 2775 regis
1489 2701 1674 2759 bonum
1701 2717 1773 2761 est

183 2772 516 2837 abscondere,
544 2789 696 2842 Opera
721 2783 886 2826 autem
917 2773 1013 2827 Dei
1033 2776 1254 2828 revelare
1281 2783 1328 2828 et
1351 2772 1580 2840 conﬁteri
1613 2777 1774 2830 Itono-

189 2847 392 2916 riﬁcum
421 2843 654 2916 est(Tob.
675 2860 766 2906 xu,
792 2844 882 2916 7);
914 2847 1033 2913 quia
1059 2846 1196 2916 sicut
1223 2846 1446 2913 cognitis
1482 2846 1636 2900 (idem
1665 2863 1772 2902 non

184 2913 784 2969 adhibereinlidelitatis
805 2913 886 2970 est
905 2955 918 2978 ,
947 2916 1016 2969 ita
1035 2915 1336 2969 invidentia:
1351 2925 1433 2970 est
1457 2917 1508 2970 in
1539 2918 1772 2972 nidifica-

183 2985 636 3057 Iionemtaliorum
669 2986 820 3057 nolle
851 2987 1058 3056 cognita
1098 2986 1386 3054 praedicare
1418 3001 1432 3038 :
1469 2997 1768 3057 propterea,

183 3056 495 3112 beatissime
525 3069 656 3124 papa
679 3055 866 3114 Evodi.
887 3057 1049 3125 jussis
1067 3055 1516 3112 Paternitatistum
1536 3055 1772 3115 studiose

183 3130 558 3199 obtemperare
580 3127 778 3199 curavi,
805 3135 1035 3181 nontam
1065 3128 1192 3182 ﬁsus
1213 3127 1411 3199 viribus
1435 3135 1584 3193 meis,
1612 3145 1770 3199 quam

185 3199 406 3266 adjutus
427 3197 592 3268 gratia
645 3197 734 3252 Dei
767 3208 818 3252 et
854 3199 1051 3253 sanctis
1080 3198 1408 3254 orationibus
1451 3200 1582 3264 tuis;
1607 3197 1664 3254 ut
1707 3215 1771 3256 ea

185 3285 310 3338 qua!
341 3284 434 3339 per
463 3277 742 3336 patronum
775 3277 1012 3322 nostrum
1036 3269 1359 3336 Stephanum
1377 3271 1602 3337 primum
1627 3287 1772 3326 mar-

187 3349 362 3411 tyrem
391 3353 545 3411 suum
573 3350 822 3407 operatus
837 3349 914 3411 est
947 3341 1084 3408 apud
1113 3355 1208 3394 nos
1236 3339 1496 3406 Christus,
1527 3352 1578 3396 et
1599 3342 1772 3397 adhuc

187 3410 396 3480 operari
411 3410 782 3484 dig_tiatur,non
799 3410 1038 3464 malivola
1055 3411 1409 3484 taciturnitate
1419 3413 1771 3484 supprimere,

191 3479 302 3553 (ιυο
331 3481 508 3535 ρατιωὴ
561 3479 957 3544 fraudarentur;
1003 3483 1094 3536 sed
1125 3481 1310 3553 magis
1363 3483 1445 3553 pia
1486 3479 1772 3538 devotione

189 3551 430 3616 narrare,
459 3567 580 3624 quo,
601 3553 766 3606 Amici
802 3553 901 3624 Dei
926 3553 1088 3620 gloria
1117 3551 1610 3624 fraternis'aurilnts
1651 3556 1772 3609 inti-

189 3633 406 3694 metur:
441 3637 538 3676 nec
573 3623 780 3692 ingenio
811 3635 862 3678 et
889 3623 1062 3692 lingua
1086 3623 1256 3692 aliqua
1275 3627 1424 3693 quasi
1444 3639 1766 3694 exaggerare

189 3693 547 3765 praivalentes
568 3709 582 3754 ;
605 3695 723 3765 sed
749 3695 990 3765 ipsarum
1043 3710 1218 3748 rerum
1269 3697 1563 3759 veritatem,
1586 3693 1597 3694 ί
1619 3705 1774 3765 prout

193 3763 336 3818 lteus
369 3763 660 3836 donaverit,
692 3764 918 3818 ﬁdeliter
943 3766 1208 3833 explicare
1237 3768 1512 3836 cupientes
1531 3809 1546 3832 ,
1575 3763 1630 3821 ut
1659 3768 1768 3835 ipsa

193 3841 378 3886 nostra
406 3833 638 3905 narratio
666 3847 774 3905 non
812 3846 914 3886 tam
959 3836 1240 3888 Verborum
1287 3833 1530 3905 pompam
1580 3833 1772 3891 aud—eat

191 3918 432 3970 ιιιιίιξη-Γε
466 3943 479 3964 ,
521 3903 615 3956 sed
671 3904 846 3971 potius
888 3903 1297 3958 mendaciorum
1335 3903 1506 3960 fucum
1561 3909 1772 3961 studeat

192 3973 466 4044 declinare
489 3989 502 4038 ;
522 3973 590 4025 ila
621 3981 677 4025 ut
710 3973 1023 4044 ubicumque
1049 3990 1134 4027 res
1155 3976 1515 4042 postulaverit,
1539 3977 1770 4044 ipsorum

193 4059 405 4114 quoque
433 4043 702 4097 hominum
727 4043 908 4114 verba,
946 4046 1080 4098 slcut
1103 4045 1170 4098 ab
1198 4045 1275 4098 eis
1299 4045 1439 4099 dicta
1467 4043 1616 4110 sunt,
1640 4048 1771 4100 sim-

195 4113 405 4184 pliciter
429 4129 626 4185 ponere
650 4129 754 4167 non
782 4113 1070 4168 debeamus
1097 4115 1432 4169 erubescere.
1455 4116 1614 4185 Magis
1631 4117 1772 4170 enim

199 4183 410 4254 placent
429 4183 582 4239 bonis
605 4199 666 4239 ac
692 4185 951 4254 religiosis
981 4199 1330 4254 quarcumque
1353 4183 1604 4240 dicuntur
1623 4203 1768 4251 vera,

169 4241 358 4326 'ctiam
387 4255 588 4318 vitiosis
613 4241 821 4321 verbis:
849 4241 1012 4326 quam.
1066 4255 1190 4310 falsa
1237 4241 1412 4324 politis
1461 4265 1514 4311 et
1569 4241 1772 4311 ornatis

197 4325 398 4397 verbis.
431 4327 574 4379 Sane
599 4335 702 4380 non
723 4326 792 4380 ob
819 4325 917 4380 hoc
944 4341 1040 4381 nos
1064 4327 1326 4397 quispiam
1353 4328 1639 4381 arbitretur
1677 4343 1772 4382 vo-

197 4396 361 4452 luisse
399 4398 498 4450 ista
517 4411 764 4467 narrare,
809 4398 958 4466 quasi
1005 4396 1200 4467 aliquid
1246 4412 1343 4451 nos
1389 4399 1570 4467 gloriae
1619 4398 1776 4452 beato

198 4467 411 4540 Martyri
445 4465 718 4540 videamur
762 4465 1015 4540 praestare
1049 4487 1070 4540 :_
1091 4465 1514 4540 quandoquidem
1551 4469 1624 4522 illi
1677 4483 1776 4522 nec

199 4537 420 4592 tacendo
441 4537 676 4608 demere,
711 4537 806 4591 nec
846 4538 1112 4608 loquendo
1159 4537 1460 4607 quidquam
1489 4553 1773 4606 possumus

197 4609 463 4664 conferre.
494 4606 608 4678 Ipsa
636 4608 830 4677 quippe
849 4606 1098 4663 virtutum
1127 4606 1384 4678 miracula
1413 4611 1556 4664 nullo
1587 4612 1774 4662 huma-

197 4693 282 4733 nzc
311 4679 502 4748 lingua:
519 4677 796 4746 praeconio
825 4679 1093 4748 indigent;
1115 4677 1226 4747 jam
1255 4680 1448 4748 ubique
1477 4695 1770 4748 personan-

199 4759 304 4803 tctn
361 4757 612 4804 exscruut
655 4749 832 4802 Iubam
875 4765 889 4802 :
937 4749 1032 4802 sed
1082 4759 1284 4803 tantum
1340 4760 1570 4803 nostram
1615 4751 1776 4805 devo-

199 4823 396 4873 tionem
451 4819 518 4873 ad
583 4817 806 4890 fratrum
865 4819 1266 4890 mdilicationem
1325 4833 1420 4888 pro
1472 4819 1774 4890 recipienda

197 4890 515 4944 obedientiie
543 4889 788 4944 mercede
814 4902 934 4943 cum
965 4889 1261 4944 humilitate
1282 4891 1525 4946 volumus
1550 4889 1775 4944 demon-

199 4970 390 5026 strare,
423 4967 719 5030 metuentes
743 4975 952 5028 quoque
980 4959 1118 5028 quod
1151 4959 1217 5013 ab
1243 4959 1358 5028 ipso
1388 4961 1607 5014 Domino
1643 4960 1773 5030 legi-

199 5047 317 5084 inus
348 5030 652 5100 terribiliter
672 5029 1054 5100 dictumesse,
1087 5030 1147 5084 Si
1187 5046 1271 5083 vos
1299 5030 1518 5084 tacebitis
1539 5071 1552 5093 ,
1583 5031 1776 5100 lapides

199 5101 503 5174 clamabunt
531 5097 678 5174 (Luc.
706 5116 822 5174 ξμς,
842 5099 973 5174 40).-
1014 5101 1214 5174 Quaaso
1235 5111 1409 5154 autem
1435 5097 1734 5174 vosom'nes
1757 5142 1774 5166 ,

200 5181 462 5241 quotquot
487 5169 604 5241 hare
638 5171 821 5225 audire
845 5169 928 5225 vel
957 5170 1138 5241 legere
1168 5172 1253 5240 pie
1293 5186 1356 5226 ac
1393 5171 1642 5240 religiose
1679 5187 1776 5226 vo-

201 5240 424 5306 lueritis,
455 5249 512 5296 ut
535 5240 690 5308 hujus
716 5241 1008 5309 peccatoris
1021 5240 1226 5306 ultimi,
1253 5242 1341 5310 qui
1365 5242 1464 5295 hoc
1488 5245 1540 5296 in
1561 5243 1775 5297 nomine

205 5313 410 5366 Domini
445 5311 654 5381 scripsi,
683 5326 894 5380 semper
927 5312 980 5366 in
1003 5313 1552 5381 sanctisioralionibus
1587 5313 1777 5366 vestris

201 5383 508 5437 meminisse
555 5380 842 5452 dignemini
877 5399 891 5436 :
923 5383 1057 5452 etsi
1100 5380 1226 5452 quid
1258 5397 1286 5433 a
1319 5383 1470 5436 nobis
1509 5382 1780 5436 rusticiter

203 5453 489 5522 profertur,
522 5450 634 5522 non
654 5450 998 5520 indignemini
1025 5467 1041 5517 ;
1069 5451 1164 5507 sed
1184 5460 1408 5518 tantum,
1433 5452 1554 5521 quia
1585 5451 1779 5507 veraci-

206 5521 284 5576 ter
307 5523 521 5584 dicitur,
555 5521 910 5576 delectemiui.

203 5593 428 5651 CAPUT
469 5591 750 5665 PRIMUM.
789 5620 863 5633 —
898 5591 974 5645 De
1001 5591 1230 5665 ampulla
1276 5593 1536 5665 sanguinis
1573 5591 1780 5664 [amqu

633 5661 728 5716 Dei
754 5679 840 5732 per
860 5661 1106 5716 somnium
1142 5673 1357 5718 ostensa.

277 5733 404 5790 Cum
441 5734 596 5804 igitur
621 5733 798 5789 adhuc
820 5733 994 5788 nullus
1020 5733 1204 5795 saltem
1231 5751 1412 5792 rumor
1433 5749 1554 5792 esse
1575 5733 1778 5804 potuis-

1885 2413 1985 2496 set,
2000 2421 2122 2496 quo
2140 2407 2206 2462 ad
2232 2422 2330 2489 nos
2361 2407 2604 2496 indignos
2628 2409 2840 2496 Domini
2885 2420 3050 2496 sancti
3091 2421 3366 2496 Stephani,
3399 2431 3448 2486 in

1878 2483 2134 2562 martyrio
2166 2483 2668 2562 primi'confesspris
2703 2483 2920 2552 Christi,
2955 2483 3451 2562 reliquie-venturae

1879 2543 2059 2635 essent
2100 2543 2228 2618 (non
2255 2551 2397 2604 enim
2431 2551 2530 2634 hoc
2558 2552 2669 2634 ﬁeri
2713 2570 2868 2622 posse
2894 2543 2985 2613 aut
3029 2543 3452 2635 ni‘ébg'iiéiiiiiii};

1879 2619 2224 2699 habebamus,
2249 2631 2340 2674 aut
2365 2623 2622 2699 suspicari
2653 2619 2979 2699 poteramus)
3011 2647 3023 2681 :
3052 2647 3176 2688 ecce
3202 2619 3450 2696 ‘éx'Eini'é:

1876 2690 2281 2780 rientem-pore
2295 2690 2635 2780 coepititlem
2653 2690 2924 2780 gloriosus
2955 2690 3266 2780 quibusdam
3299 2690 3452 2780 apud

1877 2775 1975 2849 nos
1998 2765 2194 2849 sanctis
2222 2764 2412 2849 animis
2437 2778 2495 2816 se
2517 2763 2686 2832 ipsum
2711 2763 2982 2849 revelare."
3008 2771 3139 2827 Nam
3169 2791 3288 2832 cum
3319 2763 3450 2849 quo:

1875 2831 1996 2913 dam
2023 2832 2138 2913 loco
2163 2832 2243 2913 vel
2375 2831 2552 2886 sermo
2580 2837 2999 2913 supradictarum
3023 2831 3452 2913 reliquiarum—nl)

1879 2901 1960 2956 his
1984 2903 2151 2958 servis
2179 2903 2272 2956 Dei
2307 2905 2456 2956 lieret
2483 2943 2498 2966 ,
2525 2906 2612 2973 qui
2639 2901 2852 2960 easdem
2882 2909 3092 2966 sibimet
3122 2901 3188 2968 de
3217 2901 3452 2975 Orientis

1877 2975 2112 3042 partibus
2137 2975 2326 3049 missas
2348 2975 2502 3049 nobis
2527 2975 2885 3049 nescientibus
2907 2980 3185 3049 habebant,
3209 2987 3374 3044 adfuit
3401 2992 3453 3044 in

1877 3059 2126 3124 sermone
2164 3044 2591 3124 qumdam‘ctiam
2635 3047 2842 3124 mulier,
2876 3044 3267 3124 sacraiam-ala
3323 3060 3449 3124 Dei;

1875 3131 2014 3186 quzc
2041 3115 2129 3170 ubi
2181 3115 2280 3184 hoc
2327 3114 2544 3186 audivit,
2580 3124 2636 3168 ut
2661 3119 2878 3172 evenire
2915 3121 3132 3186 assolet,
3167 3141 3270 3180 non
3297 3114 3457 3185 facile

1875 3185 2119 3266 credidit,
2149 3195 2205 3266 et
2230 3184 2368 3254 apud
2399 3187 2738 3254 semetipsam
2764 3191 2932 3266 tacite
2951 3184 3128 3266 dicere
3156 3200 3316 3266 οωρὶι
3348 3218 3361 3252 :
3388 3184 3456 3254 Et

1875 3257 1991 3325 quis
2015 3259 2116 3322 scit
2140 3257 2183 3310 si
2214 3271 2338 3330 vere
2364 3268 2653 3327 martyrum
2689 3267 2810 3330 sunt
2837 3261 3116 3330 reliquiae?
3141 3257 3327 3322 Statim
3347 3285 3446 3323 au-

1877 3337 1983 3406 tem
2037 3327 2276 3406 sequenti
2302 3336 2463 3406 nocte
2486 3343 2597 3406 _per
2635 3329 2895 3406 somnium
2939 3327 3166 3400 ampulla
3211 3339 3452 3406 quaedam

1875 3397 2047 3476 eidem
2068 3398 2462 3476 demonstratur
2485 3398 2618 3476 intra
2649 3413 2706 3452 se
2736 3398 2937 3476 habens
2961 3397 3442 3476 sanguinis'quam-

1875 3468 1997 3546 dam
2021 3471 2382 3538 aspersionem
2409 3469 2764 3546 etariSIarutn
2791 3471 2938 3539 quasi
2968 3468 3166 3530 ossium
3186 3468 3454 3546 signiﬁca-

1879 3537 2120 3618 tionem}
2151 3553 2310 3608 quam
2341 3537 2614 3618 presbyter
2640 3537 2852 3608 quidam
2897 3558 3055 3618 manu
3105 3537 3292 3618 tenens
3329 3565 3454 3618 ger-

1877 3625 2034 3665 mano
2060 3610 2173 3679 ejus
2196 3609 2454 3664 monacho
2481 3610 2568 3663 illa
2597 3621 2856 3678 prieseute
2895 3611 3102 3670 loculus
3123 3627 3206 3671 est
3224 3609 3406 3673 dicens
3434 3638 3447 3674 :

1877 3680 1970 3758 Yis
2009 3681 2145 3758 scire
2180 3681 2446 3758 quomodo
2485 3691 2783 3758 martyrum
2831 3683 3122 3758 probentur
3171 3687 3450 3758 reliquim?

1876 3751 1992 3819 Quo
2019 3752 2161 3806 dicto
2202 3753 2483 3821 ampullam
2509 3751 2624 3820 ejus
2649 3751 2728 3804 ori
2771 3752 2966 3820 injecit,
2999 3765 3052 3808 et
3077 3769 3198 3811 mox
3240 3751 3452 3816 ﬂamma

1879 3825 2012 3892 ignis
2044 3825 2060 3854 ³
2093 3839 2187 3897 per
2212 3839 2372 3897 aures
2397 3822 2512 3892 ejus
2540 3832 2697 3897 atque
2724 3823 3106 3897 oculosevomi
3129 3829 3307 3897 erepit.
3339 3830 3450 3887 Hoc

1877 3895 2140 3970 quomodo
2169 3909 2256 3970 res
2283 3895 2392 3962 ipsa
2425 3893 2851 3970 titanil'estat_a__sit
2891 3895 3184 3970 dignanter
3209 3893 3452 3970 accipite.

1877 3964 2178 4030 Ampullam
2204 3964 2341 4018 sicut
2363 3963 2528 4016 oculis
2548 3965 2656 4018 suis
2682 3963 2810 4016 vidit
2836 3963 3023 4018 ancilla
3055 3967 3148 4022 Dei
3176 3969 3226 4022 in
3256 3963 3450 4026 somnii

1877 4033 2230 4105 revelatione,
2251 4036 2328 4105 sic
2345 4034 2481 4086 inter
2507 4047 2694 4086 manus
2709 4048 2838 4105 suas
2865 4037 3262 4105 accepitpostea
3283 4055 3456 4096 sacer-

1879 4103 1976 4157 dos
2007 4103 2100 4177 Dei
2131 4105 2183 4156 in
2213 4103 2508 4177 ipsiusrei
2555 4102 3010 4177 manifestationei
3045 4102 3116 4177 et
3167 4109 3308 4177 quod
3364 4113 3454 4167 illa

1882 4174 2163 4244 quamdam
2196 4173 2577 4227 dubitationem
2623 4173 2773 4244 prius,
2796 4173 2846 4228 in
2877 4189 2935 4228 se
2971 4173 3452 4242 habuit,'eamdem

1879 4260 2020 4300 nunc
2045 4246 2096 4299 in
2128 4244 2437 4314 quihusdam
2467 4259 2554 4298 res
2601 4244 2709 4312 ipsa
2746 4243 3051 4299 declaravit.
3087 4245 3238 4314 Quod
3263 4249 3456 4306 deinde

1881 4316 2016 4384 ignis
2033 4331 2126 4383 per
2153 4315 2438 4381 ampullam
2465 4329 2620 4368 aures
2647 4323 2804 4382 atque
2829 4315 3011 4370 oculos
3026 4317 3451 4384 comprehendit,

1879 4385 2004 4455 quid
2033 4385 2186 4457 aliud
2201 4394 2323 4457 tunc
2341 4384 2696 4452 prassignavit,
2721 4384 2819 4438 nisi
2838 4385 2978 4457 quod
3003 4387 3308 4457 praedicatio
3327 4405 3450 4445 san-

1879 4454 2083 4510 ctarum
2115 4455 2808 4528 reliqui_arqm_perveniens
2836 4454 2902 4508 ad
2939 4454 3021 4510 os'
3049 4461 3452 4528 monachorum,

1880 4543 2040 4580 unum
2069 4541 2262 4592 corpus
2283 4525 2534 4580 Ecclesiae
2570 4540 2662 4594 per
2686 4525 2926 4580 auditum
2950 4537 3110 4595 atque
3137 4529 3308 4584 visum
3329 4525 3444 4584 cla?

1879 4598 2054 4651 ritatis
2086 4597 2175 4650 Dei
2205 4597 2325 4666 igne
2349 4595 2640 4658 succendit,
2671 4605 2728 4649 ut
2753 4611 2938 4666 omnes
2968 4599 3158 4652 merito
3184 4599 3448 4666 dicerent,

1880 4668 2025 4742 Sicut
2045 4667 2346 4742 audivimus,
2378 4666 2449 4718 ita
2469 4675 2513 4719 et
2542 4667 2753 4742 uidimus
2796 4665 2963 4742 (Patri.
3011 4683 3176 4732 xnvu,
3209 4667 3307 4742 9)?
3341 4670 3455 4728 Nec

1879 4738 2018 4807 quod
2046 4738 2132 4791 ille
2161 4737 2442 4807 presbyter
2457 4737 2722 4805 apparuit,
2754 4737 2842 4806 qui
2866 4737 2929 4790 ad
2966 4751 3028 4792 os
3059 4737 3303 4794 monachi
3333 4757 3452 4795 am-

1882 4808 2076 4877 pullam
2104 4807 2376 4875 applicuit,
2405 4821 2522 4876 qua:
2565 4807 2740 4876 ignem
2781 4807 2976 4870 emisit,
3035 4808 3190 4864 inane
3237 4811 3355 4866 fuit.
3410 4811 3459 4866 Is

1879 4879 2020 4932 enim
2048 4886 2162 4932 erat
2192 4877 2280 4946 qui
2309 4891 2476 4946 nuper
2494 4891 2562 4932 ex
2589 4877 2806 4932 Oriente
2833 4878 3067 4944 rediens,
3101 4887 3156 4934 et
3173 4879 3240 4936 de
3263 4883 3461 4938 sanctis

1879 4949 2116 5018 reliquiis
2143 4945 2274 5018 quas
2303 4945 2412 5002 illic
2437 4946 2662 5011 viderat,
2695 4949 2746 5001 in
2773 4963 2868 5002 ore
2896 4962 3170 5018 servorum
3202 4951 3294 5006 Dei
3329 4968 3452 5007 ver-

1881 5013 2012 5073 bum
2036 5013 2256 5090 pone-ns,
2284 5018 2430 5090 quasi
2458 5017 2740 5090 ampullam
2761 5013 3019 5090 admovit,
3052 5030 3104 5074 et
3125 5033 3310 5076 sancto
3341 5025 3462 5090 igne

1881 5089 2175 5144 succendit.
2211 5089 2312 5143 Sed
2343 5088 2451 5158 jam
2477 5089 2668 5142 vellem
2708 5089 2772 5142 ad
2800 5089 3124 5143 evidentiora
3157 5101 3210 5144 et
3239 5088 3462 5146 manife-

1881 5162 2044 5214 stiora
2093 5159 2297 5228 patroni
2353 5158 2606 5226 Stephani
2657 5159 2881 5213 transire
2926 5160 3199 5222 miracula,
3249 5163 3350 5214 nisi
3387 5161 3453 5216 ad

1882 5245 1993 5284 rem
2022 5230 2286 5300 pertinere
2305 5229 2927 5300 existimarem,alteram
2967 5229 3140 5282 adhuc
3181 5231 3458 5300 Sanctitati

1881 5312 2072 5354 vestra:
2099 5300 2336 5369 profane
2362 5299 2642 5354 visionem.
2665 5299 2832 5365 Quam
2858 5309 2980 5367 peto
3007 5307 3064 5369 ut
3093 5299 3375 5368 patienter,
3409 5311 3462 5356 et

1882 5373 2018 5426 sicut
2045 5368 2294 5435 arbitror,
2317 5385 2420 5425 non
2451 5369 2798 5433 infructuose,
2827 5369 3010 5424 audire
3037 5368 3345 5438 dignemini.

1881 5440 2108 5497 CAPUT
2147 5441 2209 5494 ll.
2249 5471 2320 5482 —
2361 5439 2461 5496 Ubi
2495 5439 2693 5510 virgini?
2721 5448 2922 5492 sanctus
2967 5439 3257 5510 Stephanus
3302 5457 3464 5510 appa-

2612 5509 2733 5562 ruit.

1952 5582 2068 5637 Aiia
2095 5590 2272 5638 autem
2297 5581 2444 5652 virgo
2467 5594 2616 5636 sacra
2637 5578 2704 5634 ad
2735 5579 2907 5634 locum
2941 5578 3275 5649 antiquorum
3319 5595 3462 5634 mar-

1949 5743 1964 5774 ι
2000 5741 2072 5791 Sic
2093 5738 2410 5794 Flor-incensis
2429 5745 2512 5792 us.
2545 5745 2598 5790 At
2625 5737 2760 5802 editi,
2785 5740 2832 5788 et
2853 5747 2962 5788 mox
2984 5733 3178 5800 ﬂmmna
3201 5736 3446 5804 sanguinis
