3896 6382
185 424 524 492 superemineat
550 438 713 494 super
737 422 1453 493 fundamentum/ioc,aurum,
1469 432 1752 492 argentum,

189 517 366 590 lapides
381 518 624 587 pretiosos,
652 516 830 588 ligna,
855 521 1051 588 fenum,
1082 517 1332 589 stipultmi,
1360 518 1758 590 uniuscujusque

191 625 305 679 opus
316 609 717 679 manifestabitur.
740 609 870 664 Dies
885 611 1039 664 enim‘
1055 610 1339 678 declarabit,
1354 612 1472 682 quia
1480 612 1532 666 in
1546 613 1660 683 igne
1673 629 1754 666 re-

188 702 411 766 relabitxr,
435 710 477 756 et
486 703 902 774 uniuscuiusque
913 720 1042 776 Opus
1056 707 1200 775 quale
1207 705 1269 758 sit
1286 706 1416 776 ignis
1426 706 1671 777 probabit.
1689 706 1753 762 Si

183 797 310 865 cujus
327 810 440 864 opus
465 799 835 865 permanserit,
861 797 996 866 quod
1014 799 1452 868 supermdiﬁcaoit,
1473 803 1750 858 mercedem

178 890 374 959 accipiet.
395 887 452 944 Si
474 890 626 959 cujus
649 897 824 945 autem
840 907 970 962 Opus
1003 894 1200 957 arserit,
1226 895 1465 950 damnum
1492 898 1747 966 patietur;

178 982 269 1049 ipse
287 989 430 1034 autem
450 982 624 1037 salvus
643 985 746 1036 erit
765 1001 783 1048 ;
799 985 872 1037 sic
889 993 1053 1039 tamen
1069 987 1215 1054 quasi
1241 1003 1327 1057 per
1351 989 1517 1059 ignem
1543 991 1597 1060 (1
1626 991 1743 1047 Cor.

180 1088 248 1137 Ill,
277 1071 460 1144 11-15).
483 1073 645 1141 Quod
667 1074 888 1146 quidam
912 1079 985 1130 ita
1012 1076 1416 1148 intelligendum
1457 1091 1664 1152 putant,
1690 1092 1747 1139 ut

178 1163 247 1218 illi
261 1165 438 1221 rideant
448 1183 509 1220 ur
520 1167 798 1224 mdiﬁeare
810 1182 973 1240 super
983 1170 1083 1225 hoc
1096 1171 1520 1245 fundamentum,
1534 1192 1740 1247 aurum,

175 1268 437 1329 argentum,
463 1261 674 1330 lapides
703 1263 990 1334 pretiosos,
1021 1266 1111 1335 qui
1139 1265 1260 1322 ﬁdei
1293 1285 1411 1340 qua:
1447 1271 1498 1326 in
1529 1272 1744 1329 Christo

171 1359 257 1413 est,
286 1352 414 1407 bona
434 1368 596 1423 opera
630 1354 924 1426 adjiciunt;
953 1358 1219 1414 illiautem
1242 1359 1441 1429 fenum,
1466 1363 1627 1435 ligna,
1649 1366 1742 1420 sti-

168 1442 345 1512 pulam,
375 1446 601 1515 quicum
631 1447 878 1504 eamdem
899 1449 1056 1504 fidem
1074 1449 1324 1519 habeant,
1353 1455 1492 1509 male
1513 1470 1741 1525 operan-

169 1542 260 1588 tur.
276 1534 418 1591 Unde
437 1539 874 1613 arbitranturper
884 1542 1138 1612 quasdam
1158 1559 1342 1614 pinnas
1357 1546 1490 1615 ignis
1509 1561 1601 1602 eos
1620 1563 1742 1618 pos—

169 1639 220 1681 se
232 1629 428 1699 purgari
439 1630 502 1685 ad
525 1633 754 1688 salutem
764 1635 1161 1706 percipiendam
1175 1639 1368 1693 merito
1386 1639 1736 1698 fundamenti.

224 1720 310 1776 εδ.
332 1723 438 1778 lloc
464 1725 508 1779 si
535 1727 603 1779 ita
645 1735 757 1794 est,
789 1727 1018 1784 fatemur
1047 1730 1178 1785 istos
1203 1731 1454 1788 laudabili
1482 1734 1738 1792 charitate

168 1815 332 1870 conari
348 1827 400 1871 ut
421 1833 601 1875 omnes
617 1819 909 1876 indiscrete
931 1821 1277 1878 admittuntur
1297 1824 1362 1880 ad
1384 1825 1734 1896 Baptismum,

171 1922 267 1961 non
307 1909 470 1964 solum
509 1909 733 1967 adulteri
771 1921 824 1968 et
857 1913 1143 1980 adultci'ze,
1182 1924 1367 1971 contra
1414 1920 1734 1974 sententiam

172 1999 372 2054 Domini
391 2000 544 2056 falsas
561 2005 766 2074 nuptias
790 2004 1210 2074 prmtcndeutcs;
1233 2023 1418 2064 verum
1447 2010 1605 2064 etiam
1634 2027 1735 2082 pu-

176 2090 325 2146 blica:
338 2095 631 2149 meretrices
649 2094 703 2149 in
724 2096 1016 2166 turpissima
1041 2098 1372 2168 professione
1387 2114 1737 2170 perseveran-

182 2194 292 2254 tes,
333 2203 460 2257 quas
502 2199 644 2246 certe
666 2191 812 2246 etiam
840 2193 980 2246 nulla
1012 2193 1463 2264 negligentissima
1494 2196 1735 2252 Ecclesia

173 2282 432 2336 consuerit
450 2282 738 2351 admittere,
763 2284 862 2338 nisi
883 2285 950 2339 ab
978 2285 1066 2338 illa
1091 2286 1334 2355 primitus
1362 2288 1734 2357 prostitutione

170 2369 415 2427 liberatas.
448 2374 547 2429 Sed
567 2376 665 2430 ista
687 2376 895 2432 ratione
921 2393 1018 2431 cur
1047 2393 1152 2432 non
1181 2379 1324 2432 (nimi
1355 2379 1516 2434 modo
1539 2379 1731 2435 admit-

171 2472 359 2533 lantur,
396 2465 609 2522 omnino
643 2484 753 2523 non
784 2469 958 2525 video.
991 2469 1119 2538 Quis
1148 2473 1292 2526 enim
1320 2487 1429 2526 non
1464 2473 1612 2528 malit
1640 2485 1734 2529 eas

169 2559 320 2628 posito
346 2559 704 2629 fundamento,
723 2563 849 2618 licet
867 2563 1028 2634 ligna,
1059 2560 1238 2618 fenum
1259 2573 1312 2620 et
1331 2565 1580 2635 stipulam
1603 2581 1732 2621 con-

169 2663 347 2722 gerant,
368 2654 628 2725 aliquanto
645 2665 796 2710 certe
818 2655 1148 2713 diuturniora
1170 2657 1288 2728 igne
1311 2660 1546 2730 purgari,
1570 2675 1730 2730 quam

170 2741 216 2795 in
240 2752 465 2799 aeternum
497 2748 713 2815 perire?
732 2747 842 2803 Sed
873 2747 1007 2803 falsa
1038 2759 1192 2804 erunt
1220 2750 1326 2815 illa,
1351 2767 1470 2820 quae
1490 2751 1734 2807 obscuri-

171 2841 306 2888 tatem
324 2836 820 2908 ambiguitatemque
837 2853 942 2892 non
963 2839 1158 2894 habent
1181 2857 1195 2894 :
1225 2839 1286 2895 Si
1307 2841 1514 2895 habeam
1532 2859 1730 2898 onmem

174 2925 320 2992 fidem,
334 2929 394 2980 ita
409 2940 452 2982 ut
468 2939 663 2984 montes
687 2934 1014 3002 transferam,
1030 2929 1323 2987 charitatem
1338 2945 1502 2987 autem
1520 2951 1619 2989 non
1636 2937 1730 2990 Ita-

173 3014 314 3087 beam,
333 3022 437 3075 nihil
464 3041 578 3076 sum
596 3037 618 3088 ,'
637 3032 714 3088 et,
741 3025 879 3088 Quid
907 3025 1151 3096 proderit,
1178 3029 1361 3097 fratres
1381 3028 1500 3094 mei,
1519 3029 1558 3082 si
1573 3029 1728 3099 [idem

170 3111 268 3179 quis
289 3113 398 3167 dicat
416 3131 463 3169 se
482 3116 692 3183 habere,
719 3133 874 3187 opera
899 3126 1063 3171 autent
1091 3133 1187 3172 non
1214 3119 1430 3175 habent?
1464 3120 1728 3196 Numquid

168 3204 323 3271 poterit
341 3205 452 3274 fides
477 3208 680 3263 salvare
705 3225 821 3263 eum
839 3210 865 3262 Σ)
892 3208 1108 3269 Falsum
1136 3212 1241 3269 erit
1265 3221 1317 3270 et
1342 3212 1472 3272 illud
1504 3234 1518 3272 :
1549 3216 1729 3275 Nolite

163 3308 505 3374 erroremque
528 3301 884 3376 fornicatores,
908 3321 1064 3374 neque
1083 3306 1232 3361 idolis
1258 3309 1540 3377 seruientes,
1565 3326 1726 3380 neque

163 3390 298 3462 fures,
325 3409 480 3461 neque
501 3397 660 3462 arari,
691 3413 851 3465 neque
871 3395 1114 3465 adulteri,
1152 3415 1310 3468 neque
1339 3401 1532 3466 molles,
1565 3415 1725 3471 neque

159 3485 465 3541 macularum
490 3491 852 3555 concubitores,
883 3508 1039 3561 neque
1064 3491 1263 3560 ebriosi,
1288 3510 1446 3564 neque
1466 3495 1718 3566 maledici,

162 3590 296 3644 neque
321 3596 519 3649 rapaces
554 3598 768 3651 regnum
810 3581 905 3635 Dei
946 3583 1265 3653 possidebunt
1297 3583 1350 3659 (1
1378 3585 1496 3642 Cor.
1527 3603 1582 3642 γι
1603 3630 1617 3656 ,
1645 3587 1715 3657 9,

165 3665 274 3737 10).
299 3669 500 3726 Falsum
525 3685 577 3727 et
601 3671 734 3729 illud
773 3691 789 3728 :
832 3671 1108 3743 Manifesta
1147 3687 1264 3730 sunt
1311 3693 1464 3749 opera
1509 3681 1715 3748 carnis,

157 3776 262 3830 qum
275 3777 375 3818 sunt
405 3766 774 3835 fomicationes,
806 3768 1160 3835 immunditiaz,
1195 3768 1529 3840 impudicitia,
1569 3773 1717 3828 luxu-

154 3853 238 3920 ria,
258 3855 494 3911 idolorum
507 3859 739 3926 servitus,
757 3860 1019 3930 veneﬁcia,
1040 3861 1335 3930 inimicitiae,
1352 3867 1712 3935 contentiones,

155 3949 496 4016 mutationes,
522 3951 872 4005 animosi-tates
894 3994 908 4018 ,
941 3952 1300 4020 dissensiones,
1332 3954 1566 4023 liter-eses,
1587 3953 1718 4010 inri-

156 4038 255 4104 diae,
286 4041 556 4111 ebrietates,
585 4044 992 4112 comessationes,
1021 4053 1066 4098 et
1101 4045 1178 4099 liis
1206 4045 1411 4113 similia,
1440 4065 1552 4118 qua:
1580 4065 1716 4120 prte-

158 4129 247 4184 dico
271 4135 428 4200 vobis,
471 4137 599 4191 sicut
628 4145 677 4191 et
704 4136 947 4207 pra’dixi,
981 4138 1215 4207 quoniam
1251 4137 1336 4210 qui
1371 4139 1494 4193 (alia
1523 4151 1709 4212 agunt,

153 4240 333 4296 regnum
361 4228 457 4283 Dei
485 4247 585 4284 non
617 4230 940 4300 possidebunt
970 4229 1174 4302 (Galat.
1210 4247 1261 4298 v,
1298 4231 1462 4287 19-2!
1559 4233 1714 4290 Falsa

153 4330 282 4373 erunt
304 4320 437 4376 hmc.
467 4320 522 4377 Si
546 4323 689 4377 enim
724 4321 1088 4376 tantummodo
1123 4323 1345 4378 credant
1366 4332 1418 4379 ct
1439 4324 1714 4395 baptizen-

155 4414 245 4477 tur,
274 4413 505 4480 quamvis
532 4415 583 4468 in
609 4415 768 4468 malis
795 4414 986 4469 talibus
1010 4424 1370 4484 perseverent.
1400 4417 1532 4472 salvi
1558 4425 1716 4475 erunt

155 4518 233 4570 per
253 4506 413 4576 ignem
447 4525 461 4560 :
491 4516 655 4576 atque
683 4506 804 4561 ideo
834 4507 885 4560 in
903 4507 1115 4562 Christo
1140 4508 1410 4579 baptizati,
1435 4509 1593 4565 etiam
1622 4510 1712 4583 qui

154 4595 255 4649 talia
281 4607 472 4668 agunt,
510 4614 738 4669 regnum
767 4597 863 4654 Dei
892 4599 1262 4670 possidebunt.
1293 4601 1509 4657 Frustra
1534 4613 1713 4660 autem

152 4683 334 4755 dicitur,
357 4691 421 4743 Et
437 4691 549 4744 lucc
568 4689 774 4760 quidam
795 4691 961 4761 fuistis
977 4692 1020 4760 ',
1066 4693 1155 4746 sed
1184 4693 1341 4747 abluti
1369 4695 1486 4748 estis
1513 4694 1564 4765 (1
1587 4695 1708 4751 Car.

152 4793 210 4847 τι,
239 4782 363 4857 11);
389 4784 604 4855 quando
632 4793 685 4840 et
703 4784 870 4840 abluti
890 4785 1007 4841 haec
1027 4788 1169 4841 siint.
1198 4786 1437 4844 lnaniter
1461 4789 1618 4844 etiam
1646 4789 1712 4845 il-

153 4872 226 4928 lud
260 4891 286 4928 a
322 4876 477 4931 Petro
514 4876 717 4932 dictum
758 4876 1053 4946 videbitur,
1083 4878 1173 4934 Sic
1193 4887 1238 4934 et
1263 4895 1348 4935 vos
1373 4881 1528 4935 simili
1547 4884 1712 4954 forma

152 4961 381 5034 Baptism
397 4969 564 5024 salvos
584 4969 728 5040 facit,
751 4987 853 5024 non
871 4970 1038 5024 carnis
1067 4972 1310 5042 depositio
1335 4973 1561 5028 sordium
1579 5016 1595 5042 ,
1623 4977 1713 5030 sed

151 5062 434 5116 conscientitz
457 5063 601 5117 bona:
627 5063 952 5135 interrogatio
974 5063 1018 5136 (I
1037 5063 1179 5119 Petr.
1202 5082 1276 5134 ιιι,
1296 5065 1418 5140 21);
1450 5067 1710 5138 siquidem

153 5159 200 5205 et
219 5152 450 5211 habentes
471 5156 734 5227 pessimas
753 5156 1105 5213 conscientias
1129 5157 1365 5213 omnium
1388 5157 1710 5230 ﬂagitiorum

155 5252 201 5296 et
221 5247 457 5304 scelerum
491 5248 714 5319 plenas,
753 5261 854 5305 nec
887 5264 1073 5304 eorum
1109 5247 1367 5305 malorum
1399 5251 1711 5321 pmnitentia

156 5347 374 5407 mutatas,
407 5349 588 5398 tamen
618 5339 888 5415 Baptisma
919 5342 1093 5397 salvos
1131 5340 1256 5399 facit
1285 5352 1502 5415 propter
1523 5343 1711 5402 funda-

211 5475 1104 5554 Abest,
1141 5478 1547 5544 Domini,auss.
1587 5491 1640 5536 et
1678 5497 1709 5537 a

212 5548 296 5586 πο
323 5549 457 5594 textu
481 5543 706 5606 Apostoli.

212 5599 1014 5684 2.2’1'Jzﬂfwswidasf'fiﬂit:
1044 5611 1114 5684 tt
1136 5606 1371 5684 Ψεὶίρτίε.
1404 5615 1555 5684 este.
1577 5617 1705 5684 meo

349 5662 512 5732 {juxta
523 5662 754 5732 graecum,
779 5662 922 5718 lines.
947 5670 1020 5717 sic
1035 5667 1152 5732 οιιω
1177 5670 1225 5717 in
1244 5670 1402 5719 latinis
1426 5669 1585 5721 Bibliis
1608 5662 1708 5722 edi;

303 5726 862 5802 \plgatmfemendatuni
886 5730 1221 5802 tuisseliquet
1232 5741 1437 5802 _ex_t.uca
1456 5736 1704 5801 Brugensi,

161 5781 242 5835 lib.
261 5781 440 5844 deleas
460 5781 1025 5850 Romanicioorrectionis
1041 5781 1181 5855 jussu
1203 5796 1317 5845 sixti
1343 5803 1391 5845 ι’.

1588 301 1794 360 LIBER
1833 303 2036 366 UNUS.’

3344 334 3455 396 214

1863 435 2103 484 mentum
2128 432 2270 488 enim
2301 435 2444 504 quod
2467 433 2540 511 in
2559 441 2748 498 eodem
2774 443 3096 516 Baptismate
3118 451 3356 523 ponitur,
3381 455 3453 510 ιιι

1861 531 1945 577 cet
1980 539 2078 594 per
2113 525 2312 598 ignem,
2344 531 2478 586 salvi
2515 545 2692 591 erunt.
2737 536 2871 594 Illud
2896 555 3110 613 quoque
3145 559 3256 600 non
3289 546 3447 604 video

1860 629 1956 672 cur
1976 616 2232 676 Dominus
2251 621 2464 690 dixerit,
2487 625 2549 681 Si
2563 627 2636 683 vis
2655 630 2820 685 venire
2844 632 2912 686 ad
2937 634 3109 704 vitam,
3137 653 3280 692 serua
3305 655 3444 694 man-

1861 709 2000 777 data,
2025 719 2081 766 et
2104 719 2544 772 commemoravit
2567 735 2630 776 ea
2651 736 2769 790 quae
2788 723 2854 779 ad
2881 725 3049 782 bonos
3079 745 3258 787 mores
3283 733 3449 802 perti-

1858 809 1985 856 nent
1999 803 2208 874 (Mattli.
2226 823 2341 875 xix,
2362 809 2571 882 17—19);
2585 813 2630 868 si
2648 814 2807 869 etiam
2823 815 2906 871 bis
2922 835 3026 874 non
3043 825 3267 878 servatis
3281 825 3347 879 ad
3367 826 3446 878 vi-

1859 901 1962 947 tam
1977 897 2143 951 veniri
2162 907 2335 968 potest
2346 903 2618 970 persolam
2633 905 2810 971 fidem,
2825 923 2942 979 qua:
2955 911 3062 966 sine
3070 916 3304 983 operibus
3323 933 3449 970 mor-

1857 992 2036 1040 tuaest.
2057 987 2191 1044 lllud
2203 990 2395 1048 deinde
2411 996 2678 1063 quomodo
2694 1013 2876 1054 verum
2897 1002 3020 1067 erit,
3037 1005 3178 1072 quod
3204 1007 3281 1060 eis
3309 1024 3443 1078 quos

1853 1077 1918 1132 ad
1940 1079 2210 1136 sinistram
2232 1085 2500 1152 positurus
2516 1098 2598 1143 est
2613 1089 2755 1146 dicet
2781 1110 2794 1147 :
2814 1091 2840 1145 1
2849 1104 2895 1146 te
2921 1095 2973 1148 in
2991 1095 3156 1166 ignem
3178 1077 3442 1169 internum,

1851 1171 1939 1239 qui
1967 1182 2175 1240 paratus
2200 1184 2270 1230 est
2297 1177 2496 1232 diabolo
2526 1189 2572 1234 et
2597 1185 2788 1253 angelis
2807 1186 2954 1254 ejus?
2973 1187 3119 1255 Quos
3142 1206 3247 1245 non
3277 1191 3448 1247 incre-

1853 1263 1976 1331 pat‘
2021 1263 2142 1333 quia
2184 1265 2237 1320 in
2285 1283 2406 1323 eum
2447 1285 2551 1325 non
2596 1274 2972 1344 crediderunt,
3013 1279 3108 1336 sed
3147 1282 3269 1350 quia
3304 1283 3444 1338 bona

1851 1366 2013 1421 Opera
2037 1370 2145 1410 non
2159 1355 2420 1414 fecerunt.
2440 1361 2568 1418 Nam
2593 1366 2828 1434 profecto
2851 1384 2918 1425 ne
2943 1370 3041 1425 sibi
3070 1373 3351 1444 quisquam
3377 1375 3446 1433 de

1850 1445 1977 1513 ﬁde,
2004 1464 2124 1518 quae
2154 1452 2274 1508 sine
2301 1457 2552 1524 operibus
2578 1469 2785 1516 mortua
2818 1472 2933 1532 est,
2970 1465 3132 1520 vitam
3169 1470 3442 1537 promittat

1849 1546 2125 1610 aeternam,
2170 1554 2448 1614 propterea
2493 1565 2680 1607 omnes
2717 1562 2906 1624 gentes
2949 1569 3346 1629 segregaturum
3381 1574 3441 1618 se

1848 1631 2022 1698 dixit,
2055 1651 2173 1704 qua:
2203 1640 2482 1707 permixtce
2507 1642 2708 1699 eisdem
2742 1647 2988 1715 pascuis’
3026 1651 3332 1720 utebantur,
3379 1664 3441 1710 ut

1846 1737 2101 1794 appareat
2128 1744 2222 1784 eos
2261 1731 2334 1785 illi
2361 1732 2598 1790 dicturos
2617 1778 2632 1803 ,
2663 1737 2898 1810 Domine,
2928 1744 3132 1812 quando
3153 1755 3200 1800 te
3223 1747 3441 1805 vidimus

1847 1816 1932 1870 illa
1961 1827 2016 1872 et
2050 1819 2139 1875 illa
2180 1823 2465 1891 patientem
2489 1869 2504 1894 ,
2553 1839 2598 1882 et
2629 1847 2730 1885 non
2770 1834 3161 1892 ministravimus
3202 1841 3324 1895 tibi?
3348 1843 3442 1913 qui

1845 1909 1898 1963 in
1922 1926 2043 1967 eum
2069 1916 2424 1987 crediderant,
2454 1923 2548 1979 sed
2572 1925 2707 1982 bona
2726 1931 2935 1998 operari
2967 1948 3070 1987 nou
3099 1946 3435 2004 curaverant,

1847 2013 2096 2075 tanquam
2126 2009 2193 2064 de
2224 2011 2335 2081 ipsa
2377 2015 2478 2070 ﬁde
2516 2029 2722 2074 mortua
2761 2022 2829 2075 ad
2868 2024 3028 2079 vitam
3072 2028 3442 2096 perveniretur

1844 2107 2121 2153 aeternam.
2146 2102 2230 2157 An
2250 2103 2386 2159 forte
2409 2107 2556 2164 ibunt
2585 2111 2636 2165 in
2661 2112 2834 2182 ignem
2865 2125 3126 2172 aeternum
3157 2121 3246 2189 qui
3273 2136 3437 2189 opera

1840 2187 2223 2248 misericordia:
2242 2209 2347 2250 non
2372 2195 2629 2265 fecerunt,
2657 2211 2712 2256 et
2736 2219 2840 2258 non
2864 2206 3014 2260 ibunt
3033 2209 3123 2277 qui
3151 2187 3324 2265 aliena
3346 2227 3436 2266 ra-

1841 2292 2072 2348 puerunt
2095 2323 2110 2349 ,
2147 2285 2231 2339 vel
2263 2291 2656 2359 corrumpendo
2687 2294 2738 2348 in
2765 2309 2824 2350 se
2851 2299 3101 2367 templum
3138 2301 3229 2354 Dei
3260 2302 3313 2356 in
3342 2319 3434 2358 se-

1842 2372 1987 2442 ipsos
2013 2374 2462 2436 immisericordes
2487 2382 2728 2450 fuerunt;
2758 2388 2908 2456 quasi
2934 2404 3097 2458 opera
3119 2392 3433 2448 misericor-

1841 2463 1942 2520 dia:
1967 2468 2175 2534 prosint
2197 2470 2396 2542 aliquid
2417 2473 2532 2529 sine
2560 2475 2847 2534 dilectione
2867 2521 2881 2544 ,
2912 2481 3122 2536 dicente
3150 2485 3189 2537 Α
3200 2486 3432 2556 postulo,

1841 2555 1905 2611 Si
1929 2558 2226 2615 distribuant
2256 2564 2426 2618 omnia
2454 2582 2566 2620 mea
2588 2570 2912 2638 pauperibus,
2943 2573 3239 2629 charitatem
3267 2555 3434 2646 autem

1777 2673 1790 2678 -
1841 2667 1940 2706 non
1975 2654 2213 2722 habeam,
2245 2659 2374 2714 nihil
2408 2662 2531 2715 mihi
2563 2665 2764 2732 prodest
2802 2666 2853 2738 (Ι
2888 2666 3006 2722 Cor.
3049 2685 3174 2737 xui,
3203 2669 3311 2742 3);
3339 2680 3433 2728 aut

1838 2743 2022 2816 diligat
2054 2750 2334 2820 quisquam
2365 2755 2663 2822 proximum
2695 2758 2830 2812 sicut
2864 2773 2923 2814 se
2951 2760 3160 2830 ipsum,
3203 2764 3294 2831 qui
3322 2779 3432 2819 non

1837 2835 2007 2908 diligit
2023 2853 2086 2894 se
2111 2841 2324 2910 ipsum?
2355 2844 2454 2909 Qui
2475 2847 2618 2901 enim
2639 2849 2804 2920 diligit
2830 2851 3163 2922 iniquitatem,
3187 2854 3292 2907 odit
3313 2857 3430 2910 ani-

1836 2943 1972 2982 mum
1998 2946 2143 2984 suam
2173 2931 2342 3004 (Psal.
2377 2951 2427 3002 ι,
2460 2938 2550 3007 ϐ).
2583 2938 2766 3010 Neque
2791 2942 2922 3001 illud
2955 2943 3057 3003 dici
3097 2945 3184 3004 hic
3205 2949 3426 3020 poterit,

1836 3017 1890 3072 in
1927 3035 2034 3090 quo
2070 3024 2311 3078 nonnulli
2358 3040 2417 3084 se
2457 3027 2604 3100 ipsos
2643 3033 2907 3091 seducunt
2943 3017 3223 3106 dicentes;
3251 3017 3428 3109 ignem

1833 3118 2096 3169 attentum
2125 3112 2353 3186 dictum,
2377 3135 2485 3176 non
2514 3123 2683 3192 ipsam
2716 3141 2927 3196 poenam
2954 3140 3208 3188 aeternam
3228 3133 3249 3165 ³
3284 3151 3298 3189 :
3332 3148 3428 3202 per

1833 3203 2011 3273 ignem
2035 3207 2252 3277 quippe,
2279 3212 2367 3280 qui
2399 3222 2631 3270 aeternus
2661 3219 2783 3284 erit,
2817 3223 3132 3279 transituros
3151 3226 3419 3282 arbitran-

1834 3303 1920 3350 tur
1961 3313 2054 3352 eos
2095 3300 2287 3370 quibus
2335 3314 2555 3375 propter
2593 3308 2751 3364 fidem
2799 3321 3063 3370 mortuam
3108 3333 3203 3388 per
3245 3320 3423 3391 ignem

1831 3390 2148 3458 promittunt
2186 3393 2448 3460 salutem;
2497 3407 2554 3452 ut
2596 3399 2843 3458 videlicet
2879 3405 2994 3475 ipse
3031 3410 3166 3479 ignis
3189 3390 3423 3470 aeternus

1830 3481 1918 3546 sit,
1946 3481 2247 3539 combustio
2267 3501 2394 3542 vero
2406 3503 2614 3556 eorum,
2637 3491 2742 3547 hoc
2769 3503 2850 3549 est
2865 3499 3107 3566 operatio
3129 3501 3286 3574 ignis,
3309 3518 3422 3562 non

1829 3575 1899 3629 Sit
1912 3575 1962 3630 in
1977 3589 2072 3632 eos
2090 3585 2290 3634 aeterna
2307 3599 2319 3635 :
2339 3597 2460 3638 cum
2488 3593 2542 3640 et
2566 3585 2669 3642 hoc
2691 3589 2988 3658 praevidens
3007 3593 3283 3662 Dominus,
3299 3605 3420 3654 tan-ﬁ

1828 3679 1987 3739 quam
2019 3670 2275 3728 Dominus
2295 3714 2310 3741 ,
2338 3678 2657 3734 sententiam
2679 3694 2831 3736 suam
2860 3683 2930 3738 ita
2956 3687 3297 3756 concluserit,
3333 3688 3420 3744 di-

1827 3771 1974 3827 cens,
2002 3763 2092 3818 Sic
2110 3765 2252 3820 ibunt
2275 3767 2354 3822 illi
2378 3770 2430 3824 in
2458 3771 2851 3828 combustionem
2872 3784 3111 3833 cateruam
3129 3820 3144 3848 ,
3173 3781 3311 3850 justi
3326 3799 3422 3838 au-

1828 3863 1928 3910 tem
1957 3856 2011 3910 in
2047 3858 2201 3912 vitam
2231 3869 2474 3916 aeternam
2514 3863 2740 3935 (lHatt/c.
2773 3883 2908 3932 xxv,
2941 3870 3031 3939 5‘2,
3063 3871 3157 3939 '55,
3187 3873 3420 3945 41-46).

1825 3945 1945 4002 Erit
1976 3963 2106 4021 ergo
2131 3960 2329 4008 aeterna
2359 3956 2676 4026 combustio,
2708 3959 2848 4015 sicut
2873 3961 3053 4032 ignis;
3072 3971 3128 4018 et
3152 3979 3246 4020 eos
3267 3967 3320 4023 in
3348 3967 3419 4022 il-

1823 4037 1930 4096 lam
1962 4043 2128 4098 ituros
2157 4045 2366 4102 Veritas
2393 4047 2544 4117 dixit,
2577 4065 2803 4121 quorum
2826 4069 2930 4108 non
2954 4054 3254 4124 ﬁdem,-sed
3274 4058 3419 4118 bona

1824 4145 1986 4206 opera
2007 4135 2240 4192 defuisse
2263 4139 2571 4196 declaravit.

1893 4227 1983 4284 26.
2014 4230 2070 4286 Si
2097 4246 2225 4301 ergo
2271 4231 2387 4287 haec
2418 4236 2616 4304 omnia,
2667 4246 2722 4292 et
2761 4249 2954 4297 cmtora
2988 4257 3107 4313 qua:
3165 4245 3417 4304 innume—

1822 4320 2010 4374 rabilia
2037 4336 2134 4392 per
2158 4337 2345 4378 omnes
2391 4325 2694 4396 Scripturas
2733 4330 2848 4385 sine
2887 4333 3234 4404 ambiguitate
3273 4338 3417 4394 dicta

1824 4411 2047 4481 reperiri
2083 4423 2340 4483 possunt,
2386 4417 2514 4472 falsa
2543 4429 2727 4486 erunt;
2763 4424 2955 4490 poterit
2993 4439 3150 4481 verus
3173 4442 3294 4482 esse
3322 4429 3415 4485 ille

1822 4503 2122 4562 intellectus
2163 4507 2230 4563 de
2273 4509 2464 4580 lignis,
2509 4510 2632 4566 fcno
2669 4522 2722 4568 et
2761 4505 2973 4585 stipula,
3006 4519 3149 4588 quod
3188 4520 3243 4575 hl
3281 4522 3416 4580 salvi

1819 4607 1982 4656 erunt
2003 4617 2097 4672 per
2117 4617 2310 4674 ignem,
2334 4605 2422 4674 qui
2445 4605 2610 4661 solam
2629 4607 2680 4661 in
2697 4607 2966 4664 Chl-mum
2989 4609 3147 4668 fidem
3168 4622 3414 4676 tenentes

1820 4692 1961 4748 bona
2004 4707 2167 4765 opera
2199 4697 2568 4768 neglexerunt.
2604 4700 2660 4756 Si
2701 4710 2877 4759 autem
2920 4703 3020 4760 ista
3055 4714 3110 4761 et
3157 4723 3280 4763 vera
3303 4751 3316 4776 ,
3355 4720 3418 4768 et

1820 4787 1962 4843 clara
2009 4795 2166 4855 sunt;
2212 4789 2398 4860 procul
2435 4791 2595 4848 dubio
2638 4793 2690 4848 in
2726 4792 2816 4850 illa
2859 4795 3098 4867 Apostoli
3140 4804 3409 4860 sententia
3447 4800 3449 4803 ’

1819 4880 1956 4938 alius
1993 4882 2343 4953 requirendus
2377 4895 2458 4941 est
2492 4886 2826 4957 intellectus,
2859 4895 3095 4963 atquein
3129 4895 3214 4952 his
3239 4899 3408 4970 depu-

1821 4971 1980 5027 tanda
2005 4979 2107 5039 est,
2131 4989 2248 5045 qua:
2268 4973 2459 5032 Petrus
2489 4977 2619 5034 dicit
2643 4993 2762 5036 esse
2787 4980 2841 5036 in
2873 4985 3083 5054 scriptis
3125 4987 3238 5058 ejus
3263 5003 3410 5060 quee-

1820 5061 1944 5120 dam
1977 5063 2214 5121 difficilia
2244 5067 2545 5136 intellectu,
2587 5071 2746 5142 qute‘
2786 5087 2894 5129 non
2933 5074 3130 5133 debent
3166 5079 3411 5138 homines

1818 5165 2124 5226 pervertere
2162 5157 2228 5213 ad
2269 5161 2543 5230 proprium
2574 5175 2730 5218 suum
2769 5165 3037 5223 interitum
3064 5211 3079 5237 ,
3123 5177 3181 5226 ut
3222 5180 3407 5228 contra

1818 5248 2212 5306 evidentissima
2236 5253 2534 5309 testimonia
2555 5255 2949 5327 Seripturarum
2965 5271 3186 5318 securos
3211 5262 3408 5322 faciant

1818 5342 1887 5400 de
1907 5343 2245 5415 percipienda
2271 5345 2443 5402 salute
2466 5348 2839 5419 nequissimos,
2866 5353 3117 5425 nequitiae
3135 5369 3248 5412 sua:
3275 5369 3401 5428 per-

1881 5545 1899 5616 ξ
1934 5541 2310 5616 pleriqueptssq
2335 5541 2511 5616 Quibus
2533 5556 2627 5595 non
2647 5542 2900 5616 increpat;
2921 5549 3022 5612 vel,
3045 5549 3319 5614 increpitat.

1878 5609 1900 5672 ξ
1932 5615 2052 5657 Tres
2073 5605 2292 5672 melioris
2311 5614 2438 5658 nota:
2456 5616 2581 5668 Mss,
2605 5605 2891 5672 pastoribus;
3006 5605 3018 5612 ’
3179 5605 3190 5614 ’
3310 5660 3315 5666 ,

1881 5671 1902 5702 ³
1930 5675 1984 5738 tu
2005 5675 2114 5718 Mss.
2149 5669 2412 5732 plerisque,
2442 5669 2630 5721 utemini
2661 5677 2906 5722 a'tenuun.
2941 5677 2997 5722 At
3019 5673 3069 5722 in
3093 5672 3254 5738 editis,
3280 5682 3401 5727 com-

1815 5729 2080 5784 bustionem
2099 5729 2348 5782 (clamaui.

1878 5795 1902 5828 ι
1934 5802 2023 5846 Mss
2047 5831 2063 5859 ,
2083 5807 2244 5859 quant.
