  <div class='ocr_page' id='page_1' title='image "/cluster/home/n/w/nwhite01/storage/ocr_20150623/40-41/uva.x000217726/1123.png"; bbox 0 0 3960 6480; ppageno 0'>
   <div class='ocr_carea' id='block_1_1' title="bbox 588 222 689 275">
    <p class='ocr_par' dir='ltr' id='par_1_1' title="bbox 588 222 689 275">
     <span class='ocr_line' id='line_1_1' title="bbox 588 222 689 275; baseline -0.01 0"><span class='ocrx_word' id='word_1_1' title='bbox 588 222 689 275; x_wconf 63' lang='grc' dir='ltr'><strong>Βᾶδ</strong></span> 
     </span>
    </p>
   </div>
   <div class='ocr_carea' id='block_1_2' title="bbox 594 334 2163 414">
    <p class='ocr_par' dir='ltr' id='par_1_2' title="bbox 594 334 2163 414">
     <span class='ocr_line' id='line_1_2' title="bbox 594 334 2163 414; baseline -0.01 -12"><span class='ocrx_word' id='word_1_2' title='bbox 594 362 656 402; x_wconf 87' lang='lat' dir='ltr'><strong>re</strong></span> <span class='ocrx_word' id='word_1_3' title='bbox 684 343 899 414; x_wconf 81' lang='lat' dir='ltr'><strong>singulis</strong></span> <span class='ocrx_word' id='word_1_4' title='bbox 926 355 1133 414; x_wconf 83' lang='lat' dir='ltr'><strong>quoque</strong></span> <span class='ocrx_word' id='word_1_5' title='bbox 1160 338 1472 414; x_wconf 86' lang='lat' dir='ltr'><strong>conscriptis</strong></span> <span class='ocrx_word' id='word_1_6' title='bbox 1500 337 1659 414; x_wconf 77' lang='lat' dir='ltr'><strong>etiam</strong></span> <span class='ocrx_word' id='word_1_7' title='bbox 1689 337 1814 406; x_wconf 56' lang='lat' dir='ltr'><strong>ipsa‘</strong></span> <span class='ocrx_word' id='word_1_8' title='bbox 1843 350 1926 388; x_wconf 70' lang='lat' dir='ltr'><strong>res</strong></span> <span class='ocrx_word' id='word_1_9' title='bbox 1953 334 2163 386; x_wconf 88' lang='lat' dir='ltr'><strong>mirabi-</strong></span> 
     </span>
    </p>
   </div>
   <div class='ocr_carea' id='block_1_3' title="bbox 598 407 2164 476">
    <p class='ocr_par' dir='ltr' id='par_1_3' title="bbox 598 407 2164 476">
     <span class='ocr_line' id='line_1_3' title="bbox 598 407 2164 476; baseline -0.009 -5"><span class='ocrx_word' id='word_1_10' title='bbox 598 419 717 472; x_wconf 98' lang='lat' dir='ltr'><strong>liter</strong></span> <span class='ocrx_word' id='word_1_11' title='bbox 743 407 988 468; x_wconf 71' lang='lat' dir='ltr'><strong>concordi</strong></span> <span class='ocrx_word' id='word_1_12' title='bbox 1042 407 1239 465; x_wconf 81' lang='lat' dir='ltr'><strong>unitate</strong></span> <span class='ocrx_word' id='word_1_13' title='bbox 1268 407 1503 471; x_wconf 83' lang='lat' dir='ltr'><strong>coirent;</strong></span> <span class='ocrx_word' id='word_1_14' title='bbox 1537 407 1773 476; x_wconf 88' lang='lat' dir='ltr'><strong>profecto</strong></span> <span class='ocrx_word' id='word_1_15' title='bbox 1821 415 2032 476; x_wconf 76' lang='lat' dir='ltr'><strong>putares</strong></span> <span class='ocrx_word' id='word_1_16' title='bbox 2060 420 2164 457; x_wconf 90' lang='lat' dir='ltr'><strong>non</strong></span> 
     </span>
    </p>
   </div>
   <div class='ocr_carea' id='block_1_4' title="bbox 599 475 2167 553">
    <p class='ocr_par' dir='ltr' id='par_1_4' title="bbox 599 475 2167 553">
     <span class='ocr_line' id='line_1_4' title="bbox 599 475 2167 553; baseline -0.008 -14"><span class='ocrx_word' id='word_1_17' title='bbox 599 496 705 540; x_wconf 88' lang='lat' dir='ltr'><strong>tam</strong></span> <span class='ocrx_word' id='word_1_18' title='bbox 755 484 1017 553; x_wconf 62' lang='lat' dir='ltr'><strong>prieterita</strong></span> <span class='ocrx_word' id='word_1_19' title='bbox 1057 479 1299 553; x_wconf 83' lang='lat' dir='ltr'><strong>narrari,</strong></span> <span class='ocrx_word' id='word_1_20' title='bbox 1344 494 1499 553; x_wconf 83' lang='lat' dir='ltr'><strong>quant</strong></span> <span class='ocrx_word' id='word_1_21' title='bbox 1546 477 1717 545; x_wconf 87' lang='lat' dir='ltr'><strong>potius</strong></span> <span class='ocrx_word' id='word_1_22' title='bbox 1758 475 2041 553; x_wconf 67' lang='lat' dir='ltr'><strong>przesirntia</strong></span> <span class='ocrx_word' id='word_1_23' title='bbox 2072 476 2167 527; x_wconf 92' lang='lat' dir='ltr'><strong>de-</strong></span> 
     </span>
    </p>
   </div>
   <div class='ocr_carea' id='block_1_5' title="bbox 599 546 2171 617">
    <p class='ocr_par' dir='ltr' id='par_1_5' title="bbox 599 546 2171 617">
     <span class='ocr_line' id='line_1_5' title="bbox 599 546 2171 617; baseline -0.009 -7"><span class='ocrx_word' id='word_1_24' title='bbox 599 546 900 610; x_wconf 87' lang='lat' dir='ltr'><strong>monstrari.</strong></span> <span class='ocrx_word' id='word_1_25' title='bbox 925 554 996 605; x_wconf 89' lang='lat' dir='ltr'><strong>lla</strong></span> <span class='ocrx_word' id='word_1_26' title='bbox 1032 552 1193 609; x_wconf 82' lang='lat' dir='ltr'><strong>enim,</strong></span> <span class='ocrx_word' id='word_1_27' title='bbox 1221 548 1357 617; x_wconf 90' lang='lat' dir='ltr'><strong>quod</strong></span> <span class='ocrx_word' id='word_1_28' title='bbox 1386 562 1629 601; x_wconf 88' lang='lat' dir='ltr'><strong>sermone</strong></span> <span class='ocrx_word' id='word_1_29' title='bbox 1658 546 2036 617; x_wconf 83' lang='lat' dir='ltr'><strong>proferebatur,</strong></span> <span class='ocrx_word' id='word_1_30' title='bbox 2069 553 2171 617; x_wconf 84' lang='lat' dir='ltr'><strong>sta-</strong></span> 
     </span>
    </p>
   </div>
   <div class='ocr_carea' id='block_1_6' title="bbox 601 614 2169 689">
    <p class='ocr_par' dir='ltr' id='par_1_6' title="bbox 601 614 2169 689">
     <span class='ocr_line' id='line_1_6' title="bbox 601 614 2169 689; baseline -0.008 -10"><span class='ocrx_word' id='word_1_31' title='bbox 601 629 692 680; x_wconf 91' lang='lat' dir='ltr'><strong>tim</strong></span> <span class='ocrx_word' id='word_1_32' title='bbox 734 626 894 677; x_wconf 89' lang='lat' dir='ltr'><strong>etiam</strong></span> <span class='ocrx_word' id='word_1_33' title='bbox 946 622 1059 689; x_wconf 87' lang='lat' dir='ltr'><strong>ipso</strong></span> <span class='ocrx_word' id='word_1_34' title='bbox 1111 614 1356 689; x_wconf 60' lang='lat' dir='ltr'><strong>prtcsenti</strong></span> <span class='ocrx_word' id='word_1_35' title='bbox 1396 632 1559 689; x_wconf 83' lang='lat' dir='ltr'><strong>opere</strong></span> <span class='ocrx_word' id='word_1_36' title='bbox 1594 616 1940 689; x_wconf 78' lang='lat' dir='ltr'><strong>cernebatur,</strong></span> <span class='ocrx_word' id='word_1_37' title='bbox 1973 624 2029 689; x_wconf 86' lang='lat' dir='ltr'><strong>ut</strong></span> <span class='ocrx_word' id='word_1_38' title='bbox 2062 614 2169 689; x_wconf 84' lang='lat' dir='ltr'><strong>alio</strong></span> 
     </span>
    </p>
   </div>
   <div class='ocr_carea' id='block_1_7' title="bbox 598 686 2165 764">
    <p class='ocr_par' dir='ltr' id='par_1_7' title="bbox 598 686 2165 764">
     <span class='ocr_line' id='line_1_7' title="bbox 598 686 2165 764; baseline -0.006 -17"><span class='ocrx_word' id='word_1_39' title='bbox 598 693 826 764; x_wconf 88' lang='lat' dir='ltr'><strong>quodam</strong></span> <span class='ocrx_word' id='word_1_40' title='bbox 854 686 1040 764; x_wconf 81' lang='lat' dir='ltr'><strong>majori</strong></span> <span class='ocrx_word' id='word_1_41' title='bbox 1076 686 1337 764; x_wconf 80' lang='lat' dir='ltr'><strong>miraculo</strong></span> <span class='ocrx_word' id='word_1_42' title='bbox 1381 686 1700 764; x_wconf 68' lang='lat' dir='ltr'><strong>mirabiliora</strong></span> <span class='ocrx_word' id='word_1_43' title='bbox 1751 687 1862 753; x_wconf 88' lang='lat' dir='ltr'><strong>ipsa</strong></span> <span class='ocrx_word' id='word_1_44' title='bbox 1911 686 2165 764; x_wconf 74' lang='lat' dir='ltr'><strong>miracula</strong></span> 
     </span>
    </p>
   </div>
   <div class='ocr_carea' id='block_1_8' title="bbox 597 754 2168 827">
    <p class='ocr_par' dir='ltr' id='par_1_8' title="bbox 597 754 2168 827">
     <span class='ocr_line' id='line_1_8' title="bbox 597 754 2168 827; baseline -0.008 -9"><span class='ocrx_word' id='word_1_45' title='bbox 597 754 961 819; x_wconf 49' lang='lat' dir='ltr'><strong>redderentur:</strong></span> <span class='ocrx_word' id='word_1_46' title='bbox 990 761 1118 827; x_wconf 80' lang='lat' dir='ltr'><strong>Quis</strong></span> <span class='ocrx_word' id='word_1_47' title='bbox 1136 769 1237 812; x_wconf 84' lang='lat' dir='ltr'><strong>tant</strong></span> <span class='ocrx_word' id='word_1_48' title='bbox 1267 758 1429 813; x_wconf 88' lang='lat' dir='ltr'><strong>durus</strong></span> <span class='ocrx_word' id='word_1_49' title='bbox 1459 772 1519 811; x_wconf 89' lang='lat' dir='ltr'><strong>ac</strong></span> <span class='ocrx_word' id='word_1_50' title='bbox 1544 757 1741 827; x_wconf 87' lang='lat' dir='ltr'><strong>ferreus</strong></span> <span class='ocrx_word' id='word_1_51' title='bbox 1771 772 1873 809; x_wconf 91' lang='lat' dir='ltr'><strong>non</strong></span> <span class='ocrx_word' id='word_1_52' title='bbox 1911 755 1963 808; x_wconf 89' lang='lat' dir='ltr'><strong>in</strong></span> <span class='ocrx_word' id='word_1_53' title='bbox 1998 754 2168 827; x_wconf 83' lang='lat' dir='ltr'><strong>lacry-</strong></span> 
     </span>
    </p>
   </div>
   <div class='ocr_carea' id='block_1_9' title="bbox 599 824 2167 901">
    <p class='ocr_par' dir='ltr' id='par_1_9' title="bbox 599 824 2167 901">
     <span class='ocr_line' id='line_1_9' title="bbox 599 824 2167 901; baseline -0.006 -14"><span class='ocrx_word' id='word_1_54' title='bbox 599 850 711 888; x_wconf 88' lang='lat' dir='ltr'><strong>mas</strong></span> <span class='ocrx_word' id='word_1_55' title='bbox 732 833 948 901; x_wconf 80' lang='lat' dir='ltr'><strong>empit?</strong></span> <span class='ocrx_word' id='word_1_56' title='bbox 991 824 1094 884; x_wconf 76' lang='lat' dir='ltr'><strong>non</strong></span> <span class='ocrx_word' id='word_1_57' title='bbox 1133 830 1198 901; x_wconf 88' lang='lat' dir='ltr'><strong>ad</strong></span> <span class='ocrx_word' id='word_1_58' title='bbox 1242 830 1483 896; x_wconf 87' lang='lat' dir='ltr'><strong>pietatem</strong></span> <span class='ocrx_word' id='word_1_59' title='bbox 1522 826 1977 901; x_wconf 79' lang='lat' dir='ltr'><strong>humilitatemque</strong></span> <span class='ocrx_word' id='word_1_60' title='bbox 1996 824 2167 901; x_wconf 70' lang='lat' dir='ltr'><strong>deflu-</strong></span> 
     </span>
    </p>
   </div>
   <div class='ocr_carea' id='block_1_10' title="bbox 601 894 2164 971">
    <p class='ocr_par' dir='ltr' id='par_1_10' title="bbox 601 894 2164 971">
     <span class='ocr_line' id='line_1_10' title="bbox 601 894 2164 971; baseline -0.005 -14"><span class='ocrx_word' id='word_1_61' title='bbox 601 905 719 957; x_wconf 84' lang='lat' dir='ltr'><strong>xit?</strong></span> <span class='ocrx_word' id='word_1_62' title='bbox 744 894 873 971; x_wconf 83' lang='lat' dir='ltr'><strong>Quis</strong></span> <span class='ocrx_word' id='word_1_63' title='bbox 895 916 1121 970; x_wconf 82' lang='lat' dir='ltr'><strong>unquam</strong></span> <span class='ocrx_word' id='word_1_64' title='bbox 1149 894 1307 971; x_wconf 82' lang='lat' dir='ltr'><strong>digito</strong></span> <span class='ocrx_word' id='word_1_65' title='bbox 1327 898 1591 971; x_wconf 56' lang='lat' dir='ltr'><strong>pra&#39;conio</strong></span> <span class='ocrx_word' id='word_1_66' title='bbox 1637 897 1775 971; x_wconf 79' lang='lat' dir='ltr'><strong>loqui</strong></span> <span class='ocrx_word' id='word_1_67' title='bbox 1804 896 1969 971; x_wconf 71' lang='lat' dir='ltr'><strong>possit</strong></span> <span class='ocrx_word' id='word_1_68' title='bbox 1994 896 2015 946; x_wconf 92' lang='lat'><strong>?</strong></span> <span class='ocrx_word' id='word_1_69' title='bbox 2043 894 2164 949; x_wconf 85' lang='lat' dir='ltr'><strong>Fie-</strong></span> 
     </span>
    </p>
   </div>
   <div class='ocr_carea' id='block_1_11' title="bbox 600 966 2166 1039">
    <p class='ocr_par' dir='ltr' id='par_1_11' title="bbox 600 966 2166 1039">
     <span class='ocr_line' id='line_1_11' title="bbox 600 966 2166 1039; baseline -0.006 -11"><span class='ocrx_word' id='word_1_70' title='bbox 600 975 689 1028; x_wconf 88' lang='lat' dir='ltr'><strong>bat</strong></span> <span class='ocrx_word' id='word_1_71' title='bbox 714 966 911 1027; x_wconf 71' lang='lat' dir='ltr'><strong>clamor</strong></span> <span class='ocrx_word' id='word_1_72' title='bbox 938 966 1298 1039; x_wconf 76' lang='lat' dir='ltr'><strong>gratulationis</strong></span> <span class='ocrx_word' id='word_1_73' title='bbox 1325 969 1376 1021; x_wconf 91' lang='lat' dir='ltr'><strong>in</strong></span> <span class='ocrx_word' id='word_1_74' title='bbox 1420 968 1596 1039; x_wconf 83' lang='lat' dir='ltr'><strong>auditu</strong></span> <span class='ocrx_word' id='word_1_75' title='bbox 1653 966 1893 1039; x_wconf 84' lang='lat' dir='ltr'><strong>lectionis</strong></span> <span class='ocrx_word' id='word_1_76' title='bbox 1920 983 1932 1018; x_wconf 93' lang='lat'>:</span> <span class='ocrx_word' id='word_1_77' title='bbox 1958 981 2166 1039; x_wconf 79' lang='lat' dir='ltr'><strong>rursum</strong></span> 
     </span>
    </p>
   </div>
   <div class='ocr_carea' id='block_1_12' title="bbox 597 1035 2169 1113">
    <p class='ocr_par' dir='ltr' id='par_1_12' title="bbox 597 1035 2169 1113">
     <span class='ocr_line' id='line_1_12' title="bbox 597 1035 2169 1113; baseline -0.005 -18"><span class='ocrx_word' id='word_1_78' title='bbox 597 1058 805 1113; x_wconf 87' lang='lat' dir='ltr'><strong>quoque</strong></span> <span class='ocrx_word' id='word_1_79' title='bbox 834 1035 999 1109; x_wconf 68' lang='lat' dir='ltr'><strong>major</strong></span> <span class='ocrx_word' id='word_1_80' title='bbox 1040 1040 1319 1113; x_wconf 56' lang='lat' dir='ltr'><strong>exsultatio</strong></span> <span class='ocrx_word' id='word_1_81' title='bbox 1345 1037 1669 1113; x_wconf 72' lang='lat' dir='ltr'><strong>excitabatur</strong></span> <span class='ocrx_word' id='word_1_82' title='bbox 1698 1036 1748 1089; x_wconf 91' lang='lat' dir='ltr'><strong>in</strong></span> <span class='ocrx_word' id='word_1_83' title='bbox 1775 1046 1988 1113; x_wconf 71' lang='lat' dir='ltr'><strong>aspectu</strong></span> <span class='ocrx_word' id='word_1_84' title='bbox 2012 1035 2169 1088; x_wconf 84' lang='lat' dir='ltr'><strong>visio-</strong></span> 
     </span>
    </p>
   </div>
   <div class='ocr_carea' id='block_1_13' title="bbox 601 1105 2161 1179">
    <p class='ocr_par' dir='ltr' id='par_1_13' title="bbox 601 1105 2161 1179">
     <span class='ocr_line' id='line_1_13' title="bbox 601 1105 2161 1179; baseline -0.007 -11"><span class='ocrx_word' id='word_1_85' title='bbox 601 1105 683 1168; x_wconf 79' lang='lat' dir='ltr'><strong>nis</strong></span> <span class='ocrx_word' id='word_1_86' title='bbox 713 1105 735 1175; x_wconf 78' lang='grc' dir='ltr'><strong>ς’</strong></span> <span class='ocrx_word' id='word_1_87' title='bbox 768 1128 830 1166; x_wconf 90' lang='lat' dir='ltr'><strong>ac</strong></span> <span class='ocrx_word' id='word_1_88' title='bbox 846 1105 928 1165; x_wconf 82' lang='lat' dir='ltr'><strong>sic</strong></span> <span class='ocrx_word' id='word_1_89' title='bbox 947 1127 1037 1179; x_wconf 89' lang='lat' dir='ltr'><strong>per</strong></span> <span class='ocrx_word' id='word_1_90' title='bbox 1062 1109 1297 1162; x_wconf 87' lang='lat' dir='ltr'><strong>amlitum</strong></span> <span class='ocrx_word' id='word_1_91' title='bbox 1328 1117 1381 1162; x_wconf 89' lang='lat' dir='ltr'><strong>et</strong></span> <span class='ocrx_word' id='word_1_92' title='bbox 1419 1107 1585 1179; x_wconf 65' lang='lat' dir='ltr'><strong>visum</strong></span> <span class='ocrx_word' id='word_1_93' title='bbox 1628 1108 1935 1179; x_wconf 72' lang='lat' dir='ltr'><strong>penetrabat</strong></span> <span class='ocrx_word' id='word_1_94' title='bbox 1956 1105 2161 1157; x_wconf 89' lang='lat' dir='ltr'><strong>flamma</strong></span> 
     </span>
    </p>
   </div>
   <div class='ocr_carea' id='block_1_14' title="bbox 597 1175 2164 1237">
    <p class='ocr_par' dir='ltr' id='par_1_14' title="bbox 597 1175 2164 1237">
     <span class='ocr_line' id='line_1_14' title="bbox 597 1175 2164 1237; baseline -0.005 0"><span class='ocrx_word' id='word_1_95' title='bbox 597 1184 759 1237; x_wconf 83' lang='lat' dir='ltr'><strong>divini</strong></span> <span class='ocrx_word' id='word_1_96' title='bbox 798 1175 993 1235; x_wconf 86' lang='lat' dir='ltr'><strong>amoris</strong></span> <span class='ocrx_word' id='word_1_97' title='bbox 1040 1180 1211 1231; x_wconf 78' lang='lat' dir='ltr'><strong>oimiis</strong></span> <span class='ocrx_word' id='word_1_98' title='bbox 1263 1189 1384 1231; x_wconf 92' lang='lat' dir='ltr'><strong>tunc</strong></span> <span class='ocrx_word' id='word_1_99' title='bbox 1433 1192 1526 1231; x_wconf 92' lang='lat' dir='ltr'><strong>cor</strong></span> <span class='ocrx_word' id='word_1_100' title='bbox 1571 1176 1818 1230; x_wconf 89' lang='lat' dir='ltr'><strong>hominis.</strong></span> <span class='ocrx_word' id='word_1_101' title='bbox 1844 1175 1964 1228; x_wconf 78' lang='lat' dir='ltr'><strong>ll.cc</strong></span> <span class='ocrx_word' id='word_1_102' title='bbox 1988 1184 2164 1229; x_wconf 86' lang='lat' dir='ltr'><strong>autem</strong></span> 
     </span>
    </p>
   </div>
   <div class='ocr_carea' id='block_1_15' title="bbox 598 1248 2161 1322">
    <p class='ocr_par' dir='ltr' id='par_1_15' title="bbox 598 1248 2161 1322">
     <span class='ocr_line' id='line_1_15' title="bbox 598 1248 2161 1322; baseline -0.005 -16"><span class='ocrx_word' id='word_1_103' title='bbox 598 1255 718 1322; x_wconf 91' lang='lat' dir='ltr'><strong>quia</strong></span> <span class='ocrx_word' id='word_1_104' title='bbox 746 1253 863 1307; x_wconf 86' lang='lat' dir='ltr'><strong>sine</strong></span> <span class='ocrx_word' id='word_1_105' title='bbox 889 1250 1097 1305; x_wconf 89' lang='lat' dir='ltr'><strong>silentio</strong></span> <span class='ocrx_word' id='word_1_106' title='bbox 1125 1249 1392 1322; x_wconf 58' lang='lat' dir='ltr'><strong>prater-ire</strong></span> <span class='ocrx_word' id='word_1_107' title='bbox 1418 1263 1518 1299; x_wconf 89' lang='lat' dir='ltr'><strong>non</strong></span> <span class='ocrx_word' id='word_1_108' title='bbox 1546 1248 1709 1322; x_wconf 77' lang='lat' dir='ltr'><strong>potui,</strong></span> <span class='ocrx_word' id='word_1_109' title='bbox 1740 1254 1953 1315; x_wconf 87' lang='lat' dir='ltr'><strong>propter</strong></span> <span class='ocrx_word' id='word_1_110' title='bbox 1979 1260 2161 1322; x_wconf 75' lang='lat' dir='ltr'><strong>eorum</strong></span> 
     </span>
    </p>
   </div>
   <div class='ocr_carea' id='block_1_16' title="bbox 600 1316 2162 1393">
    <p class='ocr_par' dir='ltr' id='par_1_16' title="bbox 600 1316 2162 1393">
     <span class='ocr_line' id='line_1_16' title="bbox 600 1316 2162 1393; baseline -0.003 -18"><span class='ocrx_word' id='word_1_111' title='bbox 600 1316 688 1393; x_wconf 81' lang='lat' dir='ltr'><strong>qui</strong></span> <span class='ocrx_word' id='word_1_112' title='bbox 713 1324 801 1377; x_wconf 90' lang='lat' dir='ltr'><strong>illo</strong></span> <span class='ocrx_word' id='word_1_113' title='bbox 826 1334 1058 1388; x_wconf 56' lang='lat' dir='ltr'><strong>tempore.</strong></span> <span class='ocrx_word' id='word_1_114' title='bbox 1100 1318 1389 1393; x_wconf 69' lang='lat' dir='ltr'><strong>adfuerant</strong></span> <span class='ocrx_word' id='word_1_115' title='bbox 1424 1317 1732 1369; x_wconf 83' lang='lat' dir='ltr'><strong>memoriam</strong></span> <span class='ocrx_word' id='word_1_116' title='bbox 1787 1316 2162 1393; x_wconf 70' lang='lat' dir='ltr'><strong>renovandmn,</strong></span> 
     </span>
    </p>
   </div>
   <div class='ocr_carea' id='block_1_17' title="bbox 598 1386 2163 1459">
    <p class='ocr_par' dir='ltr' id='par_1_17' title="bbox 598 1386 2163 1459">
     <span class='ocr_line' id='line_1_17' title="bbox 598 1386 2163 1459; baseline -0.004 -12"><span class='ocrx_word' id='word_1_117' title='bbox 598 1386 709 1447; x_wconf 78' lang='lat' dir='ltr'><strong>sive</strong></span> <span class='ocrx_word' id='word_1_118' title='bbox 750 1386 1093 1459; x_wconf 84' lang='lat' dir='ltr'><strong>eorumquos</strong></span> <span class='ocrx_word' id='word_1_119' title='bbox 1134 1390 1228 1441; x_wconf 57' lang='lat' dir='ltr'><strong>ista</strong></span> <span class='ocrx_word' id='word_1_120' title='bbox 1271 1387 1501 1441; x_wconf 89' lang='lat' dir='ltr'><strong>latebant</strong></span> <span class='ocrx_word' id='word_1_121' title='bbox 1542 1401 1866 1459; x_wconf 83' lang='lat' dir='ltr'><strong>nequaquam</strong></span> <span class='ocrx_word' id='word_1_122' title='bbox 1893 1386 2163 1440; x_wconf 88' lang='lat' dir='ltr'><strong>scientiam</strong></span> 
     </span>
    </p>
   </div>
   <div class='ocr_carea' id='block_1_18' title="bbox 597 1458 2164 1527">
    <p class='ocr_par' dir='ltr' id='par_1_18' title="bbox 597 1458 2164 1527">
     <span class='ocr_line' id='line_1_18' title="bbox 597 1458 2164 1527; baseline -0.004 -10"><span class='ocrx_word' id='word_1_123' title='bbox 597 1458 1005 1517; x_wconf 90' lang='lat' dir='ltr'><strong>defraudandam</strong></span> <span class='ocrx_word' id='word_1_124' title='bbox 1028 1477 1039 1521; x_wconf 88' lang='lat'>;</span> <span class='ocrx_word' id='word_1_125' title='bbox 1064 1469 1111 1512; x_wconf 88' lang='lat' dir='ltr'><strong>et</strong></span> <span class='ocrx_word' id='word_1_126' title='bbox 1135 1460 1253 1527; x_wconf 83' lang='lat' dir='ltr'><strong>quia</strong></span> <span class='ocrx_word' id='word_1_127' title='bbox 1280 1459 1364 1510; x_wconf 91' lang='lat' dir='ltr'><strong>illa</strong></span> <span class='ocrx_word' id='word_1_128' title='bbox 1406 1458 1514 1525; x_wconf 88' lang='lat' dir='ltr'><strong>ipsa</strong></span> <span class='ocrx_word' id='word_1_129' title='bbox 1543 1458 1791 1509; x_wconf 87' lang='lat' dir='ltr'><strong>continuo</strong></span> <span class='ocrx_word' id='word_1_130' title='bbox 1813 1472 1929 1524; x_wconf 74' lang='lat' dir='ltr'><strong>qua:</strong></span> <span class='ocrx_word' id='word_1_131' title='bbox 1951 1461 2164 1510; x_wconf 88' lang='lat' dir='ltr'><strong>recitata</strong></span> 
     </span>
    </p>
   </div>
   <div class='ocr_carea' id='block_1_19' title="bbox 597 1527 2162 1596">
    <p class='ocr_par' dir='ltr' id='par_1_19' title="bbox 597 1527 2162 1596">
     <span class='ocr_line' id='line_1_19' title="bbox 597 1527 2162 1596; baseline -0.005 -9"><span class='ocrx_word' id='word_1_132' title='bbox 597 1543 740 1595; x_wconf 88' lang='lat' dir='ltr'><strong>sunt,</strong></span> <span class='ocrx_word' id='word_1_133' title='bbox 763 1533 937 1586; x_wconf 79' lang='lat' dir='ltr'><strong>statim</strong></span> <span class='ocrx_word' id='word_1_134' title='bbox 976 1530 1133 1583; x_wconf 84' lang='lat' dir='ltr'><strong>etiam</strong></span> <span class='ocrx_word' id='word_1_135' title='bbox 1160 1545 1187 1581; x_wconf 91' lang='lat' dir='ltr'><strong>a</strong></span> <span class='ocrx_word' id='word_1_136' title='bbox 1229 1528 1484 1596; x_wconf 84' lang='lat' dir='ltr'><strong>religiosis</strong></span> <span class='ocrx_word' id='word_1_137' title='bbox 1512 1527 1747 1595; x_wconf 77' lang='lat' dir='ltr'><strong>plurimis</strong></span> <span class='ocrx_word' id='word_1_138' title='bbox 1775 1542 1891 1580; x_wconf 92' lang='lat' dir='ltr'><strong>cum</strong></span> <span class='ocrx_word' id='word_1_139' title='bbox 1934 1527 2162 1580; x_wconf 78' lang='lat' dir='ltr'><strong>clausula</strong></span> 
     </span>
    </p>
   </div>
   <div class='ocr_carea' id='block_1_20' title="bbox 598 1596 2166 1671">
    <p class='ocr_par' dir='ltr' id='par_1_20' title="bbox 598 1596 2166 1671">
     <span class='ocr_line' id='line_1_20' title="bbox 598 1596 2166 1671; baseline -0.008 -14"><span class='ocrx_word' id='word_1_140' title='bbox 598 1618 689 1657; x_wconf 91' lang='lat' dir='ltr'><strong>sua</strong></span> <span class='ocrx_word' id='word_1_141' title='bbox 716 1612 864 1671; x_wconf 85' lang='lat' dir='ltr'><strong>capta</strong></span> <span class='ocrx_word' id='word_1_142' title='bbox 898 1604 913 1633; x_wconf 83' lang='grc'>¹</span> <span class='ocrx_word' id='word_1_143' title='bbox 943 1608 1065 1655; x_wconf 82' lang='lat' dir='ltr'><strong>sunt</strong></span> <span class='ocrx_word' id='word_1_144' title='bbox 1093 1612 1251 1667; x_wconf 90' lang='lat' dir='ltr'><strong>atque</strong></span> <span class='ocrx_word' id='word_1_145' title='bbox 1266 1598 1528 1671; x_wconf 80' lang='lat' dir='ltr'><strong>descripta</strong></span> <span class='ocrx_word' id='word_1_146' title='bbox 1561 1616 1572 1649; x_wconf 93' lang='lat'>:</span> <span class='ocrx_word' id='word_1_147' title='bbox 1604 1596 1797 1671; x_wconf 79' lang='lat' dir='ltr'><strong>idcirco</strong></span> <span class='ocrx_word' id='word_1_148' title='bbox 1834 1596 1896 1649; x_wconf 90' lang='lat' dir='ltr'><strong>ad</strong></span> <span class='ocrx_word' id='word_1_149' title='bbox 1917 1596 2017 1671; x_wconf 74' lang='lat' dir='ltr'><strong>alia</strong></span> <span class='ocrx_word' id='word_1_150' title='bbox 2050 1612 2166 1671; x_wconf 77' lang='lat' dir='ltr'><strong>qua:</strong></span> 
     </span>
    </p>
   </div>
   <div class='ocr_carea' id='block_1_21' title="bbox 596 1667 2156 1734">
    <p class='ocr_par' dir='ltr' id='par_1_21' title="bbox 596 1667 2156 1734">
     <span class='ocr_line' id='line_1_21' title="bbox 596 1667 2156 1734; baseline -0.004 -8"><span class='ocrx_word' id='word_1_151' title='bbox 596 1667 875 1727; x_wconf 74' lang='lat' dir='ltr'><strong>consecuta</strong></span> <span class='ocrx_word' id='word_1_152' title='bbox 918 1679 1038 1723; x_wconf 85' lang='lat' dir='ltr'><strong>sont</strong></span> <span class='ocrx_word' id='word_1_153' title='bbox 1089 1668 1368 1728; x_wconf 84' lang='lat' dir='ltr'><strong>narranda.</strong></span> <span class='ocrx_word' id='word_1_154' title='bbox 1429 1667 1547 1720; x_wconf 91' lang='lat' dir='ltr'><strong>hinc</strong></span> <span class='ocrx_word' id='word_1_155' title='bbox 1580 1667 1860 1734; x_wconf 88' lang='lat' dir='ltr'><strong>adjuvante</strong></span> <span class='ocrx_word' id='word_1_156' title='bbox 1916 1667 2156 1728; x_wconf 86' lang='lat' dir='ltr'><strong>Domino,</strong></span> 
     </span>
    </p>
   </div>
   <div class='ocr_carea' id='block_1_22' title="bbox 596 1737 2162 1811">
    <p class='ocr_par' dir='ltr' id='par_1_22' title="bbox 596 1737 2162 1811">
     <span class='ocr_line' id='line_1_22' title="bbox 596 1737 2162 1811; baseline -0.002 -18"><span class='ocrx_word' id='word_1_157' title='bbox 596 1745 743 1811; x_wconf 84' lang='lat' dir='ltr'><strong>quasi</strong></span> <span class='ocrx_word' id='word_1_158' title='bbox 774 1740 1177 1811; x_wconf 87' lang='lat' dir='ltr'><strong>libellisecundi</strong></span> <span class='ocrx_word' id='word_1_159' title='bbox 1212 1738 1482 1811; x_wconf 81' lang='lat' dir='ltr'><strong>exordium</strong></span> <span class='ocrx_word' id='word_1_160' title='bbox 1534 1738 1870 1811; x_wconf 70' lang='lat' dir='ltr'><strong>sumpsimus.</strong></span> <span class='ocrx_word' id='word_1_161' title='bbox 1920 1737 2162 1811; x_wconf 64' lang='lat' dir='ltr'><strong>“etei-am</strong></span> 
     </span>
    </p>
   </div>
   <div class='ocr_carea' id='block_1_23' title="bbox 598 1807 2165 1876">
    <p class='ocr_par' dir='ltr' id='par_1_23' title="bbox 598 1807 2165 1876">
     <span class='ocr_line' id='line_1_23' title="bbox 598 1807 2165 1876; baseline -0.003 -11"><span class='ocrx_word' id='word_1_162' title='bbox 598 1807 753 1875; x_wconf 70' lang='lat' dir='ltr'><strong>igitur</strong></span> <span class='ocrx_word' id='word_1_163' title='bbox 770 1813 935 1873; x_wconf 77' lang='lat' dir='ltr'><strong>vobis,</strong></span> <span class='ocrx_word' id='word_1_164' title='bbox 966 1810 1279 1873; x_wconf 70' lang='lat' dir='ltr'><strong>charis‘simi,</strong></span> <span class='ocrx_word' id='word_1_165' title='bbox 1330 1809 1588 1876; x_wconf 75' lang='lat' dir='ltr'><strong>adiutorio</strong></span> <span class='ocrx_word' id='word_1_166' title='bbox 1620 1807 1820 1861; x_wconf 92' lang='lat' dir='ltr'><strong>Domini</strong></span> <span class='ocrx_word' id='word_1_167' title='bbox 1849 1809 2012 1862; x_wconf 61' lang='lat' dir='ltr'><strong>noswi</strong></span> <span class='ocrx_word' id='word_1_168' title='bbox 2039 1808 2165 1861; x_wconf 82' lang='lat' dir='ltr'><strong>Jesu</strong></span> 
     </span>
    </p>
   </div>
   <div class='ocr_carea' id='block_1_24' title="bbox 595 1879 2161 1948">
    <p class='ocr_par' dir='ltr' id='par_1_24' title="bbox 595 1879 2161 1948">
     <span class='ocr_line' id='line_1_24' title="bbox 595 1879 2161 1948; baseline -0.004 -11"><span class='ocrx_word' id='word_1_169' title='bbox 595 1882 790 1938; x_wconf 87' lang='lat' dir='ltr'><strong>Christi</strong></span> <span class='ocrx_word' id='word_1_170' title='bbox 810 1924 824 1942; x_wconf 86' lang='lat'><strong>.</strong></span> <span class='ocrx_word' id='word_1_171' title='bbox 848 1882 1017 1936; x_wconf 88' lang='lat' dir='ltr'><strong>adlmc</strong></span> <span class='ocrx_word' id='word_1_172' title='bbox 1040 1879 1290 1948; x_wconf 76' lang='lat' dir='ltr'><strong>Stephani</strong></span> <span class='ocrx_word' id='word_1_173' title='bbox 1347 1879 1549 1947; x_wconf 85' lang='lat' dir='ltr'><strong>patroni</strong></span> <span class='ocrx_word' id='word_1_174' title='bbox 1580 1879 1877 1932; x_wconf 90' lang='lat' dir='ltr'><strong>communis</strong></span> <span class='ocrx_word' id='word_1_175' title='bbox 1904 1879 2161 1931; x_wconf 78' lang='lat' dir='ltr'><strong>mirabilia</strong></span> 
     </span>
    </p>
   </div>
   <div class='ocr_carea' id='block_1_25' title="bbox 596 1948 2165 2018">
    <p class='ocr_par' dir='ltr' id='par_1_25' title="bbox 596 1948 2165 2018">
     <span class='ocr_line' id='line_1_25' title="bbox 596 1948 2165 2018; baseline -0.002 -12"><span class='ocrx_word' id='word_1_176' title='bbox 596 1964 757 2018; x_wconf 73' lang='lat' dir='ltr'><strong>gesta:</strong></span> <span class='ocrx_word' id='word_1_177' title='bbox 786 1953 861 2007; x_wconf 90' lang='lat' dir='ltr'><strong>rei</strong></span> <span class='ocrx_word' id='word_1_178' title='bbox 910 1952 1188 2018; x_wconf 71' lang='lat' dir='ltr'><strong>multisque</strong></span> <span class='ocrx_word' id='word_1_179' title='bbox 1237 1950 1369 2003; x_wconf 90' lang='lat' dir='ltr'><strong>bene</strong></span> <span class='ocrx_word' id='word_1_180' title='bbox 1429 1950 1755 2002; x_wconf 72' lang='lat' dir='ltr'><strong>notissimam</strong></span> <span class='ocrx_word' id='word_1_181' title='bbox 1798 1950 1848 2002; x_wconf 93' lang='lat' dir='ltr'><strong>in</strong></span> <span class='ocrx_word' id='word_1_182' title='bbox 1873 1948 2080 2003; x_wconf 87' lang='lat' dir='ltr'><strong>Iaudem</strong></span> <span class='ocrx_word' id='word_1_183' title='bbox 2111 1957 2165 2003; x_wconf 86' lang='lat' dir='ltr'><strong>ct</strong></span> 
     </span>
    </p>
   </div>
   <div class='ocr_carea' id='block_1_26' title="bbox 595 2018 1667 2092">
    <p class='ocr_par' dir='ltr' id='par_1_26' title="bbox 595 2018 1667 2092">
     <span class='ocr_line' id='line_1_26' title="bbox 595 2018 1667 2092; baseline -0.007 -13"><span class='ocrx_word' id='word_1_184' title='bbox 595 2024 813 2092; x_wconf 77' lang='lat' dir='ltr'><strong>gloriam</strong></span> <span class='ocrx_word' id='word_1_185' title='bbox 846 2024 935 2078; x_wconf 87' lang='lat' dir='ltr'><strong>Dei</strong></span> <span class='ocrx_word' id='word_1_186' title='bbox 963 2020 1351 2076; x_wconf 86' lang='lat' dir='ltr'><strong>memorabilem</strong></span> <span class='ocrx_word' id='word_1_187' title='bbox 1377 2018 1667 2073; x_wconf 88' lang='lat' dir='ltr'><strong>historiant.</strong></span> 
     </span>
    </p>
   </div>
   <div class='ocr_carea' id='block_1_27' title="bbox 597 2129 2160 2202">
    <p class='ocr_par' dir='ltr' id='par_1_27' title="bbox 597 2129 2160 2202">
     <span class='ocr_line' id='line_1_27' title="bbox 597 2129 2160 2202; baseline -0.006 -10"><span class='ocrx_word' id='word_1_188' title='bbox 597 2135 816 2193; x_wconf 77' lang='lat' dir='ltr'><strong>CAPUT</strong></span> <span class='ocrx_word' id='word_1_189' title='bbox 845 2135 909 2190; x_wconf 84' lang='lat' dir='ltr'><strong>ll.</strong></span> <span class='ocrx_word' id='word_1_190' title='bbox 926 2132 1086 2186; x_wconf 81' lang='lat' dir='ltr'><strong>—De</strong></span> <span class='ocrx_word' id='word_1_191' title='bbox 1104 2131 1315 2202; x_wconf 82' lang='lat' dir='ltr'><strong>Megelia</strong></span> <span class='ocrx_word' id='word_1_192' title='bbox 1340 2145 1450 2201; x_wconf 71' lang='lat' dir='ltr'><strong>qua:</strong></span> <span class='ocrx_word' id='word_1_193' title='bbox 1474 2130 1699 2202; x_wconf 72' lang='lat' dir='ltr'><strong>paralysi</strong></span> <span class='ocrx_word' id='word_1_194' title='bbox 1722 2129 1882 2196; x_wconf 78' lang='lat' dir='ltr'><strong>fuerat</strong></span> <span class='ocrx_word' id='word_1_195' title='bbox 1907 2146 2160 2198; x_wconf 71' lang='lat' dir='ltr'><strong>percussa,</strong></span> 
     </span>
    </p>
   </div>
   <div class='ocr_carea' id='block_1_28' title="bbox 663 2147 2162 2277">
    <p class='ocr_par' dir='ltr' id='par_1_28' title="bbox 663 2147 2162 2277">
     <span class='ocr_line' id='line_1_28' title="bbox 663 2147 2160 2202; baseline -0.006 -11"><span class='ocrx_word' id='word_1_196' title='bbox 663 2147 815 2191; x_wconf 78' lang='lat' dir='ltr'><strong>tl’U&#39;l&#39;</strong></span> <span class='ocrx_word' id='word_1_197' title='bbox 846 2147 909 2190; x_wconf 90' lang='lat' dir='ltr'><strong>ll.</strong></span> <span class='ocrx_word' id='word_1_198' title='bbox 926 2147 1086 2186; x_wconf 82' lang='lat' dir='ltr'><strong>—Ue</strong></span> <span class='ocrx_word' id='word_1_199' title='bbox 1104 2147 1151 2185; x_wconf 83' lang='grc' dir='ltr'><em>Μ</em></span> <span class='ocrx_word' id='word_1_200' title='bbox 1162 2147 1315 2202; x_wconf 83' lang='lat' dir='ltr'><strong>egena</strong></span> <span class='ocrx_word' id='word_1_201' title='bbox 1340 2147 1450 2201; x_wconf 75' lang='lat' dir='ltr'><strong>quw</strong></span> <span class='ocrx_word' id='word_1_202' title='bbox 1474 2147 1634 2199; x_wconf 81' lang='lat' dir='ltr'><strong>parati</strong></span> <span class='ocrx_word' id='word_1_203' title='bbox 1655 2147 1696 2182; x_wconf 77' lang='lat' dir='ltr'><strong>si</strong></span> <span class='ocrx_word' id='word_1_204' title='bbox 1722 2147 1882 2196; x_wconf 61' lang='lat' dir='ltr'><strong>fuerat</strong></span> <span class='ocrx_word' id='word_1_205' title='bbox 1907 2147 2160 2198; x_wconf 71' lang='lat' dir='ltr'><strong>percussa,</strong></span> 
     </span>
     <span class='ocr_line' id='line_1_29' title="bbox 663 2147 2162 2277; baseline -0.003 -18"><span class='ocrx_word' id='word_1_206' title='bbox 663 2223 777 2277; x_wconf 78' lang='lat' dir='ltr'><strong>qua:</strong></span> <span class='ocrx_word' id='word_1_207' title='bbox 816 2207 944 2260; x_wconf 79' lang='lat' dir='ltr'><strong>inter</strong></span> <span class='ocrx_word' id='word_1_208' title='bbox 984 2204 1288 2277; x_wconf 71' lang='lat' dir='ltr'><strong>mrdiearum</strong></span> <span class='ocrx_word' id='word_1_209' title='bbox 1333 2218 1513 2277; x_wconf 65' lang='lat' dir='ltr'><strong>uicinus</strong></span> <span class='ocrx_word' id='word_1_210' title='bbox 1547 2147 1792 2277; x_wconf 42' lang='lat' dir='ltr'><strong>defecerat</strong></span> <span class='ocrx_word' id='word_1_211' title='bbox 1817 2242 1831 2262; x_wconf 86' lang='lat'><strong>,</strong></span> <span class='ocrx_word' id='word_1_212' title='bbox 1874 2211 1917 2253; x_wconf 83' lang='lat' dir='ltr'><strong>et</strong></span> <span class='ocrx_word' id='word_1_213' title='bbox 1960 2216 2162 2254; x_wconf 74' lang='lat' dir='ltr'><strong>currens</strong></span> 
     </span>
    </p>
   </div>
   <div class='ocr_carea' id='block_1_29' title="bbox 665 2269 2164 2345">
    <p class='ocr_par' dir='ltr' id='par_1_29' title="bbox 665 2269 2164 2345">
     <span class='ocr_line' id='line_1_30' title="bbox 665 2269 2164 2345; baseline -0.006 -15"><span class='ocrx_word' id='word_1_214' title='bbox 665 2269 731 2330; x_wconf 73' lang='lat' dir='ltr'><strong>(id</strong></span> <span class='ocrx_word' id='word_1_215' title='bbox 755 2285 978 2330; x_wconf 81' lang='lat' dir='ltr'><strong>sanctum</strong></span> <span class='ocrx_word' id='word_1_216' title='bbox 1004 2274 1310 2345; x_wconf 68' lang='lat' dir='ltr'><strong>S‘tepfianum</strong></span> <span class='ocrx_word' id='word_1_217' title='bbox 1327 2289 1355 2323; x_wconf 82' lang='grc' dir='ltr'><em>α</em></span> <span class='ocrx_word' id='word_1_218' title='bbox 1372 2269 1561 2341; x_wconf 71' lang='lat' dir='ltr'><strong>duplici</strong></span> <span class='ocrx_word' id='word_1_219' title='bbox 1584 2271 1875 2337; x_wconf 74' lang='lat' dir='ltr'><strong>inﬁrmitate</strong></span> <span class='ocrx_word' id='word_1_220' title='bbox 1893 2280 2164 2328; x_wconf 75' lang='lat' dir='ltr'><strong>curatacst.</strong></span> 
     </span>
    </p>
   </div>
   <div class='ocr_carea' id='block_1_30' title="bbox 665 2362 2163 2436">
    <p class='ocr_par' dir='ltr' id='par_1_30' title="bbox 665 2362 2163 2436">
     <span class='ocr_line' id='line_1_31' title="bbox 665 2362 2163 2436; baseline -0.004 -12"><span class='ocrx_word' id='word_1_221' title='bbox 665 2370 716 2424; x_wconf 75' lang='grc'><strong>1.</strong></span> <span class='ocrx_word' id='word_1_222' title='bbox 762 2366 1193 2436; x_wconf 87' lang='lat' dir='ltr'><strong>Carthagincnsis</strong></span> <span class='ocrx_word' id='word_1_223' title='bbox 1236 2363 1461 2421; x_wconf 78' lang='lat' dir='ltr'><strong>civitatis</strong></span> <span class='ocrx_word' id='word_1_224' title='bbox 1504 2363 1742 2436; x_wconf 57' lang='lat' dir='ltr'><strong>quiedam</strong></span> <span class='ocrx_word' id='word_1_225' title='bbox 1785 2362 1942 2436; x_wconf 68' lang='lat' dir='ltr'><strong>fuit,</strong></span> <span class='ocrx_word' id='word_1_226' title='bbox 1970 2362 2163 2419; x_wconf 85' lang='lat' dir='ltr'><strong>nubilis</strong></span> 
     </span>
    </p>
   </div>
   <div class='ocr_carea' id='block_1_31' title="bbox 593 2434 2162 2509">
    <p class='ocr_par' dir='ltr' id='par_1_31' title="bbox 593 2434 2162 2509">
     <span class='ocr_line' id='line_1_32' title="bbox 593 2434 2162 2509; baseline -0.005 -15"><span class='ocrx_word' id='word_1_227' title='bbox 593 2455 787 2509; x_wconf 84' lang='lat' dir='ltr'><strong>genere</strong></span> <span class='ocrx_word' id='word_1_228' title='bbox 810 2481 823 2503; x_wconf 94' lang='lat'><strong>,</strong></span> <span class='ocrx_word' id='word_1_229' title='bbox 868 2434 1097 2509; x_wconf 78' lang='lat' dir='ltr'><strong>nobilior</strong></span> <span class='ocrx_word' id='word_1_230' title='bbox 1130 2436 1325 2509; x_wconf 58' lang='lat' dir='ltr'><strong>Christi</strong></span> <span class='ocrx_word' id='word_1_231' title='bbox 1358 2436 1474 2509; x_wconf 61' lang='lat' dir='ltr'><strong>fide</strong></span> <span class='ocrx_word' id='word_1_232' title='bbox 1500 2479 1513 2501; x_wconf 93' lang='lat'><strong>,</strong></span> <span class='ocrx_word' id='word_1_233' title='bbox 1544 2434 1777 2509; x_wconf 70' lang='lat' dir='ltr'><strong>Megetizr</strong></span> <span class='ocrx_word' id='word_1_234' title='bbox 1806 2434 2017 2509; x_wconf 73' lang='lat' dir='ltr'><strong>nomine</strong></span> <span class='ocrx_word' id='word_1_235' title='bbox 2042 2476 2054 2495; x_wconf 88' lang='lat'><strong>,</strong></span> <span class='ocrx_word' id='word_1_236' title='bbox 2082 2436 2162 2486; x_wconf 89' lang='lat' dir='ltr'><strong>di-</strong></span> 
     </span>
    </p>
   </div>
   <div class='ocr_carea' id='block_1_32' title="bbox 595 2505 2163 2570">
    <p class='ocr_par' dir='ltr' id='par_1_32' title="bbox 595 2505 2163 2570">
     <span class='ocr_line' id='line_1_33' title="bbox 595 2505 2163 2570; baseline -0.003 -8"><span class='ocrx_word' id='word_1_237' title='bbox 595 2505 687 2565; x_wconf 69' lang='lat' dir='ltr'><strong>ves</strong></span> <span class='ocrx_word' id='word_1_238' title='bbox 715 2511 764 2563; x_wconf 92' lang='lat' dir='ltr'><strong>in</strong></span> <span class='ocrx_word' id='word_1_239' title='bbox 806 2508 1001 2563; x_wconf 63' lang='lat' dir='ltr'><strong>sarculo</strong></span> <span class='ocrx_word' id='word_1_240' title='bbox 1026 2549 1039 2570; x_wconf 88' lang='lat'><strong>,</strong></span> <span class='ocrx_word' id='word_1_241' title='bbox 1070 2507 1228 2559; x_wconf 90' lang='lat' dir='ltr'><strong>ditior</strong></span> <span class='ocrx_word' id='word_1_242' title='bbox 1273 2506 1322 2558; x_wconf 91' lang='lat' dir='ltr'><strong>in</strong></span> <span class='ocrx_word' id='word_1_243' title='bbox 1354 2506 1460 2559; x_wconf 88' lang='lat' dir='ltr'><strong>Deo</strong></span> <span class='ocrx_word' id='word_1_244' title='bbox 1493 2522 1506 2557; x_wconf 87' lang='lat'><strong>:</strong></span> <span class='ocrx_word' id='word_1_245' title='bbox 1537 2506 1622 2557; x_wconf 88' lang='lat' dir='ltr'><strong>cui</strong></span> <span class='ocrx_word' id='word_1_246' title='bbox 1668 2505 1951 2556; x_wconf 90' lang='lat' dir='ltr'><strong>christiana</strong></span> <span class='ocrx_word' id='word_1_247' title='bbox 1994 2514 2163 2558; x_wconf 70' lang='grc' dir='ltr'>ιιιιιιρτ</span> 
     </span>
    </p>
   </div>
   <div class='ocr_carea' id='block_1_33' title="bbox 590 2575 2157 2644">
    <p class='ocr_par' dir='ltr' id='par_1_33' title="bbox 590 2575 2157 2644">
     <span class='ocr_line' id='line_1_34' title="bbox 590 2575 2157 2644; baseline -0.004 -8"><span class='ocrx_word' id='word_1_248' title='bbox 590 2590 704 2636; x_wconf 91' lang='lat' dir='ltr'><strong>erat</strong></span> <span class='ocrx_word' id='word_1_249' title='bbox 730 2580 940 2633; x_wconf 87' lang='lat' dir='ltr'><strong>nomine</strong></span> <span class='ocrx_word' id='word_1_250' title='bbox 971 2576 1137 2630; x_wconf 81' lang='lat' dir='ltr'><strong>Vitnla</strong></span> <span class='ocrx_word' id='word_1_251' title='bbox 1173 2594 1186 2629; x_wconf 89' lang='lat'><strong>:</strong></span> <span class='ocrx_word' id='word_1_252' title='bbox 1220 2575 1403 2644; x_wconf 90' lang='lat' dir='ltr'><strong>pagani</strong></span> <span class='ocrx_word' id='word_1_253' title='bbox 1432 2583 1605 2628; x_wconf 86' lang='lat' dir='ltr'><strong>autent</strong></span> <span class='ocrx_word' id='word_1_254' title='bbox 1640 2584 1793 2628; x_wconf 88' lang='lat' dir='ltr'><strong>erant</strong></span> <span class='ocrx_word' id='word_1_255' title='bbox 1820 2575 2034 2627; x_wconf 86' lang='lat' dir='ltr'><strong>maritus</strong></span> <span class='ocrx_word' id='word_1_256' title='bbox 2061 2616 2074 2636; x_wconf 89' lang='lat'><strong>,</strong></span> <span class='ocrx_word' id='word_1_257' title='bbox 2104 2586 2157 2629; x_wconf 90' lang='lat' dir='ltr'><strong>et</strong></span> 
     </span>
    </p>
   </div>
   <div class='ocr_carea' id='block_1_34' title="bbox 590 2644 2160 2717">
    <p class='ocr_par' dir='ltr' id='par_1_34' title="bbox 590 2644 2160 2717">
     <span class='ocr_line' id='line_1_35' title="bbox 590 2644 2160 2717; baseline -0.006 -12"><span class='ocrx_word' id='word_1_258' title='bbox 590 2666 743 2705; x_wconf 74' lang='lat' dir='ltr'><strong>Socer</strong></span> <span class='ocrx_word' id='word_1_259' title='bbox 765 2691 779 2714; x_wconf 91' lang='lat'><strong>,</strong></span> <span class='ocrx_word' id='word_1_260' title='bbox 810 2659 863 2703; x_wconf 90' lang='lat' dir='ltr'><strong>et</strong></span> <span class='ocrx_word' id='word_1_261' title='bbox 905 2660 1070 2717; x_wconf 91' lang='lat' dir='ltr'><strong>pater.</strong></span> <span class='ocrx_word' id='word_1_262' title='bbox 1104 2646 1227 2699; x_wconf 73' lang='lat' dir='ltr'><strong>[hcc</strong></span> <span class='ocrx_word' id='word_1_263' title='bbox 1271 2662 1388 2697; x_wconf 90' lang='lat' dir='ltr'><strong>cum</strong></span> <span class='ocrx_word' id='word_1_264' title='bbox 1414 2645 1483 2717; x_wconf 85' lang='lat' dir='ltr'><strong>in</strong></span> <span class='ocrx_word' id='word_1_265' title='bbox 1516 2658 1664 2717; x_wconf 77' lang='lat' dir='ltr'><strong>utero</strong></span> <span class='ocrx_word' id='word_1_266' title='bbox 1693 2644 1945 2717; x_wconf 57' lang='lat' dir='ltr'><strong>haberet,</strong></span> <span class='ocrx_word' id='word_1_267' title='bbox 1973 2655 2160 2712; x_wconf 88' lang='lat' dir='ltr'><strong>quarto</strong></span> 
     </span>
    </p>
   </div>
   <div class='ocr_carea' id='block_1_35' title="bbox 592 2712 2158 2785">
    <p class='ocr_par' dir='ltr' id='par_1_35' title="bbox 592 2712 2158 2785">
     <span class='ocr_line' id='line_1_36' title="bbox 592 2712 2158 2785; baseline -0.005 -10"><span class='ocrx_word' id='word_1_268' title='bbox 592 2712 774 2775; x_wconf 83' lang='lat' dir='ltr'><strong>mense</strong></span> <span class='ocrx_word' id='word_1_269' title='bbox 814 2712 1099 2785; x_wconf 73' lang='lat' dir='ltr'><strong>conceptus</strong></span> <span class='ocrx_word' id='word_1_270' title='bbox 1130 2716 1209 2768; x_wconf 78' lang='lat' dir='ltr'><strong>sui</strong></span> <span class='ocrx_word' id='word_1_271' title='bbox 1237 2755 1252 2773; x_wconf 86' lang='lat'><strong>.</strong></span> <span class='ocrx_word' id='word_1_272' title='bbox 1282 2716 1459 2768; x_wconf 87' lang='lat' dir='ltr'><strong>nescio</strong></span> <span class='ocrx_word' id='word_1_273' title='bbox 1480 2713 1622 2785; x_wconf 88' lang='lat' dir='ltr'><strong>unde</strong></span> <span class='ocrx_word' id='word_1_274' title='bbox 1666 2712 1970 2766; x_wconf 86' lang='lat' dir='ltr'><strong>nauseandn</strong></span> <span class='ocrx_word' id='word_1_275' title='bbox 2017 2718 2158 2780; x_wconf 88' lang='lat' dir='ltr'><strong>prius</strong></span> 
     </span>
    </p>
   </div>
   <div class='ocr_carea' id='block_1_36' title="bbox 590 2783 2157 2857">
    <p class='ocr_par' dir='ltr' id='par_1_36' title="bbox 590 2783 2157 2857">
     <span class='ocr_line' id='line_1_37' title="bbox 590 2783 2157 2857; baseline -0.002 -15"><span class='ocrx_word' id='word_1_276' title='bbox 590 2804 651 2843; x_wconf 88' lang='lat' dir='ltr'><strong>ac</strong></span> <span class='ocrx_word' id='word_1_277' title='bbox 697 2783 1018 2857; x_wconf 73' lang='lat' dir='ltr'><strong>rejicieado,</strong></span> <span class='ocrx_word' id='word_1_278' title='bbox 1062 2786 1185 2838; x_wconf 90' lang='lat' dir='ltr'><strong>dum</strong></span> <span class='ocrx_word' id='word_1_279' title='bbox 1233 2783 1555 2857; x_wconf 74' lang='lat' dir='ltr'><strong>frequentius</strong></span> <span class='ocrx_word' id='word_1_280' title='bbox 1594 2794 1859 2851; x_wconf 85' lang='lat' dir='ltr'><strong>pateretur</strong></span> <span class='ocrx_word' id='word_1_281' title='bbox 1899 2786 2157 2840; x_wconf 86' lang='lat' dir='ltr'><strong>stntnaclti</strong></span> 
     </span>
    </p>
   </div>
   <div class='ocr_carea' id='block_1_37' title="bbox 589 2855 2157 2924">
    <p class='ocr_par' dir='ltr' id='par_1_37' title="bbox 589 2855 2157 2924">
     <span class='ocr_line' id='line_1_38' title="bbox 589 2855 2157 2924; baseline -0.004 -10"><span class='ocrx_word' id='word_1_282' title='bbox 589 2855 989 2914; x_wconf 84' lang='lat' dir='ltr'><strong>concussionem</strong></span> <span class='ocrx_word' id='word_1_283' title='bbox 1033 2860 1248 2924; x_wconf 83' lang='lat' dir='ltr'><strong>orisque</strong></span> <span class='ocrx_word' id='word_1_284' title='bbox 1275 2855 1655 2908; x_wconf 83' lang='lat' dir='ltr'><strong>distensionem</strong></span> <span class='ocrx_word' id='word_1_285' title='bbox 1698 2863 1751 2908; x_wconf 90' lang='lat' dir='ltr'><strong>et</strong></span> <span class='ocrx_word' id='word_1_286' title='bbox 1776 2859 2003 2924; x_wconf 81' lang='lat' dir='ltr'><strong>Vomitus</strong></span> <span class='ocrx_word' id='word_1_287' title='bbox 2034 2871 2157 2923; x_wconf 83' lang='lat' dir='ltr'><strong>pro-</strong></span> 
     </span>
    </p>
   </div>
   <div class='ocr_carea' id='block_1_38' title="bbox 590 2923 2160 2996">
    <p class='ocr_par' dir='ltr' id='par_1_38' title="bbox 590 2923 2160 2996">
     <span class='ocr_line' id='line_1_39' title="bbox 590 2923 2160 2996; baseline -0.001 -15"><span class='ocrx_word' id='word_1_288' title='bbox 590 2929 919 2984; x_wconf 88' lang='lat' dir='ltr'><strong>vocationem</strong></span> <span class='ocrx_word' id='word_1_289' title='bbox 944 2969 958 2993; x_wconf 95' lang='lat'><strong>,</strong></span> <span class='ocrx_word' id='word_1_290' title='bbox 995 2930 1043 2980; x_wconf 92' lang='lat' dir='ltr'><strong>in</strong></span> <span class='ocrx_word' id='word_1_291' title='bbox 1073 2923 1384 2996; x_wconf 68' lang='lat' dir='ltr'><strong>pravitatem</strong></span> <span class='ocrx_word' id='word_1_292' title='bbox 1412 2933 1723 2996; x_wconf 88' lang='lat' dir='ltr'><strong>pestemque</strong></span> <span class='ocrx_word' id='word_1_293' title='bbox 1752 2923 2006 2996; x_wconf 78' lang='lat' dir='ltr'><strong>paralysis</strong></span> <span class='ocrx_word' id='word_1_294' title='bbox 2034 2942 2160 2979; x_wconf 86' lang='lat' dir='ltr'><strong>cau-</strong></span> 
     </span>
    </p>
   </div>
   <div class='ocr_carea' id='block_1_39' title="bbox 588 2994 2157 3068">
    <p class='ocr_par' dir='ltr' id='par_1_39' title="bbox 588 2994 2157 3068">
     <span class='ocr_line' id='line_1_40' title="bbox 588 2994 2157 3068; baseline -0.003 -15"><span class='ocrx_word' id='word_1_295' title='bbox 588 3015 644 3053; x_wconf 83' lang='lat' dir='ltr'><strong>Sa</strong></span> <span class='ocrx_word' id='word_1_296' title='bbox 676 2999 922 3068; x_wconf 90' lang='lat' dir='ltr'><strong>perducta</strong></span> <span class='ocrx_word' id='word_1_297' title='bbox 950 3008 1027 3051; x_wconf 82' lang='lat' dir='ltr'><strong>est</strong></span> <span class='ocrx_word' id='word_1_298' title='bbox 1054 2994 1165 3057; x_wconf 51' lang='lat' dir='ltr'><strong>{ita</strong></span> <span class='ocrx_word' id='word_1_299' title='bbox 1196 3008 1250 3049; x_wconf 87' lang='lat' dir='ltr'><strong>tit</strong></span> <span class='ocrx_word' id='word_1_300' title='bbox 1274 2994 1502 3068; x_wconf 74' lang='lat' dir='ltr'><strong>exclusis</strong></span> <span class='ocrx_word' id='word_1_301' title='bbox 1531 3009 1559 3047; x_wconf 90' lang='lat' dir='ltr'><strong>a</strong></span> <span class='ocrx_word' id='word_1_302' title='bbox 1590 2995 1718 3048; x_wconf 91' lang='lat' dir='ltr'><strong>locis</strong></span> <span class='ocrx_word' id='word_1_303' title='bbox 1741 2995 1853 3047; x_wconf 89' lang='lat' dir='ltr'><strong>suis</strong></span> <span class='ocrx_word' id='word_1_304' title='bbox 1885 2994 2010 3062; x_wconf 88' lang='lat' dir='ltr'><strong>ipsis</strong></span> <span class='ocrx_word' id='word_1_305' title='bbox 2037 3012 2157 3049; x_wconf 86' lang='lat' dir='ltr'><strong>car-</strong></span> 
     </span>
    </p>
   </div>
   <div class='ocr_carea' id='block_1_40' title="bbox 588 3066 2159 3134">
    <p class='ocr_par' dir='ltr' id='par_1_40' title="bbox 588 3066 2159 3134">
     <span class='ocr_line' id='line_1_41' title="bbox 588 3066 2159 3134; baseline 0 -13"><span class='ocrx_word' id='word_1_306' title='bbox 588 3066 797 3123; x_wconf 88' lang='lat' dir='ltr'><strong>dinibus</strong></span> <span class='ocrx_word' id='word_1_307' title='bbox 834 3068 1072 3122; x_wconf 87' lang='lat' dir='ltr'><strong>dentium</strong></span> <span class='ocrx_word' id='word_1_308' title='bbox 1114 3076 1168 3120; x_wconf 90' lang='lat' dir='ltr'><strong>et</strong></span> <span class='ocrx_word' id='word_1_309' title='bbox 1211 3066 1563 3129; x_wconf 89' lang='lat' dir='ltr'><strong>arteriarum,</strong></span> <span class='ocrx_word' id='word_1_310' title='bbox 1608 3080 1937 3134; x_wconf 77' lang='lat' dir='ltr'><strong>nequaquam</strong></span> <span class='ocrx_word' id='word_1_311' title='bbox 1980 3076 2159 3134; x_wconf 84' lang='lat' dir='ltr'><strong>posset</strong></span> 
     </span>
    </p>
   </div>
   <div class='ocr_carea' id='block_1_41' title="bbox 589 3136 2156 3208">
    <p class='ocr_par' dir='ltr' id='par_1_41' title="bbox 589 3136 2156 3208">
     <span class='ocr_line' id='line_1_42' title="bbox 589 3136 2156 3208; baseline 0 -16"><span class='ocrx_word' id='word_1_312' title='bbox 589 3142 788 3208; x_wconf 86' lang='lat' dir='ltr'><strong>dilapsa</strong></span> <span class='ocrx_word' id='word_1_313' title='bbox 818 3154 909 3191; x_wconf 90' lang='lat' dir='ltr'><strong>ora</strong></span> <span class='ocrx_word' id='word_1_314' title='bbox 955 3138 1318 3205; x_wconf 86' lang='lat' dir='ltr'><strong>constringere</strong></span> <span class='ocrx_word' id='word_1_315' title='bbox 1342 3175 1355 3197; x_wconf 85' lang='lat'><strong>,</strong></span> <span class='ocrx_word' id='word_1_316' title='bbox 1386 3150 1555 3208; x_wconf 86' lang='lat' dir='ltr'><strong>neque</strong></span> <span class='ocrx_word' id='word_1_317' title='bbox 1578 3136 1794 3208; x_wconf 80' lang='lat' dir='ltr'><strong>pervios</strong></span> <span class='ocrx_word' id='word_1_318' title='bbox 1820 3147 1976 3208; x_wconf 80' lang='lat' dir='ltr'><strong>atque</strong></span> <span class='ocrx_word' id='word_1_319' title='bbox 2018 3136 2156 3192; x_wconf 88' lang='lat' dir='ltr'><strong>inte—</strong></span> 
     </span>
    </p>
   </div>
   <div class='ocr_carea' id='block_1_42' title="bbox 588 3205 2155 3277">
    <p class='ocr_par' dir='ltr' id='par_1_42' title="bbox 588 3205 2155 3277">
     <span class='ocr_line' id='line_1_43' title="bbox 588 3205 2155 3277; baseline -0.001 -14"><span class='ocrx_word' id='word_1_320' title='bbox 588 3205 709 3277; x_wconf 72' lang='lat' dir='ltr'><strong>gros</strong></span> <span class='ocrx_word' id='word_1_321' title='bbox 738 3209 892 3277; x_wconf 86' lang='lat' dir='ltr'><strong>palati</strong></span> <span class='ocrx_word' id='word_1_322' title='bbox 920 3218 1093 3261; x_wconf 92' lang='lat' dir='ltr'><strong>motus</strong></span> <span class='ocrx_word' id='word_1_323' title='bbox 1134 3223 1196 3261; x_wconf 88' lang='lat' dir='ltr'><strong>ac</strong></span> <span class='ocrx_word' id='word_1_324' title='bbox 1223 3208 1413 3275; x_wconf 79' lang='lat' dir='ltr'><strong>lingua:</strong></span> <span class='ocrx_word' id='word_1_325' title='bbox 1450 3205 1515 3277; x_wconf 89' lang='lat' dir='ltr'><strong>ad</strong></span> <span class='ocrx_word' id='word_1_326' title='bbox 1543 3206 1736 3277; x_wconf 80' lang='lat' dir='ltr'><strong>aliquid</strong></span> <span class='ocrx_word' id='word_1_327' title='bbox 1767 3206 1845 3259; x_wconf 91' lang='lat' dir='ltr'><strong>vel</strong></span> <span class='ocrx_word' id='word_1_328' title='bbox 1870 3221 1963 3259; x_wconf 88' lang='lat' dir='ltr'><strong>ore</strong></span> <span class='ocrx_word' id='word_1_329' title='bbox 2001 3208 2155 3261; x_wconf 88' lang='lat' dir='ltr'><strong>emit-</strong></span> 
     </span>
    </p>
   </div>
   <div class='ocr_carea' id='block_1_43' title="bbox 589 3276 2155 3344">
    <p class='ocr_par' dir='ltr' id='par_1_43' title="bbox 589 3276 2155 3344">
     <span class='ocr_line' id='line_1_44' title="bbox 589 3276 2155 3344; baseline -0.002 -10"><span class='ocrx_word' id='word_1_330' title='bbox 589 3276 842 3344; x_wconf 87' lang='lat' dir='ltr'><strong>tendum,</strong></span> <span class='ocrx_word' id='word_1_331' title='bbox 893 3280 978 3334; x_wconf 87' lang='lat' dir='ltr'><strong>vel</strong></span> <span class='ocrx_word' id='word_1_332' title='bbox 1032 3278 1084 3331; x_wconf 93' lang='lat' dir='ltr'><strong>in</strong></span> <span class='ocrx_word' id='word_1_333' title='bbox 1132 3292 1193 3331; x_wconf 92' lang='lat' dir='ltr'><strong>os</strong></span> <span class='ocrx_word' id='word_1_334' title='bbox 1244 3276 1604 3344; x_wconf 87' lang='lat' dir='ltr'><strong>recipiendum</strong></span> <span class='ocrx_word' id='word_1_335' title='bbox 1653 3276 1869 3330; x_wconf 80' lang='lat' dir='ltr'><strong>habere.</strong></span> <span class='ocrx_word' id='word_1_336' title='bbox 1925 3277 2155 3331; x_wconf 73' lang='lat' dir='ltr'><strong>Iteruan—</strong></span> 
     </span>
    </p>
   </div>
   <div class='ocr_carea' id='block_1_44' title="bbox 586 3346 2153 3416">
    <p class='ocr_par' dir='ltr' id='par_1_44' title="bbox 586 3346 2153 3416">
     <span class='ocr_line' id='line_1_45' title="bbox 586 3346 2153 3416; baseline -0.003 -13"><span class='ocrx_word' id='word_1_337' title='bbox 586 3359 729 3403; x_wconf 85' lang='lat' dir='ltr'><strong>serat</strong></span> <span class='ocrx_word' id='word_1_338' title='bbox 774 3351 826 3403; x_wconf 91' lang='lat' dir='ltr'><strong>in</strong></span> <span class='ocrx_word' id='word_1_339' title='bbox 876 3350 1065 3403; x_wconf 89' lang='lat' dir='ltr'><strong>femina</strong></span> <span class='ocrx_word' id='word_1_340' title='bbox 1116 3349 1199 3416; x_wconf 86' lang='lat' dir='ltr'><strong>pia</strong></span> <span class='ocrx_word' id='word_1_341' title='bbox 1246 3355 1301 3401; x_wconf 90' lang='lat' dir='ltr'><strong>et</strong></span> <span class='ocrx_word' id='word_1_342' title='bbox 1346 3347 1599 3416; x_wconf 90' lang='lat' dir='ltr'><strong>pudorata</strong></span> <span class='ocrx_word' id='word_1_343' title='bbox 1647 3346 1899 3401; x_wconf 91' lang='lat' dir='ltr'><strong>deformis</strong></span> <span class='ocrx_word' id='word_1_344' title='bbox 1944 3348 2153 3415; x_wconf 92' lang='lat' dir='ltr'><strong>quidam</strong></span> 
     </span>
    </p>
   </div>
   <div class='ocr_carea' id='block_1_45' title="bbox 588 3417 2155 3488">
    <p class='ocr_par' dir='ltr' id='par_1_45' title="bbox 588 3417 2155 3488">
     <span class='ocr_line' id='line_1_46' title="bbox 588 3417 2155 3488; baseline -0.001 -14"><span class='ocrx_word' id='word_1_345' title='bbox 588 3430 643 3474; x_wconf 90' lang='lat' dir='ltr'><strong>et</strong></span> <span class='ocrx_word' id='word_1_346' title='bbox 670 3422 993 3473; x_wconf 89' lang='lat' dir='ltr'><strong>aversandus</strong></span> <span class='ocrx_word' id='word_1_347' title='bbox 1034 3428 1278 3487; x_wconf 84' lang='lat' dir='ltr'><strong>aSpectus</strong></span> <span class='ocrx_word' id='word_1_348' title='bbox 1302 3457 1317 3481; x_wconf 95' lang='lat'><strong>,</strong></span> <span class='ocrx_word' id='word_1_349' title='bbox 1364 3426 1421 3471; x_wconf 88' lang='lat' dir='ltr'><strong>et</strong></span> <span class='ocrx_word' id='word_1_350' title='bbox 1465 3417 1531 3469; x_wconf 90' lang='lat' dir='ltr'><strong>ibi</strong></span> <span class='ocrx_word' id='word_1_351' title='bbox 1559 3418 1669 3470; x_wconf 83' lang='lat' dir='ltr'><strong>vitii</strong></span> <span class='ocrx_word' id='word_1_352' title='bbox 1699 3418 1902 3469; x_wconf 86' lang='lat' dir='ltr'><strong>macula</strong></span> <span class='ocrx_word' id='word_1_353' title='bbox 1945 3419 2155 3488; x_wconf 88' lang='lat' dir='ltr'><strong>corpori</strong></span> 
     </span>
    </p>
   </div>
   <div class='ocr_carea' id='block_1_46' title="bbox 588 3488 2157 3557">
    <p class='ocr_par' dir='ltr' id='par_1_46' title="bbox 588 3488 2157 3557">
     <span class='ocr_line' id='line_1_47' title="bbox 588 3488 2157 3557; baseline 0.001 -16"><span class='ocrx_word' id='word_1_354' title='bbox 588 3500 702 3543; x_wconf 65' lang='lat' dir='ltr'><strong>erat</strong></span> <span class='ocrx_word' id='word_1_355' title='bbox 744 3491 900 3543; x_wconf 84' lang='lat' dir='ltr'><strong>infixa</strong></span> <span class='ocrx_word' id='word_1_356' title='bbox 925 3529 941 3556; x_wconf 96' lang='lat'><strong>,</strong></span> <span class='ocrx_word' id='word_1_357' title='bbox 973 3488 1056 3543; x_wconf 92' lang='lat' dir='ltr'><strong>ubi</strong></span> <span class='ocrx_word' id='word_1_358' title='bbox 1104 3490 1282 3557; x_wconf 88' lang='lat' dir='ltr'><strong>utique</strong></span> <span class='ocrx_word' id='word_1_359' title='bbox 1331 3503 1659 3557; x_wconf 85' lang='lat' dir='ltr'><strong>nequaquam</strong></span> <span class='ocrx_word' id='word_1_360' title='bbox 1703 3498 1879 3555; x_wconf 81' lang='lat' dir='ltr'><strong>posset</strong></span> <span class='ocrx_word' id='word_1_361' title='bbox 1905 3501 2024 3541; x_wconf 90' lang='lat' dir='ltr'><strong>esse</strong></span> <span class='ocrx_word' id='word_1_362' title='bbox 2069 3504 2157 3543; x_wconf 88' lang='lat' dir='ltr'><strong>ce-</strong></span> 
     </span>
    </p>
   </div>
   <div class='ocr_carea' id='block_1_47' title="bbox 592 3557 2152 3628">
    <p class='ocr_par' dir='ltr' id='par_1_47' title="bbox 592 3557 2152 3628">
     <span class='ocr_line' id='line_1_48' title="bbox 592 3557 2152 3628; baseline 0 -17"><span class='ocrx_word' id='word_1_363' title='bbox 592 3560 691 3612; x_wconf 88' lang='lat' dir='ltr'><strong>lata</strong></span> <span class='ocrx_word' id='word_1_364' title='bbox 729 3575 741 3612; x_wconf 93' lang='lat'><strong>:</strong></span> <span class='ocrx_word' id='word_1_365' title='bbox 776 3561 933 3613; x_wconf 79' lang='lat' dir='ltr'><strong>facies</strong></span> <span class='ocrx_word' id='word_1_366' title='bbox 982 3560 1172 3628; x_wconf 82' lang='lat' dir='ltr'><strong>quippe</strong></span> <span class='ocrx_word' id='word_1_367' title='bbox 1214 3567 1368 3623; x_wconf 90' lang='lat' dir='ltr'><strong>erat,</strong></span> <span class='ocrx_word' id='word_1_368' title='bbox 1401 3559 1467 3611; x_wconf 88' lang='lat' dir='ltr'><strong>de</strong></span> <span class='ocrx_word' id='word_1_369' title='bbox 1507 3573 1606 3627; x_wconf 90' lang='lat' dir='ltr'><strong>qua</strong></span> <span class='ocrx_word' id='word_1_370' title='bbox 1651 3557 1864 3626; x_wconf 90' lang='lat' dir='ltr'><strong>quidam</strong></span> <span class='ocrx_word' id='word_1_371' title='bbox 1908 3558 2152 3625; x_wconf 81' lang='lat' dir='ltr'><strong>dixerat,</strong></span> 
     </span>
    </p>
   </div>
   <div class='ocr_carea' id='block_1_48' title="bbox 589 3628 2156 3697">
    <p class='ocr_par' dir='ltr' id='par_1_48' title="bbox 589 3628 2156 3697">
     <span class='ocr_line' id='line_1_49' title="bbox 589 3628 2156 3697; baseline 0.001 -15"><span class='ocrx_word' id='word_1_372' title='bbox 589 3630 757 3684; x_wconf 76' lang='lat' dir='ltr'><strong>Frons</strong></span> <span class='ocrx_word' id='word_1_373' title='bbox 806 3630 1070 3684; x_wconf 87' lang='lat' dir='ltr'><strong>hominem</strong></span> <span class='ocrx_word' id='word_1_374' title='bbox 1124 3629 1371 3697; x_wconf 77' lang='lat' dir='ltr'><strong>prtcfert,</strong></span> <span class='ocrx_word' id='word_1_375' title='bbox 1420 3644 1537 3697; x_wconf 78' lang='lat' dir='ltr'><strong>qua:</strong></span> <span class='ocrx_word' id='word_1_376' title='bbox 1587 3628 1688 3696; x_wconf 81' lang='lat' dir='ltr'><strong>tegi</strong></span> <span class='ocrx_word' id='word_1_377' title='bbox 1738 3628 1851 3679; x_wconf 91' lang='lat' dir='ltr'><strong>sine</strong></span> <span class='ocrx_word' id='word_1_378' title='bbox 1894 3628 2156 3683; x_wconf 89' lang='lat' dir='ltr'><strong>dedecore</strong></span> 
     </span>
    </p>
   </div>
   <div class='ocr_carea' id='block_1_49' title="bbox 588 3698 2153 3768">
    <p class='ocr_par' dir='ltr' id='par_1_49' title="bbox 588 3698 2153 3768">
     <span class='ocr_line' id='line_1_50' title="bbox 588 3698 2153 3768; baseline -0.001 -15"><span class='ocrx_word' id='word_1_379' title='bbox 588 3716 691 3753; x_wconf 88' lang='lat' dir='ltr'><strong>non</strong></span> <span class='ocrx_word' id='word_1_380' title='bbox 743 3708 932 3768; x_wconf 86' lang='lat' dir='ltr'><strong>potest.</strong></span> <span class='ocrx_word' id='word_1_381' title='bbox 979 3700 1307 3753; x_wconf 74' lang='lat' dir='ltr'><strong>Cmterorum</strong></span> <span class='ocrx_word' id='word_1_382' title='bbox 1358 3714 1583 3767; x_wconf 84' lang='lat' dir='ltr'><strong>namque</strong></span> <span class='ocrx_word' id='word_1_383' title='bbox 1628 3698 1986 3751; x_wconf 76' lang='lat' dir='ltr'><strong>membr-erum</strong></span> <span class='ocrx_word' id='word_1_384' title='bbox 2034 3715 2153 3753; x_wconf 89' lang='lat' dir='ltr'><strong>cum</strong></span> 
     </span>
    </p>
   </div>
   <div class='ocr_carea' id='block_1_50' title="bbox 586 3768 2153 3839">
    <p class='ocr_par' dir='ltr' id='par_1_50' title="bbox 586 3768 2153 3839">
     <span class='ocr_line' id='line_1_51' title="bbox 586 3768 2153 3839; baseline -0.001 -17"><span class='ocrx_word' id='word_1_385' title='bbox 586 3770 767 3839; x_wconf 91' lang='lat' dir='ltr'><strong>aliquo</strong></span> <span class='ocrx_word' id='word_1_386' title='bbox 815 3771 942 3822; x_wconf 87' lang='lat' dir='ltr'><strong>vitio</strong></span> <span class='ocrx_word' id='word_1_387' title='bbox 992 3769 1171 3839; x_wconf 81' lang='lat' dir='ltr'><strong>ollicia</strong></span> <span class='ocrx_word' id='word_1_388' title='bbox 1216 3770 1647 3836; x_wconf 67' lang='lat' dir='ltr'><strong>prmpediuntur,</strong></span> <span class='ocrx_word' id='word_1_389' title='bbox 1700 3768 1949 3820; x_wconf 89' lang='lat' dir='ltr'><strong>nonnulla</strong></span> <span class='ocrx_word' id='word_1_390' title='bbox 2003 3768 2153 3839; x_wconf 84' lang='lat' dir='ltr'><strong>indu-</strong></span> 
     </span>
    </p>
   </div>
   <div class='ocr_carea' id='block_1_51' title="bbox 585 3838 2153 3904">
    <p class='ocr_par' dir='ltr' id='par_1_51' title="bbox 585 3838 2153 3904">
     <span class='ocr_line' id='line_1_52' title="bbox 585 3838 2153 3904; baseline 0.001 -13"><span class='ocrx_word' id='word_1_391' title='bbox 585 3838 713 3892; x_wconf 86' lang='lat' dir='ltr'><strong>strta</strong></span> <span class='ocrx_word' id='word_1_392' title='bbox 758 3839 936 3892; x_wconf 85' lang='lat' dir='ltr'><strong>rubori</strong></span> <span class='ocrx_word' id='word_1_393' title='bbox 977 3838 1376 3893; x_wconf 87' lang='lat' dir='ltr'><strong>subtrahuntur.</strong></span> <span class='ocrx_word' id='word_1_394' title='bbox 1421 3839 1488 3890; x_wconf 84' lang='lat' dir='ltr'><strong>At</strong></span> <span class='ocrx_word' id='word_1_395' title='bbox 1518 3854 1641 3891; x_wconf 85' lang='lat' dir='ltr'><strong>vero</strong></span> <span class='ocrx_word' id='word_1_396' title='bbox 1668 3852 1787 3891; x_wconf 88' lang='lat' dir='ltr'><strong>cunt</strong></span> <span class='ocrx_word' id='word_1_397' title='bbox 1840 3839 1949 3904; x_wconf 84' lang='lat' dir='ltr'><strong>ipse</strong></span> <span class='ocrx_word' id='word_1_398' title='bbox 1979 3838 2153 3893; x_wconf 82' lang='lat' dir='ltr'><strong>vultus</strong></span> 
     </span>
    </p>
   </div>
   <div class='ocr_carea' id='block_1_52' title="bbox 585 3906 2155 3977">
    <p class='ocr_par' dir='ltr' id='par_1_52' title="bbox 585 3906 2155 3977">
     <span class='ocr_line' id='line_1_53' title="bbox 585 3906 2155 3977; baseline 0.001 -16"><span class='ocrx_word' id='word_1_399' title='bbox 585 3910 758 3977; x_wconf 88' lang='lat' dir='ltr'><strong>aliqua</strong></span> <span class='ocrx_word' id='word_1_400' title='bbox 807 3908 964 3961; x_wconf 88' lang='lat' dir='ltr'><strong>fuerit</strong></span> <span class='ocrx_word' id='word_1_401' title='bbox 1021 3907 1257 3962; x_wconf 64' lang='lat' dir='ltr'><strong>foeditate</strong></span> <span class='ocrx_word' id='word_1_402' title='bbox 1310 3916 1584 3971; x_wconf 80' lang='lat' dir='ltr'><strong>turpatus,</strong></span> <span class='ocrx_word' id='word_1_403' title='bbox 1633 3906 1888 3975; x_wconf 80' lang='lat' dir='ltr'><strong>quidquid</strong></span> <span class='ocrx_word' id='word_1_404' title='bbox 1938 3920 2155 3975; x_wconf 84' lang='lat' dir='ltr'><strong>propter</strong></span> 
     </span>
    </p>
   </div>
   <div class='ocr_carea' id='block_1_53' title="bbox 591 3977 2151 4047">
    <p class='ocr_par' dir='ltr' id='par_1_53' title="bbox 591 3977 2151 4047">
     <span class='ocr_line' id='line_1_54' title="bbox 591 3977 2151 4047; baseline 0.003 -18"><span class='ocrx_word' id='word_1_405' title='bbox 591 3977 959 4031; x_wconf 86' lang='lat' dir='ltr'><strong>verecundiam</strong></span> <span class='ocrx_word' id='word_1_406' title='bbox 1014 3978 1254 4047; x_wconf 81' lang='lat' dir='ltr'><strong>tegminis</strong></span> <span class='ocrx_word' id='word_1_407' title='bbox 1305 3977 1623 4042; x_wconf 86' lang='lat' dir='ltr'><strong>adhibetur,</strong></span> <span class='ocrx_word' id='word_1_408' title='bbox 1676 3978 1784 4045; x_wconf 88' lang='lat' dir='ltr'><strong>ipsa</strong></span> <span class='ocrx_word' id='word_1_409' title='bbox 1838 3978 2151 4033; x_wconf 72' lang='lat' dir='ltr'><strong>verecundia</strong></span> 
     </span>
    </p>
   </div>
   <div class='ocr_carea' id='block_1_54' title="bbox 588 4048 2149 4117">
    <p class='ocr_par' dir='ltr' id='par_1_54' title="bbox 588 4048 2149 4117">
     <span class='ocr_line' id='line_1_55' title="bbox 588 4048 2149 4117; baseline -0.001 -16"><span class='ocrx_word' id='word_1_410' title='bbox 588 4048 753 4117; x_wconf 87' lang='lat' dir='ltr'><strong>magis</strong></span> <span class='ocrx_word' id='word_1_411' title='bbox 796 4057 1032 4117; x_wconf 82' lang='lat' dir='ltr'><strong>augetur.</strong></span> <span class='ocrx_word' id='word_1_412' title='bbox 1065 4048 1197 4113; x_wconf 71' lang='lat' dir='ltr'><strong>Quid</strong></span> <span class='ocrx_word' id='word_1_413' title='bbox 1242 4062 1369 4115; x_wconf 88' lang='lat' dir='ltr'><strong>ergo</strong></span> <span class='ocrx_word' id='word_1_414' title='bbox 1415 4049 1613 4101; x_wconf 88' lang='lat' dir='ltr'><strong>faceret</strong></span> <span class='ocrx_word' id='word_1_415' title='bbox 1656 4048 1845 4100; x_wconf 89' lang='lat' dir='ltr'><strong>nobilis</strong></span> <span class='ocrx_word' id='word_1_416' title='bbox 1873 4058 2107 4101; x_wconf 85' lang='lat' dir='ltr'><strong>matrona</strong></span> <span class='ocrx_word' id='word_1_417' title='bbox 2134 4089 2149 4112; x_wconf 89' lang='lat'><strong>,</strong></span> 
     </span>
    </p>
   </div>
   <div class='ocr_carea' id='block_1_55' title="bbox 586 4118 2152 4181">
    <p class='ocr_par' dir='ltr' id='par_1_55' title="bbox 586 4118 2152 4181">
     <span class='ocr_line' id='line_1_56' title="bbox 586 4118 2152 4181; baseline 0.002 -12"><span class='ocrx_word' id='word_1_418' title='bbox 586 4118 887 4171; x_wconf 83' lang='lat' dir='ltr'><strong>velamento</strong></span> <span class='ocrx_word' id='word_1_419' title='bbox 934 4118 1260 4172; x_wconf 87' lang='lat' dir='ltr'><strong>abscondens</strong></span> <span class='ocrx_word' id='word_1_420' title='bbox 1314 4132 1404 4170; x_wconf 91' lang='lat' dir='ltr'><strong>ora</strong></span> <span class='ocrx_word' id='word_1_421' title='bbox 1453 4119 1669 4181; x_wconf 87' lang='lat' dir='ltr'><strong>vitiata,</strong></span> <span class='ocrx_word' id='word_1_422' title='bbox 1720 4118 1841 4169; x_wconf 89' lang='lat' dir='ltr'><strong>dum</strong></span> <span class='ocrx_word' id='word_1_423' title='bbox 1891 4120 2152 4172; x_wconf 86' lang='lat' dir='ltr'><strong>venienti-</strong></span> 
     </span>
    </p>
   </div>
   <div class='ocr_carea' id='block_1_56' title="bbox 586 4187 2147 4256">
    <p class='ocr_par' dir='ltr' id='par_1_56' title="bbox 586 4187 2147 4256">
     <span class='ocr_line' id='line_1_57' title="bbox 586 4187 2147 4256; baseline -0.001 -15"><span class='ocrx_word' id='word_1_424' title='bbox 586 4188 685 4241; x_wconf 90' lang='lat' dir='ltr'><strong>bus</strong></span> <span class='ocrx_word' id='word_1_425' title='bbox 729 4188 1010 4242; x_wconf 82' lang='lat' dir='ltr'><strong>salutatum</strong></span> <span class='ocrx_word' id='word_1_426' title='bbox 1060 4189 1123 4240; x_wconf 89' lang='lat' dir='ltr'><strong>ad</strong></span> <span class='ocrx_word' id='word_1_427' title='bbox 1156 4204 1212 4240; x_wconf 85' lang='lat' dir='ltr'><strong>se</strong></span> <span class='ocrx_word' id='word_1_428' title='bbox 1255 4203 1402 4256; x_wconf 68' lang='lat' dir='ltr'><strong>:L&#39;que</strong></span> <span class='ocrx_word' id='word_1_429' title='bbox 1448 4189 1565 4241; x_wconf 85' lang='lat' dir='ltr'><strong>aliis</strong></span> <span class='ocrx_word' id='word_1_430' title='bbox 1611 4187 1870 4241; x_wconf 91' lang='lat' dir='ltr'><strong>nobilibus</strong></span> <span class='ocrx_word' id='word_1_431' title='bbox 1902 4188 2147 4254; x_wconf 75' lang='lat' dir='ltr'><strong>feminis,</strong></span> 
     </span>
    </p>
   </div>
   <div class='ocr_carea' id='block_1_57' title="bbox 586 4258 2150 4327">
    <p class='ocr_par' dir='ltr' id='par_1_57' title="bbox 586 4258 2150 4327">
     <span class='ocr_line' id='line_1_58' title="bbox 586 4258 2150 4327; baseline 0.002 -18"><span class='ocrx_word' id='word_1_432' title='bbox 586 4267 677 4309; x_wconf 89' lang='lat' dir='ltr'><strong>aut</strong></span> <span class='ocrx_word' id='word_1_433' title='bbox 718 4258 955 4310; x_wconf 83' lang='lat' dir='ltr'><strong>osculum</strong></span> <span class='ocrx_word' id='word_1_434' title='bbox 1001 4258 1124 4310; x_wconf 89' lang='lat' dir='ltr'><strong>dare</strong></span> <span class='ocrx_word' id='word_1_435' title='bbox 1149 4299 1163 4323; x_wconf 95' lang='lat'><strong>,</strong></span> <span class='ocrx_word' id='word_1_436' title='bbox 1196 4268 1283 4310; x_wconf 89' lang='lat' dir='ltr'><strong>aut</strong></span> <span class='ocrx_word' id='word_1_437' title='bbox 1329 4272 1627 4311; x_wconf 84' lang='lat' dir='ltr'><strong>Sermonem</strong></span> <span class='ocrx_word' id='word_1_438' title='bbox 1670 4258 1914 4311; x_wconf 87' lang='lat' dir='ltr'><strong>conferre</strong></span> <span class='ocrx_word' id='word_1_439' title='bbox 1940 4301 1953 4323; x_wconf 90' lang='lat'><strong>,</strong></span> <span class='ocrx_word' id='word_1_440' title='bbox 1989 4260 2150 4327; x_wconf 82' lang='lat' dir='ltr'><strong>ipsius</strong></span> 
     </span>
    </p>
   </div>
   <div class='ocr_carea' id='block_1_58' title="bbox 585 4327 2151 4396">
    <p class='ocr_par' dir='ltr' id='par_1_58' title="bbox 585 4327 2151 4396">
     <span class='ocr_line' id='line_1_59' title="bbox 585 4327 2151 4396; baseline 0.001 -16"><span class='ocrx_word' id='word_1_441' title='bbox 585 4329 705 4380; x_wconf 67' lang='lat' dir='ltr'><strong>vita:</strong></span> <span class='ocrx_word' id='word_1_442' title='bbox 735 4327 962 4382; x_wconf 79' lang='lat' dir='ltr'><strong>Societas</strong></span> <span class='ocrx_word' id='word_1_443' title='bbox 1010 4339 1165 4396; x_wconf 91' lang='lat' dir='ltr'><strong>atque</strong></span> <span class='ocrx_word' id='word_1_444' title='bbox 1214 4329 1509 4380; x_wconf 91' lang='lat' dir='ltr'><strong>humanitas</strong></span> <span class='ocrx_word' id='word_1_445' title='bbox 1554 4329 1895 4395; x_wconf 87' lang='lat' dir='ltr'><strong>eompnlisset</strong></span> <span class='ocrx_word' id='word_1_446' title='bbox 1922 4371 1935 4391; x_wconf 95' lang='lat'><strong>,</strong></span> <span class='ocrx_word' id='word_1_447' title='bbox 1972 4339 2026 4382; x_wconf 92' lang='lat' dir='ltr'><strong>ut</strong></span> <span class='ocrx_word' id='word_1_448' title='bbox 2076 4341 2151 4381; x_wconf 90' lang='lat' dir='ltr'><strong>ta-</strong></span> 
     </span>
    </p>
   </div>
   <div class='ocr_carea' id='block_1_59' title="bbox 586 4397 2152 4465">
    <p class='ocr_par' dir='ltr' id='par_1_59' title="bbox 586 4397 2152 4465">
     <span class='ocr_line' id='line_1_60' title="bbox 586 4397 2152 4465; baseline 0.001 -14"><span class='ocrx_word' id='word_1_449' title='bbox 586 4413 733 4451; x_wconf 82' lang='lat' dir='ltr'><strong>ceam</strong></span> <span class='ocrx_word' id='word_1_450' title='bbox 762 4397 828 4450; x_wconf 89' lang='lat' dir='ltr'><strong>de</strong></span> <span class='ocrx_word' id='word_1_451' title='bbox 871 4397 991 4451; x_wconf 91' lang='lat' dir='ltr'><strong>cibo</strong></span> <span class='ocrx_word' id='word_1_452' title='bbox 1016 4408 1067 4451; x_wconf 87' lang='lat' dir='ltr'><strong>et</strong></span> <span class='ocrx_word' id='word_1_453' title='bbox 1112 4409 1234 4465; x_wconf 84' lang='lat' dir='ltr'><strong>po&#39;u</strong></span> <span class='ocrx_word' id='word_1_454' title='bbox 1261 4438 1274 4460; x_wconf 96' lang='lat'><strong>,</strong></span> <span class='ocrx_word' id='word_1_455' title='bbox 1302 4398 1439 4465; x_wconf 90' lang='lat' dir='ltr'><strong>quod</strong></span> <span class='ocrx_word' id='word_1_456' title='bbox 1484 4398 1567 4450; x_wconf 85' lang='lat' dir='ltr'><strong>vix</strong></span> <span class='ocrx_word' id='word_1_457' title='bbox 1594 4413 1732 4465; x_wconf 76' lang='lat' dir='ltr'><strong>agre</strong></span> <span class='ocrx_word' id='word_1_458' title='bbox 1774 4407 1978 4465; x_wconf 86' lang='lat' dir='ltr'><strong>poterat</strong></span> <span class='ocrx_word' id='word_1_459' title='bbox 2005 4415 2152 4452; x_wconf 84' lang='lat' dir='ltr'><strong>man-</strong></span> 
     </span>
    </p>
   </div>
   <div class='ocr_carea' id='block_1_60' title="bbox 584 4466 2150 4536">
    <p class='ocr_par' dir='ltr' id='par_1_60' title="bbox 584 4466 2150 4536">
     <span class='ocr_line' id='line_1_61' title="bbox 584 4466 2150 4536; baseline 0.002 -15"><span class='ocrx_word' id='word_1_460' title='bbox 584 4468 781 4521; x_wconf 77' lang='lat' dir='ltr'><strong>ducnre</strong></span> <span class='ocrx_word' id='word_1_461' title='bbox 808 4467 889 4521; x_wconf 92' lang='lat' dir='ltr'><strong>vel</strong></span> <span class='ocrx_word' id='word_1_462' title='bbox 937 4466 1188 4521; x_wconf 82' lang='lat' dir='ltr'><strong>haurire?</strong></span> <span class='ocrx_word' id='word_1_463' title='bbox 1218 4466 1449 4534; x_wconf 86' lang='lat' dir='ltr'><strong>Namque</strong></span> <span class='ocrx_word' id='word_1_464' title='bbox 1480 4468 1743 4535; x_wconf 80' lang='lat' dir='ltr'><strong>ingenium</strong></span> <span class='ocrx_word' id='word_1_465' title='bbox 1790 4468 2150 4536; x_wconf 77' lang='lat' dir='ltr'><strong>ittddslltaquc</strong></span> 
     </span>
    </p>
   </div>
   <div class='ocr_carea' id='block_1_61' title="bbox 587 4536 2147 4603">
    <p class='ocr_par' dir='ltr' id='par_1_61' title="bbox 587 4536 2147 4603">
     <span class='ocr_line' id='line_1_62' title="bbox 587 4536 2147 4603; baseline 0.001 -14"><span class='ocrx_word' id='word_1_466' title='bbox 587 4537 911 4592; x_wconf 91' lang='lat' dir='ltr'><strong>medicorum</strong></span> <span class='ocrx_word' id='word_1_467' title='bbox 956 4536 1045 4591; x_wconf 90' lang='lat' dir='ltr'><strong>diu</strong></span> <span class='ocrx_word' id='word_1_468' title='bbox 1094 4538 1418 4603; x_wconf 88' lang='lat' dir='ltr'><strong>multumque</strong></span> <span class='ocrx_word' id='word_1_469' title='bbox 1463 4539 1599 4589; x_wconf 88' lang='lat' dir='ltr'><strong>circa</strong></span> <span class='ocrx_word' id='word_1_470' title='bbox 1642 4553 1757 4591; x_wconf 90' lang='lat' dir='ltr'><strong>eam</strong></span> <span class='ocrx_word' id='word_1_471' title='bbox 1802 4537 2147 4591; x_wconf 75' lang='lat' dir='ltr'><strong>laborantium</strong></span> 
     </span>
    </p>
   </div>
   <div class='ocr_carea' id='block_1_62' title="bbox 586 4606 2149 4676">
    <p class='ocr_par' dir='ltr' id='par_1_62' title="bbox 586 4606 2149 4676">
     <span class='ocr_line' id='line_1_63' title="bbox 586 4606 2149 4676; baseline 0.001 -16"><span class='ocrx_word' id='word_1_472' title='bbox 586 4607 818 4672; x_wconf 76' lang='lat' dir='ltr'><strong>frustra,</strong></span> <span class='ocrx_word' id='word_1_473' title='bbox 851 4623 955 4661; x_wconf 89' lang='lat' dir='ltr'><strong>non</strong></span> <span class='ocrx_word' id='word_1_474' title='bbox 1004 4608 1172 4659; x_wconf 90' lang='lat' dir='ltr'><strong>solum</strong></span> <span class='ocrx_word' id='word_1_475' title='bbox 1228 4606 1354 4660; x_wconf 88' lang='lat' dir='ltr'><strong>nihil</strong></span> <span class='ocrx_word' id='word_1_476' title='bbox 1402 4606 1583 4660; x_wconf 84' lang='lat' dir='ltr'><strong>salutis</strong></span> <span class='ocrx_word' id='word_1_477' title='bbox 1631 4608 1677 4660; x_wconf 91' lang='lat' dir='ltr'><strong>ei</strong></span> <span class='ocrx_word' id='word_1_478' title='bbox 1709 4608 1948 4660; x_wconf 87' lang='lat' dir='ltr'><strong>conferre</strong></span> <span class='ocrx_word' id='word_1_479' title='bbox 1998 4619 2149 4676; x_wconf 87' lang='lat' dir='ltr'><strong>pote-</strong></span> 
     </span>
    </p>
   </div>
   <div class='ocr_carea' id='block_1_63' title="bbox 586 4677 2149 4747">
    <p class='ocr_par' dir='ltr' id='par_1_63' title="bbox 586 4677 2149 4747">
     <span class='ocr_line' id='line_1_64' title="bbox 586 4677 2149 4747; baseline 0.003 -17"><span class='ocrx_word' id='word_1_480' title='bbox 586 4686 704 4743; x_wconf 86' lang='lat' dir='ltr'><strong>rat,</strong></span> <span class='ocrx_word' id='word_1_481' title='bbox 738 4692 919 4731; x_wconf 88' lang='lat' dir='ltr'><strong>verum</strong></span> <span class='ocrx_word' id='word_1_482' title='bbox 963 4677 1121 4731; x_wconf 87' lang='lat' dir='ltr'><strong>etiam</strong></span> <span class='ocrx_word' id='word_1_483' title='bbox 1168 4678 1219 4731; x_wconf 88' lang='lat' dir='ltr'><strong>itt</strong></span> <span class='ocrx_word' id='word_1_484' title='bbox 1268 4677 1698 4747; x_wconf 13' lang='lat' dir='ltr'><strong>deteriusrcausa</strong></span> <span class='ocrx_word' id='word_1_485' title='bbox 1741 4678 2011 4747; x_wconf 73' lang='lat' dir='ltr'><strong>pergebat.</strong></span> <span class='ocrx_word' id='word_1_486' title='bbox 2045 4678 2149 4733; x_wconf 82' lang='lat' dir='ltr'><strong>Nec</strong></span> 
     </span>
    </p>
   </div>
   <div class='ocr_carea' id='block_1_64' title="bbox 586 4746 2150 4818">
    <p class='ocr_par' dir='ltr' id='par_1_64' title="bbox 586 4746 2150 4818">
     <span class='ocr_line' id='line_1_65' title="bbox 586 4746 2150 4818; baseline 0.001 -18"><span class='ocrx_word' id='word_1_487' title='bbox 586 4747 851 4801; x_wconf 89' lang='lat' dir='ltr'><strong>immerito</strong></span> <span class='ocrx_word' id='word_1_488' title='bbox 900 4762 913 4799; x_wconf 93' lang='lat'><strong>:</strong></span> <span class='ocrx_word' id='word_1_489' title='bbox 964 4748 1165 4818; x_wconf 84' lang='lat' dir='ltr'><strong>abillo</strong></span> <span class='ocrx_word' id='word_1_490' title='bbox 1211 4748 1352 4818; x_wconf 86' lang='lat' dir='ltr'><strong>enim</strong></span> <span class='ocrx_word' id='word_1_491' title='bbox 1400 4746 1672 4818; x_wconf 84' lang='lat' dir='ltr'><strong>conditore</strong></span> <span class='ocrx_word' id='word_1_492' title='bbox 1718 4746 2150 4818; x_wconf 75' lang='lat' dir='ltr'><strong>et_redei_uptorc</strong></span> 
     </span>
    </p>
   </div>
   <div class='ocr_carea' id='block_1_65' title="bbox 586 4815 2148 4882">
    <p class='ocr_par' dir='ltr' id='par_1_65' title="bbox 586 4815 2148 4882">
     <span class='ocr_line' id='line_1_66' title="bbox 586 4815 2148 4882; baseline 0.001 -14"><span class='ocrx_word' id='word_1_493' title='bbox 586 4818 761 4870; x_wconf 85' lang='lat' dir='ltr'><strong>munis</strong></span> <span class='ocrx_word' id='word_1_494' title='bbox 807 4825 1004 4870; x_wconf 73' lang='lat' dir='ltr'><strong>natura:</strong></span> <span class='ocrx_word' id='word_1_495' title='bbox 1058 4817 1164 4870; x_wconf 90' lang='lat' dir='ltr'><strong>Deo</strong></span> <span class='ocrx_word' id='word_1_496' title='bbox 1213 4816 1441 4870; x_wconf 91' lang='lat' dir='ltr'><strong>nondum</strong></span> <span class='ocrx_word' id='word_1_497' title='bbox 1493 4818 1541 4869; x_wconf 93' lang='lat' dir='ltr'><strong>in</strong></span> <span class='ocrx_word' id='word_1_498' title='bbox 1593 4817 1678 4869; x_wconf 91' lang='lat' dir='ltr'><strong>illa</strong></span> <span class='ocrx_word' id='word_1_499' title='bbox 1725 4815 2148 4882; x_wconf 80' lang='lat' dir='ltr'><strong>reformabatur,</strong></span> 
     </span>
    </p>
   </div>
   <div class='ocr_carea' id='block_1_66' title="bbox 585 4886 2149 4955">
    <p class='ocr_par' dir='ltr' id='par_1_66' title="bbox 585 4886 2149 4955">
     <span class='ocr_line' id='line_1_67' title="bbox 585 4886 2149 4955; baseline 0.002 -16"><span class='ocrx_word' id='word_1_500' title='bbox 585 4887 724 4955; x_wconf 90' lang='lat' dir='ltr'><strong>quod</strong></span> <span class='ocrx_word' id='word_1_501' title='bbox 776 4886 982 4940; x_wconf 92' lang='lat' dir='ltr'><strong>nonnisi</strong></span> <span class='ocrx_word' id='word_1_502' title='bbox 1029 4886 1143 4955; x_wconf 84' lang='lat' dir='ltr'><strong>ejus</strong></span> <span class='ocrx_word' id='word_1_503' title='bbox 1172 4888 1363 4940; x_wconf 88' lang='lat' dir='ltr'><strong>virtute</strong></span> <span class='ocrx_word' id='word_1_504' title='bbox 1409 4886 1699 4949; x_wconf 83' lang='lat' dir='ltr'><strong>formatur,</strong></span> <span class='ocrx_word' id='word_1_505' title='bbox 1732 4902 1880 4951; x_wconf 81' lang='lat' dir='ltr'><strong>eiqns</strong></span> <span class='ocrx_word' id='word_1_506' title='bbox 1926 4902 2149 4942; x_wconf 84' lang='lat' dir='ltr'><strong>censura</strong></span> 
     </span>
    </p>
   </div>
   <div class='ocr_carea' id='block_1_67' title="bbox 585 4956 2146 5024">
    <p class='ocr_par' dir='ltr' id='par_1_67' title="bbox 585 4956 2146 5024">
     <span class='ocr_line' id='line_1_68' title="bbox 585 4956 2146 5024; baseline 0.003 -19"><span class='ocrx_word' id='word_1_507' title='bbox 585 4970 745 5009; x_wconf 82' lang='lat' dir='ltr'><strong>nimie</strong></span> <span class='ocrx_word' id='word_1_508' title='bbox 794 4956 1021 5008; x_wconf 90' lang='lat' dir='ltr'><strong>hominis</strong></span> <span class='ocrx_word' id='word_1_509' title='bbox 1068 4971 1259 5023; x_wconf 89' lang='lat' dir='ltr'><strong>corpus</strong></span> <span class='ocrx_word' id='word_1_510' title='bbox 1308 4966 1360 5008; x_wconf 92' lang='lat' dir='ltr'><strong>et</strong></span> <span class='ocrx_word' id='word_1_511' title='bbox 1412 4957 1685 5024; x_wconf 86' lang='lat' dir='ltr'><strong>disciplina</strong></span> <span class='ocrx_word' id='word_1_512' title='bbox 1735 4959 2146 5023; x_wconf 80' lang='lat' dir='ltr'><strong>constringitur,</strong></span> 
     </span>
    </p>
   </div>
   <div class='ocr_carea' id='block_1_68' title="bbox 583 5024 2149 5093">
    <p class='ocr_par' dir='ltr' id='par_1_68' title="bbox 583 5024 2149 5093">
     <span class='ocr_line' id='line_1_69' title="bbox 583 5024 2149 5093; baseline 0.001 -14"><span class='ocrx_word' id='word_1_513' title='bbox 583 5034 639 5079; x_wconf 89' lang='lat' dir='ltr'><strong>et</strong></span> <span class='ocrx_word' id='word_1_514' title='bbox 686 5024 945 5077; x_wconf 88' lang='lat' dir='ltr'><strong>medicina</strong></span> <span class='ocrx_word' id='word_1_515' title='bbox 994 5026 1222 5077; x_wconf 81' lang='lat' dir='ltr'><strong>laxatur.</strong></span> <span class='ocrx_word' id='word_1_516' title='bbox 1273 5026 1383 5077; x_wconf 88' lang='lat' dir='ltr'><strong>Tali</strong></span> <span class='ocrx_word' id='word_1_517' title='bbox 1436 5028 1590 5093; x_wconf 77' lang='lat' dir='ltr'><strong>igitur</strong></span> <span class='ocrx_word' id='word_1_518' title='bbox 1634 5028 1871 5079; x_wconf 79' lang='lat' dir='ltr'><strong>confecta</strong></span> <span class='ocrx_word' id='word_1_519' title='bbox 1921 5042 2149 5082; x_wconf 71' lang='lat' dir='ltr'><strong>mmrore</strong></span> 
     </span>
    </p>
   </div>
   <div class='ocr_carea' id='block_1_69' title="bbox 584 5094 2151 5163">
    <p class='ocr_par' dir='ltr' id='par_1_69' title="bbox 584 5094 2151 5163">
     <span class='ocr_line' id='line_1_70' title="bbox 584 5094 2151 5163; baseline 0.002 -16"><span class='ocrx_word' id='word_1_520' title='bbox 584 5109 647 5148; x_wconf 88' lang='lat' dir='ltr'><strong>ac</strong></span> <span class='ocrx_word' id='word_1_521' title='bbox 700 5094 929 5158; x_wconf 90' lang='lat' dir='ltr'><strong>dolore,</strong></span> <span class='ocrx_word' id='word_1_522' title='bbox 995 5108 1092 5146; x_wconf 90' lang='lat' dir='ltr'><strong>nec</strong></span> <span class='ocrx_word' id='word_1_523' title='bbox 1146 5109 1597 5163; x_wconf 90' lang='lat' dir='ltr'><strong>quorumcumque</strong></span> <span class='ocrx_word' id='word_1_524' title='bbox 1656 5097 2007 5149; x_wconf 85' lang='lat' dir='ltr'><strong>remediorum</strong></span> <span class='ocrx_word' id='word_1_525' title='bbox 2062 5106 2151 5150; x_wconf 88' lang='lat' dir='ltr'><strong>aut</strong></span> 
     </span>
    </p>
   </div>
   <div class='ocr_carea' id='block_1_70' title="bbox 587 5164 2146 5235">
    <p class='ocr_par' dir='ltr' id='par_1_70' title="bbox 587 5164 2146 5235">
     <span class='ocr_line' id='line_1_71' title="bbox 587 5164 2146 5235; baseline 0.001 -17"><span class='ocrx_word' id='word_1_526' title='bbox 587 5164 1091 5235; x_wconf 86' lang='lat' dir='ltr'><strong>medicamentorum</strong></span> <span class='ocrx_word' id='word_1_527' title='bbox 1140 5165 1253 5235; x_wconf 85' lang='lat' dir='ltr'><strong>ullo</strong></span> <span class='ocrx_word' id='word_1_528' title='bbox 1300 5164 1474 5232; x_wconf 86' lang='lat' dir='ltr'><strong>adjuta</strong></span> <span class='ocrx_word' id='word_1_529' title='bbox 1527 5166 1827 5229; x_wconf 89' lang='lat' dir='ltr'><strong>levamine,</strong></span> <span class='ocrx_word' id='word_1_530' title='bbox 1885 5168 1993 5219; x_wconf 90' lang='lat' dir='ltr'><strong>fere</strong></span> <span class='ocrx_word' id='word_1_531' title='bbox 2039 5167 2146 5234; x_wconf 91' lang='lat' dir='ltr'><strong>jam</strong></span> 
     </span>
    </p>
   </div>
   <div class='ocr_carea' id='block_1_71' title="bbox 522 5232 2151 5304">
    <p class='ocr_par' dir='ltr' id='par_1_71' title="bbox 522 5232 2151 5304">
     <span class='ocr_line' id='line_1_72' title="bbox 522 5232 2151 5304; baseline 0.002 -17"><span class='ocrx_word' id='word_1_532' title='bbox 522 5252 523 5255; x_wconf 63' lang='lat'>‘</span> <span class='ocrx_word' id='word_1_533' title='bbox 586 5244 742 5287; x_wconf 81' lang='lat' dir='ltr'><strong>sexto</strong></span> <span class='ocrx_word' id='word_1_534' title='bbox 794 5232 975 5288; x_wconf 86' lang='lat' dir='ltr'><strong>mense</strong></span> <span class='ocrx_word' id='word_1_535' title='bbox 1009 5275 1021 5297; x_wconf 89' lang='lat'><strong>,</strong></span> <span class='ocrx_word' id='word_1_536' title='bbox 1082 5232 1398 5304; x_wconf 74' lang='lat' dir='ltr'><strong>labefactum</strong></span> <span class='ocrx_word' id='word_1_537' title='bbox 1453 5235 1619 5287; x_wconf 86' lang='lat' dir='ltr'><strong>fuerat</strong></span> <span class='ocrx_word' id='word_1_538' title='bbox 1669 5236 1905 5289; x_wconf 76' lang='lat' dir='ltr'><strong>delicata:</strong></span> <span class='ocrx_word' id='word_1_539' title='bbox 1959 5232 2151 5304; x_wconf 76' lang='lat' dir='ltr'><strong>corpus</strong></span> 
     </span>
    </p>
   </div>
   <div class='ocr_carea' id='block_1_72' title="bbox 584 5302 2149 5373">
    <p class='ocr_par' dir='ltr' id='par_1_72' title="bbox 584 5302 2149 5373">
     <span class='ocr_line' id='line_1_73' title="bbox 584 5302 2149 5373; baseline 0.002 -17"><span class='ocrx_word' id='word_1_540' title='bbox 584 5306 899 5371; x_wconf 87' lang='lat' dir='ltr'><strong>animusque</strong></span> <span class='ocrx_word' id='word_1_541' title='bbox 945 5304 1150 5372; x_wconf 77' lang='lat' dir='ltr'><strong>puellze.</strong></span> <span class='ocrx_word' id='word_1_542' title='bbox 1178 5302 1257 5357; x_wconf 92' lang='lat' dir='ltr'><strong>Ob</strong></span> <span class='ocrx_word' id='word_1_543' title='bbox 1299 5319 1453 5370; x_wconf 90' lang='lat' dir='ltr'><strong>quam</strong></span> <span class='ocrx_word' id='word_1_544' title='bbox 1502 5319 1610 5357; x_wconf 91' lang='lat' dir='ltr'><strong>rem</strong></span> <span class='ocrx_word' id='word_1_545' title='bbox 1655 5306 1814 5357; x_wconf 89' lang='lat' dir='ltr'><strong>etiam</strong></span> <span class='ocrx_word' id='word_1_546' title='bbox 1860 5305 1983 5358; x_wconf 91' lang='lat' dir='ltr'><strong>illud</strong></span> <span class='ocrx_word' id='word_1_547' title='bbox 2009 5302 2149 5373; x_wconf 84' lang='lat' dir='ltr'><strong>quod</strong></span> 
     </span>
    </p>
   </div>
   <div class='ocr_carea' id='block_1_73' title="bbox 584 5373 2150 5444">
    <p class='ocr_par' dir='ltr' id='par_1_73' title="bbox 584 5373 2150 5444">
     <span class='ocr_line' id='line_1_74' title="bbox 584 5373 2150 5444; baseline 0.005 -22"><span class='ocrx_word' id='word_1_548' title='bbox 584 5376 823 5441; x_wconf 72' lang='lat' dir='ltr'><strong>gestabat</strong></span> <span class='ocrx_word' id='word_1_549' title='bbox 850 5389 879 5427; x_wconf 90' lang='lat' dir='ltr'><strong>a</strong></span> <span class='ocrx_word' id='word_1_550' title='bbox 910 5375 1051 5427; x_wconf 87' lang='lat' dir='ltr'><strong>vitali</strong></span> <span class='ocrx_word' id='word_1_551' title='bbox 1092 5374 1277 5442; x_wconf 88' lang='lat' dir='ltr'><strong>spiritu</strong></span> <span class='ocrx_word' id='word_1_552' title='bbox 1316 5374 1422 5442; x_wconf 86' lang='lat' dir='ltr'><strong>jam</strong></span> <span class='ocrx_word' id='word_1_553' title='bbox 1464 5373 1768 5444; x_wconf 87' lang='lat' dir='ltr'><strong>destitutum</strong></span> <span class='ocrx_word' id='word_1_554' title='bbox 1792 5413 1809 5440; x_wconf 92' lang='lat'><strong>,</strong></span> <span class='ocrx_word' id='word_1_555' title='bbox 1842 5379 1975 5427; x_wconf 89' lang='lat' dir='ltr'><strong>intra</strong></span> <span class='ocrx_word' id='word_1_556' title='bbox 2002 5389 2150 5444; x_wconf 89' lang='lat' dir='ltr'><strong>septa</strong></span> 
     </span>
    </p>
   </div>
   <div class='ocr_carea' id='block_1_74' title="bbox 590 5443 2153 5512">
    <p class='ocr_par' dir='ltr' id='par_1_74' title="bbox 590 5443 2153 5512">
     <span class='ocr_line' id='line_1_75' title="bbox 590 5443 2153 5512; baseline 0.004 -19"><span class='ocrx_word' id='word_1_557' title='bbox 590 5447 852 5497; x_wconf 81' lang='lat' dir='ltr'><strong>viscerum</strong></span> <span class='ocrx_word' id='word_1_558' title='bbox 903 5445 1162 5497; x_wconf 82' lang='lat' dir='ltr'><strong>retinebat</strong></span> <span class='ocrx_word' id='word_1_559' title='bbox 1207 5451 1524 5497; x_wconf 90' lang='lat' dir='ltr'><strong>emortuum.</strong></span> <span class='ocrx_word' id='word_1_560' title='bbox 1578 5443 1647 5496; x_wconf 87' lang='lat' dir='ltr'><strong>Ita</strong></span> <span class='ocrx_word' id='word_1_561' title='bbox 1694 5459 1811 5495; x_wconf 88' lang='lat' dir='ltr'><strong>cum</strong></span> <span class='ocrx_word' id='word_1_562' title='bbox 1864 5446 2008 5512; x_wconf 91' lang='lat' dir='ltr'><strong>prius</strong></span> <span class='ocrx_word' id='word_1_563' title='bbox 2054 5448 2153 5499; x_wconf 67' lang='lat' dir='ltr'><strong>sub</strong></span> 
     </span>
    </p>
   </div>
   <div class='ocr_carea' id='block_1_75' title="bbox 589 5513 2151 5583">
    <p class='ocr_par' dir='ltr' id='par_1_75' title="bbox 589 5513 2151 5583">
     <span class='ocr_line' id='line_1_76' title="bbox 589 5513 2151 5583; baseline 0.004 -18"><span class='ocrx_word' id='word_1_564' title='bbox 589 5529 693 5565; x_wconf 89' lang='lat' dir='ltr'><strong>uno</strong></span> <span class='ocrx_word' id='word_1_565' title='bbox 738 5513 995 5583; x_wconf 82' lang='lat' dir='ltr'><strong>paralysis</strong></span> <span class='ocrx_word' id='word_1_566' title='bbox 1022 5514 1148 5567; x_wconf 90' lang='lat' dir='ltr'><strong>vitio</strong></span> <span class='ocrx_word' id='word_1_567' title='bbox 1185 5514 1292 5582; x_wconf 87' lang='lat' dir='ltr'><strong>jam</strong></span> <span class='ocrx_word' id='word_1_568' title='bbox 1338 5516 1447 5583; x_wconf 86' lang='lat' dir='ltr'><strong>ipsa</strong></span> <span class='ocrx_word' id='word_1_569' title='bbox 1475 5514 1579 5569; x_wconf 88' lang='lat' dir='ltr'><strong>vita</strong></span> <span class='ocrx_word' id='word_1_570' title='bbox 1622 5513 1895 5580; x_wconf 86' lang='lat' dir='ltr'><strong>horreret,</strong></span> <span class='ocrx_word' id='word_1_571' title='bbox 1929 5518 2151 5572; x_wconf 80' lang='lat' dir='ltr'><strong>accessit</strong></span> 
     </span>
    </p>
   </div>
   <div class='ocr_carea' id='block_1_76' title="bbox 650 5643 1525 5708">
    <p class='ocr_par' dir='ltr' id='par_1_76' title="bbox 650 5643 1525 5708">
     <span class='ocr_line' id='line_1_77' title="bbox 650 5643 1525 5708; baseline 0.006 -17"><span class='ocrx_word' id='word_1_572' title='bbox 650 5652 664 5675; x_wconf 76' lang='grc' dir='ltr'><strong>ι</strong></span> <span class='ocrx_word' id='word_1_573' title='bbox 704 5650 835 5693; x_wconf 72' lang='lat' dir='ltr'><strong>Forte</strong></span> <span class='ocrx_word' id='word_1_574' title='bbox 862 5643 1139 5706; x_wconf 84' lang='lat' dir='ltr'><strong>legendum,</strong></span> <span class='ocrx_word' id='word_1_575' title='bbox 1166 5654 1405 5708; x_wconf 77' lang='lat' dir='ltr'><strong>conrepta.</strong></span> <span class='ocrx_word' id='word_1_576' title='bbox 1470 5653 1525 5696; x_wconf 75' lang='lat' dir='ltr'><strong>tu.</strong></span> 
     </span>
    </p>
   </div>
   <div class='ocr_carea' id='block_1_77' title="bbox 1365 215 3823 285">
    <p class='ocr_par' dir='ltr' id='par_1_77' title="bbox 1365 215 3823 285">
     <span class='ocr_line' id='line_1_78' title="bbox 1365 215 3823 285; baseline 0 -6"><span class='ocrx_word' id='word_1_577' title='bbox 1365 220 1725 279; x_wconf 74' lang='lat' dir='ltr'><strong>APPENDIX.</strong></span> <span class='ocrx_word' id='word_1_578' title='bbox 1760 250 1829 260; x_wconf 91' lang='lat'><strong>——</strong></span> <span class='ocrx_word' id='word_1_579' title='bbox 1867 218 1951 274; x_wconf 84' lang='lat' dir='ltr'><strong>DE</strong></span> <span class='ocrx_word' id='word_1_580' title='bbox 1988 215 2345 273; x_wconf 64' lang='lat' dir='ltr'><strong>MlllACULlS</strong></span> <span class='ocrx_word' id='word_1_581' title='bbox 2380 217 2617 274; x_wconf 68' lang='lat' dir='ltr'><strong>SANCTI</strong></span> <span class='ocrx_word' id='word_1_582' title='bbox 2656 216 2986 275; x_wconf 75' lang='lat' dir='ltr'><strong>STEPll.\Nl</strong></span> <span class='ocrx_word' id='word_1_583' title='bbox 3739 226 3823 285; x_wconf 77' lang='lat' dir='ltr'><strong>8H</strong></span> 
     </span>
    </p>
   </div>
   <div class='ocr_carea' id='block_1_78' title="bbox 2272 331 3825 402">
    <p class='ocr_par' dir='ltr' id='par_1_78' title="bbox 2272 331 3825 402">
     <span class='ocr_line' id='line_1_79' title="bbox 2272 331 3825 402; baseline 0.004 -17"><span class='ocrx_word' id='word_1_584' title='bbox 2272 331 2413 385; x_wconf 85' lang='lat' dir='ltr'><strong>aliud</strong></span> <span class='ocrx_word' id='word_1_585' title='bbox 2452 334 2661 401; x_wconf 73' lang='lat' dir='ltr'><strong>gravius</strong></span> <span class='ocrx_word' id='word_1_586' title='bbox 2686 343 2739 387; x_wconf 87' lang='lat' dir='ltr'><strong>et</strong></span> <span class='ocrx_word' id='word_1_587' title='bbox 2782 334 3124 401; x_wconf 77' lang='lat' dir='ltr'><strong>periculosius</strong></span> <span class='ocrx_word' id='word_1_588' title='bbox 3148 375 3163 395; x_wconf 90' lang='lat'><strong>,</strong></span> <span class='ocrx_word' id='word_1_589' title='bbox 3195 332 3336 388; x_wconf 86' lang='lat' dir='ltr'><strong>unde</strong></span> <span class='ocrx_word' id='word_1_590' title='bbox 3366 349 3469 389; x_wconf 89' lang='lat' dir='ltr'><strong>nec</strong></span> <span class='ocrx_word' id='word_1_591' title='bbox 3497 335 3610 402; x_wconf 77' lang='lat' dir='ltr'><strong>ipsa</strong></span> <span class='ocrx_word' id='word_1_592' title='bbox 3639 338 3825 402; x_wconf 60' lang='lat' dir='ltr'><strong>qualem</strong></span> 
     </span>
    </p>
   </div>
   <div class='ocr_carea' id='block_1_79' title="bbox 2271 403 3823 473">
    <p class='ocr_par' dir='ltr' id='par_1_79' title="bbox 2271 403 3823 473">
     <span class='ocr_line' id='line_1_80' title="bbox 2271 403 3823 473; baseline 0.006 -20"><span class='ocrx_word' id='word_1_593' title='bbox 2271 403 2475 473; x_wconf 78' lang='lat' dir='ltr'><strong>vivendi</strong></span> <span class='ocrx_word' id='word_1_594' title='bbox 2529 403 2844 469; x_wconf 87' lang='lat' dir='ltr'><strong>possibilitas</strong></span> <span class='ocrx_word' id='word_1_595' title='bbox 2880 413 3205 473; x_wconf 88' lang='lat' dir='ltr'><strong>remaneret.</strong></span> <span class='ocrx_word' id='word_1_596' title='bbox 3262 405 3395 458; x_wconf 84' lang='lat' dir='ltr'><strong>Nam</strong></span> <span class='ocrx_word' id='word_1_597' title='bbox 3449 405 3497 458; x_wconf 92' lang='lat' dir='ltr'><strong>si</strong></span> <span class='ocrx_word' id='word_1_598' title='bbox 3548 403 3719 473; x_wconf 77' lang='lat' dir='ltr'><strong>puella</strong></span> <span class='ocrx_word' id='word_1_599' title='bbox 3760 413 3823 467; x_wconf 74' lang='lat' dir='ltr'><strong>sit</strong></span> 
     </span>
    </p>
   </div>
   <div class='ocr_carea' id='block_1_80' title="bbox 2270 472 3821 544">
    <p class='ocr_par' dir='ltr' id='par_1_80' title="bbox 2270 472 3821 544">
     <span class='ocr_line' id='line_1_81' title="bbox 2270 472 3821 544; baseline 0.004 -21"><span class='ocrx_word' id='word_1_600' title='bbox 2270 472 2537 544; x_wconf 87' lang='lat' dir='ltr'><strong>defecerat</strong></span> <span class='ocrx_word' id='word_1_601' title='bbox 2576 475 2674 527; x_wconf 89' lang='lat' dir='ltr'><strong>sub</strong></span> <span class='ocrx_word' id='word_1_602' title='bbox 2718 472 2888 526; x_wconf 75' lang='lat' dir='ltr'><strong>vitiosi</strong></span> <span class='ocrx_word' id='word_1_603' title='bbox 2933 474 3041 525; x_wconf 90' lang='lat' dir='ltr'><strong>oris</strong></span> <span class='ocrx_word' id='word_1_604' title='bbox 3083 475 3301 537; x_wconf 86' lang='lat' dir='ltr'><strong>labore,</strong></span> <span class='ocrx_word' id='word_1_605' title='bbox 3352 472 3631 541; x_wconf 83' lang='lat' dir='ltr'><strong>quomodo</strong></span> <span class='ocrx_word' id='word_1_606' title='bbox 3671 492 3821 544; x_wconf 61' lang='lat' dir='ltr'><strong>posss</strong></span> 
     </span>
    </p>
   </div>
   <div class='ocr_carea' id='block_1_81' title="bbox 2272 543 3831 611">
    <p class='ocr_par' dir='ltr' id='par_1_81' title="bbox 2272 543 3831 611">
     <span class='ocr_line' id='line_1_82' title="bbox 2272 543 3831 611; baseline 0.004 -18"><span class='ocrx_word' id='word_1_607' title='bbox 2272 543 2445 596; x_wconf 79' lang='lat' dir='ltr'><strong>vivere</strong></span> <span class='ocrx_word' id='word_1_608' title='bbox 2489 558 2607 596; x_wconf 83' lang='lat' dir='ltr'><strong>eum</strong></span> <span class='ocrx_word' id='word_1_609' title='bbox 2654 554 2982 595; x_wconf 88' lang='lat' dir='ltr'><strong>mortuorum</strong></span> <span class='ocrx_word' id='word_1_610' title='bbox 3028 544 3283 595; x_wconf 68' lang='lat' dir='ltr'><strong>visi-erum</strong></span> <span class='ocrx_word' id='word_1_611' title='bbox 3329 543 3708 611; x_wconf 23' lang='lat' dir='ltr'><strong>collapsione’?</strong></span> <span class='ocrx_word' id='word_1_612' title='bbox 3751 551 3831 602; x_wconf 63' lang='lat' dir='ltr'><strong>se.</strong></span> 
     </span>
    </p>
   </div>
   <div class='ocr_carea' id='block_1_82' title="bbox 2273 613 3829 683">
    <p class='ocr_par' dir='ltr' id='par_1_82' title="bbox 2273 613 3829 683">
     <span class='ocr_line' id='line_1_83' title="bbox 2273 613 3829 683; baseline 0.006 -22"><span class='ocrx_word' id='word_1_613' title='bbox 2273 613 2463 683; x_wconf 83' lang='lat' dir='ltr'><strong>ptinms</strong></span> <span class='ocrx_word' id='word_1_614' title='bbox 2490 613 2684 667; x_wconf 87' lang='lat' dir='ltr'><strong>mensis</strong></span> <span class='ocrx_word' id='word_1_615' title='bbox 2711 613 3036 673; x_wconf 84' lang='lat' dir='ltr'><strong>incesserat,</strong></span> <span class='ocrx_word' id='word_1_616' title='bbox 3082 630 3183 664; x_wconf 89' lang='lat' dir='ltr'><strong>non</strong></span> <span class='ocrx_word' id='word_1_617' title='bbox 3212 614 3388 667; x_wconf 82' lang='lat' dir='ltr'><strong>vultus</strong></span> <span class='ocrx_word' id='word_1_618' title='bbox 3416 614 3641 680; x_wconf 78' lang='lat' dir='ltr'><strong>pestifer</strong></span> <span class='ocrx_word' id='word_1_619' title='bbox 3668 632 3695 665; x_wconf 75' lang='grc' dir='ltr'>ει</span> <span class='ocrx_word' id='word_1_620' title='bbox 3726 635 3829 683; x_wconf 74' lang='lat' dir='ltr'><strong>pra-</strong></span> 
     </span>
    </p>
   </div>
   <div class='ocr_carea' id='block_1_83' title="bbox 2272 682 3828 745">
    <p class='ocr_par' dir='ltr' id='par_1_83' title="bbox 2272 682 3828 745">
     <span class='ocr_line' id='line_1_84' title="bbox 2272 682 3828 745; baseline 0.006 -14"><span class='ocrx_word' id='word_1_621' title='bbox 2272 682 2428 735; x_wconf 87' lang='lat' dir='ltr'><strong>\itatc</strong></span> <span class='ocrx_word' id='word_1_622' title='bbox 2472 683 2760 736; x_wconf 69' lang='lat' dir='ltr'><strong>exurebatur</strong></span> <span class='ocrx_word' id='word_1_623' title='bbox 2783 723 2797 745; x_wconf 90' lang='lat'><strong>,</strong></span> <span class='ocrx_word' id='word_1_624' title='bbox 2829 697 2931 735; x_wconf 92' lang='lat' dir='ltr'><strong>non</strong></span> <span class='ocrx_word' id='word_1_625' title='bbox 2972 682 3121 735; x_wconf 80' lang='lat' dir='ltr'><strong>alvus</strong></span> <span class='ocrx_word' id='word_1_626' title='bbox 3163 699 3325 738; x_wconf 81' lang='lat' dir='ltr'><strong>onere</strong></span> <span class='ocrx_word' id='word_1_627' title='bbox 3357 695 3582 736; x_wconf 82' lang='lat' dir='ltr'><strong>mortuo</strong></span> <span class='ocrx_word' id='word_1_628' title='bbox 3618 682 3828 740; x_wconf 67' lang='lat' dir='ltr'><strong>exocha-</strong></span> 
     </span>
    </p>
   </div>
   <div class='ocr_carea' id='block_1_84' title="bbox 2272 752 3828 820">
    <p class='ocr_par' dir='ltr' id='par_1_84' title="bbox 2272 752 3828 820">
     <span class='ocr_line' id='line_1_85' title="bbox 2272 752 3828 820; baseline 0.004 -17"><span class='ocrx_word' id='word_1_629' title='bbox 2272 759 2371 804; x_wconf 92' lang='lat' dir='ltr'><strong>tur.</strong></span> <span class='ocrx_word' id='word_1_630' title='bbox 2428 752 2643 806; x_wconf 85' lang='lat' dir='ltr'><strong>Pontius</strong></span> <span class='ocrx_word' id='word_1_631' title='bbox 2699 768 2826 805; x_wconf 86' lang='lat' dir='ltr'><strong>vero</strong></span> <span class='ocrx_word' id='word_1_632' title='bbox 2857 793 2873 816; x_wconf 97' lang='lat'><strong>,</strong></span> <span class='ocrx_word' id='word_1_633' title='bbox 2927 752 3159 820; x_wconf 74' lang='lat' dir='ltr'><strong>Megelia:</strong></span> <span class='ocrx_word' id='word_1_634' title='bbox 3214 764 3363 819; x_wconf 86' lang='lat' dir='ltr'><strong>pater</strong></span> <span class='ocrx_word' id='word_1_635' title='bbox 3398 796 3411 817; x_wconf 92' lang='lat'><strong>,</strong></span> <span class='ocrx_word' id='word_1_636' title='bbox 3468 769 3631 807; x_wconf 88' lang='lat' dir='ltr'><strong>socer</strong></span> <span class='ocrx_word' id='word_1_637' title='bbox 3675 771 3828 810; x_wconf 80' lang='lat' dir='ltr'><strong>autem</strong></span> 
     </span>
    </p>
   </div>
   <div class='ocr_carea' id='block_1_85' title="bbox 2270 820 3830 889">
    <p class='ocr_par' dir='ltr' id='par_1_85' title="bbox 2270 820 3830 889">
     <span class='ocr_line' id='line_1_86' title="bbox 2270 820 3830 889; baseline 0.004 -16"><span class='ocrx_word' id='word_1_638' title='bbox 2270 820 2548 874; x_wconf 83' lang='lat' dir='ltr'><strong>Avitianus</strong></span> <span class='ocrx_word' id='word_1_639' title='bbox 2580 861 2594 887; x_wconf 93' lang='lat'><strong>,</strong></span> <span class='ocrx_word' id='word_1_640' title='bbox 2656 830 2709 876; x_wconf 93' lang='lat' dir='ltr'><strong>et</strong></span> <span class='ocrx_word' id='word_1_641' title='bbox 2762 832 2979 874; x_wconf 78' lang='lat' dir='ltr'><strong>maritus</strong></span> <span class='ocrx_word' id='word_1_642' title='bbox 3034 822 3329 876; x_wconf 70' lang='lat' dir='ltr'><strong>Adventins</strong></span> <span class='ocrx_word' id='word_1_643' title='bbox 3362 863 3377 885; x_wconf 95' lang='lat'><strong>,</strong></span> <span class='ocrx_word' id='word_1_644' title='bbox 3441 834 3630 889; x_wconf 64' lang='lat' dir='ltr'><strong>utpote</strong></span> <span class='ocrx_word' id='word_1_645' title='bbox 3681 828 3830 882; x_wconf 89' lang='lat' dir='ltr'><strong>adhuc</strong></span> 
     </span>
    </p>
   </div>
   <div class='ocr_carea' id='block_1_86' title="bbox 2268 891 3828 963">
    <p class='ocr_par' dir='ltr' id='par_1_86' title="bbox 2268 891 3828 963">
     <span class='ocr_line' id='line_1_87' title="bbox 2268 891 3828 963; baseline 0.005 -22"><span class='ocrx_word' id='word_1_646' title='bbox 2268 891 2575 963; x_wconf 79' lang='lat' dir='ltr'><strong>gentilitatis</strong></span> <span class='ocrx_word' id='word_1_647' title='bbox 2626 893 2898 963; x_wconf 80' lang='lat' dir='ltr'><strong>errnrilnts</strong></span> <span class='ocrx_word' id='word_1_648' title='bbox 2951 891 3228 963; x_wconf 81' lang='lat' dir='ltr'><strong>adstricti,</strong></span> <span class='ocrx_word' id='word_1_649' title='bbox 3284 893 3548 963; x_wconf 85' lang='lat' dir='ltr'><strong>quidquid</strong></span> <span class='ocrx_word' id='word_1_650' title='bbox 3605 910 3706 947; x_wconf 90' lang='lat' dir='ltr'><strong>non</strong></span> <span class='ocrx_word' id='word_1_651' title='bbox 3755 914 3828 949; x_wconf 80' lang='lat' dir='ltr'><strong>so-</strong></span> 
     </span>
    </p>
   </div>
   <div class='ocr_carea' id='block_1_87' title="bbox 2270 960 3831 1036">
    <p class='ocr_par' dir='ltr' id='par_1_87' title="bbox 2270 960 3831 1036">
     <span class='ocr_line' id='line_1_88' title="bbox 2270 960 3831 1036; baseline 0.004 -23"><span class='ocrx_word' id='word_1_652' title='bbox 2270 960 2375 1013; x_wconf 89' lang='lat' dir='ltr'><strong>lum</strong></span> <span class='ocrx_word' id='word_1_653' title='bbox 2421 976 2513 1036; x_wconf 79' lang='lat' dir='ltr'><strong>per</strong></span> <span class='ocrx_word' id='word_1_654' title='bbox 2558 960 2867 1036; x_wconf 79' lang='lat' dir='ltr'><strong>industriam</strong></span> <span class='ocrx_word' id='word_1_655' title='bbox 2914 960 3519 1036; x_wconf 38' lang='lat' dir='ltr'><strong>medicorum.ﬂerunt</strong></span> <span class='ocrx_word' id='word_1_656' title='bbox 3560 968 3713 1036; x_wconf 85' lang='lat' dir='ltr'><strong>etiam</strong></span> <span class='ocrx_word' id='word_1_657' title='bbox 3753 982 3831 1036; x_wconf 77' lang='lat' dir='ltr'><strong>pr</strong></span> 
     </span>
    </p>
   </div>
   <div class='ocr_carea' id='block_1_88' title="bbox 2268 1030 3827 1101">
    <p class='ocr_par' dir='ltr' id='par_1_88' title="bbox 2268 1030 3827 1101">
     <span class='ocr_line' id='line_1_89' title="bbox 2268 1030 3827 1101; baseline 0.004 -19"><span class='ocrx_word' id='word_1_658' title='bbox 2268 1040 2409 1082; x_wconf 88' lang='lat' dir='ltr'><strong>artes</strong></span> <span class='ocrx_word' id='word_1_659' title='bbox 2470 1030 2848 1084; x_wconf 69' lang='grc' dir='ltr'>ιΙιιιιιιοιιὶιιιίιιιι</span> <span class='ocrx_word' id='word_1_660' title='bbox 2911 1046 2972 1083; x_wconf 91' lang='lat' dir='ltr'><strong>ac</strong></span> <span class='ocrx_word' id='word_1_661' title='bbox 3032 1032 3534 1098; x_wconf 72' lang='lat' dir='ltr'><strong>superstitiosarnm</strong></span> <span class='ocrx_word' id='word_1_662' title='bbox 3605 1030 3827 1101; x_wconf 70' lang='lat' dir='ltr'><strong>ﬁgtllt&#39;tllll</strong></span> 
     </span>
    </p>
   </div>
   <div class='ocr_carea' id='block_1_89' title="bbox 2270 1100 3829 1171">
    <p class='ocr_par' dir='ltr' id='par_1_89' title="bbox 2270 1100 3829 1171">
     <span class='ocr_line' id='line_1_90' title="bbox 2270 1100 3829 1171; baseline 0.004 -20"><span class='ocrx_word' id='word_1_663' title='bbox 2270 1101 2593 1164; x_wconf 88' lang='lat' dir='ltr'><strong>vanitatum,</strong></span> <span class='ocrx_word' id='word_1_664' title='bbox 2642 1100 2791 1168; x_wconf 62' lang='lat' dir='ltr'><strong>quasi</strong></span> <span class='ocrx_word' id='word_1_665' title='bbox 2840 1116 2932 1171; x_wconf 85' lang='lat' dir='ltr'><strong>pro</strong></span> <span class='ocrx_word' id='word_1_666' title='bbox 2985 1101 3087 1151; x_wconf 91' lang='lat' dir='ltr'><strong>vita</strong></span> <span class='ocrx_word' id='word_1_667' title='bbox 3138 1102 3571 1156; x_wconf 87' lang='lat' dir='ltr'><strong>intermorientis</strong></span> <span class='ocrx_word' id='word_1_668' title='bbox 3620 1100 3829 1171; x_wconf 59' lang='lat' dir='ltr'><strong>Liegctm</strong></span> 
     </span>
    </p>
   </div>
   <div class='ocr_carea' id='block_1_90' title="bbox 2271 1170 3830 1241">
    <p class='ocr_par' dir='ltr' id='par_1_90' title="bbox 2271 1170 3830 1241">
     <span class='ocr_line' id='line_1_91' title="bbox 2271 1170 3830 1241; baseline 0.006 -22"><span class='ocrx_word' id='word_1_669' title='bbox 2271 1180 2512 1241; x_wconf 88' lang='lat' dir='ltr'><strong>poterant</strong></span> <span class='ocrx_word' id='word_1_670' title='bbox 2555 1180 2853 1233; x_wconf 71' lang='lat' dir='ltr'><strong>attentare,</strong></span> <span class='ocrx_word' id='word_1_671' title='bbox 2905 1170 3095 1241; x_wconf 76' lang='lat' dir='ltr'><strong>frustra</strong></span> <span class='ocrx_word' id='word_1_672' title='bbox 3143 1173 3365 1224; x_wconf 82' lang='lat' dir='ltr'><strong>omnino</strong></span> <span class='ocrx_word' id='word_1_673' title='bbox 3414 1185 3583 1241; x_wconf 87' lang='lat' dir='ltr'><strong>atque</strong></span> <span class='ocrx_word' id='word_1_674' title='bbox 3632 1170 3830 1229; x_wconf 25' lang='lat' dir='ltr'><strong>im’nttrr</strong></span> 
     </span>
    </p>
   </div>
   <div class='ocr_carea' id='block_1_91' title="bbox 2270 1240 3829 1311">
    <p class='ocr_par' dir='ltr' id='par_1_91' title="bbox 2270 1240 3829 1311">
     <span class='ocr_line' id='line_1_92' title="bbox 2270 1240 3829 1311; baseline 0.004 -19"><span class='ocrx_word' id='word_1_675' title='bbox 2270 1240 2615 1311; x_wconf 86' lang='lat' dir='ltr'><strong>desudahant.</strong></span> <span class='ocrx_word' id='word_1_676' title='bbox 2644 1242 2745 1295; x_wconf 86' lang='lat' dir='ltr'><strong>Sed</strong></span> <span class='ocrx_word' id='word_1_677' title='bbox 2790 1257 2936 1293; x_wconf 90' lang='lat' dir='ltr'><strong>error</strong></span> <span class='ocrx_word' id='word_1_678' title='bbox 2960 1240 3160 1311; x_wconf 64' lang='lat' dir='ltr'><strong>infelix</strong></span> <span class='ocrx_word' id='word_1_679' title='bbox 3186 1284 3200 1305; x_wconf 84' lang='lat'><strong>,</strong></span> <span class='ocrx_word' id='word_1_680' title='bbox 3228 1243 3355 1311; x_wconf 82' lang='lat' dir='ltr'><strong>quid</strong></span> <span class='ocrx_word' id='word_1_681' title='bbox 3401 1258 3429 1295; x_wconf 90' lang='lat' dir='ltr'><strong>s</strong></span> <span class='ocrx_word' id='word_1_682' title='bbox 3450 1240 3566 1295; x_wconf 67' lang='lat' dir='ltr'><strong>rlttti</strong></span> <span class='ocrx_word' id='word_1_683' title='bbox 3614 1244 3829 1299; x_wconf 60' lang='lat' dir='ltr'><strong>lituram:</strong></span> 
     </span>
    </p>
   </div>
   <div class='ocr_carea' id='block_1_92' title="bbox 2272 1309 3831 1381">
    <p class='ocr_par' dir='ltr' id='par_1_92' title="bbox 2272 1309 3831 1381">
     <span class='ocr_line' id='line_1_93' title="bbox 2272 1309 3831 1381; baseline -0.001 -19"><span class='ocrx_word' id='word_1_684' title='bbox 2272 1319 2324 1362; x_wconf 92' lang='lat' dir='ltr'><strong>te</strong></span> <span class='ocrx_word' id='word_1_685' title='bbox 2354 1310 2611 1381; x_wconf 59' lang='lat' dir='ltr'><strong>crederes</strong></span> <span class='ocrx_word' id='word_1_686' title='bbox 2651 1325 2809 1379; x_wconf 84' lang='lat' dir='ltr'><strong>posse</strong></span> <span class='ocrx_word' id='word_1_687' title='bbox 2848 1309 3087 1364; x_wconf 75' lang='lat' dir='ltr'><strong>conferre</strong></span> <span class='ocrx_word' id='word_1_688' title='bbox 3113 1351 3127 1373; x_wconf 91' lang='lat'><strong>,</strong></span> <span class='ocrx_word' id='word_1_689' title='bbox 3157 1309 3313 1381; x_wconf 73' lang='lat' dir='ltr'><strong>quam</strong></span> <span class='ocrx_word' id='word_1_690' title='bbox 3345 1314 3602 1366; x_wconf 59' lang='lat' dir='ltr'><strong>atttdtttslt</strong></span> <span class='ocrx_word' id='word_1_691' title='bbox 3648 1334 3831 1381; x_wconf 68' lang='grc' dir='ltr'>ςε-ιιςριτ</span> 
     </span>
    </p>
   </div>
   <div class='ocr_carea' id='block_1_93' title="bbox 2269 1380 3830 1439">
    <p class='ocr_par' dir='ltr' id='par_1_93' title="bbox 2269 1380 3830 1439">
     <span class='ocr_line' id='line_1_94' title="bbox 2269 1380 3830 1439; baseline 0.006 -10"><span class='ocrx_word' id='word_1_692' title='bbox 2269 1380 2519 1433; x_wconf 86' lang='lat' dir='ltr'><strong>auferre?</strong></span> <span class='ocrx_word' id='word_1_693' title='bbox 2572 1381 2779 1433; x_wconf 70' lang='lat' dir='ltr'><strong>liefellit</strong></span> <span class='ocrx_word' id='word_1_694' title='bbox 2831 1389 2879 1433; x_wconf 88' lang='lat' dir='ltr'><strong>te</strong></span> <span class='ocrx_word' id='word_1_695' title='bbox 2933 1395 3028 1433; x_wconf 82' lang='lat' dir='ltr'><strong>\ox</strong></span> <span class='ocrx_word' id='word_1_696' title='bbox 3082 1380 3318 1435; x_wconf 71' lang='lat' dir='ltr'><strong>veritatis</strong></span> <span class='ocrx_word' id='word_1_697' title='bbox 3372 1384 3425 1434; x_wconf 90' lang='lat' dir='ltr'><strong>in</strong></span> <span class='ocrx_word' id='word_1_698' title='bbox 3480 1380 3830 1439; x_wconf 60' lang='lat' dir='ltr'><strong>saeratismus</strong></span> 
     </span>
    </p>
   </div>
   <div class='ocr_carea' id='block_1_94' title="bbox 2270 1448 3830 1523">
    <p class='ocr_par' dir='ltr' id='par_1_94' title="bbox 2270 1448 3830 1523">
     <span class='ocr_line' id='line_1_95' title="bbox 2270 1448 3830 1523; baseline 0.004 -20"><span class='ocrx_word' id='word_1_699' title='bbox 2270 1448 2529 1523; x_wconf 83' lang='lat' dir='ltr'><strong>Psalmis,</strong></span> <span class='ocrx_word' id='word_1_700' title='bbox 2575 1461 2877 1523; x_wconf 76' lang='lat' dir='ltr'><strong>contestans</strong></span> <span class='ocrx_word' id='word_1_701' title='bbox 2919 1452 3237 1523; x_wconf 71' lang='lat' dir='ltr'><strong>generaliter</strong></span> <span class='ocrx_word' id='word_1_702' title='bbox 3280 1462 3333 1505; x_wconf 90' lang='lat' dir='ltr'><strong>ct</strong></span> <span class='ocrx_word' id='word_1_703' title='bbox 3381 1454 3663 1519; x_wconf 75' lang='lat' dir='ltr'><strong>breviter,</strong></span> <span class='ocrx_word' id='word_1_704' title='bbox 3692 1471 3716 1507; x_wconf 61' lang='grc' dir='ltr'><strong><em>λ</em></strong></span> <span class='ocrx_word' id='word_1_705' title='bbox 3744 1472 3830 1523; x_wconf 68' lang='lat' dir='ltr'><strong>quo</strong></span> 
     </span>
    </p>
   </div>
   <div class='ocr_carea' id='block_1_95' title="bbox 2269 1521 3825 1592">
    <p class='ocr_par' dir='ltr' id='par_1_95' title="bbox 2269 1521 3825 1592">
     <span class='ocr_line' id='line_1_96' title="bbox 2269 1521 3825 1592; baseline 0.005 -22"><span class='ocrx_word' id='word_1_706' title='bbox 2269 1522 2502 1592; x_wconf 7' lang='lat' dir='ltr'><strong>veregsit</strong></span> <span class='ocrx_word' id='word_1_707' title='bbox 2544 1522 2716 1574; x_wconf 87' lang='lat' dir='ltr'><strong>omnis</strong></span> <span class='ocrx_word' id='word_1_708' title='bbox 2757 1522 2901 1592; x_wconf 59' lang='lat' dir='ltr'><strong>salus</strong></span> <span class='ocrx_word' id='word_1_709' title='bbox 2942 1521 3143 1592; x_wconf 57' lang='lat' dir='ltr'><strong>animai</strong></span> <span class='ocrx_word' id='word_1_710' title='bbox 3174 1523 3535 1592; x_wconf 62' lang='lat' dir='ltr'><strong>eorpot&#39;isqne</strong></span> <span class='ocrx_word' id='word_1_711' title='bbox 3562 1565 3576 1589; x_wconf 90' lang='lat'><strong>,</strong></span> <span class='ocrx_word' id='word_1_712' title='bbox 3626 1521 3825 1579; x_wconf 78' lang='lat' dir='ltr'><strong>dicens:</strong></span> 
     </span>
    </p>
   </div>
   <div class='ocr_carea' id='block_1_96' title="bbox 2270 1587 3830 1661">
    <p class='ocr_par' dir='ltr' id='par_1_96' title="bbox 2270 1587 3830 1661">
     <span class='ocr_line' id='line_1_97' title="bbox 2270 1587 3830 1661; baseline 0.003 -18"><span class='ocrx_word' id='word_1_713' title='bbox 2270 1587 2566 1661; x_wconf 65' lang='lat' dir='ltr'><strong>Dominiesl</strong></span> <span class='ocrx_word' id='word_1_714' title='bbox 2590 1590 2893 1661; x_wconf 76' lang='lat' dir='ltr'><strong>salus(f’.-.al</strong></span> <span class='ocrx_word' id='word_1_715' title='bbox 2933 1592 3097 1660; x_wconf 86' lang='lat' dir='ltr'><strong>tn,9).</strong></span> <span class='ocrx_word' id='word_1_716' title='bbox 3124 1591 3234 1644; x_wconf 87' lang='lat' dir='ltr'><strong>Soli</strong></span> <span class='ocrx_word' id='word_1_717' title='bbox 3260 1587 3405 1645; x_wconf 79' lang='lat' dir='ltr'><strong>enim</strong></span> <span class='ocrx_word' id='word_1_718' title='bbox 3434 1587 3830 1648; x_wconf 15' lang='lat' dir='ltr'><strong>Decii-ceteriu-</strong></span> 
     </span>
    </p>
   </div>
   <div class='ocr_carea' id='block_1_97' title="bbox 2270 1659 3827 1732">
    <p class='ocr_par' dir='ltr' id='par_1_97' title="bbox 2270 1659 3827 1732">
     <span class='ocr_line' id='line_1_98' title="bbox 2270 1659 3827 1732; baseline 0.003 -19"><span class='ocrx_word' id='word_1_719' title='bbox 2270 1668 2426 1719; x_wconf 86' lang='lat' dir='ltr'><strong>tatur.</strong></span> <span class='ocrx_word' id='word_1_720' title='bbox 2454 1659 2697 1732; x_wconf 75' lang='lat' dir='ltr'><strong>Homines</strong></span> <span class='ocrx_word' id='word_1_721' title='bbox 2723 1659 2767 1715; x_wconf 84' lang='lat' dir='ltr'><strong>et</strong></span> <span class='ocrx_word' id='word_1_722' title='bbox 2784 1662 3011 1732; x_wconf 83' lang='lat' dir='ltr'><strong>jmnenia</strong></span> <span class='ocrx_word' id='word_1_723' title='bbox 3036 1662 3199 1715; x_wconf 70' lang='lat' dir='ltr'><strong>aufras</strong></span> <span class='ocrx_word' id='word_1_724' title='bbox 3225 1665 3406 1729; x_wconf 74' lang='lat' dir='ltr'><strong>facies,</strong></span> <span class='ocrx_word' id='word_1_725' title='bbox 3436 1662 3659 1715; x_wconf 80' lang='lat' dir='ltr'><strong>Domine</strong></span> <span class='ocrx_word' id='word_1_726' title='bbox 3683 1664 3827 1731; x_wconf 66' lang='lat' dir='ltr'><strong>(P511.</strong></span> 
     </span>
    </p>
   </div>
   <div class='ocr_carea' id='block_1_98' title="bbox 2268 1730 3831 1805">
    <p class='ocr_par' dir='ltr' id='par_1_98' title="bbox 2268 1730 3831 1805">
     <span class='ocr_line' id='line_1_99' title="bbox 2268 1730 3831 1805; baseline 0.004 -22"><span class='ocrx_word' id='word_1_727' title='bbox 2268 1745 2423 1795; x_wconf 74' lang='lat' dir='ltr'><strong>xxxv,</strong></span> <span class='ocrx_word' id='word_1_728' title='bbox 2451 1731 2523 1798; x_wconf 87' lang='lat'><strong>7).</strong></span> <span class='ocrx_word' id='word_1_729' title='bbox 2548 1730 2645 1799; x_wconf 87' lang='lat' dir='ltr'><strong>Qui</strong></span> <span class='ocrx_word' id='word_1_730' title='bbox 2675 1730 2919 1801; x_wconf 83' lang='lat' dir='ltr'><strong>dignatus</strong></span> <span class='ocrx_word' id='word_1_731' title='bbox 2944 1740 3023 1785; x_wconf 87' lang='lat' dir='ltr'><strong>est</strong></span> <span class='ocrx_word' id='word_1_732' title='bbox 3048 1746 3251 1798; x_wconf 87' lang='lat' dir='ltr'><strong>creare,</strong></span> <span class='ocrx_word' id='word_1_733' title='bbox 3279 1734 3394 1801; x_wconf 83' lang='lat' dir='ltr'><strong>ipse</strong></span> <span class='ocrx_word' id='word_1_734' title='bbox 3421 1749 3651 1803; x_wconf 88' lang='lat' dir='ltr'><strong>prorsus</strong></span> <span class='ocrx_word' id='word_1_735' title='bbox 3675 1730 3831 1805; x_wconf 66' lang='lat' dir='ltr'><strong>digna-</strong></span> 
     </span>
    </p>
   </div>
   <div class='ocr_carea' id='block_1_99' title="bbox 2270 1809 2750 1855">
    <p class='ocr_par' dir='ltr' id='par_1_99' title="bbox 2270 1809 2750 1855">
     <span class='ocr_line' id='line_1_100' title="bbox 2270 1809 2750 1855; baseline -0.002 -2"><span class='ocrx_word' id='word_1_736' title='bbox 2270 1809 2352 1853; x_wconf 93' lang='lat' dir='ltr'><strong>tus</strong></span> <span class='ocrx_word' id='word_1_737' title='bbox 2372 1811 2451 1854; x_wconf 90' lang='lat' dir='ltr'><strong>est</strong></span> <span class='ocrx_word' id='word_1_738' title='bbox 2471 1809 2525 1854; x_wconf 88' lang='lat' dir='ltr'><strong>et</strong></span> <span class='ocrx_word' id='word_1_739' title='bbox 2543 1818 2750 1855; x_wconf 84' lang='lat' dir='ltr'><strong>sanare.</strong></span> 
     </span>
    </p>
   </div>
   <div class='ocr_carea' id='block_1_100' title="bbox 2337 1870 3831 1940">
    <p class='ocr_par' dir='ltr' id='par_1_100' title="bbox 2337 1870 3831 1940">
     <span class='ocr_line' id='line_1_101' title="bbox 2337 1870 3831 1940; baseline 0.005 -18"><span class='ocrx_word' id='word_1_740' title='bbox 2337 1870 2390 1923; x_wconf 72' lang='lat'><strong>2.</strong></span> <span class='ocrx_word' id='word_1_741' title='bbox 2424 1872 2650 1927; x_wconf 82' lang='lat' dir='ltr'><strong>Proinde</strong></span> <span class='ocrx_word' id='word_1_742' title='bbox 2693 1872 2795 1925; x_wconf 88' lang='lat' dir='ltr'><strong>illis</strong></span> <span class='ocrx_word' id='word_1_743' title='bbox 2838 1872 3137 1925; x_wconf 86' lang='lat' dir='ltr'><strong>memoratis</strong></span> <span class='ocrx_word' id='word_1_744' title='bbox 3163 1873 3414 1940; x_wconf 84' lang='lat' dir='ltr'><strong>personis</strong></span> <span class='ocrx_word' id='word_1_745' title='bbox 3459 1873 3556 1927; x_wconf 89' lang='lat' dir='ltr'><strong>diu</strong></span> <span class='ocrx_word' id='word_1_746' title='bbox 3587 1874 3637 1925; x_wconf 90' lang='lat' dir='ltr'><strong>in</strong></span> <span class='ocrx_word' id='word_1_747' title='bbox 3664 1875 3831 1929; x_wconf 62' lang='lat' dir='ltr'><strong>talibus</strong></span> 
     </span>
    </p>
   </div>
   <div class='ocr_carea' id='block_1_101' title="bbox 2270 1939 3830 2011">
    <p class='ocr_par' dir='ltr' id='par_1_101' title="bbox 2270 1939 3830 2011">
     <span class='ocr_line' id='line_1_102' title="bbox 2270 1939 3830 2011; baseline 0.002 -16"><span class='ocrx_word' id='word_1_748' title='bbox 2270 1939 2461 2011; x_wconf 79' lang='lat' dir='ltr'><strong>frustra</strong></span> <span class='ocrx_word' id='word_1_749' title='bbox 2516 1942 2916 2007; x_wconf 84' lang='lat' dir='ltr'><strong>laborantibus,</strong></span> <span class='ocrx_word' id='word_1_750' title='bbox 2969 1955 3022 1995; x_wconf 90' lang='lat' dir='ltr'><strong>et</strong></span> <span class='ocrx_word' id='word_1_751' title='bbox 3066 1939 3177 1995; x_wconf 13' lang='lat' dir='ltr'><strong>non,</strong></span> <span class='ocrx_word' id='word_1_752' title='bbox 3221 1958 3497 2011; x_wconf 85' lang='lat' dir='ltr'><strong>corpore,</strong></span> <span class='ocrx_word' id='word_1_753' title='bbox 3550 1945 3644 1997; x_wconf 87' lang='lat' dir='ltr'><strong>sed</strong></span> <span class='ocrx_word' id='word_1_754' title='bbox 3691 1948 3830 1998; x_wconf 79' lang='lat' dir='ltr'><strong>corde</strong></span> 
     </span>
    </p>
   </div>
   <div class='ocr_carea' id='block_1_102' title="bbox 2267 2010 3826 2082">
    <p class='ocr_par' dir='ltr' id='par_1_102' title="bbox 2267 2010 3826 2082">
     <span class='ocr_line' id='line_1_103' title="bbox 2267 2010 3826 2082; baseline 0.003 -18"><span class='ocrx_word' id='word_1_755' title='bbox 2267 2010 2710 2073; x_wconf 85' lang='lat' dir='ltr'><strong>dormitantibus,</strong></span> <span class='ocrx_word' id='word_1_756' title='bbox 2766 2026 2891 2065; x_wconf 83' lang='lat' dir='ltr'><strong>erce</strong></span> <span class='ocrx_word' id='word_1_757' title='bbox 2952 2013 3086 2065; x_wconf 90' lang='lat' dir='ltr'><strong>Deus</strong></span> <span class='ocrx_word' id='word_1_758' title='bbox 3140 2012 3227 2066; x_wconf 89' lang='lat' dir='ltr'><strong>ille</strong></span> <span class='ocrx_word' id='word_1_759' title='bbox 3286 2010 3551 2081; x_wconf 83' lang='lat' dir='ltr'><strong>magister</strong></span> <span class='ocrx_word' id='word_1_760' title='bbox 3600 2015 3686 2082; x_wconf 90' lang='lat' dir='ltr'><strong>qni</strong></span> <span class='ocrx_word' id='word_1_761' title='bbox 3738 2032 3826 2068; x_wconf 68' lang='lat' dir='ltr'><strong>non</strong></span> 
     </span>
    </p>
   </div>
   <div class='ocr_carea' id='block_1_103' title="bbox 2266 2081 3825 2153">
    <p class='ocr_par' dir='ltr' id='par_1_103' title="bbox 2266 2081 3825 2153">
     <span class='ocr_line' id='line_1_104' title="bbox 2266 2081 3825 2153; baseline 0.001 -18"><span class='ocrx_word' id='word_1_762' title='bbox 2266 2081 2462 2153; x_wconf 84' lang='lat' dir='ltr'><strong>dormit</strong></span> <span class='ocrx_word' id='word_1_763' title='bbox 2489 2098 2655 2150; x_wconf 84' lang='lat' dir='ltr'><strong>neque</strong></span> <span class='ocrx_word' id='word_1_764' title='bbox 2681 2082 2949 2146; x_wconf 85' lang='lat' dir='ltr'><strong>dormitat,</strong></span> <span class='ocrx_word' id='word_1_765' title='bbox 2971 2082 3057 2151; x_wconf 88' lang='lat' dir='ltr'><strong>qui</strong></span> <span class='ocrx_word' id='word_1_766' title='bbox 3084 2083 3314 2136; x_wconf 85' lang='lat' dir='ltr'><strong>custodit</strong></span> <span class='ocrx_word' id='word_1_767' title='bbox 3344 2081 3693 2153; x_wconf 63' lang='lat' dir='ltr'><strong>IsraelU’sUI.</strong></span> <span class='ocrx_word' id='word_1_768' title='bbox 3718 2101 3825 2144; x_wconf 76' lang='lat' dir='ltr'><strong>cu.</strong></span> 
     </span>
    </p>
   </div>
   <div class='ocr_carea' id='block_1_104' title="bbox 2266 2152 3823 2223">
    <p class='ocr_par' dir='ltr' id='par_1_104' title="bbox 2266 2152 3823 2223">
     <span class='ocr_line' id='line_1_105' title="bbox 2266 2152 3823 2223; baseline 0.002 -19"><span class='ocrx_word' id='word_1_769' title='bbox 2266 2153 2341 2221; x_wconf 68' lang='lat'><strong>4);</strong></span> <span class='ocrx_word' id='word_1_770' title='bbox 2365 2152 2475 2223; x_wconf 77' lang='lat' dir='ltr'><strong>ipse</strong></span> <span class='ocrx_word' id='word_1_771' title='bbox 2501 2153 2659 2217; x_wconf 64' lang='lat' dir='ltr'><strong>Deus,</strong></span> <span class='ocrx_word' id='word_1_772' title='bbox 2680 2154 2913 2223; x_wconf 91' lang='lat' dir='ltr'><strong>inquam,</strong></span> <span class='ocrx_word' id='word_1_773' title='bbox 2934 2156 3015 2206; x_wconf 86' lang='lat' dir='ltr'><strong>cui</strong></span> <span class='ocrx_word' id='word_1_774' title='bbox 3041 2168 3165 2206; x_wconf 78' lang='lat' dir='ltr'><strong>cum</strong></span> <span class='ocrx_word' id='word_1_775' title='bbox 3193 2164 3277 2206; x_wconf 88' lang='lat' dir='ltr'><strong>est</strong></span> <span class='ocrx_word' id='word_1_776' title='bbox 3304 2167 3405 2221; x_wconf 91' lang='lat' dir='ltr'><strong>pro</strong></span> <span class='ocrx_word' id='word_1_777' title='bbox 3429 2156 3823 2221; x_wconf 65' lang='lat' dir='ltr'><strong>0innibns(Sap.</strong></span> 
     </span>
    </p>
   </div>
   <div class='ocr_carea' id='block_1_105' title="bbox 2267 2222 3823 2293">
    <p class='ocr_par' dir='ltr' id='par_1_105' title="bbox 2267 2222 3823 2293">
     <span class='ocr_line' id='line_1_106' title="bbox 2267 2222 3823 2293; baseline 0.003 -19"><span class='ocrx_word' id='word_1_778' title='bbox 2267 2237 2316 2275; x_wconf 87' lang='lat' dir='ltr'><strong>vt</strong></span> <span class='ocrx_word' id='word_1_779' title='bbox 2342 2264 2356 2287; x_wconf 95' lang='lat'><strong>,</strong></span> <span class='ocrx_word' id='word_1_780' title='bbox 2384 2222 2455 2293; x_wconf 88' lang='lat'><strong>8)</strong></span> <span class='ocrx_word' id='word_1_781' title='bbox 2481 2263 2494 2285; x_wconf 92' lang='lat'><strong>,</strong></span> <span class='ocrx_word' id='word_1_782' title='bbox 2521 2222 2819 2291; x_wconf 84' lang='lat' dir='ltr'><strong>religiosam</strong></span> <span class='ocrx_word' id='word_1_783' title='bbox 2853 2224 3072 2275; x_wconf 69' lang='lat' dir='ltr'><strong>\‘itnlatn</strong></span> <span class='ocrx_word' id='word_1_784' title='bbox 3100 2264 3112 2284; x_wconf 94' lang='lat'><strong>,</strong></span> <span class='ocrx_word' id='word_1_785' title='bbox 3141 2223 3387 2292; x_wconf 82' lang='lat' dir='ltr'><strong>Megetue</strong></span> <span class='ocrx_word' id='word_1_786' title='bbox 3417 2236 3641 2278; x_wconf 84' lang='lat' dir='ltr'><strong>matrem</strong></span> <span class='ocrx_word' id='word_1_787' title='bbox 3664 2264 3679 2289; x_wconf 93' lang='lat'><strong>,</strong></span> <span class='ocrx_word' id='word_1_788' title='bbox 3708 2225 3823 2278; x_wconf 75' lang='lat' dir='ltr'><strong>fideli</strong></span> 
     </span>
    </p>
   </div>
   <div class='ocr_carea' id='block_1_106' title="bbox 2266 2293 3821 2363">
    <p class='ocr_par' dir='ltr' id='par_1_106' title="bbox 2266 2293 3821 2363">
     <span class='ocr_line' id='line_1_107' title="bbox 2266 2293 3821 2363; baseline 0.003 -21"><span class='ocrx_word' id='word_1_789' title='bbox 2266 2293 2444 2363; x_wconf 80' lang='lat' dir='ltr'><strong>calore</strong></span> <span class='ocrx_word' id='word_1_790' title='bbox 2496 2295 2806 2356; x_wconf 83' lang='lat' dir='ltr'><strong>succendit,</strong></span> <span class='ocrx_word' id='word_1_791' title='bbox 2856 2304 3013 2363; x_wconf 91' lang='lat' dir='ltr'><strong>atque</strong></span> <span class='ocrx_word' id='word_1_792' title='bbox 3065 2302 3121 2345; x_wconf 89' lang='lat' dir='ltr'><strong>ut</strong></span> <span class='ocrx_word' id='word_1_793' title='bbox 3169 2294 3235 2346; x_wconf 91' lang='lat' dir='ltr'><strong>ad</strong></span> <span class='ocrx_word' id='word_1_794' title='bbox 3286 2293 3493 2346; x_wconf 88' lang='lat' dir='ltr'><strong>domini</strong></span> <span class='ocrx_word' id='word_1_795' title='bbox 3551 2298 3711 2348; x_wconf 75' lang='lat' dir='ltr'><strong>Amici</strong></span> <span class='ocrx_word' id='word_1_796' title='bbox 3756 2298 3821 2346; x_wconf 84' lang='lat' dir='ltr'><strong>snt</strong></span> 
     </span>
    </p>
   </div>
   <div class='ocr_carea' id='block_1_107' title="bbox 2267 2361 3821 2433">
    <p class='ocr_par' dir='ltr' id='par_1_107' title="bbox 2267 2361 3821 2433">
     <span class='ocr_line' id='line_1_108' title="bbox 2267 2361 3821 2433; baseline 0.001 -19"><span class='ocrx_word' id='word_1_797' title='bbox 2267 2361 2516 2433; x_wconf 75' lang='lat' dir='ltr'><strong>Stephani</strong></span> <span class='ocrx_word' id='word_1_798' title='bbox 2542 2363 2848 2433; x_wconf 75' lang='lat' dir='ltr'><strong>suffragium</strong></span> <span class='ocrx_word' id='word_1_799' title='bbox 2876 2361 3194 2426; x_wconf 84' lang='lat' dir='ltr'><strong>accurreret,</strong></span> <span class='ocrx_word' id='word_1_800' title='bbox 3218 2364 3521 2432; x_wconf 63' lang='lat' dir='ltr'><strong>inspiravit.</strong></span> <span class='ocrx_word' id='word_1_801' title='bbox 3547 2364 3727 2432; x_wconf 84' lang='lat' dir='ltr'><strong>Quam,</strong></span> <span class='ocrx_word' id='word_1_802' title='bbox 3751 2370 3821 2417; x_wconf 75' lang='lat' dir='ltr'><strong>nia</strong></span> 
     </span>
    </p>
   </div>
   <div class='ocr_carea' id='block_1_108' title="bbox 2266 2431 3823 2501">
    <p class='ocr_par' dir='ltr' id='par_1_108' title="bbox 2266 2431 3823 2501">
     <span class='ocr_line' id='line_1_109' title="bbox 2266 2431 3823 2501; baseline 0.002 -17"><span class='ocrx_word' id='word_1_803' title='bbox 2266 2431 2539 2501; x_wconf 86' lang='lat' dir='ltr'><strong>benedicta</strong></span> <span class='ocrx_word' id='word_1_804' title='bbox 2567 2431 2757 2487; x_wconf 79' lang='lat' dir='ltr'><strong>femina</strong></span> <span class='ocrx_word' id='word_1_805' title='bbox 2788 2435 2839 2487; x_wconf 92' lang='lat' dir='ltr'><strong>in</strong></span> <span class='ocrx_word' id='word_1_806' title='bbox 2882 2443 3205 2487; x_wconf 88' lang='lat' dir='ltr'><strong>sacratarmn</strong></span> <span class='ocrx_word' id='word_1_807' title='bbox 3246 2431 3600 2501; x_wconf 86' lang='lat' dir='ltr'><strong>reliquiarum</strong></span> <span class='ocrx_word' id='word_1_808' title='bbox 3641 2437 3823 2489; x_wconf 69' lang='lat' dir='ltr'><strong>iOCiItitf.</strong></span> 
     </span>
    </p>
   </div>
   <div class='ocr_carea' id='block_1_109' title="bbox 2264 2500 3821 2572">
    <p class='ocr_par' dir='ltr' id='par_1_109' title="bbox 2264 2500 3821 2572">
     <span class='ocr_line' id='line_1_110' title="bbox 2264 2500 3821 2572; baseline 0.001 -17"><span class='ocrx_word' id='word_1_809' title='bbox 2264 2500 2661 2571; x_wconf 83' lang='lat' dir='ltr'><strong>Cartliaginensi</strong></span> <span class='ocrx_word' id='word_1_810' title='bbox 2710 2506 2837 2558; x_wconf 90' lang='lat' dir='ltr'><strong>urbe</strong></span> <span class='ocrx_word' id='word_1_811' title='bbox 2866 2505 2929 2557; x_wconf 88' lang='lat' dir='ltr'><strong>ad</strong></span> <span class='ocrx_word' id='word_1_812' title='bbox 2963 2503 3277 2558; x_wconf 86' lang='lat' dir='ltr'><strong>Uzalensem</strong></span> <span class='ocrx_word' id='word_1_813' title='bbox 3327 2500 3570 2572; x_wconf 82' lang='lat' dir='ltr'><strong>profecta</strong></span> <span class='ocrx_word' id='word_1_814' title='bbox 3599 2516 3676 2557; x_wconf 89' lang='lat' dir='ltr'><strong>est</strong></span> <span class='ocrx_word' id='word_1_815' title='bbox 3698 2547 3709 2567; x_wconf 92' lang='lat'><strong>,</strong></span> <span class='ocrx_word' id='word_1_816' title='bbox 3738 2508 3821 2557; x_wconf 78' lang='lat' dir='ltr'><strong>nti-</strong></span> 
     </span>
    </p>
   </div>
   <div class='ocr_carea' id='block_1_110' title="bbox 2264 2574 3817 2643">
    <p class='ocr_par' dir='ltr' id='par_1_110' title="bbox 2264 2574 3817 2643">
     <span class='ocr_line' id='line_1_111' title="bbox 2264 2574 3817 2643; baseline 0.001 -18"><span class='ocrx_word' id='word_1_817' title='bbox 2264 2574 2713 2629; x_wconf 88' lang='lat' dir='ltr'><strong>sericordissimns</strong></span> <span class='ocrx_word' id='word_1_818' title='bbox 2741 2575 2993 2629; x_wconf 90' lang='lat' dir='ltr'><strong>Dominus</strong></span> <span class='ocrx_word' id='word_1_819' title='bbox 3018 2583 3070 2627; x_wconf 92' lang='lat' dir='ltr'><strong>et</strong></span> <span class='ocrx_word' id='word_1_820' title='bbox 3097 2574 3383 2627; x_wconf 89' lang='lat' dir='ltr'><strong>miserator</strong></span> <span class='ocrx_word' id='word_1_821' title='bbox 3406 2576 3620 2643; x_wconf 75' lang='lat' dir='ltr'><strong>excepit</strong></span> <span class='ocrx_word' id='word_1_822' title='bbox 3640 2616 3653 2638; x_wconf 95' lang='lat'><strong>,</strong></span> <span class='ocrx_word' id='word_1_823' title='bbox 3680 2591 3817 2627; x_wconf 79' lang='lat' dir='ltr'><strong>exau-</strong></span> 
     </span>
    </p>
   </div>
   <div class='ocr_carea' id='block_1_111' title="bbox 2264 2643 3815 2712">
    <p class='ocr_par' dir='ltr' id='par_1_111' title="bbox 2264 2643 3815 2712">
     <span class='ocr_line' id='line_1_112' title="bbox 2264 2643 3815 2712; baseline 0.002 -17"><span class='ocrx_word' id='word_1_824' title='bbox 2264 2643 2430 2706; x_wconf 84' lang='lat' dir='ltr'><strong>divit,</strong></span> <span class='ocrx_word' id='word_1_825' title='bbox 2474 2644 2711 2710; x_wconf 81' lang='lat' dir='ltr'><strong>adjuvit,</strong></span> <span class='ocrx_word' id='word_1_826' title='bbox 2757 2654 2911 2712; x_wconf 89' lang='lat' dir='ltr'><strong>atque</strong></span> <span class='ocrx_word' id='word_1_827' title='bbox 2959 2644 3025 2698; x_wconf 91' lang='lat' dir='ltr'><strong>de</strong></span> <span class='ocrx_word' id='word_1_828' title='bbox 3074 2643 3178 2696; x_wconf 90' lang='lat' dir='ltr'><strong>lilia</strong></span> <span class='ocrx_word' id='word_1_829' title='bbox 3224 2655 3538 2712; x_wconf 87' lang='lat' dir='ltr'><strong>compotem</strong></span> <span class='ocrx_word' id='word_1_830' title='bbox 3586 2646 3726 2709; x_wconf 76' lang='lat' dir='ltr'><strong>fecit,</strong></span> <span class='ocrx_word' id='word_1_831' title='bbox 3761 2663 3815 2699; x_wconf 87' lang='lat' dir='ltr'><strong>ac</strong></span> 
     </span>
    </p>
   </div>
   <div class='ocr_carea' id='block_1_112' title="bbox 2263 2713 3815 2782">
    <p class='ocr_par' dir='ltr' id='par_1_112' title="bbox 2263 2713 3815 2782">
     <span class='ocr_line' id='line_1_113' title="bbox 2263 2713 3815 2782; baseline 0 -15"><span class='ocrx_word' id='word_1_832' title='bbox 2263 2713 2330 2767; x_wconf 87' lang='lat' dir='ltr'><strong>de</strong></span> <span class='ocrx_word' id='word_1_833' title='bbox 2385 2713 2596 2767; x_wconf 82' lang='lat' dir='ltr'><strong>diabolo</strong></span> <span class='ocrx_word' id='word_1_834' title='bbox 2650 2715 2957 2768; x_wconf 86' lang='lat' dir='ltr'><strong>adversario</strong></span> <span class='ocrx_word' id='word_1_835' title='bbox 3010 2722 3260 2782; x_wconf 89' lang='lat' dir='ltr'><strong>superato</strong></span> <span class='ocrx_word' id='word_1_836' title='bbox 3320 2716 3599 2768; x_wconf 74' lang='lat' dir='ltr'><strong>victricem</strong></span> <span class='ocrx_word' id='word_1_837' title='bbox 3654 2726 3815 2768; x_wconf 63' lang='lat' dir='ltr'><strong>trium-</strong></span> 
     </span>
    </p>
   </div>
   <div class='ocr_carea' id='block_1_113' title="bbox 2263 2784 3817 2854">
    <p class='ocr_par' dir='ltr' id='par_1_113' title="bbox 2263 2784 3817 2854">
     <span class='ocr_line' id='line_1_114' title="bbox 2263 2784 3817 2854; baseline 0.002 -18"><span class='ocrx_word' id='word_1_838' title='bbox 2263 2785 2427 2853; x_wconf 72' lang='lat' dir='ltr'><strong>pltare</strong></span> <span class='ocrx_word' id='word_1_839' title='bbox 2473 2785 2726 2849; x_wconf 70' lang='lat' dir='ltr'><strong>tcrmisit.</strong></span> <span class='ocrx_word' id='word_1_840' title='bbox 2760 2785 2866 2837; x_wconf 85' lang='lat' dir='ltr'><strong>Dici</strong></span> <span class='ocrx_word' id='word_1_841' title='bbox 2916 2800 3017 2837; x_wconf 90' lang='lat' dir='ltr'><strong>non</strong></span> <span class='ocrx_word' id='word_1_842' title='bbox 3066 2793 3237 2852; x_wconf 91' lang='lat' dir='ltr'><strong>potest</strong></span> <span class='ocrx_word' id='word_1_843' title='bbox 3266 2784 3463 2853; x_wconf 55' lang='lat' dir='ltr'><strong>quibus</strong></span> <span class='ocrx_word' id='word_1_844' title='bbox 3506 2786 3593 2838; x_wconf 90' lang='lat' dir='ltr'><strong>illa</strong></span> <span class='ocrx_word' id='word_1_845' title='bbox 3636 2788 3709 2854; x_wconf 77' lang='lat' dir='ltr'><strong>pia</strong></span> <span class='ocrx_word' id='word_1_846' title='bbox 3749 2786 3817 2839; x_wconf 86' lang='lat' dir='ltr'><strong>fe-</strong></span> 
     </span>
    </p>
   </div>
   <div class='ocr_carea' id='block_1_114' title="bbox 2264 2854 3813 2924">
    <p class='ocr_par' dir='ltr' id='par_1_114' title="bbox 2264 2854 3813 2924">
     <span class='ocr_line' id='line_1_115' title="bbox 2264 2854 3813 2924; baseline 0.002 -18"><span class='ocrx_word' id='word_1_847' title='bbox 2264 2855 2402 2907; x_wconf 87' lang='lat' dir='ltr'><strong>mina</strong></span> <span class='ocrx_word' id='word_1_848' title='bbox 2434 2856 2672 2909; x_wconf 88' lang='lat' dir='ltr'><strong>Amicmn</strong></span> <span class='ocrx_word' id='word_1_849' title='bbox 2705 2856 2793 2909; x_wconf 91' lang='lat' dir='ltr'><strong>Dei</strong></span> <span class='ocrx_word' id='word_1_850' title='bbox 2829 2854 3092 2907; x_wconf 81' lang='lat' dir='ltr'><strong>flebilibus</strong></span> <span class='ocrx_word' id='word_1_851' title='bbox 3118 2855 3334 2908; x_wconf 89' lang='lat' dir='ltr'><strong>vocibus</strong></span> <span class='ocrx_word' id='word_1_852' title='bbox 3363 2855 3530 2909; x_wconf 85' lang='lat' dir='ltr'><strong>fuerit</strong></span> <span class='ocrx_word' id='word_1_853' title='bbox 3555 2870 3779 2924; x_wconf 73' lang='lat' dir='ltr'><strong>aggressa</strong></span> <span class='ocrx_word' id='word_1_854' title='bbox 3800 2897 3813 2916; x_wconf 88' lang='lat'><strong>,</strong></span> 
     </span>
    </p>
   </div>
   <div class='ocr_carea' id='block_1_115' title="bbox 2262 2926 3809 2995">
    <p class='ocr_par' dir='ltr' id='par_1_115' title="bbox 2262 2926 3809 2995">
     <span class='ocr_line' id='line_1_116' title="bbox 2262 2926 3809 2995; baseline 0.002 -20"><span class='ocrx_word' id='word_1_855' title='bbox 2262 2932 2317 2995; x_wconf 77' lang='lat' dir='ltr'><strong>et</strong></span> <span class='ocrx_word' id='word_1_856' title='bbox 2374 2935 2565 2991; x_wconf 85' lang='lat' dir='ltr'><strong>quanta</strong></span> <span class='ocrx_word' id='word_1_857' title='bbox 2623 2943 2740 2979; x_wconf 83' lang='lat' dir='ltr'><strong>cum</strong></span> <span class='ocrx_word' id='word_1_858' title='bbox 2799 2926 3138 2978; x_wconf 57' lang='lat' dir='ltr'><strong>misi-ratione</strong></span> <span class='ocrx_word' id='word_1_859' title='bbox 3193 2936 3316 2977; x_wconf 89' lang='lat' dir='ltr'><strong>ante</strong></span> <span class='ocrx_word' id='word_1_860' title='bbox 3378 2926 3561 2977; x_wconf 84' lang='lat' dir='ltr'><strong>limina</strong></span> <span class='ocrx_word' id='word_1_861' title='bbox 3620 2928 3809 2995; x_wconf 77' lang='lat' dir='ltr'><strong>gloriosi</strong></span> 
     </span>
    </p>
   </div>
   <div class='ocr_carea' id='block_1_116' title="bbox 2262 2993 3810 3064">
    <p class='ocr_par' dir='ltr' id='par_1_116' title="bbox 2262 2993 3810 3064">
     <span class='ocr_line' id='line_1_117' title="bbox 2262 2993 3810 3064; baseline 0.001 -18"><span class='ocrx_word' id='word_1_862' title='bbox 2262 2993 2504 3064; x_wconf 79' lang='lat' dir='ltr'><strong>Martyris</strong></span> <span class='ocrx_word' id='word_1_863' title='bbox 2533 3005 2789 3063; x_wconf 87' lang='lat' dir='ltr'><strong>prostrata</strong></span> <span class='ocrx_word' id='word_1_864' title='bbox 2831 2995 3026 3048; x_wconf 61' lang='lat' dir='ltr'><strong>(lﬂUStls</strong></span> <span class='ocrx_word' id='word_1_865' title='bbox 3050 2995 3133 3049; x_wconf 78' lang='lat' dir='ltr'><strong>sui</strong></span> <span class='ocrx_word' id='word_1_866' title='bbox 3158 2996 3338 3048; x_wconf 82' lang='lat' dir='ltr'><strong>Cordis</strong></span> <span class='ocrx_word' id='word_1_867' title='bbox 3362 2996 3580 3049; x_wconf 85' lang='lat' dir='ltr'><strong>dolores</strong></span> <span class='ocrx_word' id='word_1_868' title='bbox 3616 2993 3810 3063; x_wconf 80' lang='lat' dir='ltr'><strong>expres-</strong></span> 
     </span>
    </p>
   </div>
   <div class='ocr_carea' id='block_1_117' title="bbox 2262 3065 3808 3134">
    <p class='ocr_par' dir='ltr' id='par_1_117' title="bbox 2262 3065 3808 3134">
     <span class='ocr_line' id='line_1_118' title="bbox 2262 3065 3808 3134; baseline 0.001 -18"><span class='ocrx_word' id='word_1_869' title='bbox 2262 3068 2391 3118; x_wconf 89' lang='lat' dir='ltr'><strong>serit</strong></span> <span class='ocrx_word' id='word_1_870' title='bbox 2416 3105 2429 3122; x_wconf 89' lang='lat'><strong>.</strong></span> <span class='ocrx_word' id='word_1_871' title='bbox 2464 3067 2516 3118; x_wconf 90' lang='lat' dir='ltr'><strong>in</strong></span> <span class='ocrx_word' id='word_1_872' title='bbox 2565 3066 2677 3120; x_wconf 67' lang='lat' dir='ltr'><strong>hare</strong></span> <span class='ocrx_word' id='word_1_873' title='bbox 2721 3065 2879 3120; x_wconf 89' lang='lat' dir='ltr'><strong>verba</strong></span> <span class='ocrx_word' id='word_1_874' title='bbox 2913 3080 3260 3134; x_wconf 57' lang='lat' dir='ltr'><strong>l’irorumpens</strong></span> <span class='ocrx_word' id='word_1_875' title='bbox 3291 3080 3307 3117; x_wconf 90' lang='lat'><strong>:</strong></span> <span class='ocrx_word' id='word_1_876' title='bbox 3343 3067 3567 3119; x_wconf 88' lang='lat' dir='ltr'><strong>Domine</strong></span> <span class='ocrx_word' id='word_1_877' title='bbox 3610 3065 3808 3134; x_wconf 75' lang='lat' dir='ltr'><strong>Stepha-</strong></span> 
     </span>
    </p>
   </div>
   <div class='ocr_carea' id='block_1_118' title="bbox 2263 3134 3807 3200">
    <p class='ocr_par' dir='ltr' id='par_1_118' title="bbox 2263 3134 3807 3200">
     <span class='ocr_line' id='line_1_119' title="bbox 2263 3134 3807 3200; baseline 0.002 -13"><span class='ocrx_word' id='word_1_878' title='bbox 2263 3150 2367 3199; x_wconf 90' lang='lat' dir='ltr'><strong>ne,</strong></span> <span class='ocrx_word' id='word_1_879' title='bbox 2414 3134 2608 3189; x_wconf 81' lang='lat' dir='ltr'><strong>Christi</strong></span> <span class='ocrx_word' id='word_1_880' title='bbox 2657 3138 2864 3200; x_wconf 89' lang='lat' dir='ltr'><strong>amice,</strong></span> <span class='ocrx_word' id='word_1_881' title='bbox 2910 3137 3129 3189; x_wconf 83' lang='lat' dir='ltr'><strong>subveni</strong></span> <span class='ocrx_word' id='word_1_882' title='bbox 3177 3138 3331 3188; x_wconf 90' lang='lat' dir='ltr'><strong>matri</strong></span> <span class='ocrx_word' id='word_1_883' title='bbox 3379 3137 3625 3199; x_wconf 62' lang='lat' dir='ltr'><strong>timene,</strong></span> <span class='ocrx_word' id='word_1_884' title='bbox 3667 3138 3727 3188; x_wconf 88' lang='lat' dir='ltr'><strong>ad</strong></span> <span class='ocrx_word' id='word_1_885' title='bbox 3766 3147 3807 3190; x_wconf 89' lang='lat' dir='ltr'><strong>te</strong></span> 
     </span>
    </p>
   </div>
   <div class='ocr_carea' id='block_1_119' title="bbox 2261 3205 3809 3273">
    <p class='ocr_par' dir='ltr' id='par_1_119' title="bbox 2261 3205 3809 3273">
     <span class='ocr_line' id='line_1_120' title="bbox 2261 3205 3809 3273; baseline 0.001 -15"><span class='ocrx_word' id='word_1_886' title='bbox 2261 3205 2580 3272; x_wconf 74' lang='lat' dir='ltr'><strong>coafugienti</strong></span> <span class='ocrx_word' id='word_1_887' title='bbox 2642 3221 2737 3273; x_wconf 91' lang='lat' dir='ltr'><strong>pro</strong></span> <span class='ocrx_word' id='word_1_888' title='bbox 2801 3208 2970 3259; x_wconf 90' lang='lat' dir='ltr'><strong>salute</strong></span> <span class='ocrx_word' id='word_1_889' title='bbox 3025 3207 3369 3273; x_wconf 85' lang='lat' dir='ltr'><strong>periclitantis</strong></span> <span class='ocrx_word' id='word_1_890' title='bbox 3433 3206 3573 3259; x_wconf 70' lang='lat' dir='ltr'><strong>lilite.</strong></span> <span class='ocrx_word' id='word_1_891' title='bbox 3631 3205 3719 3259; x_wconf 70' lang='lat' dir='ltr'><strong>llic</strong></span> <span class='ocrx_word' id='word_1_892' title='bbox 3765 3217 3809 3260; x_wconf 87' lang='lat' dir='ltr'><strong>te</strong></span> 
     </span>
    </p>
   </div>
   <div class='ocr_carea' id='block_1_120' title="bbox 2260 3276 3807 3344">
    <p class='ocr_par' dir='ltr' id='par_1_120' title="bbox 2260 3276 3807 3344">
     <span class='ocr_line' id='line_1_121' title="bbox 2260 3276 3807 3344; baseline 0 -16"><span class='ocrx_word' id='word_1_893' title='bbox 2260 3290 2386 3344; x_wconf 85' lang='lat' dir='ltr'><strong>ergo</strong></span> <span class='ocrx_word' id='word_1_894' title='bbox 2429 3276 2726 3344; x_wconf 72' lang='lat' dir='ltr'><strong>plant-tibus</strong></span> <span class='ocrx_word' id='word_1_895' title='bbox 2768 3292 2900 3340; x_wconf 89' lang='lat' dir='ltr'><strong>oro,</strong></span> <span class='ocrx_word' id='word_1_896' title='bbox 2931 3277 3037 3329; x_wconf 91' lang='lat' dir='ltr'><strong>illic</strong></span> <span class='ocrx_word' id='word_1_897' title='bbox 3076 3285 3126 3329; x_wconf 90' lang='lat' dir='ltr'><strong>te</strong></span> <span class='ocrx_word' id='word_1_898' title='bbox 3165 3276 3353 3329; x_wconf 86' lang='lat' dir='ltr'><strong>ancilla</strong></span> <span class='ocrx_word' id='word_1_899' title='bbox 3404 3288 3490 3328; x_wconf 87' lang='lat' dir='ltr'><strong>tua</strong></span> <span class='ocrx_word' id='word_1_900' title='bbox 3523 3287 3807 3343; x_wconf 57' lang='lat' dir='ltr'><strong>prasentcut</strong></span> 
     </span>
    </p>
   </div>
   <div class='ocr_carea' id='block_1_121' title="bbox 2262 3346 3809 3415">
    <p class='ocr_par' dir='ltr' id='par_1_121' title="bbox 2262 3346 3809 3415">
     <span class='ocr_line' id='line_1_122' title="bbox 2262 3346 3809 3415; baseline 0.001 -18"><span class='ocrx_word' id='word_1_901' title='bbox 2262 3346 2521 3398; x_wconf 89' lang='lat' dir='ltr'><strong>medicum</strong></span> <span class='ocrx_word' id='word_1_902' title='bbox 2568 3349 2761 3400; x_wconf 87' lang='lat' dir='ltr'><strong>sentiat</strong></span> <span class='ocrx_word' id='word_1_903' title='bbox 2806 3348 3046 3415; x_wconf 89' lang='lat' dir='ltr'><strong>imploro.</strong></span> <span class='ocrx_word' id='word_1_904' title='bbox 3076 3348 3191 3400; x_wconf 81' lang='lat' dir='ltr'><strong>Scis</strong></span> <span class='ocrx_word' id='word_1_905' title='bbox 3237 3347 3349 3414; x_wconf 87' lang='lat' dir='ltr'><strong>ipse</strong></span> <span class='ocrx_word' id='word_1_906' title='bbox 3373 3348 3617 3415; x_wconf 75' lang='lat' dir='ltr'><strong>quaiibus</strong></span> <span class='ocrx_word' id='word_1_907' title='bbox 3656 3348 3809 3399; x_wconf 72' lang='lat' dir='ltr'><strong>musis</strong></span> 
     </span>
    </p>
   </div>
   <div class='ocr_carea' id='block_1_122' title="bbox 2261 3415 3807 3486">
    <p class='ocr_par' dir='ltr' id='par_1_122' title="bbox 2261 3415 3807 3486">
     <span class='ocr_line' id='line_1_123' title="bbox 2261 3415 3807 3486; baseline 0.001 -19"><span class='ocrx_word' id='word_1_908' title='bbox 2261 3415 2461 3468; x_wconf 88' lang='lat' dir='ltr'><strong>laboret</strong></span> <span class='ocrx_word' id='word_1_909' title='bbox 2488 3416 2704 3485; x_wconf 67' lang='lat' dir='ltr'><strong>)legetia</strong></span> <span class='ocrx_word' id='word_1_910' title='bbox 2731 3459 2745 3481; x_wconf 93' lang='lat'><strong>,</strong></span> <span class='ocrx_word' id='word_1_911' title='bbox 2778 3428 2829 3469; x_wconf 90' lang='lat' dir='ltr'><strong>et</strong></span> <span class='ocrx_word' id='word_1_912' title='bbox 2873 3419 2923 3469; x_wconf 92' lang='lat' dir='ltr'><strong>in</strong></span> <span class='ocrx_word' id='word_1_913' title='bbox 2966 3431 3070 3486; x_wconf 90' lang='lat' dir='ltr'><strong>quo</strong></span> <span class='ocrx_word' id='word_1_914' title='bbox 3096 3418 3215 3469; x_wconf 80' lang='lat' dir='ltr'><strong>vita:</strong></span> <span class='ocrx_word' id='word_1_915' title='bbox 3243 3418 3557 3469; x_wconf 82' lang='lat' dir='ltr'><strong>discrimine</strong></span> <span class='ocrx_word' id='word_1_916' title='bbox 3596 3418 3659 3469; x_wconf 87' lang='lat' dir='ltr'><strong>sit</strong></span> <span class='ocrx_word' id='word_1_917' title='bbox 3696 3434 3807 3469; x_wconf 84' lang='lat' dir='ltr'><strong>con-</strong></span> 
     </span>
    </p>
   </div>
   <div class='ocr_carea' id='block_1_123' title="bbox 2260 3486 3805 3556">
    <p class='ocr_par' dir='ltr' id='par_1_123' title="bbox 2260 3486 3805 3556">
     <span class='ocr_line' id='line_1_124' title="bbox 2260 3486 3805 3556; baseline 0.001 -19"><span class='ocrx_word' id='word_1_918' title='bbox 2260 3488 2462 3538; x_wconf 89' lang='lat' dir='ltr'><strong>stituta.</strong></span> <span class='ocrx_word' id='word_1_919' title='bbox 2509 3486 2648 3542; x_wconf 84' lang='lat' dir='ltr'><strong>Ecce</strong></span> <span class='ocrx_word' id='word_1_920' title='bbox 2690 3488 2831 3541; x_wconf 92' lang='lat' dir='ltr'><strong>enim</strong></span> <span class='ocrx_word' id='word_1_921' title='bbox 2876 3503 2941 3541; x_wconf 86' lang='lat' dir='ltr'><strong>ex</strong></span> <span class='ocrx_word' id='word_1_922' title='bbox 2984 3497 3181 3555; x_wconf 72' lang='grc' dir='ltr'>(μιίιηιι)</span> <span class='ocrx_word' id='word_1_923' title='bbox 3224 3498 3467 3555; x_wconf 87' lang='lat' dir='ltr'><strong>tempore</strong></span> <span class='ocrx_word' id='word_1_924' title='bbox 3502 3488 3676 3556; x_wconf 85' lang='lat' dir='ltr'><strong>jacet,</strong></span> <span class='ocrx_word' id='word_1_925' title='bbox 3723 3488 3805 3539; x_wconf 83' lang='lat' dir='ltr'><strong>nii-</strong></span> 
     </span>
    </p>
   </div>
   <div class='ocr_carea' id='block_1_124' title="bbox 2259 3557 3806 3626">
    <p class='ocr_par' dir='ltr' id='par_1_124' title="bbox 2259 3557 3806 3626">
     <span class='ocr_line' id='line_1_125' title="bbox 2259 3557 3806 3626; baseline -0.001 -17"><span class='ocrx_word' id='word_1_926' title='bbox 2259 3570 2376 3626; x_wconf 86' lang='lat' dir='ltr'><strong>scra</strong></span> <span class='ocrx_word' id='word_1_927' title='bbox 2426 3566 2535 3609; x_wconf 89' lang='lat' dir='ltr'><strong>toto</strong></span> <span class='ocrx_word' id='word_1_928' title='bbox 2575 3572 2802 3626; x_wconf 84' lang='lat' dir='ltr'><strong>corpore</strong></span> <span class='ocrx_word' id='word_1_929' title='bbox 2826 3599 2839 3620; x_wconf 88' lang='lat'><strong>,</strong></span> <span class='ocrx_word' id='word_1_930' title='bbox 2870 3567 2923 3611; x_wconf 91' lang='lat' dir='ltr'><strong>et</strong></span> <span class='ocrx_word' id='word_1_931' title='bbox 2961 3558 3183 3626; x_wconf 70' lang='lat' dir='ltr'><strong>paralysi</strong></span> <span class='ocrx_word' id='word_1_932' title='bbox 3211 3557 3472 3610; x_wconf 78' lang='lat' dir='ltr'><strong>diSsoluta</strong></span> <span class='ocrx_word' id='word_1_933' title='bbox 3498 3599 3511 3619; x_wconf 90' lang='lat'><strong>,</strong></span> <span class='ocrx_word' id='word_1_934' title='bbox 3541 3570 3593 3610; x_wconf 86' lang='lat' dir='ltr'><strong>et</strong></span> <span class='ocrx_word' id='word_1_935' title='bbox 3620 3559 3806 3609; x_wconf 81' lang='lat' dir='ltr'><strong>visceri-</strong></span> 
     </span>
    </p>
   </div>
   <div class='ocr_carea' id='block_1_125' title="bbox 2260 3624 3805 3696">
    <p class='ocr_par' dir='ltr' id='par_1_125' title="bbox 2260 3624 3805 3696">
     <span class='ocr_line' id='line_1_126' title="bbox 2260 3624 3805 3696; baseline 0.002 -19"><span class='ocrx_word' id='word_1_936' title='bbox 2260 3624 2359 3679; x_wconf 86' lang='lat' dir='ltr'><strong>bus</strong></span> <span class='ocrx_word' id='word_1_937' title='bbox 2410 3624 2689 3681; x_wconf 47' lang='lat' dir='ltr'><strong>tabefactai</strong></span> <span class='ocrx_word' id='word_1_938' title='bbox 2745 3624 3048 3682; x_wconf 77' lang='lat' dir='ltr'><strong>Proximum</strong></span> <span class='ocrx_word' id='word_1_939' title='bbox 3096 3624 3177 3681; x_wconf 86' lang='lat' dir='ltr'><strong>est</strong></span> <span class='ocrx_word' id='word_1_940' title='bbox 3225 3637 3446 3693; x_wconf 66' lang='lat' dir='ltr'><strong>autem,</strong></span> <span class='ocrx_word' id='word_1_941' title='bbox 3502 3638 3559 3680; x_wconf 87' lang='lat' dir='ltr'><strong>ut</strong></span> <span class='ocrx_word' id='word_1_942' title='bbox 3607 3630 3805 3696; x_wconf 85' lang='lat' dir='ltr'><strong>septimo</strong></span> 
     </span>
    </p>
   </div>
   <div class='ocr_carea' id='block_1_126' title="bbox 2259 3696 3804 3767">
    <p class='ocr_par' dir='ltr' id='par_1_126' title="bbox 2259 3696 3804 3767">
     <span class='ocr_line' id='line_1_127' title="bbox 2259 3696 3804 3767; baseline 0.002 -19"><span class='ocrx_word' id='word_1_943' title='bbox 2259 3711 2441 3750; x_wconf 87' lang='lat' dir='ltr'><strong>mense</strong></span> <span class='ocrx_word' id='word_1_944' title='bbox 2480 3699 2742 3765; x_wconf 89' lang='lat' dir='ltr'><strong>completo</strong></span> <span class='ocrx_word' id='word_1_945' title='bbox 2768 3738 2782 3761; x_wconf 85' lang='lat'><strong>,</strong></span> <span class='ocrx_word' id='word_1_946' title='bbox 2823 3697 3301 3767; x_wconf 87' lang='lat' dir='ltr'><strong>comprehendatur</strong></span> <span class='ocrx_word' id='word_1_947' title='bbox 3342 3700 3409 3750; x_wconf 86' lang='lat' dir='ltr'><strong>ab</strong></span> <span class='ocrx_word' id='word_1_948' title='bbox 3452 3706 3657 3752; x_wconf 64' lang='lat' dir='ltr'><strong>octavi).</strong></span> <span class='ocrx_word' id='word_1_949' title='bbox 3697 3696 3804 3751; x_wconf 80' lang='lat' dir='ltr'><strong>0m-</strong></span> 
     </span>
    </p>
   </div>
   <div class='ocr_carea' id='block_1_127' title="bbox 2259 3766 3802 3838">
    <p class='ocr_par' dir='ltr' id='par_1_127' title="bbox 2259 3766 3802 3838">
     <span class='ocr_line' id='line_1_128' title="bbox 2259 3766 3802 3838; baseline 0 -19"><span class='ocrx_word' id='word_1_950' title='bbox 2259 3766 2689 3838; x_wconf 9' lang='lat' dir='ltr'><strong>nesrdesperant</strong></span> <span class='ocrx_word' id='word_1_951' title='bbox 2740 3768 2807 3821; x_wconf 91' lang='lat' dir='ltr'><strong>de</strong></span> <span class='ocrx_word' id='word_1_952' title='bbox 2858 3766 3029 3822; x_wconf 84' lang='lat' dir='ltr'><strong>salute</strong></span> <span class='ocrx_word' id='word_1_953' title='bbox 3079 3768 3317 3837; x_wconf 78' lang='lat' dir='ltr'><strong>Megetia:</strong></span> <span class='ocrx_word' id='word_1_954' title='bbox 3374 3784 3387 3820; x_wconf 91' lang='lat'><strong>:</strong></span> <span class='ocrx_word' id='word_1_955' title='bbox 3445 3783 3547 3838; x_wconf 83' lang='lat' dir='ltr'><strong>ego</strong></span> <span class='ocrx_word' id='word_1_956' title='bbox 3594 3784 3704 3837; x_wconf 71' lang='lat' dir='ltr'><strong>qua:</strong></span> <span class='ocrx_word' id='word_1_957' title='bbox 3748 3768 3802 3819; x_wconf 70' lang='lat' dir='ltr'><strong>ad</strong></span> 
     </span>
    </p>
   </div>
   <div class='ocr_carea' id='block_1_128' title="bbox 2257 3836 3802 3907">
    <p class='ocr_par' dir='ltr' id='par_1_128' title="bbox 2257 3836 3802 3907">
     <span class='ocr_line' id='line_1_129' title="bbox 2257 3836 3802 3907; baseline 0 -19"><span class='ocrx_word' id='word_1_958' title='bbox 2257 3836 2524 3890; x_wconf 80' lang='lat' dir='ltr'><strong>Christum</strong></span> <span class='ocrx_word' id='word_1_959' title='bbox 2568 3849 2619 3891; x_wconf 89' lang='lat' dir='ltr'><strong>et</strong></span> <span class='ocrx_word' id='word_1_960' title='bbox 2661 3848 2710 3893; x_wconf 90' lang='lat' dir='ltr'><strong>te</strong></span> <span class='ocrx_word' id='word_1_961' title='bbox 2734 3881 2747 3901; x_wconf 86' lang='lat'><strong>,</strong></span> <span class='ocrx_word' id='word_1_962' title='bbox 2778 3839 3017 3892; x_wconf 83' lang='lat' dir='ltr'><strong>Amicum</strong></span> <span class='ocrx_word' id='word_1_963' title='bbox 3056 3836 3209 3904; x_wconf 82' lang='lat' dir='ltr'><strong>ejus,</strong></span> <span class='ocrx_word' id='word_1_964' title='bbox 3238 3839 3454 3907; x_wconf 84' lang='lat' dir='ltr'><strong>confugi</strong></span> <span class='ocrx_word' id='word_1_965' title='bbox 3481 3836 3501 3900; x_wconf 70' lang='grc' dir='ltr'><em>ζ</em></span> <span class='ocrx_word' id='word_1_966' title='bbox 3526 3836 3681 3892; x_wconf 83' lang='lat' dir='ltr'><strong>credo</strong></span> <span class='ocrx_word' id='word_1_967' title='bbox 3703 3840 3802 3905; x_wconf 62' lang='lat' dir='ltr'><strong>quo</strong></span> 
     </span>
    </p>
   </div>
   <div class='ocr_carea' id='block_1_129' title="bbox 2259 3908 3804 3977">
    <p class='ocr_par' dir='ltr' id='par_1_129' title="bbox 2259 3908 3804 3977">
     <span class='ocr_line' id='line_1_130' title="bbox 2259 3908 3804 3977; baseline 0 -18"><span class='ocrx_word' id='word_1_968' title='bbox 2259 3908 2377 3959; x_wconf 89' lang='lat' dir='ltr'><strong>talis</strong></span> <span class='ocrx_word' id='word_1_969' title='bbox 2406 3908 2575 3961; x_wconf 91' lang='lat' dir='ltr'><strong>luctus</strong></span> <span class='ocrx_word' id='word_1_970' title='bbox 2601 3909 2665 3961; x_wconf 92' lang='lat' dir='ltr'><strong>de</strong></span> <span class='ocrx_word' id='word_1_971' title='bbox 2711 3910 2814 3961; x_wconf 61' lang='lat' dir='ltr'><strong>filia</strong></span> <span class='ocrx_word' id='word_1_972' title='bbox 2845 3924 2948 3962; x_wconf 92' lang='lat' dir='ltr'><strong>non</strong></span> <span class='ocrx_word' id='word_1_973' title='bbox 2980 3910 3279 3974; x_wconf 86' lang='lat' dir='ltr'><strong>imponetur</strong></span> <span class='ocrx_word' id='word_1_974' title='bbox 3318 3909 3482 3977; x_wconf 87' lang='lat' dir='ltr'><strong>capiti</strong></span> <span class='ocrx_word' id='word_1_975' title='bbox 3524 3924 3658 3962; x_wconf 89' lang='lat' dir='ltr'><strong>meo.</strong></span> <span class='ocrx_word' id='word_1_976' title='bbox 3699 3909 3804 3960; x_wconf 77' lang='lat' dir='ltr'><strong>l’eto</strong></span> 
     </span>
    </p>
   </div>
   <div class='ocr_carea' id='block_1_130' title="bbox 2255 3978 3804 4047">
    <p class='ocr_par' dir='ltr' id='par_1_130' title="bbox 2255 3978 3804 4047">
     <span class='ocr_line' id='line_1_131' title="bbox 2255 3978 3804 4047; baseline 0.001 -19"><span class='ocrx_word' id='word_1_977' title='bbox 2255 3986 2433 4031; x_wconf 86' lang='lat' dir='ltr'><strong>autem</strong></span> <span class='ocrx_word' id='word_1_978' title='bbox 2478 3989 2531 4032; x_wconf 91' lang='lat' dir='ltr'><strong>et</strong></span> <span class='ocrx_word' id='word_1_979' title='bbox 2573 3995 2737 4047; x_wconf 85' lang='lat' dir='ltr'><strong>rogo,</strong></span> <span class='ocrx_word' id='word_1_980' title='bbox 2769 3989 2823 4031; x_wconf 91' lang='lat' dir='ltr'><strong>ut</strong></span> <span class='ocrx_word' id='word_1_981' title='bbox 2848 4020 2861 4044; x_wconf 94' lang='lat'><strong>,</strong></span> <span class='ocrx_word' id='word_1_982' title='bbox 2903 3993 3021 4032; x_wconf 85' lang='lat' dir='ltr'><strong>eum</strong></span> <span class='ocrx_word' id='word_1_983' title='bbox 3068 3978 3187 4031; x_wconf 90' lang='lat' dir='ltr'><strong>hinc</strong></span> <span class='ocrx_word' id='word_1_984' title='bbox 3214 3995 3244 4031; x_wconf 86' lang='lat' dir='ltr'><strong>a</strong></span> <span class='ocrx_word' id='word_1_985' title='bbox 3275 3994 3474 4032; x_wconf 88' lang='lat' dir='ltr'><strong>corona</strong></span> <span class='ocrx_word' id='word_1_986' title='bbox 3521 3990 3604 4030; x_wconf 84' lang='lat' dir='ltr'><strong>tua</strong></span> <span class='ocrx_word' id='word_1_987' title='bbox 3646 3994 3804 4031; x_wconf 78' lang='lat' dir='ltr'><strong>rever-</strong></span> 
     </span>
    </p>
   </div>
   <div class='ocr_carea' id='block_1_131' title="bbox 2257 4048 3804 4117">
    <p class='ocr_par' dir='ltr' id='par_1_131' title="bbox 2257 4048 3804 4117">
     <span class='ocr_line' id='line_1_132' title="bbox 2257 4048 3804 4117; baseline 0.001 -18"><span class='ocrx_word' id='word_1_988' title='bbox 2257 4054 2373 4101; x_wconf 86' lang='lat' dir='ltr'><strong>tens</strong></span> <span class='ocrx_word' id='word_1_989' title='bbox 2414 4048 2723 4103; x_wconf 80' lang='lat' dir='ltr'><strong>festinanter</strong></span> <span class='ocrx_word' id='word_1_990' title='bbox 2764 4049 2827 4102; x_wconf 89' lang='lat' dir='ltr'><strong>ad</strong></span> <span class='ocrx_word' id='word_1_991' title='bbox 2872 4050 3114 4102; x_wconf 78' lang='lat' dir='ltr'><strong>ancillam</strong></span> <span class='ocrx_word' id='word_1_992' title='bbox 3160 4059 3301 4101; x_wconf 90' lang='lat' dir='ltr'><strong>tuam</strong></span> <span class='ocrx_word' id='word_1_993' title='bbox 3349 4048 3609 4117; x_wconf 85' lang='lat' dir='ltr'><strong>proficisci</strong></span> <span class='ocrx_word' id='word_1_994' title='bbox 3645 4064 3804 4116; x_wconf 67' lang='lat' dir='ltr'><strong>cape-</strong></span> 
     </span>
    </p>
   </div>
   <div class='ocr_carea' id='block_1_132' title="bbox 2258 4119 3803 4187">
    <p class='ocr_par' dir='ltr' id='par_1_132' title="bbox 2258 4119 3803 4187">
     <span class='ocr_line' id='line_1_133' title="bbox 2258 4119 3803 4187; baseline -0.003 -18"><span class='ocrx_word' id='word_1_995' title='bbox 2258 4132 2319 4170; x_wconf 92' lang='lat' dir='ltr'><strong>ro</strong></span> <span class='ocrx_word' id='word_1_996' title='bbox 2343 4158 2357 4180; x_wconf 86' lang='lat'><strong>,</strong></span> <span class='ocrx_word' id='word_1_997' title='bbox 2406 4131 2675 4172; x_wconf 87' lang='lat' dir='ltr'><strong>recreetur</strong></span> <span class='ocrx_word' id='word_1_998' title='bbox 2701 4120 2874 4172; x_wconf 86' lang='lat' dir='ltr'><strong>anima</strong></span> <span class='ocrx_word' id='word_1_999' title='bbox 2902 4135 3015 4173; x_wconf 88' lang='lat' dir='ltr'><strong>mea</strong></span> <span class='ocrx_word' id='word_1_1000' title='bbox 3061 4119 3126 4172; x_wconf 89' lang='lat' dir='ltr'><strong>de</strong></span> <span class='ocrx_word' id='word_1_1001' title='bbox 3154 4120 3258 4171; x_wconf 90' lang='lat' dir='ltr'><strong>lilia</strong></span> <span class='ocrx_word' id='word_1_1002' title='bbox 3300 4120 3479 4187; x_wconf 85' lang='lat' dir='ltr'><strong>aliquo</strong></span> <span class='ocrx_word' id='word_1_1003' title='bbox 3522 4121 3697 4171; x_wconf 89' lang='lat' dir='ltr'><strong>nuntio</strong></span> <span class='ocrx_word' id='word_1_1004' title='bbox 3723 4124 3803 4170; x_wconf 83' lang='lat' dir='ltr'><strong>bu-</strong></span> 
     </span>
    </p>
   </div>
   <div class='ocr_carea' id='block_1_133' title="bbox 2258 4188 3803 4244">
    <p class='ocr_par' dir='ltr' id='par_1_133' title="bbox 2258 4188 3803 4244">
     <span class='ocr_line' id='line_1_134' title="bbox 2258 4188 3803 4244; baseline -0.001 -5"><span class='ocrx_word' id='word_1_1005' title='bbox 2258 4202 2345 4239; x_wconf 89' lang='lat' dir='ltr'><strong>no.</strong></span> <span class='ocrx_word' id='word_1_1006' title='bbox 2402 4188 2494 4242; x_wconf 91' lang='lat' dir='ltr'><strong>llis</strong></span> <span class='ocrx_word' id='word_1_1007' title='bbox 2550 4198 2605 4243; x_wconf 91' lang='lat' dir='ltr'><strong>et</strong></span> <span class='ocrx_word' id='word_1_1008' title='bbox 2654 4188 2840 4244; x_wconf 83' lang='lat' dir='ltr'><strong>horum</strong></span> <span class='ocrx_word' id='word_1_1009' title='bbox 2901 4190 3161 4243; x_wconf 90' lang='lat' dir='ltr'><strong>similibus</strong></span> <span class='ocrx_word' id='word_1_1010' title='bbox 3214 4190 3396 4242; x_wconf 89' lang='lat' dir='ltr'><strong>multis</strong></span> <span class='ocrx_word' id='word_1_1011' title='bbox 3448 4188 3683 4243; x_wconf 84' lang='lat' dir='ltr'><strong>affatibus</strong></span> <span class='ocrx_word' id='word_1_1012' title='bbox 3729 4188 3803 4239; x_wconf 86' lang='lat' dir='ltr'><strong>ubi</strong></span> 
     </span>
    </p>
   </div>
   <div class='ocr_carea' id='block_1_134' title="bbox 2255 4259 3802 4313">
    <p class='ocr_par' dir='ltr' id='par_1_134' title="bbox 2255 4259 3802 4313">
     <span class='ocr_line' id='line_1_135' title="bbox 2255 4259 3802 4313; baseline -0.001 -3"><span class='ocrx_word' id='word_1_1013' title='bbox 2255 4260 2384 4311; x_wconf 89' lang='lat' dir='ltr'><strong>satis</strong></span> <span class='ocrx_word' id='word_1_1014' title='bbox 2430 4261 2539 4312; x_wconf 87' lang='lat' dir='ltr'><strong>visa</strong></span> <span class='ocrx_word' id='word_1_1015' title='bbox 2586 4268 2668 4312; x_wconf 88' lang='lat' dir='ltr'><strong>est</strong></span> <span class='ocrx_word' id='word_1_1016' title='bbox 2710 4259 2808 4313; x_wconf 91' lang='lat' dir='ltr'><strong>sibi</strong></span> <span class='ocrx_word' id='word_1_1017' title='bbox 2862 4260 3108 4313; x_wconf 88' lang='lat' dir='ltr'><strong>idoneum</strong></span> <span class='ocrx_word' id='word_1_1018' title='bbox 3158 4259 3474 4312; x_wconf 76' lang='lat' dir='ltr'><strong>instruxisse</strong></span> <span class='ocrx_word' id='word_1_1019' title='bbox 3516 4261 3802 4311; x_wconf 68' lang='lat' dir='ltr'><strong>advocatum</strong></span> 
     </span>
    </p>
   </div>
   <div class='ocr_carea' id='block_1_135' title="bbox 2254 4328 3803 4398">
    <p class='ocr_par' dir='ltr' id='par_1_135' title="bbox 2254 4328 3803 4398">
     <span class='ocr_line' id='line_1_136' title="bbox 2254 4328 3803 4398; baseline -0.001 -19"><span class='ocrx_word' id='word_1_1020' title='bbox 2254 4338 2492 4381; x_wconf 72' lang='lat' dir='ltr'><strong>sanctum</strong></span> <span class='ocrx_word' id='word_1_1021' title='bbox 2534 4328 2859 4397; x_wconf 88' lang='lat' dir='ltr'><strong>Stephanum</strong></span> <span class='ocrx_word' id='word_1_1022' title='bbox 2903 4330 3041 4397; x_wconf 90' lang='lat' dir='ltr'><strong>apud</strong></span> <span class='ocrx_word' id='word_1_1023' title='bbox 3083 4328 3313 4398; x_wconf 84' lang='lat' dir='ltr'><strong>judicent</strong></span> <span class='ocrx_word' id='word_1_1024' title='bbox 3356 4328 3657 4392; x_wconf 84' lang='lat' dir='ltr'><strong>Christum,</strong></span> <span class='ocrx_word' id='word_1_1025' title='bbox 3700 4342 3803 4395; x_wconf 86' lang='lat' dir='ltr'><strong>pro-</strong></span> 
     </span>
    </p>
   </div>
   <div class='ocr_carea' id='block_1_136' title="bbox 2256 4400 3801 4465">
    <p class='ocr_par' dir='ltr' id='par_1_136' title="bbox 2256 4400 3801 4465">
     <span class='ocr_line' id='line_1_137' title="bbox 2256 4400 3801 4465; baseline -0.002 -14"><span class='ocrx_word' id='word_1_1026' title='bbox 2256 4413 2381 4465; x_wconf 87' lang='lat' dir='ltr'><strong>pere</strong></span> <span class='ocrx_word' id='word_1_1027' title='bbox 2428 4400 2493 4451; x_wconf 90' lang='lat' dir='ltr'><strong>ad</strong></span> <span class='ocrx_word' id='word_1_1028' title='bbox 2545 4401 2872 4454; x_wconf 87' lang='lat' dir='ltr'><strong>revisendam</strong></span> <span class='ocrx_word' id='word_1_1029' title='bbox 2923 4402 3121 4462; x_wconf 87' lang='lat' dir='ltr'><strong>filiam,</strong></span> <span class='ocrx_word' id='word_1_1030' title='bbox 3173 4415 3329 4451; x_wconf 89' lang='lat' dir='ltr'><strong>unam</strong></span> <span class='ocrx_word' id='word_1_1031' title='bbox 3372 4410 3425 4453; x_wconf 89' lang='lat' dir='ltr'><strong>et</strong></span> <span class='ocrx_word' id='word_1_1032' title='bbox 3470 4400 3632 4452; x_wconf 87' lang='lat' dir='ltr'><strong>solam</strong></span> <span class='ocrx_word' id='word_1_1033' title='bbox 3672 4414 3801 4449; x_wconf 81' lang='lat' dir='ltr'><strong>suam</strong></span> 
     </span>
    </p>
   </div>
   <div class='ocr_carea' id='block_1_137' title="bbox 2256 4470 3800 4537">
    <p class='ocr_par' dir='ltr' id='par_1_137' title="bbox 2256 4470 3800 4537">
     <span class='ocr_line' id='line_1_138' title="bbox 2256 4470 3800 4537; baseline -0.001 -18"><span class='ocrx_word' id='word_1_1034' title='bbox 2256 4470 2537 4537; x_wconf 79' lang='lat' dir='ltr'><strong>maximam</strong></span> <span class='ocrx_word' id='word_1_1035' title='bbox 2590 4485 2809 4535; x_wconf 90' lang='lat' dir='ltr'><strong>curam,</strong></span> <span class='ocrx_word' id='word_1_1036' title='bbox 2861 4479 3029 4523; x_wconf 84' lang='lat' dir='ltr'><strong>mater</strong></span> <span class='ocrx_word' id='word_1_1037' title='bbox 3089 4470 3468 4537; x_wconf 87' lang='lat' dir='ltr'><strong>parturibunda</strong></span> <span class='ocrx_word' id='word_1_1038' title='bbox 3522 4470 3800 4537; x_wconf 87' lang='lat' dir='ltr'><strong>revertitur.</strong></span> 
     </span>
    </p>
   </div>
   <div class='ocr_carea' id='block_1_138' title="bbox 2254 4536 3805 4604">
    <p class='ocr_par' dir='ltr' id='par_1_138' title="bbox 2254 4536 3805 4604">
     <span class='ocr_line' id='line_1_139' title="bbox 2254 4536 3805 4604; baseline -0.001 -13"><span class='ocrx_word' id='word_1_1039' title='bbox 2254 4536 2441 4591; x_wconf 87' lang='lat' dir='ltr'><strong>Oleum</strong></span> <span class='ocrx_word' id='word_1_1040' title='bbox 2488 4550 2661 4592; x_wconf 89' lang='lat' dir='ltr'><strong>tamen</strong></span> <span class='ocrx_word' id='word_1_1041' title='bbox 2703 4536 3127 4604; x_wconf 79' lang='lat' dir='ltr'><strong>sanctificatum,</strong></span> <span class='ocrx_word' id='word_1_1042' title='bbox 3173 4549 3227 4591; x_wconf 89' lang='lat' dir='ltr'><strong>et</strong></span> <span class='ocrx_word' id='word_1_1043' title='bbox 3270 4542 3504 4592; x_wconf 88' lang='lat' dir='ltr'><strong>orarium</strong></span> <span class='ocrx_word' id='word_1_1044' title='bbox 3550 4540 3627 4592; x_wconf 89' lang='lat' dir='ltr'><strong>vel</strong></span> <span class='ocrx_word' id='word_1_1045' title='bbox 3666 4536 3805 4590; x_wconf 66' lang='lat' dir='ltr'><strong>suda-</strong></span> 
     </span>
    </p>
   </div>
   <div class='ocr_carea' id='block_1_139' title="bbox 2256 4608 3802 4677">
    <p class='ocr_par' dir='ltr' id='par_1_139' title="bbox 2256 4608 3802 4677">
     <span class='ocr_line' id='line_1_140' title="bbox 2256 4608 3802 4677; baseline 0 -19"><span class='ocrx_word' id='word_1_1046' title='bbox 2256 4610 2391 4677; x_wconf 81' lang='lat' dir='ltr'><strong>rium</strong></span> <span class='ocrx_word' id='word_1_1047' title='bbox 2437 4610 2733 4661; x_wconf 90' lang='lat' dir='ltr'><strong>orationum</strong></span> <span class='ocrx_word' id='word_1_1048' title='bbox 2784 4611 2799 4640; x_wconf 83' lang='grc'>¹</span> <span class='ocrx_word' id='word_1_1049' title='bbox 2848 4625 3062 4663; x_wconf 88' lang='lat' dir='ltr'><strong>suarum</strong></span> <span class='ocrx_word' id='word_1_1050' title='bbox 3108 4608 3468 4677; x_wconf 90' lang='lat' dir='ltr'><strong>sudornmque</strong></span> <span class='ocrx_word' id='word_1_1051' title='bbox 3518 4625 3611 4677; x_wconf 87' lang='lat' dir='ltr'><strong>pro</strong></span> <span class='ocrx_word' id='word_1_1052' title='bbox 3651 4608 3802 4677; x_wconf 84' lang='lat' dir='ltr'><strong>salute</strong></span> 
     </span>
    </p>
   </div>
   <div class='ocr_carea' id='block_1_140' title="bbox 2254 4676 3799 4749">
    <p class='ocr_par' dir='ltr' id='par_1_140' title="bbox 2254 4676 3799 4749">
     <span class='ocr_line' id='line_1_141' title="bbox 2254 4676 3799 4749; baseline 0 -20"><span class='ocrx_word' id='word_1_1053' title='bbox 2254 4676 2375 4729; x_wconf 80' lang='lat' dir='ltr'><strong>filia:</strong></span> <span class='ocrx_word' id='word_1_1054' title='bbox 2420 4678 2705 4732; x_wconf 88' lang='lat' dir='ltr'><strong>laborantis</strong></span> <span class='ocrx_word' id='word_1_1055' title='bbox 2756 4680 3153 4742; x_wconf 85' lang='lat' dir='ltr'><strong>testimonium,</strong></span> <span class='ocrx_word' id='word_1_1056' title='bbox 3186 4695 3215 4730; x_wconf 89' lang='lat' dir='ltr'><strong>a</strong></span> <span class='ocrx_word' id='word_1_1057' title='bbox 3246 4676 3391 4732; x_wconf 87' lang='lat' dir='ltr'><strong>beati</strong></span> <span class='ocrx_word' id='word_1_1058' title='bbox 3428 4676 3666 4749; x_wconf 77' lang='lat' dir='ltr'><strong>Martyris</strong></span> <span class='ocrx_word' id='word_1_1059' title='bbox 3704 4676 3799 4730; x_wconf 72' lang='lat' dir='ltr'><strong>Mc-</strong></span> 
     </span>
    </p>
   </div>
   <div class='ocr_carea' id='block_1_141' title="bbox 2255 4748 3798 4817">
    <p class='ocr_par' dir='ltr' id='par_1_141' title="bbox 2255 4748 3798 4817">
     <span class='ocr_line' id='line_1_142' title="bbox 2255 4748 3798 4817; baseline -0.001 -17"><span class='ocrx_word' id='word_1_1060' title='bbox 2255 4748 2420 4800; x_wconf 91' lang='lat' dir='ltr'><strong>moria</strong></span> <span class='ocrx_word' id='word_1_1061' title='bbox 2448 4764 2627 4801; x_wconf 88' lang='lat' dir='ltr'><strong>secum</strong></span> <span class='ocrx_word' id='word_1_1062' title='bbox 2672 4750 2869 4816; x_wconf 82' lang='lat' dir='ltr'><strong>pariter</strong></span> <span class='ocrx_word' id='word_1_1063' title='bbox 2894 4750 3214 4817; x_wconf 85' lang='lat' dir='ltr'><strong>reportabat.</strong></span> <span class='ocrx_word' id='word_1_1064' title='bbox 3246 4750 3381 4803; x_wconf 76' lang='lat' dir='ltr'><strong>Ecce</strong></span> <span class='ocrx_word' id='word_1_1065' title='bbox 3424 4748 3583 4817; x_wconf 83' lang='lat' dir='ltr'><strong>igitur</strong></span> <span class='ocrx_word' id='word_1_1066' title='bbox 3622 4749 3669 4800; x_wconf 92' lang='lat' dir='ltr'><strong>in</strong></span> <span class='ocrx_word' id='word_1_1067' title='bbox 3695 4749 3763 4799; x_wconf 81' lang='lat' dir='ltr'><strong>via</strong></span> <span class='ocrx_word' id='word_1_1068' title='bbox 3785 4787 3798 4808; x_wconf 92' lang='lat'><strong>,</strong></span> 
     </span>
    </p>
   </div>
   <div class='ocr_carea' id='block_1_142' title="bbox 2252 4818 3798 4889">
    <p class='ocr_par' dir='ltr' id='par_1_142' title="bbox 2252 4818 3798 4889">
     <span class='ocr_line' id='line_1_143' title="bbox 2252 4818 3798 4889; baseline -0.003 -19"><span class='ocrx_word' id='word_1_1069' title='bbox 2252 4832 2372 4870; x_wconf 88' lang='lat' dir='ltr'><strong>eum</strong></span> <span class='ocrx_word' id='word_1_1070' title='bbox 2419 4818 2846 4872; x_wconf 88' lang='lat' dir='ltr'><strong>declinandorum</strong></span> <span class='ocrx_word' id='word_1_1071' title='bbox 2890 4830 3110 4873; x_wconf 75' lang='lat' dir='ltr'><strong>a&#39;stuum</strong></span> <span class='ocrx_word' id='word_1_1072' title='bbox 3159 4821 3325 4888; x_wconf 81' lang='lat' dir='ltr'><strong>gratia</strong></span> <span class='ocrx_word' id='word_1_1073' title='bbox 3377 4820 3538 4889; x_wconf 87' lang='lat' dir='ltr'><strong>(nam</strong></span> <span class='ocrx_word' id='word_1_1074' title='bbox 3583 4819 3798 4872; x_wconf 75' lang='lat' dir='ltr'><strong>:estivum</strong></span> 
     </span>
    </p>
   </div>
   <div class='ocr_carea' id='block_1_143' title="bbox 2257 4890 3799 4958">
    <p class='ocr_par' dir='ltr' id='par_1_143' title="bbox 2257 4890 3799 4958">
     <span class='ocr_line' id='line_1_144' title="bbox 2257 4890 3799 4958; baseline -0.001 -19"><span class='ocrx_word' id='word_1_1075' title='bbox 2257 4895 2462 4954; x_wconf 87' lang='lat' dir='ltr'><strong>tempus</strong></span> <span class='ocrx_word' id='word_1_1076' title='bbox 2503 4898 2654 4951; x_wconf 85' lang='lat' dir='ltr'><strong>erat,</strong></span> <span class='ocrx_word' id='word_1_1077' title='bbox 2683 4906 2786 4956; x_wconf 91' lang='lat' dir='ltr'><strong>quo</strong></span> <span class='ocrx_word' id='word_1_1078' title='bbox 2829 4890 3010 4957; x_wconf 84' lang='lat' dir='ltr'><strong>igneus</strong></span> <span class='ocrx_word' id='word_1_1079' title='bbox 3054 4891 3131 4943; x_wconf 91' lang='lat' dir='ltr'><strong>sol</strong></span> <span class='ocrx_word' id='word_1_1080' title='bbox 3177 4901 3345 4942; x_wconf 85' lang='lat' dir='ltr'><strong>terras</strong></span> <span class='ocrx_word' id='word_1_1081' title='bbox 3391 4891 3609 4958; x_wconf 88' lang='lat' dir='ltr'><strong>urebat)</strong></span> <span class='ocrx_word' id='word_1_1082' title='bbox 3640 4901 3799 4941; x_wconf 76' lang='lat' dir='ltr'><strong>seces-</strong></span> 
     </span>
    </p>
   </div>
   <div class='ocr_carea' id='block_1_144' title="bbox 2254 4958 3799 5027">
    <p class='ocr_par' dir='ltr' id='par_1_144' title="bbox 2254 4958 3799 5027">
     <span class='ocr_line' id='line_1_145' title="bbox 2254 4958 3799 5027; baseline -0.002 -18"><span class='ocrx_word' id='word_1_1083' title='bbox 2254 4959 2447 5019; x_wconf 59' lang='lat' dir='ltr'><strong>sisset,</strong></span> <span class='ocrx_word' id='word_1_1084' title='bbox 2493 4958 2668 5012; x_wconf 86' lang='lat' dir='ltr'><strong>subito</strong></span> <span class='ocrx_word' id='word_1_1085' title='bbox 2716 4959 3029 5012; x_wconf 89' lang='lat' dir='ltr'><strong>adveniente</strong></span> <span class='ocrx_word' id='word_1_1086' title='bbox 3080 4961 3263 5012; x_wconf 90' lang='lat' dir='ltr'><strong>nuntio</strong></span> <span class='ocrx_word' id='word_1_1087' title='bbox 3304 4960 3509 5027; x_wconf 87' lang='lat' dir='ltr'><strong>accepit</strong></span> <span class='ocrx_word' id='word_1_1088' title='bbox 3552 4960 3736 5010; x_wconf 72' lang='lat' dir='ltr'><strong>litteras</strong></span> <span class='ocrx_word' id='word_1_1089' title='bbox 3773 4971 3799 5006; x_wconf 67' lang='grc' dir='ltr'>τι</span> 
     </span>
    </p>
   </div>
   <div class='ocr_carea' id='block_1_145' title="bbox 2257 5027 3799 5097">
    <p class='ocr_par' dir='ltr' id='par_1_145' title="bbox 2257 5027 3799 5097">
     <span class='ocr_line' id='line_1_146' title="bbox 2257 5027 3799 5097; baseline 0 -20"><span class='ocrx_word' id='word_1_1090' title='bbox 2257 5028 2369 5079; x_wconf 86' lang='lat' dir='ltr'><strong>viro</strong></span> <span class='ocrx_word' id='word_1_1091' title='bbox 2413 5044 2508 5079; x_wconf 80' lang='lat' dir='ltr'><strong>suo</strong></span> <span class='ocrx_word' id='word_1_1092' title='bbox 2538 5030 2605 5082; x_wconf 92' lang='lat' dir='ltr'><strong>de</strong></span> <span class='ocrx_word' id='word_1_1093' title='bbox 2632 5030 2947 5097; x_wconf 78' lang='lat' dir='ltr'><strong>Carthagine</strong></span> <span class='ocrx_word' id='word_1_1094' title='bbox 2975 5030 3203 5083; x_wconf 79' lang='lat' dir='ltr'><strong>directas</strong></span> <span class='ocrx_word' id='word_1_1095' title='bbox 3226 5071 3241 5092; x_wconf 89' lang='lat'><strong>,</strong></span> <span class='ocrx_word' id='word_1_1096' title='bbox 3286 5031 3420 5081; x_wconf 84' lang='lat' dir='ltr'><strong>sicut</strong></span> <span class='ocrx_word' id='word_1_1097' title='bbox 3452 5032 3681 5095; x_wconf 84' lang='lat' dir='ltr'><strong>precibus</strong></span> <span class='ocrx_word' id='word_1_1098' title='bbox 3704 5027 3799 5077; x_wconf 85' lang='lat' dir='ltr'><strong>suis</strong></span> 
     </span>
    </p>
   </div>
   <div class='ocr_carea' id='block_1_146' title="bbox 2257 5096 3799 5168">
    <p class='ocr_par' dir='ltr' id='par_1_146' title="bbox 2257 5096 3799 5168">
     <span class='ocr_line' id='line_1_147' title="bbox 2257 5096 3799 5168; baseline 0.001 -23"><span class='ocrx_word' id='word_1_1099' title='bbox 2257 5098 2649 5168; x_wconf 86' lang='lat' dir='ltr'><strong>postulaverat,</strong></span> <span class='ocrx_word' id='word_1_1100' title='bbox 2709 5100 2759 5151; x_wconf 93' lang='lat' dir='ltr'><strong>in</strong></span> <span class='ocrx_word' id='word_1_1101' title='bbox 2813 5096 3003 5168; x_wconf 83' lang='lat' dir='ltr'><strong>quibus</strong></span> <span class='ocrx_word' id='word_1_1102' title='bbox 3057 5101 3296 5168; x_wconf 76' lang='lat' dir='ltr'><strong>proxime</strong></span> <span class='ocrx_word' id='word_1_1103' title='bbox 3348 5098 3522 5151; x_wconf 87' lang='lat' dir='ltr'><strong>futura</strong></span> <span class='ocrx_word' id='word_1_1104' title='bbox 3584 5096 3799 5149; x_wconf 65' lang='lat' dir='ltr'><strong>libentia</strong></span> 
     </span>
    </p>
   </div>
   <div class='ocr_carea' id='block_1_147' title="bbox 2256 5167 3798 5237">
    <p class='ocr_par' dir='ltr' id='par_1_147' title="bbox 2256 5167 3798 5237">
     <span class='ocr_line' id='line_1_148' title="bbox 2256 5167 3798 5237; baseline 0 -19"><span class='ocrx_word' id='word_1_1105' title='bbox 2256 5167 2376 5237; x_wconf 75' lang='lat' dir='ltr'><strong>lilia:</strong></span> <span class='ocrx_word' id='word_1_1106' title='bbox 2421 5168 2709 5237; x_wconf 85' lang='lat' dir='ltr'><strong>significata</strong></span> <span class='ocrx_word' id='word_1_1107' title='bbox 2743 5177 2875 5221; x_wconf 89' lang='lat' dir='ltr'><strong>erat.</strong></span> <span class='ocrx_word' id='word_1_1108' title='bbox 2907 5167 3037 5222; x_wconf 85' lang='lat' dir='ltr'><strong>Nam</strong></span> <span class='ocrx_word' id='word_1_1109' title='bbox 3063 5167 3317 5222; x_wconf 89' lang='lat' dir='ltr'><strong>mensem</strong></span> <span class='ocrx_word' id='word_1_1110' title='bbox 3368 5180 3610 5221; x_wconf 88' lang='lat' dir='ltr'><strong>octavum</strong></span> <span class='ocrx_word' id='word_1_1111' title='bbox 3654 5168 3798 5219; x_wconf 74' lang='lat' dir='ltr'><strong>altera</strong></span> 
     </span>
    </p>
   </div>
   <div class='ocr_carea' id='block_1_148' title="bbox 2256 5236 3797 5307">
    <p class='ocr_par' dir='ltr' id='par_1_148' title="bbox 2256 5236 3797 5307">
     <span class='ocr_line' id='line_1_149' title="bbox 2256 5236 3797 5307; baseline -0.003 -18"><span class='ocrx_word' id='word_1_1112' title='bbox 2256 5236 2343 5290; x_wconf 86' lang='lat' dir='ltr'><strong>die</strong></span> <span class='ocrx_word' id='word_1_1113' title='bbox 2388 5236 2687 5307; x_wconf 86' lang='lat' dir='ltr'><strong>ingressura</strong></span> <span class='ocrx_word' id='word_1_1114' title='bbox 2733 5239 2836 5290; x_wconf 91' lang='lat' dir='ltr'><strong>filia</strong></span> <span class='ocrx_word' id='word_1_1115' title='bbox 2875 5238 3183 5303; x_wconf 86' lang='lat' dir='ltr'><strong>dicebatur,</strong></span> <span class='ocrx_word' id='word_1_1116' title='bbox 3224 5240 3603 5306; x_wconf 87' lang='lat' dir='ltr'><strong>aliquantulum</strong></span> <span class='ocrx_word' id='word_1_1117' title='bbox 3645 5249 3797 5289; x_wconf 85' lang='lat' dir='ltr'><strong>tamen</strong></span> 
     </span>
    </p>
   </div>
   <div class='ocr_carea' id='block_1_149' title="bbox 2256 5308 3793 5378">
    <p class='ocr_par' dir='ltr' id='par_1_149' title="bbox 2256 5308 3793 5378">
     <span class='ocr_line' id='line_1_150' title="bbox 2256 5308 3793 5378; baseline -0.001 -20"><span class='ocrx_word' id='word_1_1118' title='bbox 2256 5308 2491 5376; x_wconf 87' lang='lat' dir='ltr'><strong>vegetior</strong></span> <span class='ocrx_word' id='word_1_1119' title='bbox 2535 5322 2691 5371; x_wconf 89' lang='lat' dir='ltr'><strong>esse,</strong></span> <span class='ocrx_word' id='word_1_1120' title='bbox 2718 5318 2771 5361; x_wconf 93' lang='lat' dir='ltr'><strong>et</strong></span> <span class='ocrx_word' id='word_1_1121' title='bbox 2813 5308 2893 5361; x_wconf 89' lang='lat' dir='ltr'><strong>sui</strong></span> <span class='ocrx_word' id='word_1_1122' title='bbox 2931 5309 3039 5377; x_wconf 89' lang='lat' dir='ltr'><strong>jam</strong></span> <span class='ocrx_word' id='word_1_1123' title='bbox 3086 5320 3266 5378; x_wconf 81' lang='lat' dir='ltr'><strong>partus</strong></span> <span class='ocrx_word' id='word_1_1124' title='bbox 3308 5313 3455 5375; x_wconf 72' lang='lat' dir='ltr'><strong>signa</strong></span> <span class='ocrx_word' id='word_1_1125' title='bbox 3487 5308 3793 5377; x_wconf 68' lang='lat' dir='ltr'><strong>prmeedere,</strong></span> 
     </span>
    </p>
   </div>
   <div class='ocr_carea' id='block_1_150' title="bbox 2256 5378 3790 5443">
    <p class='ocr_par' dir='ltr' id='par_1_150' title="bbox 2256 5378 3790 5443">
     <span class='ocr_line' id='line_1_151' title="bbox 2256 5378 3790 5443; baseline -0.004 -14"><span class='ocrx_word' id='word_1_1126' title='bbox 2256 5386 2311 5429; x_wconf 91' lang='lat' dir='ltr'><strong>et</strong></span> <span class='ocrx_word' id='word_1_1127' title='bbox 2355 5378 2492 5429; x_wconf 87' lang='lat' dir='ltr'><strong>bono</strong></span> <span class='ocrx_word' id='word_1_1128' title='bbox 2520 5378 2698 5429; x_wconf 87' lang='lat' dir='ltr'><strong>animo</strong></span> <span class='ocrx_word' id='word_1_1129' title='bbox 2745 5379 2883 5430; x_wconf 85' lang='lat' dir='ltr'><strong>illaut</strong></span> <span class='ocrx_word' id='word_1_1130' title='bbox 2914 5382 2979 5431; x_wconf 89' lang='lat' dir='ltr'><strong>de</strong></span> <span class='ocrx_word' id='word_1_1131' title='bbox 3022 5379 3126 5431; x_wconf 86' lang='lat' dir='ltr'><strong>lilia</strong></span> <span class='ocrx_word' id='word_1_1132' title='bbox 3154 5394 3274 5432; x_wconf 80' lang='lat' dir='ltr'><strong>esse</strong></span> <span class='ocrx_word' id='word_1_1133' title='bbox 3300 5380 3512 5431; x_wconf 88' lang='lat' dir='ltr'><strong>debere.</strong></span> <span class='ocrx_word' id='word_1_1134' title='bbox 3542 5378 3683 5443; x_wconf 78' lang='lat' dir='ltr'><strong>Quod</strong></span> <span class='ocrx_word' id='word_1_1135' title='bbox 3724 5386 3790 5443; x_wconf 59' lang='grc' dir='ltr'><strong>ιυτ</strong></span> 
     </span>
    </p>
   </div>
   <div class='ocr_carea' id='block_1_151' title="bbox 2259 5440 3792 5516">
    <p class='ocr_par' dir='ltr' id='par_1_151' title="bbox 2259 5440 3792 5516">
     <span class='ocr_line' id='line_1_152' title="bbox 2259 5440 3792 5516; baseline -0.002 -17"><span class='ocrx_word' id='word_1_1136' title='bbox 2259 5455 2369 5499; x_wconf 84' lang='grc' dir='ltr'>ιιιιιι</span> <span class='ocrx_word' id='word_1_1137' title='bbox 2414 5448 2672 5516; x_wconf 80' lang='lat' dir='ltr'><strong>religiosa:</strong></span> <span class='ocrx_word' id='word_1_1138' title='bbox 2702 5448 2888 5501; x_wconf 66' lang='lat' dir='ltr'><strong>Vitulte</strong></span> <span class='ocrx_word' id='word_1_1139' title='bbox 2928 5451 3082 5501; x_wconf 89' lang='lat' dir='ltr'><strong>matri</strong></span> <span class='ocrx_word' id='word_1_1140' title='bbox 3108 5489 3123 5514; x_wconf 95' lang='lat'><strong>,</strong></span> <span class='ocrx_word' id='word_1_1141' title='bbox 3153 5465 3257 5502; x_wconf 91' lang='lat' dir='ltr'><strong>non</strong></span> <span class='ocrx_word' id='word_1_1142' title='bbox 3301 5464 3393 5501; x_wconf 88' lang='lat' dir='ltr'><strong>ore</strong></span> <span class='ocrx_word' id='word_1_1143' title='bbox 3434 5440 3656 5502; x_wconf 73' lang='lat' dir='ltr'><strong>humano</strong></span> <span class='ocrx_word' id='word_1_1144' title='bbox 3679 5485 3691 5503; x_wconf 85' lang='lat'><strong>.</strong></span> <span class='ocrx_word' id='word_1_1145' title='bbox 3715 5440 3792 5496; x_wconf 83' lang='lat' dir='ltr'><strong>sed</strong></span> 
     </span>
    </p>
   </div>
   <div class='ocr_carea' id='block_1_152' title="bbox 2256 5517 3791 5589">
    <p class='ocr_par' dir='ltr' id='par_1_152' title="bbox 2256 5517 3791 5589">
     <span class='ocr_line' id='line_1_153' title="bbox 2256 5517 3791 5589; baseline -0.004 -18"><span class='ocrx_word' id='word_1_1146' title='bbox 2256 5518 2438 5571; x_wconf 71' lang='lat' dir='ltr'><strong>divino</strong></span> <span class='ocrx_word' id='word_1_1147' title='bbox 2483 5519 2698 5572; x_wconf 86' lang='lat' dir='ltr'><strong>oraculo</strong></span> <span class='ocrx_word' id='word_1_1148' title='bbox 2741 5517 3101 5575; x_wconf 87' lang='lat' dir='ltr'><strong>nuntiabatur.</strong></span> <span class='ocrx_word' id='word_1_1149' title='bbox 3132 5518 3223 5574; x_wconf 84' lang='lat' dir='ltr'><strong>llis</strong></span> <span class='ocrx_word' id='word_1_1150' title='bbox 3266 5518 3421 5589; x_wconf 77' lang='lat' dir='ltr'><strong>igitur</strong></span> <span class='ocrx_word' id='word_1_1151' title='bbox 3460 5519 3635 5587; x_wconf 71' lang='lat' dir='ltr'><strong>prinns</strong></span> <span class='ocrx_word' id='word_1_1152' title='bbox 3662 5522 3791 5568; x_wconf 82' lang='lat' dir='ltr'><strong>voto-</strong></span> 
     </span>
    </p>
   </div>
   <div class='ocr_carea' id='block_1_153' title="bbox 2326 5646 2888 5711">
    <p class='ocr_par' dir='ltr' id='par_1_153' title="bbox 2326 5646 2888 5711">
     <span class='ocr_line' id='line_1_154' title="bbox 2326 5646 2888 5711; baseline 0.004 -14"><span class='ocrx_word' id='word_1_1153' title='bbox 2326 5652 2337 5679; x_wconf 87' lang='grc'>¹</span> <span class='ocrx_word' id='word_1_1154' title='bbox 2378 5646 2577 5707; x_wconf 85' lang='lat' dir='ltr'><strong>tlimnt.,</strong></span> <span class='ocrx_word' id='word_1_1155' title='bbox 2605 5647 2888 5711; x_wconf 64' lang='lat' dir='ltr'><strong>gratiomun.</strong></span> 
     </span>
    </p>
   </div>
  </div>
