3926 6386
1491 321 1713 384 “LIBER
1750 327 2105 387 SECUNDUS
3026 371 3030 376 ι
3341 336 3444 393 819

1872 439 2183 496 credulitate
2227 439 2588 508 instruxerat,
2636 448 2692 496 ut
2735 439 2824 498 ille
2866 440 3191 500 imbueretur
3236 445 3338 503 fide
3384 463 3448 504 ac

1870 511 2086 586 nomine
2128 510 2438 586 christiano.
2483 511 2633 586 Quod
2674 514 3017 586 sane_eidem
3062 517 3146 569 illa
3189 517 3302 586 ipsa
3350 534 3449 573 no-

1867 590 1952 634 cte
1997 583 2204 656 taliest
2229 581 2937 656 visione_revelatum._V_i_sa
2977 592 3061 656 est
3083 581 3277 656 quippe
3318 588 3448 643 sibi-

1868 659 1976 725 met
2025 651 2204 725 videre
2235 653 2392 725 juxta
2441 653 2606 725 ipsam
2659 653 2796 725 beati
2845 651 3443 725 Martyrisg'ble'moriam

1870 721 1976 794 duo
2024 722 2278 775 cerot‘aria
2311 722 2585 794 luminosa
2612 763 2626 784 ,
2671 724 2868 791 pariter
2911 721 3030 794 igne
3079 723 3400 782 ﬂammantia
3427 768 3444 792 ,

1869 791 2168 865 ibidemque
2218 792 2500 865 assistente
2551 807 2733 865 secum
2783 791 2953 862 atque
2990 806 3280 865 apparente
3329 814 3446 851 me-

1867 870 2070 914 morato
2097 860 2283 914 Pontio
2311 863 2423 915 viro
2467 877 2565 917 suo
2590 903 2605 924 ,
2638 860 3076 919 sibimet'dictum‘
3112 867 3272 921 fuisse
3305 887 3318 921 :
3353 868 3444 921 Vi-

1868 932 2012 1009 tula,
2046 931 2233 984 melius
2279 932 2418 1009 lucet
2462 933 2776 1009 errofarium
2825 944 3102 1009 nostrum;
3135 937 3275 992 unde
3323 939 3444 993 volo

1865 1003 2002 1055 scias
2051 1016 2136 1072 me
2185 1003 2423 1069 posuisse
2471 1003 2579 1068 jam
2626 1004 2858 1072 jugulos.
2909 1004 3025 1070 Quo
3066 1005 3183 1062 viso
3230 1008 3443 1063 audito-

1865 1088 1967 1144 que
1990 1112 2004 1132 ,
2025 1071 2282 1144 religiosa
2315 1072 2484 1126 Vitula
2529 1071 2716 1144 somno
2755 1075 3117 1144 expergefacta
3145 1116 3160 1141 ,
3190 1087 3245 1132 et
3288 1093 3444 1134 mane

1867 1142 2581 1216 llictajﬂoratione”suppleta
2606 1183 2621 1209 ,
2657 1142 2761 1216 hoc
2801 1142 2973 1212 ipsum
3017 1147 3160 1216 quod
3203 1147 3254 1202 in
3299 1163 3442 1203 som-

1865 1215 1948 1287 t_tis
1979 1211 2180 1287 viderat
2227 1211 2542 1287 quihusdam
2589 1213 2794 1268 ancillis
2823 1211 2915 1287 llei
2963 1211 3213 1271 enarrare
3258 1220 3438 1287 cmpit.

1867 1283 1932 1359 Et
1978 1284 2122 1359 prior
2167 1282 2588 1359 ipsa‘somuium
2633 1297 2784 1359 suum
2833 1285 3170 1352 interpretata
3220 1282 3440 1359 respon-

1863 1351 1989 1428 dit,
2018 1351 2201 1428 dicens
2246 1353 2310 1428 ad
2356 1363 2677 1408 memoratas
2719 1351 3388 1428 circumstantesivirgines
3423 1378 3437 1414 :

1865 1423 2080 1478 Noverit
2121 1423 2382 1479 Sanctitas
2428 1433 2600 1478 vestra
2627 1466 2639 1482 .
2686 1426 2808 1494 quia
2852 1425 2957 1478 cito
3001 1427 3108 1481 Pon
3136 1427 3216 1481 ius
3240 1423 3442 1484 'credet

1866 1494 1916 1548 in
1943 1495 2155 1549 Christo
2177 1535 2190 1555 ,
2222 1496 2358 1548 sicut
2401 1494 2610 1548 conﬁdo
2653 1494 2717 1547 de
2744 1495 2954 1550 Cltristo
2997 1513 3135 1551 meo.
3163 1497 3291 1552 Nam
3341 1500 3443 1554 hoc

1863 1566 2108 1634 estquod
2154 1581 2249 1633 per
2288 1565 2550 1619 smnnium
2579 1564 2703 1619 mihi
2732 1566 3044 1633 significavit
3071 1569 3250 1623 dicens
3281 1586 3293 1621 :
3333 1570 3439 1624 νο-

131 329 254 390 διε

131 461 265 502 rum
334 459 580 504 suorum
631 446 862 502 relevata
908 449 1080 499 mater
1127 439 1417 510 auspiciis,
1473 439 1760 509 perniciter

133 518 458 572 advolavit.
490 520 625 586 Quae
667 517 756 571 ubi
802 514 1041 586 pervenit
1065 509 1437 586 Carthaginem
1462 551 1478 575 ,
1507 523 1762 586 suamque

133 598 337 642 natam
394 588 453 642 in
504 581 624 658 ipso
665 581 939 658 vitre'suze
983 583 1206 658 articulo
1248 583 1479 658 positam
1520 581 1758 658 invenit,

135 660 338 711 statim
388 649 616 712 sacrato
659 658 777 710 oleo
821 654 939 708 ﬁlize
982 652 1216 706 metnbra
1252 649 1545 722 perunxit.
1597 649 1759 722 suda-

137 728 290 797 rium
361 744 595 797 quoque
642 724 1047 797 amplexandum
1100 719 1298 797 peetori
1351 719 1584 774 tradidit.
1644 719 1761 785 Quo

139 796 338 860 facto,
385 792 657 852 'rul'iviva
709 792 926 865 Megetia
978 793 1115 846 uteri
1166 792 1246 845 sui
1299 801 1448 865 partu
1497 803 1760 865 exonera-

140 878 241 930 ta,
298 858 495 922 octavi
549 867 747 921 mensis
791 858 1030 934 ingressa
1083 858 1475 934 praegnantibus
1524 858 1763 912 mulieri-

139 937 249 991 bus
280 938 585 992 tremenda
614 936 808 989 hunina
832 931 886 1000 ⁸⁷,
916 934 981 988 ab
1013 933 1121 1000 ipsa
1151 933 1337 985 mortis
1362 931 1503 1000 regia
1529 971 1544 995 ,
1575 944 1760 1000 rursus

138 1007 304 1062 auris
350 1019 444 1062 est
494 1007 741 1061 vitalibus
784 997 1045 1058 restituta;
1083 1003 1174 1058 Sic
1219 1004 1396 1070 itaque
1428 997 1541 1053 Vuna
1582 997 1758 1052 lethali

137 1093 318 1132 causa
367 1079 705 1147 diSpuncta,
755 1076 1020 1147 archiatro
1065 1073 1269 1147 caelesti
1315 1071 1552 1147 protinus
1593 1073 1757 1147 altera

131 1148 403 1202 curanda
458 1140 717 1202 restabat.
761 1145 912 1213 Quod
957 1154 1013 1199 ut
1057 1143 1387 1213 jamjamque
1425 1141 1606 1213 fieret,
1657 1140 1756 1192 tida

141 1227 334 1273 mater
380 1217 569 1272 Vitula
617 1211 1096 1270 filiam—liberatam
1141 1213 1205 1266 ad
1248 1211 1422 1265 vitalis
1465 1211 1622 1263 fontis
1663 1223 1757 1264 ve-

139 1304 275 1341 nam
306 1330 323 1352 ,
380 1289 540 1343 unde
589 1303 743 1356 a'grze
793 1300 905 1340 sua:
954 1284 1198 1338 haustum
1247 1283 1463 1336 cudeste
1514 1280 1756 1356 poculum

132 1351 424 1412 attulerat
450 1399 466 1424 ,
513 1351 899 1424 salubriterque
942 1356 1240 1416 infuderat,
1281 1367 1458 1406 secum
1484 1351 1760 1424 reducere

137 1421 461 1497 cupiebat.
495 1427 603 1483 Sed
648 1421 879 1480 nendum
926 1433 1248 1497 recuperate
1298 1424 1437 1475 vires
1481 1421 1755 1497 Megetim,

139 1494 276 1567 post
344 1499 600 1552 laborem
647 1494 1275 1567 periculoszeenixionis
1321 1507 1472 1567 suae,
1531 1495 1756 1545 alterum

145 1564 374 1623 itineris
397 1571 590 1623 subire
613 1564 844 1621 laborem
868 1566 1083 1619 minime
1105 1564 1493 1634 permittebant.

222 1641 283 1694 5.
323 1640 548 1693 Interea
577 1640 656 1691 vir
677 1679 691 1700 ,
736 1652 890 1692 socer
914 1647 962 1691 et
991 1631 1142 1706 pater
1186 1635 1370 1706 puella;
1398 1632 1561 1706 nihilo
1586 1631 1758 1706 adhue

144 1711 409 1778 permoti
452 1709 509 1763 in
556 1710 761 1762 laudem
807 1708 896 1761 Dei
922 1703 1137 1778 verique
1178 1705 1292 1773 ejus
1319 1703 1560 1773 Martyris
1605 1703 1758 1778 primi

141 1775 218 1834 de
268 1789 387 1834 tam
441 1779 739 1834 miserabili
778 1792 936 1831 causa
979 1776 1152 1840 uteri,
1196 1789 1402 1828 rursmn
1442 1788 1652 1843 cmpere
1691 1775 1759 1827 ob

141 1850 413 1919 ejusdem
465 1850 754 1904 curandam
801 1848 1055 1919 reliquam
1082 1845 1491 1919 valetudinem,
1543 1843 1596 1919 id
1635 1853 1754 1908 est,

145 1915 340 1975 vitiosi
385 1921 509 1974 oris
555 1915 1034 1988 pravitatem,'illa
1081 1916 1354 1970 hominum
1398 1915 1632 1969 remedia
1675 1929 1758 1968 er-

147 2006 432 2060 roresque
501 1990 815 2060 consulere,
881 1997 932 2042 et
987 1990 1168 2056 longas
1222 1999 1397 2060 moras
1461 1994 1756 2060 temporum

148 2055 364 2116 frustra
413 2071 719 2115 conterere.
749 2058 990 2127 Namque
1031 2055 1199 2111 annus
1239 2057 1517 2127 integcret
1542 2055 1760 2127 aliquot

151 2133 272 2186 fere
324 2146 556 2186 menses
596 2130 793 2182 evoluti
840 2124 918 2182 sic
964 2140 1134 2183 erant.
1166 2126 1401 2181 Tandem
1435 2124 1604 2178 ﬁdelis
1647 2139 1758 2177 ma-

146 2210 245 2255 ter
297 2202 527 2266 Vitula,
571 2199 892 2254 archiatrmn
942 2197 1262 2266 quemdam,
1308 2195 1535 2250 Felicem
1582 2194 1757 2247 nomi-

149 2285 224 2325 ne
251 2312 266 2334 ,
302 2271 752 2338 Carthaginiensis
793 2269 1020 2322 civitatis
1044 2308 1058 2331 ,
1092 2268 1456 2321 fidelissimum
1508 2281 1614 2338 pra:
1639 2280 1759 2338 _c:u-

152 2343 291 2395 teris
339 2335 780 2411 atque—amicum
823 2339 1162 2411 domussme
1188 2377 1202 2399 ,
1247 2337 1544 2411 corrogavit
1587 2335 1652 2388 ad
1699 2350 1758 2411 sc

152 2411 337 2479 ipsam
365 2454 382 2476 ,
423 2406 502 2465 'ac
547 2426 706 2476 super
749 2411 972 2462 salutem
1019 2407 1399 2479 ipsiushunica:
1441 2406 1756 2479 obtestando

148 2476 538 2544 constrinxit,
583 2481 765 2534 dicens
799 2496 811 2531 :
842 2479 930 2534 Sic
972 2479 1123 2532 unica
1170 2477 1273 2530 lilia
1319 2485 1403 2530 tua
1451 2476 1630 2538 vivat;
1663 2489 1755 2543 po-

153 2561 342 2607 testne
370 2552 554 2606 curari
581 2551 800 2620 Mcgetia
828 2549 893 2603 de
920 2547 1148 2618 paralysi
1175 2548 1271 2620 ista
1296 2586 1311 2612 ,
1334 2561 1405 2620 _au
1445 2561 1546 2599 non
1569 2548 1592 2598 ?
1618 2546 1752 2599 Tum

151 2623 250 2677 ille
286 2642 299 2676 :
337 2623 606 2677 Fideliter
648 2615 766 2674 dico
789 2659 804 2682 ,
835 2615 994 2673 tiliam
1042 2615 1183 2672 tuam
1228 2617 1293 2671 de
1333 2615 1430 2669 hac
1475 2630 1630 2670 causa
1661 2631 1754 2684 pe-

155 2694 309 2747 nitus
355 2693 539 2747 curari
588 2706 691 2746 non
738 2704 933 2758 posse,
964 2689 1087 2758 quia
1133 2688 1210 2741 sic
1254 2701 1340 2740 me
1368 2686 1578 2758 voluisti
1625 2701 1756 2758 cou-_

153 2765 463 2834 stringere.
511 2761 666 2834 Ipsa,
715 2756 926 2834 inquit,
961 2756 1207 2834 junetura
1252 2756 1402 2834 quasi
1446 2757 1621 2834 carri,
1669 2756 1754 2808 ubi

149 2834 272 2887 oris
304 2827 389 2888 vet
445 2827 799 2885 maxillarum
829 2827 1120 2896 retinacula
1171 2827 1410 2896 qua-dam
1449 2828 1753 2896 continen-

156 2914 250 2957 tur
274 2944 290 2966 ,
341 2903 562 2958 exclusa
591 2909 674 2955 est
699 2915 729 2954 a
760 2901 892 2953 locis
931 2899 1061 2952 suis.
1092 2894 1205 2951 Cui
1232 2894 1560 2964 respondens
1587 2904 1756 2950 mater

158 2965 350 3028 \‘itula
375 3015 393 3037 ,
441 2972 562 3025 fidei
604 2986 714 3024 sua:
757 2969 1040 3022 stabilitate
1080 2965 1293 3020 fundata
1319 2966 1628 3037 ,Acontinuo
1672 2980 1756 3020 re-

159 3046 287 3098 tulit
335 3035 573 3097 dicens:
608 3041 719 3110 Ego
763 3055 868 3110 non
911 3039 990 3092 sic
1031 3037 1193 3110 credo
1237 3037 1288 3090 in
1331 3035 1547 3090 Christo
1592 3049 1750 3110 meo,

153 3115 289 3183 quia
337 3128 423 3168 sic
447 3105 773 3183 relinquetur
800 3109 902 3183 filia
929 3123 1046 3162 mea
1087 3107 1152 3183 in_
1178 3107 1282 3183 hoc
1311 3115 1455 3183 tanto
1499 3105 1754 3183 paralysis

159 3175 334 3238 malo.
368 3189 441 3236 At
483 3183 568 3236 ille
593 3175 713 3234 fidei
745 3180 1044 3234 firmitatem
1073 3177 1225 3230 valde
1264 3176 1533 3230 admirans
1575 3175 1628 3228 in
1673 3175 1754 3230 fe-

158 3254 313 3307 mina
350 3271 364 3305 :
401 3253 513 3306 Hoc
535 3291 549 3314 ,
599 3248 1186 3320 inquit,romnipotenti
1217 3246 1334 3320 Deo
1371 3245 1710 3320 licetfacere
1732 3285 1748 3311 ,

158 3325 253 3399 cui
297 3316 854 3399 credis;_nani__n_ihil
891 3316 1074 3399 speres
1109 3332 1174 3371 ex
1212 3316 1628 3399 nribis:.Qttibus
1667 3331 1753 3370 re-

158 3392 362 3461 ligiosa
413 3391 579 3446 Vitula
606 3390 800 3461 auditis
822 3430 838 3456 ,
885 3385 1105 3442 dimisso
1134 3401 1250 3461 a‘se
1273 3385 1538 3461 archiatro
1560 3425 1577 3451 ,
1605 3401 1754 3439 assu-

155 3455 328 3517 niens
360 3476 544 3516 secum
583 3455 860 3530 Megetiam
904 3473 1051 3530 suam
1076 3498 1094 3524 ,
1121 3455 1251 3510 adiit
1292 3457 1458 3530 vieum
1502 3465 1754 3530 su_um_et

160 3533 347 3586 virum
379 3531 504 3586 filia:
529 3546 638 3585 sua:
659 3525 694 3594 ,’
721 3545 784 3584 ac
811 3529 896 3598 pio
935 3528 1256 3583 inflammata
1281 3525 1503 3598 dolore,
1533 3526 1610 3579 sic
1654 3525 1751 3581 fari

156 3615 365 3656 exorsa
395 3612 478 3656 est
509 3618 522 3655 :
553 3595 962 3670 Acquieviinus,
994 3598 1199 3670 inquit,
1245 3595 1404 3670 vobis
1432 3596 1624 3670 misere
1664 3612 1752 3670 us-

155 3686 271 3740 que
299 3687 466 3736 nunc,
498 3687 594 3726 nec
624 3665 871 3726 resistere
897 3669 1024 3723 viris
1050 3665 1584 3740 mulieresvaluinms
1618 3666 1749 3740 :‘diu

157 3734 379 3794 vestras
421 3734 730 3808 pertulimus
757 3741 1051 3795 voluntates
1071 3780 1088 3801 ,
1120 3754 1186 3792 ex
1209 3737 1402 3808 quibus
1426 3737 1602 3808 nullus
1645 3734 1753 3789 fru-

157 3819 289 3862 ctus
331 3807 522 3862 salutis
563 3811 681 3862 tiliae
706 3850 721 3874 ,
752 3811 923 3863 nullus
961 3809 1118 3862 cessit
1143 3807 1360 3862 etl'ectus
1383 3846 1398 3870 ,
1445 3807 1512 3859 ita
1540 3815 1599 3858 ut
1625 3821 1750 3861 ecce

158 3891 265 3946 per
307 3891 510 3931 annum
537 3887 589 3932 et
628 3887 758 3946 quot
794 3885 1083 3932 excurrunt
1123 3877 1350 3944 amplius
1377 3891 1588 3929 menses
1614 3876 1751 3930 inter

161 3960 367 4000 manus
423 3948 744 4002 medicorum
794 3961 986 4015 corpus
1034 3947 1170 4015 ﬁli-.e
1202 3960 1334 3998 mea:
1382 3946 1750 4015 tantummodo

160 4017 429 4086 fatigetur
451 4058 466 4082 ,
495 4033 591 4072 nec
633 4017 849 4070 omnino
872 4013 902 4082 ,⁷
917 4018 1055 4070 sicut
1090 4014 1282 4086 videtis
1304 4053 1319 4076 ,
1345 4013 1544 4086 aliquid
1587 4014 1749 4082 perfi-

159 4084 368 4142 ciendo
416 4097 652 4142 sanetur.
684 4086 832 4156 Rogo
855 4126 868 4148 ,
900 4084 1180 4155 aliquando
1228 4085 1510 4156 permittite
1535 4092 1606 4156 _et
1649 4099 1748 4137 no-

163 4157 252 4212 bis
277 4198 293 4222 ,
323 4165 382 4209 ut
423 4157 676 4212 faciamus
717 4152 792 4211 et'
813 4170 910 4210 nos
937 4152 1052 4225 qute
1096 4152 1383 4225 expediunt
1425 4152 1624 4225 nobis;
1655 4167 1748 4206 ea-

162 4243 293 4282 mus
338 4237 394 4281 et
425 4243 520 4282 nos
561 4226 628 4280 ad
670 4226 930 4281 medicum
955 4222 1218 4279 nostrum.
1247 4222 1419 4277 Credo
1462 4222 1513 4275 in
1556 4222 1743 4288 illum,

163 4298 296 4366 quia
347 4298 438 4366 qui
487 4298 655 4351 noluit
700 4297 972 4366 Megetiam
1017 4310 1137 4349 cum
1185 4308 1282 4348 suo
1333 4301 1485 4366 partu
1538 4302 1747 4366 mortuo

167 4361 312 4422 litori
339 4361 510 4436 {ipse
549 4369 708 4421 etiam
751 4361 868 4422 eam
915 4366 1072 4420 faciet
1113 4378 1250 4436 sano
1285 4363 1430 4416 vultu
1469 4375 1568 4436 suo
1610 4361 1749 4436 inter

171 4433 431 4492 homines
460 4437 787 4492 conversari.
833 4437 924 4491 llis
964 4446 1123 4504 atque
1163 4433 1526 4503 hujuscemodi
1564 4433 1746 4504 queri:

171 4508 374 4561 moniis
421 4507 710 4576 deploratis
751 4506 910 4575 justis
961 4502 1244 4576 ac_veris,
1295 4515 1623 4576 nequaquam
1673 4502 1745 4556 illi

169 4577 272 4631 viri
321 4577 410 4631 tali
454 4573 660 4631 fetninze
701 4573 840 4631 virili
883 4576 1062 4629 animo
1101 4575 1297 4628 indutze
1341 4573 1617 4626 valuerunt
1658 4586 1748 4626 re-

168 4647 387 4700 sistere.
447 4646 742 4701 Malueruut
792 4655 980 4714 sponte
1021 4645 1252 4709 cedere,
1311 4657 1467 4713 quam
1515 4641 1751 4710 quolibet

163 4717 279 4770 alio
296 4717 568 4785 jndicante
587 4718 712 4770 victi
734 4717 1026 4770 discedere.

243 4781 313 4839 45
355 4786 538 4841 Flcxis
576 4787 750 4855 itaque
787 4785 889 4840 illis
928 4786 984 4840 in
1026 4783 1162 4855 hanc
1197 4781 1513 4855 sententiam
1565 4781 1749 4855 matris

170 4855 409 4922 Vitulze,
471 4851 679 4909 marito'
708 4856 911 4910 scilicet
951 4854 1215 4923 simulque
1273 4861 1423 4923 patre
1468 4851 1744 4921 blegetite,

167 4926 268 4979 sed
311 4925 503 4981 marito
530 4925 743 4994 quidem
780 4924 954 4995 adhuc
988 4922 1192 4995 pagano
1216 4964 1231 4988 ,
1263 4922 1419 4995 patre
1441 4937 1568 4976 vero
1606 4922 1749 4975 chri-

169 4996 351 5050 stiano
386 4996 767 5050 catechumeno
796 4993 1005 5050 effecto'
1029 4993 1242 5049 nomine
1270 4993 1499 5058 Pontio,
1538 4999 1751 5046 senato-

171 5065 266 5136 ria:
310 5065 585 5134 dignitatis
621 5067 736 5120 viro
777 5065 1033 5136 (dignum
1077 5074 1159 5120 est
1199 5071 1258 5136 ut
1295 5063 1448 5132 cujus
1490 5060 1650 5116 ﬁdem
1696 5062 1748 5115 in

169 5132 394 5204 Christo
439 5137 698 5204 coepimus
742 5132 1116 5204 pronuntiare.
1169 5134 1539 5204 ejusqttoque
1589 5145 1748 5204 voca-

177 5202 364 5258 bulum
414 5202 538 5274 jam‘
569 5202 882 5275 incipiamus
909 5221 1032 5260 cum
1076 5205 1256 5275 debito
1295 5203 1500 5275 honore
1551 5202 1750 5275 pariter

173 5271 454 5346 nominare
497 5277 644 5346 :Aqui
672 5271 812 5346 sane
846 5273 1292 5346 quemadmodum
1333 5273 1568 5346 initiatus
1604 5271 1751 5346 chri-

173 5345 350 5399 stiano
395 5341 613 5400 nomine
662 5341 1146 5415 fueritfquoniam
1189 5343 1584 5415 locusvidetur
1633 5341 1746 5415 oxi-

173 5429 339 5485 gere,
395 5415 612 5485 minime
663 5429 761 5469 nos
811 5411 1010 5485 pigebit
1060 5414 1290 5484 aperire.
1336 5414 1558 5485 Quando
1608 5411 1752 5485 enim

176 5480 424 5554 religiosa
466 5483 639 5538 Vitula
664 5524 685 5554 ,ί
734 5480 968 5540 nondum
1004 5485 1073 5540 de
1095 5480 1290 5554 'partus
1331 5483 1564 5554 periculo
1614 5480 1751 5554 libet

176 5549 302 5632 rata'
328 5554 586 5634 Megalia”,
625 5553 690 5608 ad
729 5555 970 5634 A_micu_m
1002 5549 1125 5634 _De_i'
1147 5549 1592 5634 fuerat'profecta
1619 5591 1642 5634 ,_
1668 5549 1751 5634 ibi

178 5621 230 5676 in
268 5623 383 5678 suis
413 5619 664 5692 precibus
700 5625 860 5681 etiam
898 5627 965 5682 de
1002 5625 1158 5697 hujus
1187 5625 1284 5681 viri
1321 5619 1403 5682 sui
1434 5619 1753 5683 venerabilis

242 5803 258 5831 ⁸
295 5806 451 5860 Forte,
475 5797 656 5855 limina.
1135 5834 1138 5836 -
1208 5827 1221 5844 .-
1295 5791 1307 5824 ¹

1866 1634 1917 1687 lo
1959 1639 2132 1697 scias,
2169 1636 2332 1688 Vitula
2359 1677 2373 1699 ,
2402 1636 2522 1705 quia
2571 1637 2716 1703 posui
2756 1637 2864 1705 jam
2906 1637 3152 1706 jugulos,
3183 1655 3286 1693 non
3333 1641 3440 1693 uti-

1863 1720 1967 1773 que
2029 1707 2126 1760 nisi
2184 1707 2281 1758 sub
2336 1706 2461 1775 jugo
2518 1706 2732 1759 Christi.
2790 1706 2877 1760 Sic
2935 1722 3060 1776 ergo
3117 1707 3441 1765 honorabilis

1864 1776 2083 1832 l’ontius
2129 1777 2385 1842 effectus,
2437 1787 2494 1830 ut
2543 1776 2697 1842 dixi,
2750 1777 2979 1844 primum
3028 1778 3442 1835 catechumenos

1862 1847 2181 1902 Christianus
2230 1849 2466 1916 sequenti
2517 1862 2692 1910 anno,
2725 1845 2910 1901 iisdem
2959 1846 3438 1917 diebus~quibusa

1863 1919 2106 1987 religiosa
2140 1918 2307 1972 Vitula
2353 1918 2538 1971 beatus
2567 1917 2867 1986 Stephanus
2894 1933 3007 1986 pro
3051 1918 3223 1973 salute
3266 1920 3440 1974 mariti

1862 1997 2056 2042 aeterna
2079 1987 2249 2043 fuerat
2267 1987 2558 2058 exoratus).

1932 2059 1985 2112 5.
2027 2058 2162 2122 Sed,
2206 2069 2260 2112 ut
2301 2057 2479 2112 dicere
2519 2057 2784 2126 imperatu
2810 2097 2828 2122 ,
2872 2058 3320 2113 cnnsentientihus
3365 2061 3407 2112 si
3422 2091 3439 2100 -

1863 2126 2026 2200 bimet
2046 2130 2170 2200 viris
2199 2132 2343 2200 suis.
2386 2137 2555 2182 mater
2600 2129 2767 2200 )‘ttula
2809 2143 2926 2180 cum
2965 2128 3178 2200 Megetia
3212 2145 3302 2180 sua
3342 2147 3438 2200 pa-

1863 2199 1992 2252 riter
2039 2199 2103 2253 de
2133 2199 2450 2268 Carthagine
2496 2197 2763 2266 proferte,
2797 2201 2991 2268 pariter
3028 2198 3092 2251 ad
3133 2197 3438 2260 Memoriam

1862 2269 2265 2349 be:tti__l\l:_tt‘lyt'is
2288 2281 2659 2349 pervenerunt,
2687 2285 2749 2324 ac
2779 2271 2968 2349 deinde
2989 2279 3110 2324 ante
3129 2282 3332 2326 motata
3360 2276 3437 2343 ip-

1860 2340 1972 2392 sius
1989 2341 2164 2393 limina
2186 2351 2481 2408 prostratm,
2505 2341 2590 2394 die
2606 2350 2865 2409 noctuque
2890 2340 3073 2394 flentes
3087 2355 3135 2395 et
3154 2340 3433 2408 ejtt’antes.

1860 2412 2038 2464 cinere
2067 2422 2117 2475 et
2139 2412 2312 2464 cilicio
2349 2412 2689 2481 squallcutes,
2725 2411 2842 2464 inde
2865 2412 3063 2464 nobiles
3095 2412 3301 2466 femina:
3333 2415 3433 2466 hn-

1861 2481 2030 2534 miues
2066 2498 2168 2534 non
2199 2482 2608 2552 erubescentes,
2660 2492 2716 2533 ut
2763 2481 2885 2552 Ded
2916 2493 3093 2535 essent
3129 2484 3393 2552 placentes
3416 2528 3431 2550 ,

1859 2562 2206 2620 susceperunt
2234 2553 2359 2605 illud
2383 2551 2520 2620 quod
2543 2552 2738 2604 dictum
2776 2551 2824 2604 in
2865 2551 3088 2606 Psalmis
3115 2551 3384 2606 audierant
3419 2571 3433 2609 :

1859 2619 2089 2674 Fuerunt
2119 2623 2237 2675 mihi
2266 2619 2502 2691 lucri/inte
2531 2621 2818 2691 mca'iptmis
2845 2623 2924 2672 die
2943 2639 3002 2673 ac
3029 2634 3186 2686 nocte,
3215 2624 3330 2675 dum
3357 2627 3437 2678 di-

1859 2693 1988 2762 eitur
2018 2694 2140 2746 milti
2161 2690 2396 2762 quotidie,
2431 2690 2528 2762 Ubi
2549 2701 2619 2744 est
2647 2690 2784 2744 Deus
2823 2700 2938 2762 tuus
2973 2691 3140 2759 (I’sul.
3172 2709 3279 2748 xu.
3310 2697 3435 2762 4.)?

1859 2760 2068 2815 Etettim
2102 2760 2271 2831 neque
2298 2764 2393 2816 ista
2435 2761 2500 2815 de
2531 2763 2638 2829 ipsa
2668 2773 2842 2814 nostra
2867 2761 3120 2829 religione
3147 2760 3434 2819 christiana

1860 2832 1958 2900 piis
1982 2842 2036 2886 et
2059 2830 2320 2886 nobilibus
2350 2831 2559 2884 feminis
2583 2831 2802 2900 deerant
2828 2831 2894 2883 ab
2925 2830 3208 2886 incredulis
3231 2833 3434 2900 impro-

1861 2899 2026 2968 peria,
2053 2903 2190 2956 unde
2211 2911 2330 2956 ante
2357 2901 2635 2954 Dominum
2658 2899 2920 2953 flebilibus
2945 2901 3177 2964 vocibus,
3211 2911 3265 2954 et
3287 2899 3433 2956 ama~

1859 2971 1952 3041 ris,
1986 2981 2042 3025 ut
2067 2973 2320 3041 scriptum
2348 2981 2447 3033 est,
2478 2972 2650 3024 verbis
2691 2970 3072 3041 memorabant,
3113 2981 3167 3023 et
3193 2971 3431 3026 effunde-

1858 3039 1985 3113 bant
2019 3039 2188 3113 super
2218 3058 2276 3096 se
2315 3039 3065 3113 anitnainsuam._Dicebatur
3101 3056 3324 3113 quinque
3363 3044 3432 3096 ab

1858 3108 2229 3166 inimicis—fidei
2257 3122 2449 3165 nostrae
2480 3128 2492 3164 :
2521 3109 2615 3165 Ubi
2643 3118 2724 3163 est
2756 3109 2894 3162 Deus
2935 3111 3140 3163 vester?
3169 3108 3431 3163 lnclatna-

1856 3181 1948 3252 bat
1981 3197 2108 3252 ergo
2139 3182 2308 3236 Vitula
2356 3179 2783 3252 materiaurihus
2825 3179 2994 3232 Amici
3037 3180 3166 3252 l_)ei:
3209 3181 3430 3236 Domine

1855 3249 2145 3323 Stephano,
2173 3251 2507 3323 ecceﬁadduxi
2530 3249 2805 3323 alegetiam
2833 3257 2970 3323 tuam
2993 3249 3156 3323 adAte,
3187 3264 3344 3323 quam
3373 3262 3429 3306 tu

1857 3319 1970 3390 ipse
2007 3323 2239 3377 liberasti
2277 3322 2344 3376 de
2379 3331 2566 3374 morte.
2599 3319 2707 3373 Nec
2733 3334 2830 3390 nos
2865 3319 2917 3390 in
2943 3319 3188 3386 gaudium
3230 3320 3430 3376 inimici

1855 3389 2026 3448 fecisti
2056 3395 2256 3457 venire,
2288 3409 2393 3445 non
2421 3391 2634 3444 tradens
2657 3404 2750 3443 nos
2768 3389 3040 3442 inanimas
3069 3390 3427 3445 tribulantium

1855 3478 1973 3528 nos,
2000 3466 2088 3534 qui
2114 3463 2409 3534 detrahunt
2436 3470 2491 3516 et
2527 3461 2809 3534 desperant
2852 3458 2939 3534 de_
2957 3457 3164 3512 Christo
3202 3459 3428 3534 D_om_ino

1854 3527 2058 3598 nostro,
2087 3544 2139 3588 et
2161 3534 2228 3588 de
2258 3541 2308 3586 te
2327 3575 2342 3598 ,
2365 3533 2480 3600 ejus
2507 3539 2651 3584 tanto
2667 3529 2870 3600 Atnico.
2898 3527 3196 3600 Fae,‘rogo,
3229 3529 3307 3583 fac
3333 3531 3429 3584 ite-

1855 3621 1969 3658 rum
1992 3605 2304 3660 erubescere
2323 3598 2416 3658 eos
2435 3602 2501 3655 de
2527 3609 2632 3654 tota
2656 3608 2711 3654 et
2734 3599 2800 3652 de
2822 3599 2973 3667 plena
2987 3598 3221 3667 Megetiae
3238 3608 3338 3653 tua:
3350 3614 3431 3654 sa-

1855 3675 1983 3739 lute,
2015 3677 2151 3730 sicut
2181 3675 2290 3742 jam
2340 3672 2507 3726 fecisti
2546 3670 2862 3742 erubescere
2898 3668 3098 3742 eosde
3136 3669 3250 3742 ejus
3292 3671 3425 3742 uteri

1855 3738 2303 3815 periculosissimo
2328 3743 2528 3798 labore.
2558 3740 2670 3815 Non
2692 3739 2908 3815 omnino
2935 3738 3147 3815 d‘cficies
3167 3738 3239 3815 ad.
3256 3739 3426 3792 mino-

1854 3807 1931 3879 ra,
1961 3817 2049 3886 qui
2075 3815 2361 3886 przestitisti
2391 3815 2608 3882 majora.
2633 3808 3027 3886 Quod-promisi
3045 3808 3169 3886 __eju_s
3194 3807 3307 3862 viro
3330 3823 3426 3876 pa-

1852 3878 1995 3954 gum;
2026 3878 2092 3938 de
2129 3895 2201 3950 te,
2237 3884 2396 3952 imple
2428 3878 2639 3954 propter
2669 3891 2738 3954 te.
2774 3878 2887 3933 Non
2933 3878 3285 3954 confundatur
3311 3894 3427 3954 nta-

1855 3948 1935 4009 ter
1966 3958 2015 4008 in
2045 3955 2170 4020 tilia,
2189 3948 2668 4075 ’qtize'prmsuritpsit
2689 3952 2739 4004 in
2768 3960 2837 4012 te,
2861 3965 2978 4018 qua:
3007 3948 3240 4017 confugit
3262 3950 3325 4001 ad
3351 3958 3421 4004 te.

1855 4023 2008 4075 Certe
2035 4033 2092 4075 ut
2114 4039 2210 4075 ocu
2238 4038 2298 4075 us
2333 4024 2508 4075 cordis
2545 4021 2777 4075 nondum
2812 4019 3136 4072 credentium
3170 4018 3421 4075 uobisque

1851 4023 2008 4079 Certe
2035 4033 2092 4076 ut
2114 4018 2298 4077 oculos
2333 4018 2508 4077 cordis
2545 4018 2777 4075 nondum
2812 4019 3136 4072 credentium
3170 4018 3424 4088 nobisque

1855 4094 2214 4148 insultantium
2240 4102 2476 4155 sanetur,
2505 4106 2566 4144 os
2590 4091 2707 4143 lilia:
2737 4097 2950 4142 curetur
2981 4105 2994 4139 ε
3023 4099 3075 4141 et
3100 4096 3155 4139 ut
3182 4089 3425 4155 acquira-

1853 4172 1939 4216 tur
1965 4163 2164 4218 sanitas
2193 4164 2382 4216 animae
2418 4161 2649 4223 illorum,
2689 4166 2970 4228 praestetur
3007 4157 3190 4226 puella:
3227 4158 3424 4212 sanitas

1852 4236 2207 4287 membrorum
2228 4246 2463 4287 suorum.

1923 4306 1976 4359 6.
1997 4303 2212 4356 Talibus
2235 4303 2286 4356 in
2302 4299 2562 4370 ejusmodi
2586 4296 2971 4370 sensum‘dictis
2996 4295 3425 4367 lacrymabilibus

1851 4373 2159 4444 deploratis,
2199 4368 2419 4440 septima
2465 4370 2742 4424 transierat
2783 4368 2927 4444 dies_._
2954 4381 3074 4444 cum
3114 4379 3250 4444 ecce.
3270 4376 3425 4422 nocte

1853 4435 2166 4514 intempesta
2198 4435 2436 4514 visitatur
2471 4456 2565 4510 per
2602 4454 2859 4514 somnum
2883 4436 3134 4514 Megetia;
3167 4435 3308 4514 videt
3332 4451 3426 4514 ap-

1854 4504 2121 4584 parenietn
2154 4512 2260 4584 rsibi
2304 4504 2563 4584 insignem
2600 4509 2770 4563 virum
2813 4509 2948 4572 visu,
2973 4504 3417 4584 diaconiprtele-

1851 4576 2056 4639 rentem
2080 4582 2335 4638 habitum.
2369 4576 2458 4636 Illa
2483 4595 2603 4635 eum
2639 4593 2828 4649 rogare
2855 4578 3034 4649 cmpit,
3074 4576 3216 4649 velut
3243 4591 3426 4645 quent-

1852 4655 1974 4709 dam
2001 4654 2260 4708 medicum
2287 4652 2633 4722 spiritualem.
2665 4646 2726 4703 ut
2747 4663 2982 4722 ossuum
3013 4646 3316 4714 inspiceret,
3345 4655 3402 4722 et

1853 4725 1896 4778 si
1926 4725 2251 4794 dignaretur,
2295 4714 2764 4794 curaret.__Ve_rum
2807 4717 2896 4772 ille
2938 4731 3059 4794 mox
3110 4722 3168 4794 ut
3210 4730 3271 4768 os
3297 4714 3426 4794 'cjns

1854 4785 2101 4863 inspéxit,
2143 4785 2291 4847 vultu
2336 4807 2454 4848 eam
2499 4790 2652 4844 hilari
2693 4801 2988 4856 serenoque
3030 4785 3217 4863 intuitu
3261 4785 3334 4838 ait
3359 4785 3423 4845 ’ς

1853 4855 2110 4934 Equidem
2138 4863 2399 4934 adhucros
2428 4870 2573 4934 tuum
2597 4874 2702 4914 non
2724 4855 2960 4921 rectum;
2983 4855 3074 4911 sed
3105 4869 3312 4934 sursum
3337 4868 3425 4907 as-

1854 4926 1990 5005 pice.
2016 4943 2072 4988 et
2100 4934 2219 4988 vide
2243 4933 2369 5003 quid
2393 4933 2576 5005 volitet
2595 4937 2940 5005 supercaput
2966 4936 3132 4980 tuum.
3161 4926 3426 5005 Continuo

1855 4994 1939 5061 illa
1971 5020 2132 5074 super
2150 5020 2207 5059 se
2219 4994 2428 5073 erigens
2445 5003 2646 5062 oculos,
2661 4994 2798 5055 'vidit
2819 4994 3120 5074 serpentem
3143 4994 3424 5074 quemdam

1854 5065 2184 5132 teterrimum
2221 5065 2378 5143 supra
2418 5087 2477 5128 se
2517 5084 2809 5143 pennarum
2848 5065 3072 5143 remigio
3094 5065 3422 5143 volitantem,

1853 5157 2011 5216 atque
2032 5145 2132 5199 huc
2156 5153 2208 5216 et
2233 5133 2356 5216 ill'uc
2377 5133 2962 5216 tortuesis‘anfractihus
2981 5133 3336 5213 aberrantem.
3359 5133 3426 5216 at

1855 5211 2126 5290 pavefacta
2155 5213 2377 5290 Megetia
2402 5211 2639 5290 horribili
2668 5217 3114 5290 monstruoso-que
3136 5211 3429 5290 \‘iSttLlnSl-

1854 5271 1972 5360 guis
1993 5271 2133 5360 illius
2153 5271 2269 5360 viri
2274 5283 2642 5360 exhortatione
2665 5280 2937 5360 firmatur,
2954 5275 3017 5360 ad
3033 5271 3213 5360 ipsam
3240 5271 3427 5360 dicen:

1857 5341 1924 5413 iis
1951 5374 1967 5410 ι
1999 5357 2106 5410 Nisi
2137 5355 2282 5423 prius
2317 5355 2474 5408 istum
2502 5357 2802 5423 serpentem
2826 5341 3102 5423 occideris,
3126 5341 3308 5423 sanari
3323 5355 3428 5394 non

1857 5411 2079 5498 poterls.
2098 5411 2205 5480 Sed
2227 5425 2333 5478 noli
2361 5411 2614 5498 metuere,
2639 5416 2966 5498 forti_anim_e
2985 5415 3054 5468 illi
3071 5411 3430 5498 eougeedere,

1857 5481 1912 5553 et
1939 5481 2157 5551 omnino
2192 5481 2646 5562 superabis.__Quo
2667 5487 2879 5562 audito,
2919 5483 3138 5554 Megetia
3171 5481 3297 5560 fidei
3321 5494 3433 5533 sua:

1858 5567 2051 5627 robore
2091 5573 2146 5621 et
2177 5557 2415 5619 de'tanti
2453 5559 2710 5631 adjutoris
2729 5557 2810 5612 sui
2839 5564 3040 5611 armata
3081 5557 3430 5627 protectione,

1928 5727 1946 5792 ξ
1975 5731 2131 5778 Forte,
2156 5721 2298 5792 (arto.

1925 5791 1947 5821 ³
1975 5793 2128 5844 Forte,
2153 5790 2362 5834 vituitus.
