3926 6386
574 312 675 368 817

1404 297 1760 359 APPENDIX.
1788 329 1860 341 —
1882 299 1984 362 DE
2020 299 2381 361 MIRACULIS
2416 305 2650 363 SANCTI
2685 304 3018 364 STEPHANI
3704 310 3796 365 888

573 431 781 493 arrepta
805 422 857 476 in
886 429 1123 488 tempore
1148 417 1357 493 sibimet
1381 415 1524 469 velut
1551 414 1700 493 virga.
1721 411 1917 493 oblata,
1946 422 2128 493 contra
2225 417 2483 493 randum.
2509 419 2634 487 Qnre
2655 434 2775 493 cum
2796 417 3056 472 curiosius
3075 423 3300 493 cuperet
3323 415 3614 493 benedicta:
3631 419 3795 491 uage-

574 483 720 548 illum
745 483 1030 546 draconem
1057 491 1382 543 teterrimum
1405 497 1456 537 et
1485 483 1923 536 tortuosissimum
1951 483 2129 535 decer-

573 568 719 617 tavit.
751 563 916 630 Quem
939 602 952 623 ,
981 561 1078 613 etsi
1119 559 1207 612 ditt
1245 559 1471 630 exercita
1500 554 1694 622 diuque
1729 554 1796 604 ab
1845 553 2133 630 reluctante

573 623 876 688 adversario
899 630 1180 691 delassata,
1203 627 1267 680 ad
1320 637 1612 678 extremum
1645 632 1840 683 tamen,
1870 623 2132 674 ubi-illum

577 704 627 756 iu
665 703 835 768 capite
866 699 1141 768 percussit,
1179 696 1432 751 continuo
1462 693 1758 768 Psttravit.
1787 693 1902 768 Quo
1931 691 2134 768 trepido

575 762 764 839 gaudio
788 762 1174 840 expergefacta,
1204 777 1368 840 strato
1396 763 1642 840 exsdiens
1667 762 1946 840 evigilavit.
1964 762 2134 840 Cum-

574 829 679 910 que
699 829 886 894 somnii
913 829 992 910 sui
1022 829 1319 910 quid'ratio
1361 832 1695 910 portenderet
1723 829 2136 910 cogitareottrnec

579 900 777 980 liquido
811 900 1102 976 intelligere
1141 900 1389 980 valuisset
1411 944 1425 966 ,
1461 900 1659 980 _esiu_de
1698 901 1872 979 oravit
1904 901 2131 980 .visitari,

575 969 1247 1046 co'nfirmariqucvaposcit
1274 976 1312 1038 ‘,
1355 988 1416 1046 ac
1443 971 1634 1025 deinde
1663 985 1743 1046 se.
1757 969 1915 1046 quieti
1945 969 2136 1036 permi-

573 1051 661 1103 sit.
699 1050 831 1105 Ecce
856 1038 1030 1101 denuo
1055 1038 1194 1099 videt
1221 1046 1365 1098 illmn
1388 1042 1635 1095 decorum
1663 1038 1838 1092 habittt
1865 1039 2133 1105 juvenem,

579 1121 727 1173 nivea
751 1128 894 1172 veste
926 1118 1327 1186 fulgenletn.ac
1342 1113 1515 1186 statim
1540 1109 1736 1186 jaccnti
1766 1109 2136 1186 sibimetnvelnt

577 1206 735 1242 manu
785 1177 1041 1258 porrecta.
1081 1185 1277 1258 audivit
1313 1177 1581 1258 jubentetn
1624 1177 1919 1258 pariterque
1955 1177 2135 1231 dicen-

577 1269 681 1312 tem
712 1276 724 1311 :
755 1247 942 1324 Surge,
985 1257 1059 1309 sic
1101 1247 1328 1309 curaris:
1365 1252 1434 1305 At
1473 1265 1598 1302 vero
1639 1247 1878 1324 Megetia,
1922 1257 1976 1299 ιιι
2013 1257 2134 1324 ante

577 1329 783 1383 medico
823 1319 1016 1380 homini
1047 1325 1216 1379 facere
1250 1326 1625 1384 consueverat,
1662 1319 1831 1385 capite
1860 1319 2130 1386 opposito,

575 1399 723 1466 quasi
759 1398 975 1450 fovenda
1019 1411 1108 1447 ora
1139 1409 1229 1466 sua
1271 1393 1316 1446 ei
1361 1388 1780 1466 olferebatLSed.
1810 1387 1913 1452 ille,
1942 1395 2136 1466 utpote

579 1456 862 1536 ignorantis
884 1467 1152 1531 corrigens
1170 1464 1385 1536 factum,
1413 1457 1880 1536 responditeident
1905 1478 1914 1507 ;
1942 1456 2132 1536 thuid

580 1526 677 1590 ltvuc
717 1536 878 1589 facis?
919 1526 1067 1588 Prius
1095 1544 1214 1586 sunt
1247 1532 1336 1584 tibi
1377 1526 1514 1582 oculi
1555 1528 1787 1580 curandi.
1830 1526 1914 1578 Illa
1960 1527 2135 1580 retulit

575 1608 758 1660 dicens
784 1623 796 1659 :
830 1606 1045 1659 Domine
1077 1617 1226 1655 meus
1245 1642 1258 1665 ,
1287 1601 1465 1653 oculos
1488 1613 1643 1650 sanos
1672 1597 1858 1661 habeo,
1881 1595 1973 1649 sed
1998 1607 2050 1648 ιιι
2074 1611 2133 1650 os

578 1693 750 1728 meum
794 1691 945 1729 cures
988 1689 1132 1740 rogo.
1185 1673 1247 1725 Et
1287 1670 1422 1740 ille:
1462 1667 1597 1740 diu“,
1641 1667 1825 1740 inquit,
1873 1667 1960 1740 tibi
1989 1666 2130 1740 dixi,

577 1749 721 1814 prius
747 1755 869 1798 sunt
896 1748 945 1796 in
971 1755 1021 1797 te
1046 1736 1179 1796 oculi
1205 1739 1440 1814 curandi.
1469 1738 1614 1814 Tunc
1641 1738 1777 1814 velut
1798 1736 2029 1814 emlestis
2050 1753 2134 1814 ar:

577 1805 829 1876 cbiurus,
868 1816 1052 1879 Spirilll
1096 1811 1268 1865 cordis
1306 1817 1504 1862 secreta
1549 1807 1935 1879 introspiciens,
1985 1805 2132 1873 quasi

575 1895 750 1937 cutem
773 1875 1135 1940 medicinalem
1161 1881 1445 1949 cotlyriutn
1464 1876 1727 1944 imposuit,
1747 1875 1928 1928 oculos
1949 1890 2130 1949 super-

579 1955 765 2017 linivit,
793 1965 948 2023 atque
992 1952 1233 2023 discessit
1268 1945 1371 2023 '(q).
1407 1947 1596 2023 Verum
1637 1960 1754 1998 cum
1797 1959 1950 2023 tuane
1997 1945 2133 2023 facto

579 2025 679 2076 hoc
705 2014 878 2091 ipsum
889 2025 1126 2092 religio-a
1141 2014 1356 2092 .‘ilege'tia
1368 2018 1628 2092 somnium
1643 2030 1793 2092 suum
1811 2014 2132 2069 eltarissitnis

576 2100 686 2146 suis
713 2084 767 2146 et
792 2084 1136 2146 sanctissimis
1161 2084 1366 2144 feminis
1384 2087 1656 2146 iudicaret,
1691 2084 1870 2147 inipso
1888 2099 2131 2139 sermone

579 2164 890 2217 narrationis
929 2180 1036 2216 sua:
1077 2163 1213 2213 ultro
1254 2157 1414 2211 corde
1453 2163 1734 2220 compunla
1765 2163 1819 2206 et
1860 2154 2130 2216 cujusdam

577 2235 773 2309 peccati
813 2233 898 2309 sui
924 2230 1284 2309 recordatione
1311 2226 1503 2309 .subitq
1534 2224 1833 2309 stimulataa
1861 2234 2130 2291 peceatum

574 2293 728 2357 suum
767 2302 1005 2358 confiteri
1036 2317 1138 2354 non
1168 2297 1386 2361 distulit,
1415 2294 1528 2360 sed,
1569 2295 1702 2348 sicut
1733 2293 1983 2360 scriptum
2028 2303 2127 2357 est,

575 2374 821 2427 delietttm
848 2389 996 2425 suum
1024 2371 1252 2440 agnovit,
1277 2377 1329 2421 et
1367 2363 1670 2440 imus-titiam
1709 2379 1856 2416 suam
1884 2379 1985 2440 non
2007 2378 2130 2440 ope-

576 2445 680 2496 ruit
702 2443 867 2511 (Psal.
898 2459 1038 2504 xxxi,
1057 2434 1134 2510 ξι).
1162 2440 1292 2492 Ecce
1313 2450 1439 2511 ergo
1459 2435 1543 2503 qui
1569 2434 1640 2511 illi
1663 2443 1812 2511 erant
1831 2434 1962 2485 oculi
1989 2437 2130 2511 prius

573 2502 813 2576 curandi,
861 2527 963 2564 non
1009 2502 1185 2578 utique
1213 2502 1472 2578 corporis,
1513 2504 1604 2578 scd
1641 2502 1835 2566 cordis,
1883 2503 2043 2578 quod,
2075 2512 2130 2578 ut

572 2572 857 2648 spiritualis
884 2572 1134 2637 medicus,
1159 2572 1416 2646 gloriosus
1442 2572 2130 2648 Stephannshprpnuutiavit

576 2640 646 2702 illi
673 2651 889 2704 dicens:
926 2650 1073 2702 l’rius
1113 2640 1232 2700 sunt
1261 2647 1348 2698 tibi
1387 2644 1520 2696 oculi
1559 2641 1793 2695 curandi.
1825 2640 2126 2696 Sanandum

573 2722 764 2790 quippe
807 2730 923 2774 erat
965 2718 1102 2786 quod
1151 2719 1392 2790 vitiosum
1434 2713 1623 2766 latebat
1655 2712 1704 2764 in
1738 2723 1933 2790 mente,
1966 2723 2016 2764 ιιι
2053 2714 2129 2790 sic

574 2781 784 2844 domum
829 2781 1102 2842 saltaretur
1151 2785 1288 2856 quod
1333 2784 1672 2856 depravatum
1718 2781 2030 2856 cernebatur
2077 2783 2126 2835 in

573 2874 815 2929 corpore.
846 2859 976 2912 Hinc
1000 2859 1083 2931 ille
1104 2852 1311 2931 quoque
1338 2852 1636 2931 teterrimos
1656 2866 1889 2930 serpens,
1921 2853 2007 2931 qui
2036 2869 2125 2931 su-

577 2921 850 2998 per'caput
887 2921 1150 2987 volitabat,
1191 2921 1309 2994 qnia
1347 2923 1686 2998 principalem
1719 2921 1985 2998 rationalis
2011 2921 2127 2974 ani~

575 2990 675 3054 ina:
701 2990 930 3053 mentem
957 2990 1244 3061 obtinebat,
1267 2990 1618 3047 contercndus
1648 2990 1816 3043 fuerat
1837 2998 1890 3044 et
1915 2991 2126 3044 vincen-

574 3070 692 3123 dus.
744 3069 874 3122 Dum
918 3069 1056 3121 enim
1109 3077 1282 3119 reatus
1341 3064 1594 3130 cujusque
1636 3061 1812 3114 delicti
1866 3062 2128 3115 humiliter

573 3139 892 3208 agnoscitur,
915 3146 1068 3206 caput
1093 3136 1292 3190 colubri
1313 3131 1614 3208 ptenitendo
1631 3139 1924 3208 quassatur,
1953 3131 2126 3208 cordis

572 3201 758 3263 oculos
803 3201 1099 3262 eonlitetido
1148 3201 1772 3274 purgaturaDuodecimo
1819 3202 1973 3269 igitur
2018 3201 2123 3274 die,

572 3295 636 3331 ex
659 3295 761 3346 quo
789 3294 906 3331 cum
931 3293 1021 3330 sua
1044 3276 1108 3328 ad
1144 3271 1380 3346 Amicum
1424 3273 1512 3346 Dei
1537 3278 1755 3346 venerat
1775 3281 1964 3346 _t_n_at_re,
2001 3271 2124 3325 dum

573 3340 690 3401 orat
715 3347 779 3400 ad
806 3348 975 3400 locum
1004 3356 1218 3398 sacrata:
1243 3343 1504 3395 Memoria:
1532 3341 1744 3409 pulsans
1771 3340 1887 3392 fidei
1911 3341 2123 3408 pietate,

574 3432 678 3471 non
707 3418 876 3470 solum
896 3417 1085 3469 affectu
1105 3413 1299 3476 cordis,
1322 3426 1504 3465 verum
1527 3411 1682 3462 etiam
1706 3419 1846 3462 motu
1869 3411 2123 3478 corporis,

573 3489 684 3556 ipsa
709 3487 896 3541 ostiola
919 3485 1178 3539 Memorite
1201 3483 1421 3556 impulsa
1449 3481 1710 3556 patefecit,
1729 3494 1791 3556 ac
1806 3480 1908 3532 vim
1931 3478 2127 3534 faciens

573 3548 737 3625 r'cgno
774 3557 884 3621 Dei,
912 3564 1238 3625 capntsuum
1278 3548 1563 3625 intromisit
1600 3548 1838 3625 interius,
1871 3561 1923 3603 et
1968 3564 2128 3625 super

570 3619 743 3681 cubile
771 3619 1068 3680 sanciat-itm
1118 3623 1454 3691 reliquiarum
1501 3619 1737 3691 confixit,
1777 3619 2126 3691 lacrymisqne

569 3696 682 3751 suis
707 3697 881 3751 omnia
912 3695 1016 3748 illic
1047 3694 1188 3756 lavit,
1220 3689 1376 3761 atque
1405 3691 1612 3758 rigavit.
1645 3689 2000 3761 Verumecce
2036 3689 2126 3761 illo

570 3767 796 3834 desuper
820 3766 1101 3834 miserante
1146 3761 1259 3834 qni_
1280 3758 1660 3834 appropinquat
1683 3758 1934 3834 contritis
1967 3760 2126 3834 corde

569 3827 740 3904 (Pani.
763 3840 971 3904 cxcvt).
989 3827 1204 3899 Megetia
1235 3827 1425 3882 famula
1450 3827 1539 3881 Dei
1561 3827 1783 3904 quadam
1814 3829 1910 3880 sibi
1935 3829 2123 3904 visibili

569 3898 623 3958 et
664 3903 974 3956 attrectabili
1005 3898 1158 3953 manu
1202 3915 1262 3952 os
1307 3912 1457 3953 suum
1504 3898 1693 3966 corrigi
1725 3905 1778 3950 et
1803 3899 2124 3966 compalpari

571 3973 1019 4044 pcrscnsit._Qn;e_
1035 3980 1373 4044 posteaquam
1395 3967 1460 4019 ab
1481 3968 1719 4020 oratione
1746 3972 1992 4044 surrexit,
2020 3969 2125 4021 t-ir-

569 4037 953 4096 cumstantibus
978 4037 1152 4094 choris
1179 4037 1434 4107 virginum
1463 4048 1784 4108 sanctarum,
1827 4037 2126 4108 ibidemque

573 4129 667 4182 pro
699 4112 781 4165 illa
805 4122 999 4165 etcum
1032 4111 1113 4163 illa
1149 4108 1458 4182 Deolaudes
1477 4107 1783 4182 dicentium,
1817 4107 2050 4161 tremens
2073 4117 2128 4162 et

569 4176 801 4254 gaudens
837 4185 934 4254 hoc
978 4183 1144 4249 ipsum
1189 4179 1454 4254 indicavit.
1501 4176 1665 4254 Quale
1703 4186 1823 4230 tuac
1841 4189 2130 4254 Aqttantnm-

567 4246 671 4325 qne
690 4253 745 4306 in
762 4246 1019 4325 omnibus
1043 4247 1468 4325 tnentibusfnerit
1483 4246 1746 4325 gaudium,
1770 4256 1821 4325 et
1838 4247 1989 4325 flettdi
2007 4257 2127 4325 ante

570 4316 740 4393 ipsum
761 4323 919 4393 Deum
943 4320 1246 4372 excitaverit
1275 4316 1538 4393 affectum,
1556 4318 1838 4393 vixpoterit
1854 4319 2122 4393 esplirari.

641 4395 691 4446 '7.
725 4392 829 4445 Sed
858 4399 1138 4457 antequam
1165 4397 1328 4457 geslte
1359 4387 1430 4440 rei
1461 4386 1526 4438 ad
1559 4387 1714 4457 finem
1743 4388 2124 4453 optatissimum

568 4465 860 4522 veniamus,
885 4461 968 4512 ubi
993 4455 1197 4528 plenam
1215 4456 1600 4525 perfectamque
1621 4455 1842 4528 salutem
1870 4458 2126 4525 religiosa:

571 4533 825 4601 Mrgelim,
855 4526 1038 4601 Amico
1066 4529 1154 4580 Dei
1181 4536 1399 4601 curante
1429 4535 1585 4594 atque
1621 4526 1910 4601 auxiliante
1946 4529 1993 4577 in
2028 4544 2126 4601 uo.-

571 4595 711 4656 mine
737 4599 953 4662 Christi,
980 4597 1386 4652 demonstraturi
1426 4608 1627 4658 sumus,
1671 4595 1812 4662 quod
1859 4595 1908 4647 in
1951 4597 2126 4650 medio

571 4671 725 4740 hujus
755 4669 896 4724 aliud
920 4669 1228 4740 mira_bilite_r
1253 4665 1545 4740 eontigcrit,
1576 4678 1905 4740 nequaquam
1936 4676 2126 4740 przcte-

567 4734 673 4795 rire
714 4741 986 4794 debemus.
1025 4738 1154 4790 Cum
1192 4735 1357 4789 ferme
1397 4734 1736 4803 quadraginta
1781 4734 1962 4786 diebus
1988 4737 2126 4790 circa

567 4809 733 4866 sanet.’
765 4809 1004 4878 Martyris
1031 4807 1200 4860 locum
1229 4802 1428 4878 orando
1455 4815 1621 4878 mater
1649 4802 1859 4878 [iliaque
1881 4808 2127 4878 persiste-

569 4887 708 4942 rent,
739 4894 863 4931 ecce
897 4873 1118 4943 repente
1157 4874 1486 4927 venientibus
1514 4874 1722 4943 litteris,
1753 4874 1960 4926 sibimet
1996 4873 2125 4926 Car-

571 4948 782 5016 thagine
809 4941 1043 5007 directis,
1083 4959 1186 5012 quo
1222 4955 1368 5012 pater
1402 4944 1587 5016 puella:
1624 4941 1942 5016 honorabilis
1985 4943 2126 5016 Pon-

569 5011 947 5071 tius'diceretur
966 5011 1187 5081 corpore
1207 5022 1480 5081 aegrotare,
1503 5011 1566 5064 ad
1588 5012 1832 5065 eumdem
1853 5012 2126 5066 visendum

569 5088 637 5142 de
665 5084 904 5142 Uzalcnsi
940 5084 1150 5137 civitate
1196 5083 1441 5150 profecta:
1485 5091 1625 5134 sunt.
1675 5082 1863 5134 Verum
1907 5097 2026 5135 cum
2075 5084 2126 5136 in

569 5157 748 5211 medio
775 5155 996 5216 itineris,
1023 5163 1244 5205 aestuum
1271 5165 1448 5220 causa,
1479 5150 1683 5204 fovendi
1705 5152 1940 5220 corporis
1961 5154 2127 5220 gratia

569 5226 794 5281 lavacris
834 5226 905 5277 uti
953 5223 1268 5284 voluissent;
1303 5218 1467 5272 adfuit
1513 5221 1564 5272 in
1607 5218 1851 5288 praesenti
1887 5218 2126 5288 qut'edam

567 5297 855 5350 domestica
871 5294 936 5347 ab
955 5293 1147 5346 infideli
1171 5290 1374 5359 cognita
1398 5289 1612 5358 Megetia
1633 5298 1687 5343 et
1707 5291 1756 5341 in
1778 5290 1984 5350 obviam
2005 5292 2129 5345 mis-

568 5367 684 5431 ω’,
713 5380 818 5418 non
847 5373 951 5417 tam
975 5363 1039 5416 ad
1078 5360 1430 5424 salutandum,
1465 5373 1620 5428 quam
1647 5362 1824 5426 potius
1852 5360 1919 5414 ad
1945 5364 2128 5430 explo-

631 5515 647 5546 ¹
682 5521 822 5580 Juxta
845 5508 1003 5580 Morel,
1028 5508 1304 5580 Elem._Crit.
1322 5523 1464 5578 pagg.
1483 5509 1593 5567 359,
1610 5511 1716 5580 ξδο,
1745 5512 2004 5576 legendum
2027 5524 2126 5568 est:

567 5575 744 5624 cunde
764 5587 850 5622 om
868 5571 1050 5622 mirari
1069 5570 1434 5632 murimuri-iota:
1447 5571 1669 5631 poposcit.
1703 5570 1707 5572 ⁷
1735 5583 1790 5624 at.

634 5638 654 5666 ³
683 5642 841 5692 Forte,
862 5642 1057 5697 cognata
1081 5629 1291 5694 blegetiw
1314 5629 1364 5680 iit
1383 5629 1564 5682 obvium
1587 5636 1747 5686 missa.

626 5697 702 5751 (α)
737 5703 881 5744 locus
903 5699 1165 5754 corruptas.

2241 486 2326 539 tia!
2355 490 2490 542 nntla
2521 486 2611 543 ora
2655 489 2935 554 vultusque
2959 487 3289 556 conspicere,
3337 487 3546 543 intravit
3597 486 3794 546 cum-tn

2241 556 2291 608 iu
2321 559 2626 628 obsequium
2660 561 2700 623 ί,
2725 569 2778 612 et
2806 557 2892 612 ubi
2921 567 3175 626 quantum
3207 558 3372 611 voluit
3417 560 3472 612 in
3508 561 3694 614 faciem
3725 564 3795 614 fa-

2241 626 2394 699 ntu_l:_e
2417 626 2507 681 Dei
2531 628 2773 693 intendit,
2796 641 3014 696 prorsus
3035 629 3298 699 integrum
3321 628 3536 683 sibimet
3547 645 3796 699 apparens

2239 711 2300 766 os
2325 696 2560 766 Megetiae
2587 712 2879 766 sanumque
2920 699 3216 763 conspexit.
3246 697 3362 764 Quo
3388 699 3525 761 viso,
3553 696 3796 766 obstupe-

2239 763 2373 818 facta
2412 763 2572 836 atque
2615 763 2813 821 mirata
2850 766 2933 819 illa
2963 763 3421 837 domesticuoute
3464 769 3608 821 aliud
3655 763 3795 837 quam

2239 835 2724 902 sperabat’invenit,
2743 838 2991 890 continuo
3015 835 3082 890 ad
3104 837 3386 905 quamdam
3404 837 3554 905 juxta
3583 835 3795 893 stantem

2239 919 2440 958 Sacram
2483 908 2735 976 virginem
2780 907 3038 976 convertit
3073 921 3213 967 sese,
3243 915 3296 960 et
3327 910 3649 960 nominatim
3692 925 3796 962 eam

2238 975 2661 1044 conipellans’ait
2689 993 2701 1027 :
2738 976 2912 1030 Infans
2959 975 3288 1041 llelpidiana,
3317 992 3449 1030 sana
3481 989 3564 1031 est
3594 995 3798 1044 prorsus

2237 1043 2448 1098 domina
2478 1047 2717 1115 Megetia.
2751 1046 2838 1100 Sic
2867 1046 3008 1099 enim
3051 1047 3141 1099 Dei
3171 1047 3340 1113 gratia
3364 1047 3581 1113 vigebat
3601 1043 3664 1100 in
3704 1051 3799 1102 ble-

2237 1116 2393 1181 getia,
2428 1126 2500 1177 ut,
2535 1116 2659 1169 licet
2684 1115 2798 1184 ejus
2835 1115 3040 1182 plenior
3064 1129 3191 1169 cura
3233 1117 3283 1169 in
3316 1131 3547 1183 corpore
3575 1133 3642 1169 ex
3671 1130 3800 1184 parte

2237 1184 2409 1252 aliqua
2438 1185 2752 1248 differretur,
2779 1185 3004 1252 perfecta
3029 1195 3202 1238 tamen
3227 1184 3476 1238 sanitatis
3496 1189 3701 1254 species
3731 1206 3802 1240 re-

2242 1255 2581 1308 verberandis
2607 1255 2995 1308 incredulorum
3013 1255 3179 1309 oculis
3194 1256 3543 1323 objieeretur.
3559 1258 3710 1323 Quod
3727 1259 3800 1313 illa

2238 1326 2424 1394 ancilla
2443 1327 2530 1379 Dei
2551 1326 2849 1393 intelligens
2865 1339 3108 1394 magnum
3127 1326 3444 1394 mysterium
3469 1327 3585 1386 Dei,
3608 1329 3677 1379 illi
3701 1344 3799 1380 mu-

2239 1392 2466 1464 Hercule
2490 1392 2952 1464 rcsponditdicens
2977 1411 2992 1464 ς
3014 1392 3295 1456 lncrcduli,
3311 1396 3395 1449 vel
3411 1397 3579 1449 modo
3594 1397 3796 1450 credite.

2307 1463 2580 1534 8.7Rursus
2599 1464 2735 1532 apud
2751 1463 3120 1532 Carthaginem
3142 1479 3261 1517 cum
3287 1465 3573 1518 benedicta
3602 1466 3798 1534 Megetis

2238 1533 2570 1601 quadam'die
2589 1550 2708 1587 cum
2731 1535 2844 1586 viro
2857 1547 2951 1586 suo
2973 1548 3175 1602 pagano
3192 1549 3506 1589 sermonem
3524 1533 3795 1598 conferret,

2237 1614 2290 1657 et
2317 1605 2452 1658 inter
2478 1604 2682 1659 fabulas
2727 1603 2850 1656 dum
2899 1603 3011 1654 viro
3048 1619 3144 1656 suo
3195 1619 3292 1656 ore
3324 1605 3541 1672 inagro
3569 1609 3799 1670 vultuque

2236 1685 2530 1740 appareret,
2581 1683 2876 1726 commotus
2902 1672 3255 1744 gtali__visione
3287 1675 3370 1726 vir
3395 1675 3522 1742 ejus
3565 1678 3798 1744 gratulari

2235 1745 2396 1812 empit
2425 1760 2485 1797 ac
2513 1745 2689 1798 dicere
2720 1741 2984 1814 :Domina
3012 1742 3251 1814 Megetia,
3295 1741 3486 1796 sanam
3524 1741 3797 1814 te'prorsus

2235 1816 2454 1887 aspicio.
2476 1815 2678 1887 AVerum
2709 1813 2794 1866 illa
2825 1812 3206 1887 dissimulando
3229 1814 3446 1866 interim
3471 1812 3659 1887 legens
3677 1817 3796 1887 quod

2235 1881 2409 1936 tlivina
2439 1885 2602 1937 virtus
2631 1884 2680 1934 in
2722 1897 2779 1936 se
2808 1881 3225 1946 demonstrabat,
3267 1881 3552 1936 sermonis
3581 1887 3661 1937 sui
3693 1881 3797 1938 cur-

2234 1968 2350 2006 sum
2379 1956 2607 2008 tenebat.
2640 1952 2926 2019 Itidemque
2969 1951 3056 2006 ille
3091 1952 3229 2020 quod
3256 1952 3479 2006 videbat
3511 1966 3686 2008 tacere
3708 1971 3794 2008 non

2236 2035 2458 2090 poterat,
2491 2034 2544 2077 et
2569 2023 2705 2077 sicut
2733 2020 3080 2092 priuseidem
3112 2023 3484 2092 respondebat
3540 2040 3556 2078 :
3598 2024 3795 2079 Sanam

2233 2107 2470 2161 prorsus,
2499 2095 2604 2146 Deo
2632 2097 2845 2162 gratias.
2875 2090 2949 2162 At
2967 2091 3052 2162 illa
3089 2090 3309 2162 impleta
3344 2093 3571 2161 gaudio,
3605 2096 3792 2147 tandem

2233 2159 2531 2225 subridens,
2559 2159 2877 2216 ait'marito:
2910 2159 3001 2214 Vel
3030 2161 3188 2214 modo
3210 2163 3322 2229 jam
3345 2159 3544 2217 credes
3569 2164 3795 2218 Christo?

2234 2231 2300 2284 Et
2327 2233 2412 2286 ille
2445 2251 2457 2287 :
2489 2232 2622 2299 Quid
2655 2233 2764 2296 vis,
2797 2231 2994 2300 inquit,
3034 2231 3219 2285 faciam
3247 2235 3390 2301 patri
3425 2235 3591 2288 meo?
3619 2251 3730 2287 nam
3750 2247 3792 2290 et

2209 2355 2212 2359 .
2232 2315 2329 2371 ego
2352 2303 2670 2357 christianos
2695 2302 2808 2356 fieri
2836 2301 2976 2354 volo.

2302 2372 2354 2426 9.
2382 2374 2485 2428 Sed
2518 2385 2574 2428 ut
2593 2374 2704 2442 jam
2737 2372 2801 2442 ad
2844 2369 3122 2424 terminum
3150 2386 3310 2439 quem
3351 2373 3693 2440 promisimus
3713 2390 3791 2429 ve-

2233 2442 2457 2509 niamus,
2485 2441 2603 2498 dies
2627 2441 2841 2496 Pascha:
2858 2442 3223 2495 sanctissimus
3243 2444 3661 2510 propinquabat,
3689 2461 3789 2498 enim

2230 2511 2500 2568 benedicm
2521 2514 2742 2581 Megetia
2763 2528 2790 2563 a
2811 2512 3033 2580 quadam
3055 2513 3223 2564 amica
3244 2523 3416 2581 atque
3441 2513 3604 2566 nobili
3622 2513 3786 2567 femina

2234 2581 2443 2637 Rustica
2471 2585 2776 2652 rogabatur,
2805 2593 2860 2634 ut
2887 2592 3008 2636 voto
3037 2596 3134 2635 suo
3177 2581 3450 2635 solvendo
3493 2583 3632 2635 beato
3658 2599 3782 2635 mar-

2233 2653 2332 2722 tyri
2361 2651 2625 2724 Cypriane
2655 2655 2705 2705 in
2737 2651 2997 2724 Mappalia
3017 2666 3196 2724 secum
3229 2660 3514 2724 pergeret,
3541 2664 3591 2704 et
3609 2653 3783 2705 solem-

2231 2719 2381 2776 nitati
2405 2719 2605 2792 pariter
2636 2725 2931 2776 interesset.
2968 2719 3375 2792 Quodihlegetia
3411 2722 3592 2775 facere
3626 2737 3677 2775 se
3699 2739 3786 2776 non

2231 2805 2385 2859 posse
2412 2790 2746 2854 causabatur,
2777 2792 2951 2845 sciens
2973 2790 3096 2860 quid
3132 2791 3184 2842 in
3214 2805 3273 2843 se
3303 2791 3397 2844 Dei
3432 2793 3662 2858 potentia
3687 2793 3787 2844 inﬁ-

2229 2861 2425 2915 delium
2457 2863 2625 2917 oculis
2645 2861 2963 2921 ostenderet.
2993 2860 3118 2928 quid
3149 2860 3308 2928 plene
3331 2861 3525 2914 salutis
3545 2864 3566 2891 ³

2228 2933 2395 2998 gratia
2427 2942 2736 2987 reservaret.
2760 2929 2956 2984 Tamen
2984 2931 3210 2982 amicam
3244 2932 3578 2985 contristare
3606 2933 3778 2990 nolens.

2230 3016 2333 3071 non
2367 3003 2572 3071 penitus
2611 3002 2837 3069 negavit,
2874 3000 2965 3054 sed
3008 3001 3160 3068 plane
3195 2999 3261 3052 ad
3301 3000 3456 3053 illum
3498 3002 3636 3054 diem
3670 3003 3780 3066 quod

2229 3070 2377 3125 Deus
2403 3073 2648 3127 voluisset
2693 3074 2946 3124 facturam
2977 3085 3035 3124 se
3079 3084 3200 3123 esse
3231 3071 3503 3138 promisit.
3529 3073 3593 3123 At
3615 3071 3692 3122 ubi
3716 3073 3778 3122 illa

2228 3143 2396 3195 amica
2419 3143 2680 3204 discessit,
2708 3155 2811 3193 non
2847 3141 3045 3194 destitit
3064 3138 3150 3192 die
3173 3148 3448 3208 noctuque
3475 3141 3693 3193 orationi
3717 3141 3781 3193 in-

2231 3220 2372 3266 stare
2401 3212 2640 3280 Megetia.
2675 3211 2965 3266 Buccellam
3005 3223 3132 3280 sane
3158 3210 3302 3262 omni
3335 3209 3428 3264 die
3459 3211 3513 3262 in
3538 3211 3655 3263 oleo
3680 3226 3781 3263 san-

2227 3281 2454 3336 ctificato
2485 3279 2696 3335 tinctam
2725 3281 2868 3347 prius
2889 3279 3211 3346 accipiebat;
3235 3288 3288 3331 et
3313 3281 3392 3332 sic
3415 3290 3638 3333 ctutems
3657 3281 3783 3332 cibos

2228 3355 2490 3405 sumebat.
2516 3352 2752 3419 Quadam
2781 3365 2904 3402 vero
2935 3358 3087 3402 nocte
3116 3349 3345 3419 visitavit
3392 3349 3450 3401 in
3489 3351 3700 3412 somnis,
3722 3349 3780 3401 ita

2228 3430 2358 3476 utse
2375 3421 2520 3490 juxta
2542 3418 2848 3490 Memoriam
2876 3420 3012 3472 beati
3034 3418 3288 3486 Stephani
3315 3428 3554 3474 stantem
3584 3429 3777 3490 putaret.

2229 3489 2403 3561 ibique
2445 3493 2690 3560 juvenem
2739 3489 2883 3561 illum
2917 3490 3218 3561 Aspeciosum
3263 3497 3541 3561 cerneret,
3584 3489 3776 3561 candida

2228 3558 2345 3616 luce
2375 3558 2637 3630 perfusum
2663 3569 2710 3612 et
2739 3558 2930 3627 insigni
2959 3573 3095 3627 equo
3123 3559 3464 3630 subvectum,
3505 3558 3779 3630 lammdeso

2228 3648 2331 3702 que
2358 3627 2692 3700 quampiures
2717 3630 2973 3702 lucentes,
2998 3643 3059 3680 ac
3081 3627 3387 3702 p_r:ecedens
3413 3630 3464 3702 ei
3491 3627 3782 3702 splendidis-

2227 3696 2419 3757 simum
2457 3696 2796 3768 apparatum,
2842 3699 3045 3765 sil-ique
3073 3698 3150 3768 ab_
3167 3697 3358 3768 eodem
3387 3698 3536 3749 clara
3565 3712 3687 3768 voce
3707 3696 3778 3748 di-

2227 3781 2372 3826 ctum
2400 3787 2413 3823 :
2446 3766 2602 3824 Adte
2627 3770 2851 3837 pertinet
2875 3770 2971 3820 ista
3002 3768 3107 3837 lux,
3135 3766 3374 3835 Megetia,
3396 3768 3611 3836 suscipe
3633 3767 3776 3819 illam.

2228 3843 2530 3910 Postquam
2558 3836 2812 3892 visionem
2840 3836 3207 3910 expergefacta
3240 3839 3542 3910 gaudioque
3578 3838 3777 3904 repleta,

2228 3906 2408 3966 statim
2436 3910 2522 3962 ubi
2551 3924 2607 3962 se
2634 3922 2814 3960 sanam
2844 3907 3047 3968 sensit,
3085 3922 3272 3959 manus
3310 3921 3437 3959 snas
3463 3906 3528 3958 ad
3558 3921 3619 3959 os
3642 3921 3779 3958 suum

2229 3982 2519 4049 faciemque
2540 3977 2916 4046 inspiciendam
2938 3977 3317 4049 applicavittet
3335 3977 3485 4044 quasi
3510 3991 3616 4043 pne
3633 3975 3779 4049 nimio

2226 4052 2417 4122 gaudio
2437 4045 2543 4103 soli
2571 4045 2668 4100 sibi
2699 4063 2800 4122 non
2837 4046 3078 4122 credens,
3107 4046 3327 4100 ancillas
3359 4060 3484 4122 suas
3513 4060 3631 4122 qua:
3653 4045 3778 4098 circa

2229 4116 2422 4178 lectum
2449 4135 2598 4171 suum
2631 4116 2992 4186 quiescebant,
3020 4117 3156 4169 clara
3186 4131 3319 4186 voce
3342 4116 3625 4176 excitavit,
3657 4125 3706 4166 et
3728 4123 3778 4166 ut

2228 4193 2291 4246 ad
2314 4206 2369 4246 se
2390 4183 2762 4257 inSpiciendam
2780 4197 2936 4255 atque
2955 4183 3410 4257 contemplandam
3433 4193 3771 4257 accurrere-nt,

2229 4252 2517 4314 advocavit.
2559 4258 2689 4312 Tum
2717 4252 2932 4316 illzr,'ut
2959 4256 3198 4308 viderunt
3237 4255 3287 4306 in
3334 4253 3548 4306 domina
3577 4267 3661 4306 sua
3683 4252 3775 4305 do—

2229 4346 2352 4385 num
2399 4330 2489 4384 Dei
2531 4328 2691 4381 fuissc
2730 4327 2998 4393 impletum
3024 4365 3038 4389 ,
3075 4331 3361 4390 votumque
3399 4324 3634 4375 omnium
3670 4336 3776 4375 esse

2229 4399 2543 4470 perfectum,
2571 4412 2754 4470 onmes
2785 4395 2977 4462 pariter
3007 4394 3056 4446 in
3083 4393 3774 4470 [tentiamexclamaverunt,

2229 4461 2282 4524 ct
2307 4471 2360 4522 in
2406 4468 2613 4522 laudem
2667 4465 2755 4519 Dei
2789 4461 3104 4531 eruperunt.
3134 4463 3360 4515 Advenit
3404 4463 3566 4515 etiam
3606 4461 3686 4513 ille
3715 4462 3775 4531 ab

2228 4541 2395 4592 amica
2422 4537 2750 4606 prtcstitutus
2778 4529 2986 4586 sibimet
3012 4533 3146 4606 dies,
3188 4532 3395 4606 venitur
3419 4547 3448 4582 a
3480 4532 3694 4606 diversis

2231 4600 2524 4676 religiosam
2571 4605 2862 4676 Megetiam,
2889 4612 2963 4665 ut,
2995 4603 3129 4654 sicut
3163 4603 3505 4676 promiserat,
3533 4601 3600 4652 ad
3627 4600 3775 4676 desti—

2231 4670 2406 4730 natum
2437 4677 2609 4729 locum
2648 4670 2835 4727 charas
2863 4687 2985 4723 suas
3016 4687 3116 4723 non
3147 4670 3442 4723 deserendo
3472 4686 3685 4737 pergere
3703 4670 3778 4720 di-

2227 4743 2627 4816 gnareturaSed
2673 4743 2886 4809 Megetia
2920 4740 3008 4792 Dei
3051 4740 3243 4816 famula
3274 4741 3571 4816 velamento
3597 4739 3774 4816 adhc2

2231 4807 2364 4870 sicut
2393 4813 2595 4870 solebat
2623 4854 2638 4880 ,
2681 4807 2776 4865 ore
2813 4820 3076 4875 contecm,
3108 4810 3171 4880 ab
3216 4809 3679 4880 intimocubicnlo
3717 4807 3774 4858 ad

2229 4887 2425 4939 amicas
2445 4898 2566 4937 suas
2595 4881 2733 4935 foras
2757 4895 2966 4948 egressa
2987 4891 3087 4933 est.
3113 4879 3254 4944 Quas
3283 4879 3368 4931 ubi
3397 4879 3465 4931 de
3493 4880 3777 4945 scaliquan-

2229 4955 2320 5008 diu
2351 4955 2526 5008 tristes
2549 4966 2667 5006 esse
2693 4950 2951 5020 permisit,
2974 4949 3148 5003 subito
3174 4948 3266 5020 illo
3285 4948 3471 5020 aﬂfacie
3496 4948 3774 5020 velamento

2230 5025 2426 5088 ablato,
2473 5033 2526 5077 et
2565 5016 2713 5074 vultu
2753 5021 3132 5080 demonstrato,
3167 5018 3277 5069 ait:
3313 5019 3453 5071 Ecce
3491 5031 3584 5069 vos
3620 5016 3778 5067 videte

2231 5093 2353 5162 quid
2380 5087 2431 5146 in
2463 5107 2547 5146 me
2587 5091 2724 5144 Deus
2753 5090 2993 5162 dignatus
3017 5097 3098 5162 est
3127 5087 3402 5154 perlicere,
3454 5096 3642 5162 et_una
3675 5098 3779 5162 tne-

2229 5154 2349 5218 cum
2379 5162 2621 5232 gaudete,
2661 5169 2716 5213 et
2755 5154 2853 5228 ipsi
2879 5158 3098 5210 Domino
3141 5171 3250 5232 pro_
3276 5170 3363 5208 me
3402 5156 3595 5232 gratias
3631 5154 3778 5231 agite.

2231 5225 2407 5297 Quam'
2428 5231 2514 5286 ubi
2541 5225 2726 5283 omnes
2744 5225 3085 5294 conspexere,
3116 5225 3413 5295 gaudentes
3439 5225 3778 5297 etDotninum

2231 5293 2622 5363 benedicentes,
2645 5298 2840 5352 osculis
2859 5293 3183 5356 lamberefet
3203 5309 3322 5348 eam
3340 5293 3658 5362 eomplexari
3677 5305 3777 5344 cer

2231 5379 2443 5443 perunt.
2483 5369 2631 5422 Tunc
2670 5381 2854 5421 omnes
2892 5381 2994 5443 una
3033 5365 3097 5443 ad
3141 5365 3418 5443 ecclesiam
3450 5369 3780 5443 perrexerunt

2233 5433 2353 5496 cum
2393 5455 2477 5506 ea,
2522 5449 2576 5492 et
2619 5447 2738 5490 vota
2764 5451 2874 5506 sua,
2896 5434 3120 5506 Domino
3156 5434 3540 5506 persolverunt.
3575 5433 3778 5506 Peracto

2233 5520 2409 5566 autem
2430 5499 2612 5564 sancto
2633 5505 2830 5561 Pascha
2855 5504 3081 5570 Domini,
3106 5499 3263 5557 etiam
3287 5503 3356 5558 ad
3382 5501 3684 5558 Uzalenscm
3703 5499 3776 5552 ci-

2301 5644 2320 5673 ι
2353 5636 2627 5699 Legendum
2647 5633 2788 5699 forte,
2808 5632 2861 5699 in
2880 5630 3150 5697 haspitiwn.

2300 5705 2323 5736 ⁸
2353 5693 2510 5758 Forte,
2531 5697 2681 5761 plena:
2699 5693 2857 5748 saluti.
