3896 6382
457 434 567 493 815

458 551 789 613 tinacissime
805 541 1135 600 cohaerentes
1152 573 1167 602 ,
1188 542 1289 587 nec
1306 521 1638 586 emendando
1658 526 1750 575 aut
1764 514 2037 588 poeniten-

459 652 532 710 do
550 655 802 705 mutatos.

531 700 755 796 ἁλί)οΤ
782 729 921 787 XVI.
944 724 1117 778 —-27.
1147 721 1311 774 Locus
1334 712 1562 786 Apostoti
1581 706 1829 781 quomodo
1854 700 2047 756 intelli-

459 793 671 906 gendus.
692 825 835 880 Alius
858 817 1087 891 Apostoti
1116 815 1256 868 locus
1282 813 1471 882 frustra
1495 804 1555 858 ab
1583 804 1644 856 iis
1664 798 1933 862 adductus,
1962 793 2047 862 qui

459 891 614 998 ﬁdem
643 922 750 977 sine
769 914 1000 989 operibus
1021 910 1216 965 salvare
1245 905 1443 959 docent.
1460 900 1761 955 Chanantete
1776 891 1901 961 ﬁdes
1917 904 2045 959 qua-

463 981 526 1076 lis
583 1016 793 1072 laudata
839 1020 931 1065 est.
997 1006 1094 1062 Hic
1147 1018 1177 1056 a
1233 1014 1319 1053 me
1373 996 1599 1050 fortasse
1640 997 1928 1060 quaeratur,
1980 981 2047 1036 de

458 1115 576 1186 ipsa
600 1106 749 1165 Pauli
771 1099 996 1173 apostoli
1017 1092 1279 1151 sententia
1301 1088 1425 1159 quiti
1449 1100 1547 1154 ego
1567 1080 1813 1144 sentiam,
1842 1084 1895 1130 et
1916 1086 2047 1143 quo-

1106 1185 1114 1186 ,
1471 1175 1511 1186 η
1553 1183 1560 1186 Α
1715 1169 1727 1186 _
1754 1169 1765 1180 ,
1816 1182 1833 1186 Α
1858 1167 1870 1186 ,
1920 1162 2020 1186 Μ,

460 1162 588 1260 riam
622 1197 784 1256 modo
808 1162 1211 1259 intelligendam
1240 1188 1439 1252 putem.
1471 1175 1683 1239 Fateor,
1714 1169 1838 1222 hinc
1858 1167 1874 1197 ¹
1920 1162 2050 1217 mal-

453 1299 571 1354 lem
608 1291 791 1348 audire
830 1255 1266 1352 intelligentiores
1314 1282 1473 1340 atque
1514 1264 1800 1325 doctiores,
1841 1257 1931 1327 qui
1974 1255 2051 1309 sic

462 1403 583 1446 eam
607 1384 912 1453 exponant,
942 1381 1003 1428 ut
1032 1371 1123 1426 illa
1150 1365 1329 1423 omnia
1349 1376 1474 1417 vera
1507 1366 1562 1414 et
1582 1358 1893 1411 inconcussa
1926 1362 2049 1418 per-

461 1482 735 1539 maneant,
776 1483 896 1540 qua:
932 1477 1093 1534 supra
1130 1449 1569 1515 commemoravi,
1610 1454 1664 1502 et
1703 1452 2048 1514 quaecumque

464 1572 565 1626 alia
588 1584 693 1623 non
720 1533 1211 1619 commmemoravi,
1235 1548 1425 1620 quibus
1450 1538 1785 1613 apertissime
1805 1533 2049 1601 Scriptu-

461 1678 527 1718 ra
544 1666 770 1716 testatur
787 1652 915 1709 nihil
934 1647 1187 1721 prodesse
1208 1641 1389 1706 fidem,
1407 1635 1509 1691 nisi
1536 1648 1653 1689 eam
1674 1642 1829 1699 quam
1857 1622 2051 1679 deﬁni-

463 1716 855 1823 vitApostolus,
872 1742 926 1798 id
936 1716 1037 1805 est,
1053 1751 1165 1807 qua:
1176 1750 1263 1806 per
1279 1729 1591 1785 dilectionem
1603 1730 1841 1792 operatur
1855 1716 2047 1789 (Gatat.

465 1864 523 1916 v,
547 1846 635 1915 6);
677 1843 793 1896 sine
818 1834 1067 1907 operibus
1096 1838 1275 1884 autem
1300 1824 1507 1880 salvare
1537 1832 1642 1873 non
1672 1828 1849 1887 posse,
1882 1822 2054 1878 neque

464 1945 664 2011 printer
679 1934 876 2005 ignem,
894 1939 1063 1997 neque
1076 1937 1171 1992 per
1182 1920 1356 1989 ignem
1367 1932 1379 1968 :
1392 1912 1512 1983 quia
1525 1910 1568 1964 si
1588 1922 1680 1978 per
1697 1906 1872 1975 ignem
1884 1900 2055 1955 salvat

468 2002 587 2103 ipsa
604 2002 783 2098 utique
798 2024 985 2080 salvat.
1002 2015 1259 2073 Absolute
1270 2018 1446 2065 autem
1465 2005 1664 2060 dictum
1681 2007 1763 2055 est
1777 2006 1829 2052 et
1848 2002 2052 2065 aperte,

475 2096 611 2194 (Quid
635 2096 858 2193 prodest,
881 2115 923 2170 si
945 2113 1079 2167 dicat
1104 2109 1215 2182 quis
1244 2121 1298 2160 se
1320 2102 1472 2172 [idem
1490 2096 1688 2159 habere,
1714 2106 1867 2163 Opera
1882 2098 2052 2141 autem

470 2182 575 2271 ξονι
601 2182 819 2268 habent?
847 2182 1111 2275 Numquid
1137 2198 1318 2271 poterit
1347 2195 1470 2265 fides
1491 2191 1684 2247 salvare
1704 2184 1854 2240 eum?
1877 2182 2057 2236 Dicam

470 2317 671 2371 tamen,
702 2318 859 2375 quam
885 2296 1197 2356 brevissime
1224 2299 1433 2361 potero,
1465 2284 1625 2339 etiam
1652 2280 1765 2349 ipse
1789 2274 1915 2346 quid
1941 2287 2061 2327 sen-

473 2402 602 2456 tiam
638 2367 817 2454 de'illa
845 2391 1107 2450 sententia
1132 2384 1280 2441 Pauli
1310 2377 1535 2450 apostoli
1560 2375 1627 2428 ad
1662 2367 2060 2438 intelligendum

476 2490 713 2555 difﬁcili;
736 2481 1028 2543 dummodo
1053 2474 1201 2541 illud,
1230 2471 1374 2543 quod
1390 2467 1455 2523 ad
1480 2479 1652 2521 meam
1675 2458 2063 2532 professionem

477 2546 726 2645 attinet",
750 2575 1016 2649 praecipue
1060 2574 1322 2629 teneatur,
1368 2558 1507 2630 quod
1539 2557 1607 2611 de
1646 2556 1745 2610 hac
1781 2565 1868 2605 me
1906 2546 2067 2604 malle

480 2673 592 2729 dixi
634 2669 819 2725 audire
852 2664 1123 2721 meliores.
1165 2653 1590 2712 Fundamentum
1624 2643 1866 2699 Christus
1902 2647 1983 2695 est
2012 2638 2067 2692 in

478 2772 749 2822 structura
771 2754 1045 2814 architecti
1073 2746 1355 2819 sapientis;
1381 2744 1481 2796 hoc
1502 2734 1831 2807 expositione
1856 2745 1961 2786 non
1984 2731 2071 2784 in-

486 2860 633 2931 diget
662 2876 674 2910 :
708 2862 893 2925 aperte
931 2848 1070 2904 enim
1106 2844 1305 2899 dictum
1340 2845 1444 2903 est,
1491 2831 1900 2887 Fundamentum
1937 2824 2070 2877 enim

486 2919 633 3004 aliud
662 2919 806 3001 nemo
834 2940 1200 3013 potest'ponere
1240 2938 1423 3002 prteter
1467 2926 1521 2979 id
1551 2922 1684 2992 quod
1732 2919 1949 2991 positum
1976 2922 2067 2981 est,

484 3038 621 3111 quod
647 3046 719 3092 est
740 3005 969 3089 Christus
989 3005 1160 3082 J-esus.
1190 3022 1249 3078 Si
1273 3028 1450 3075 autem
1478 3014 1740 3076 Christus,
1766 3007 1950 3081 procul
1971 3005 2072 3060 du-

486 3098 577 3188 iiio
599 3129 730 3184 ﬁdes
757 3122 957 3181 Christi
990 3139 1007 3173 ς
1052 3111 1146 3189 per
1176 3115 1334 3169 ﬁdem
1374 3110 1571 3181 quippe
1603 3104 1803 3159 habitat
1828 3098 2074 3155 Christus

487 3221 543 3277 in
559 3219 812 3276 cordibus
838 3188 1061 3275 nostris,
1083 3208 1221 3264 sicut
1242 3204 1383 3260 idem
1407 3197 1683 3271 apostolus
1709 3192 1836 3249 dicit
1856 3188 2073 3262 (Ephes.

496 3329 577 3379 ιιι,
611 3310 722 3381 17).
751 3308 919 3362 Porro
943 3304 987 3358 si
1016 3300 1148 3356 ﬁdes
1183 3293 1406 3359 Christi,
1433 3292 1519 3346 illa
1542 3289 1723 3358 utique
1748 3298 1909 3355 quam
1939 3279 2076 3336 deﬁ-

494 3404 634 3461 nivit
679 3371 985 3470 Apostolus,
1032 3406 1146 3462 qua:
1191 3405 1279 3458 per
1316 3384 1632 3439 dilectionem
1670 3385 1924 3446 operatur.
1959 3371 2078 3426 Non

491 3497 635 3554 enim
669 3494 801 3548 ﬁdes
828 3490 915 3545 illa
938 3487 1262 3545 daemonum,
1293 3493 1412 3533 cum
1438 3483 1493 3530 et
1517 3472 1617 3543 ipsi
1637 3469 1856 3526 credant
1878 3475 1933 3521 et
1950 3478 2081 3519 con-

489 3589 827 3650 tremiscam,
858 3589 912 3636 et
940 3578 1133 3633 Filium
1163 3573 1256 3628 Dei
1288 3568 1640 3625 conﬁteantur
1665 3560 1873 3623 Jesum,
1904 3563 2080 3626 potest

492 3680 666 3749 accipi
706 3678 758 3731 in
799 3672 1163 3729 fundamento.
1205 3666 1402 3731 Quare,
1436 3657 1536 3713 nisi
1561 3655 1684 3726 quia
1712 3666 1819 3706 non
1845 3655 1929 3704 est
1948 3645 2082 3703 fides

496 3737 631 3846 qua;
656 3783 751 3840 per
788 3762 1131 3820 dilectionem
1169 3760 1445 3825 operatur,
1489 3747 1584 3804 sed
1613 3759 1729 3815 qua:
1768 3737 2083 3811 exprimitur

498 3829 597 3937 per
623 3859 903 3919 timorem?
934 3854 1090 3910 Fides
1118 3852 1297 3919 itaque
1321 3842 1537 3907 Christi,
1572 3839 1703 3894 ﬁdes
1728 3835 1911 3907 gratia:
1937 3829 2084 3886 chri-

498 3930 707 4019 stianae,
731 3950 786 4006 id
811 3957 891 4004 est
908 3989 923 4014 ,
954 3960 1017 4001 ea
1040 3942 1170 3998 ﬁdes
1193 3954 1312 4010 qua:
1339 3950 1433 4007 per
1463 3931 1803 3988 dilectionem
1837 3930 2087 3993 operatur

504 4045 678 4117 posita
702 4044 753 4097 in
776 4013 1117 4095 fundamento
1143 4030 1411 4087 neminem
1448 4024 1622 4095 perire
1666 4016 1941 4090 permittit.
1978 4013 2087 4069 Sed

506 4136 634 4209 quid
672 4134 745 4189 sit
777 4130 1043 4188 aediﬁcare
1082 4138 1243 4194 super
1270 4121 1371 4175 hoc
1405 4114 1804 4171 fundamentum
1826 4149 1840 4174 ,
1874 4120 2086 4170 aurum,

501 4198 805 4299 argentum,
838 4221 1039 4293 lapides
1067 4215 1329 4288 pretiosos
1350 4251 1364 4276 ,
1394 4217 1447 4263 et
1473 4206 1643 4276 ligna,
1677 4202 1854 4258 fenum
1874 4240 1889 4266 ,
1918 4198 2088 4269 stipu-

498 4322 632 4389 lam,
665 4318 708 4374 si
736 4290 985 4373 subtilius
1009 4311 1271 4367 disserere
1302 4316 1486 4367 coner,
1521 4312 1711 4353 vereor
1736 4310 1806 4350 ne
1834 4291 1902 4348 ad
1931 4290 2092 4347 intel-

499 4387 772 4485 ligendum
805 4404 1076 4464 difﬁcilior
1115 4400 1184 4455 sit
1219 4397 1333 4467 ipsa
1360 4390 1661 4463 expositio:
1694 4387 1865 4443 enitar
1888 4392 2090 4453 tamen,

503 4482 759 4579 quantum
783 4498 1039 4556 Dominus
1060 4492 1309 4563 adjuvat,
1353 4494 1408 4542 et
1432 4482 1694 4547 breviter,
1737 4488 1792 4536 et
1832 4487 2092 4549 quantum

502 4565 715 4673 potero,
745 4590 977 4650 dilucide
1017 4584 1276 4658 expedire
1308 4578 1451 4653 quod
1490 4578 1689 4633 sentio.
1721 4574 1859 4628 Ecce
1888 4572 1976 4628 ille
2001 4565 2100 4641 qui

504 4662 752 4763 quaesivit
778 4700 810 4739 a
836 4680 1090 4750 magistro
1114 4678 1277 4742 bono,
1294 4671 1421 4745 quid
1443 4669 1569 4726 boni
1595 4667 1813 4732 faceret,
1848 4672 1907 4719 ut
1931 4662 2095 4719 babe-

505 4789 592 4841 ret
611 4779 773 4834 vitam
800 4783 1055 4830 aeternam
1074 4784 1089 4836 ;
1111 4775 1167 4823 et
1186 4765 1406 4833 audivit,
1433 4764 1478 4820 si
1498 4762 1566 4817 ad
1593 4760 1755 4815 vitam
1776 4757 1959 4811 venire
1981 4754 2097 4811 vel-

506 4875 601 4944 let,
626 4866 889 4927 servanda
914 4863 1016 4921 sibi
1041 4876 1161 4918 esse
1176 4860 1454 4916 mandata:
1474 4864 1530 4913 et
1550 4869 1669 4911 cum
1694 4858 1960 4925 quaereret
1978 4864 2097 4920 qua:

507 4941 782 5025 mandata,
803 4958 1002 5015 dictum
1016 4964 1099 5012 est
1112 4954 1184 5022 ei,
1212 4952 1335 5008 Non
1358 4948 1577 5015 occides,
1603 4944 1724 5000 Non
1752 4941 2093 5007 mmchaberis,

511 5054 639 5113 Non
662 5056 854 5127 furtum
883 5049 1060 5122 facies,
1091 5047 1213 5102 Non
1233 5044 1420 5115 falsum
1444 5037 1781 5095 testimonium
1804 5034 1959 5099 dices,
1991 5031 2102 5087 Ho-

507 5166 638 5209 nora
657 5125 851 5217 patrem
878 5153 1020 5198 tuum
1038 5148 1086 5196 et
1106 5146 1317 5194 matrem
1336 5144 1498 5197 tuam;
1518 5139 1586 5196 et,
1604 5127 1793 5199 Diliges
1815 5125 2101 5196 proximum

462 5314 477 5325 ρ
508 5254 657 5301 tuum
682 5251 921 5310 tanquam
948 5246 994 5291 te
1030 5235 1217 5307 ipsum.
1245 5228 1372 5283 Haec
1398 5224 1597 5279 faciens
1636 5223 1689 5276 in
1731 5219 1835 5275 ﬁde
1876 5217 2099 5286 Christi,

510 5344 723 5395 toleret
748 5330 929 5403 procul
948 5327 1116 5407 dubio
1143 5323 1301 5378 ﬁdem
1330 5334 1447 5391 qua:
1477 5332 1573 5387 per
1604 5314 1943 5371 dilectionem
1969 5326 2101 5382 epe-

512 5438 685 5487 ratur.
728 5424 911 5493 Neque
948 5420 1091 5474 enim
1128 5415 1376 5483 diligeret
1410 5409 1710 5481 proximum
1753 5415 2003 5475 tanquam
2044 5417 2103 5458 se

513 5524 721 5597 ipsum,
744 5518 845 5576 nisi
871 5520 1082 5582 recepta
1111 5508 1396 5564 dilectione
1427 5504 1549 5570 Dei,
1583 5505 1698 5558 sine
1719 5516 1820 5571 qua
1850 5514 1953 5554 non
1982 5495 2106 5551 dili-

518 5625 668 5690 geret
687 5602 746 5671 se
770 5612 964 5682 ipsum.
992 5605 1159 5659 Porro
1184 5600 1227 5655 si
1255 5597 1454 5653 faceret
1483 5599 1641 5650 etiam
1672 5592 1814 5663 quod
1846 5589 2103 5645 Dominus

585 5773 605 5803 ι
640 5767 772 5829 Apud
794 5772 866 5814 Er.
893 5761 1040 5829 Lugd.
1066 5768 1186 5809 Ven.
1220 5764 1351 5815 ων,
1375 5753 1469 5826 hic.
1534 5758 1590 5800 Μ.

584 5833 607 5863 ⁸
794 5807 1020 5891 quod—dit—
1030 5807 1038 5810 ⁷
1052 5807 1208 5891 meum
1230 5807 1597 5891 promissionem
1613 5812 1792 5866 attinet.
1818 5807 2105 5861 Concinnius

550 5876 887 5973 βεξᾷὤαϊιά
909 5899 1064 5943 meum
1078 5876 1416 5955 professionem
1434 5876 1614 5937 attinet.

1420 403 1508 461 DE
1544 398 1703 459 FIDE
1741 394 1833 453 ET
1872 382 2235 456 OPERIBUS,
2276 385 2336 442 S.
2377 381 2746 442 AUGUSTlNl

3624 377 3726 435 216

2153 504 2374 571 addidit,
2402 505 2604 570 dicens,
2638 500 2700 556 Si
2736 499 2809 553 vis
2834 495 3081 568 perfectus
3119 508 3245 559 esse,
3274 489 3418 559 vade,
3445 492 3597 546 vende
3619 508 3726 547 om-

2153 600 2237 653 nia
2261 613 2373 667 quae
2401 596 2550 650 habes
2570 636 2585 660 ,
2613 602 2661 647 et
2689 593 2757 645 da
2784 588 3088 661 pauperibus
3106 629 3121 655 ,
3153 594 3199 639 et
3221 582 3421 638 habebis
3448 583 3725 638 thesaurum

2152 695 2207 747 in
2226 690 2350 746 caelo
2372 709 2391 756 ;
2420 698 2467 744 et
2495 688 2626 755 veni,
2656 700 2857 756 sequere
2880 699 2960 736 me
2990 679 3203 749 (Matth.
3228 694 3339 743 xnx,
3368 673 3584 744 i6-21);
3605 675 3725 730 αξᾶί-

2155 788 2338 842 ﬁcaret
2365 799 2525 854 super
2546 781 2675 836 illud
2703 778 3136 839 fundamentum,
3182 786 3373 826 aurum
3393 811 3410 837 ,
3442 778 3724 839 argentum,

2155 878 2359 949 lapides
2388 875 2651 946 pretiosos
2678 890 2691 928 :
2723 885 2831 926 non
2861 869 3002 925 enim
3023 866 3321 935 cogitaret,
3348 860 3455 916 nisi
3478 876 3592 930 qua:
3616 870 3729 916 sunt

2154 971 2271 1036 Dei,
2297 966 2567 1038 quomodo
2593 965 2828 1035 placeret
2847 961 2992 1024 Deo;
3025 968 3078 1013 et
3105 957 3188 1011 lite
3220 952 3569 1025 cogitationes
3593 962 3725 1017 sunt,

2156 1071 2409 1133 quantum
2426 1058 2699 1123 existimo,
2722 1069 2931 1120 aurum,
2947 1058 3244 1121 argentum,
3270 1044 3473 1115 lapides
3494 1042 3727 1113 pretiosi.

2157 1156 2332 1210 Porro
2361 1153 2404 1207 si
2436 1152 2580 1207 circa
2600 1148 2819 1204 divitias
2842 1161 2967 1201 suas
2994 1141 3195 1198 carnali
3215 1136 3445 1209 quodam
3475 1140 3729 1190 teneretur

2164 1246 2377 1311 affectu,
2403 1242 2643 1314 quamvis
2684 1255 2751 1295 ex
2788 1239 2866 1294 eis
2906 1236 3099 1292 multas
3126 1233 3497 1301 eleemosynas
3523 1226 3728 1292 faceret,

2159 1354 2259 1394 nec
2299 1337 2364 1392 ad
2404 1351 2497 1391 cas
2531 1332 2798 1405 augendas
2836 1329 3039 1385 fraudis
3077 1324 3276 1395 aliquid
3309 1322 3615 1392 rapinasque
3633 1333 3733 1373 mo-

2158 1433 2375 1498 liretur,
2418 1439 2509 1485 aut
2545 1446 2729 1486 earum
2771 1423 3176 1483 minuendarum
3212 1419 3301 1475 vel
3338 1412 3734 1471 amittendarum

2157 1538 2304 1582 metu
2331 1529 2381 1580 in
2401 1524 2617 1594 aliquod
2640 1523 2847 1578 facinus
2864 1518 3190 1589 ﬂagitiumve
3210 1506 3733 1578 laberetur(alioquin

2155 1621 2263 1690 jam
2290 1634 2348 1673 se
2378 1618 2481 1672 isto
2510 1615 2669 1669 modo
2696 1614 2764 1667 ab
2789 1613 2928 1667 illius
2953 1603 3284 1663 fundamenti
3311 1600 3595 1656 stabilitate
3617 1597 3735 1652 sub-

2160 1708 2450 1781 traheret),
2479 1707 2572 1762 sed
2604 1713 2819 1777 propter
2844 1701 3137 1765 carnalem,
3166 1704 3223 1750 ut
3246 1694 3376 1759 dixi,
3399 1706 3559 1762 quem
3586 1690 3637 1744 in
3654 1689 3727 1744 eis

2160 1801 2381 1856 haberet
2410 1798 2677 1863 affectum,
2704 1810 2813 1866 quo
2834 1793 3025 1849 talibus
3046 1785 3200 1844 bonis
3220 1789 3336 1841 sine
3356 1783 3543 1839 dolore
3563 1793 3737 1835 carere

2160 1910 2266 1949 non
2296 1901 2505 1963 posset;
2549 1888 2840 1946 aediﬁcaret
2876 1899 3034 1955 super
3073 1880 3478 1935 fundamentum
3526 1871 3651 1928 illud
3677 1871 3740 1924 li-

2162 2001 2286 2057 gna,
2320 1986 2501 2039 fenum
2525 2024 2539 2049 ,
2573 1980 2822 2050 stipulam
2852 1994 2865 2029 :
2898 1975 3129 2031 maxime
3155 1972 3200 2026 si
3229 1979 3283 2026 ct
3308 1981 3534 2022 uxorem
3563 1963 3637 2019 sic
3655 1962 3742 2015 ha-

2162 2080 2342 2145 beret,
2390 2089 2449 2133 ut
2485 2075 2647 2131 etiam
2675 2079 2889 2143 propter
2919 2069 3086 2139 ipsam
3109 2065 3366 2134 cogitaret
3391 2075 3452 2115 ea
3492 2071 3612 2128 quae
3633 2059 3745 2109 sunt

2164 2172 2371 2237 mundi,
2400 2167 2668 2241 quomodo
2694 2166 2930 2236 placeret
2965 2159 3139 2214 uxori.
3167 2157 3291 2211 Haec
3318 2154 3476 2224 igitur
3499 2149 3739 2221 quoniam

2165 2264 2359 2318 affectu
2413 2260 2608 2315 dilecta
2660 2254 2859 2311 carnali
2894 2267 3001 2307 non
3029 2250 3144 2305 sine
3194 2247 3380 2302 dolore
3427 2243 3743 2303 emittuntur,

2165 2365 2447 2429 propterea
2484 2352 2573 2423 qui
2614 2365 2675 2405 ea
2724 2349 2801 2403 sic
2852 2345 3070 2410 habent,
3109 2349 3170 2397 ut
3218 2338 3447 2392 habeant
3483 2335 3541 2388 in
3580 2328 3748 2386 funda-

2168 2460 2349 2509 mento
2390 2448 2550 2503 ﬁdem
2594 2459 2713 2515 qua:
2758 2456 2854 2512 per
2895 2436 3237 2494 dilectionem
3281 2436 3568 2500 operatur,
3595 2435 3748 2492 neque

2170 2546 2293 2600 huic
2324 2544 2424 2598 ista
2451 2541 2559 2595 ulla
2590 2538 2799 2593 ratione
2816 2533 2898 2587 vel
2916 2530 3205 2601 cupiditate
3230 2528 3572 2596 praeponam,
3600 2519 3650 2572 in
3672 2528 3750 2571 eo-

2170 2652 2289 2691 rum
2316 2632 2602 2688 amissione
2626 2626 2769 2698 passi
2801 2623 3180 2679 detrimentnm
3200 2659 3213 2682 ,
3243 2630 3339 2688 per
3368 2614 3553 2682 ignem
3581 2621 3750 2679 quem-

2172 2729 2292 2785 dam
2323 2724 2524 2782 doloris
2546 2719 2865 2793 perveniunt
2892 2714 2956 2769 ad
2979 2712 3226 2767 salutem.
3255 2711 3295 2762 A
3337 2720 3444 2776 quo
3470 2702 3660 2758 dolore
3679 2706 3752 2753 at-

2173 2837 2277 2893 que
2300 2818 2619 2875 detrimento
2659 2819 2805 2868 tanto
2832 2816 2915 2864 est
2943 2805 3166 2875 quisque
3193 2797 3450 2859 securior,
3480 2802 3675 2863 quanto
3699 2802 3753 2844 ea

2174 2914 2259 2970 vel
2295 2913 2471 2968 minus
2500 2904 2782 2972 amaverit,
2812 2901 2898 2957 vel
2927 2908 3178 2968 tanquam
3204 2907 3311 2948 non
3339 2888 3549 2944 habens
3570 2882 3753 2939 habue-

2174 3007 2264 3063 rit.
2296 3005 2396 3074 Qui
2414 3017 2543 3058 vero
2570 3005 2790 3072 propter
2819 2995 2910 3050 illa
2956 2991 3041 3047 vel
3071 2984 3301 3044 tenenda
3341 2981 3422 3037 vel
3463 2978 3751 3048 adipiscen-

2176 3098 2264 3165 da,
2284 3067 2650 3156 homicidium,
2672 3067 3013 3147 adulterium,
3055 3077 3482 3138 fornicationem,
3536 3067 3747 3125 idolola-

2179 3188 2357 3254 triam,
2382 3194 2437 3242 et
2459 3183 2652 3241 similia
2672 3193 2896 3251 quaeque
2916 3169 3268 3235 commiserit,
3291 3181 3395 3222 non
3416 3170 3639 3234 propter
3658 3157 3757 3211 fam

2180 3279 2489 3335 damentum
2519 3289 2615 3345 per
2639 3248 3133 3342 ignemisalvabitur
3157 3304 3171 3331 ,
3216 3258 3312 3317 sed
3349 3255 3556 3312 amisso
3592 3248 3757 3307 funda-

2180 3379 2384 3436 mento,
2412 3344 2615 3423 aeterno
2646 3365 2765 3434 igne
2796 3357 3146 3429 torquebitur.
3520 3344 3523 3351 λ

2251 3461 2340 3516 28.
2370 3456 2728 3526 Quamobrem
2764 3460 2817 3507 et
2868 3448 2997 3504 illud
3039 3444 3183 3518 quod
3222 3443 3425 3509 dicunt,
3455 3437 3624 3493 veluti
3649 3447 3759 3507 pro-

2184 3552 2313 3607 bare
2362 3549 2636 3619 cupientes
2674 3551 2930 3615 quantum
2960 3540 3136 3595 valeat
3183 3536 3294 3592 sola
3332 3534 3484 3599 ﬁdes,
3521 3529 3613 3587 ubi
3637 3530 3762 3598 Apo—

2185 3645 2355 3701 stolus
2395 3642 2544 3709 dicit,
2581 3638 2791 3707 Quodsi
2825 3635 3047 3705 inﬁdelis
3094 3630 3326 3694 discedit,
3364 3624 3595 3679 discedat
3623 3640 3640 3686 ;
3673 3635 3759 3674 non

2186 3747 2258 3795 est
2282 3738 2414 3793 enim
2437 3735 2659 3790 servituti
2695 3731 2947 3802 subjectus
2973 3728 3131 3798 frater
3164 3724 3241 3778 vel
3260 3738 3403 3777 soror
3422 3720 3475 3773 in
3508 3719 3759 3789 hujusmo-

2188 3832 2281 3904 di(
2307 3832 2325 3885 l
2356 3830 2475 3885 Cor.
2527 3844 2623 3895 vn,
2655 3827 2722 3881 15
2742 3826 2795 3897 );
2829 3824 2882 3878 id
2903 3830 3005 3889 est,
3052 3828 3109 3874 ut
3136 3824 3352 3886 propter
3398 3811 3562 3867 ﬁdem
3590 3804 3763 3864 Christi

2188 3926 2347 3984 etiam
2376 3926 2488 3995 ipsa
2513 3935 2649 3976 uxor
2669 3918 2900 3989 legitima
2929 3913 3182 3968 societate
3206 3906 3512 3976 conjuncta,
3547 3906 3661 3958 sine
3687 3899 3757 3954 ul-

2191 4020 2407 4088 laeulpa
2431 4016 2780 4084 relinquatur,
2812 4010 2857 4064 si
2901 4021 3023 4060 cum
3069 4003 3184 4057 viro
3213 3996 3539 4062 christiano,
3572 3998 3764 4065 propter

2193 4112 2296 4167 hoc
2333 4102 2821 4180 quia.christianus
2859 4104 2964 4164 est,
3015 4103 3329 4165 permanere
3377 4084 3765 4140 nolueritznon

2194 4174 2554 4258 attendunteo
2575 4192 2735 4250 modo
2758 4192 2903 4246 illam
2926 4183 3222 4243 rectissime
3237 4177 3451 4243 dimitti,
3475 4176 3527 4230 si
3548 4174 3661 4229 viro
3686 4181 3767 4225 suo

2197 4294 2359 4360 dicat,
2382 4290 2499 4346 Non
2528 4301 2622 4345 ero
2667 4298 2803 4341 uxor
2851 4291 2963 4347 tua,
3003 4276 3105 4333 nisi
3133 4272 3264 4329 mihi
3299 4270 3383 4325 vel
3409 4267 3478 4324 de
3504 4261 3769 4322 latrocinio

2198 4386 2408 4443 divitias
2435 4392 2711 4451 congeras,
2739 4384 2831 4431 aut
2844 4372 2948 4429 nisi
2975 4369 3131 4426 solita
3158 4359 3653 4429 lenocinia,quibus
3676 4368 3763 4408 no-

2199 4489 2363 4535 stram
2380 4476 2592 4532 domum
2615 4464 3135 4538 transigebas,etiam
3155 4454 3477 4513 christianus
3500 4459 3767 4508 exerceas;

2201 4579 2293 4627 aut
2318 4570 2363 4625 si
2390 4566 2514 4638 quid
2548 4561 2690 4618 aliud
2723 4558 2806 4613 vel
2849 4556 3205 4610 facinorosum
3245 4547 3330 4603 vel
3380 4543 3698 4614 flagitiosum
3722 4538 3769 4591 in

2200 4665 2318 4720 viro
2341 4631 2616 4720 noverat‘,
2640 4667 2745 4723 quo
2766 4649 3027 4705 delectata
3065 4643 3149 4700 vel
3196 4638 3471 4696 libidinem
3507 4631 3766 4703 explebat.

2201 4754 2287 4811 vel
2308 4752 2514 4808 facilem
2560 4745 2756 4800 victum
2800 4736 3049 4803 habebat,
3083 4733 3167 4789 vel
3206 4731 3367 4787 etiam
3396 4724 3675 4781 incedebat
3692 4733 3771 4774 or-

2204 4846 2395 4905 natior.
2423 4842 2572 4897 Tunc
2600 4838 2741 4893 enim
2783 4834 2869 4889 ille
2897 4831 2983 4887 cui
3033 4828 3136 4884 hoc
3173 4838 3310 4879 uxor
3336 4820 3484 4886 dicit,
3514 4817 3561 4872 si
3588 4810 3774 4870 veraci-

2204 4949 2285 4996 ter
2311 4936 2418 5007 egit
2438 4928 2805 5004 poenitentiam
2860 4924 2929 4980 ab
2972 4920 3223 4993 operibus
3276 4912 3521 4979 mortuis,
3571 4903 3772 4979 quando

2204 5002 2452 5089 acces'sit'
2489 5025 2555 5080 ad
2619 5021 2983 5092 Baptismum,
3035 5013 3301 5082 habetque
3343 5008 3397 5062 in
3441 5002 3774 5061 fundamento

2206 5123 2363 5180 ﬁdem
2397 5135 2513 5192 quae
2537 5132 2635 5190 per
2688 5089 3026 5169 dilectionem
3065 5111 3337 5176 operatur,
3387 5097 3574 5170 procul
3622 5089 3771 5149 dubio

2206 5220 2324 5291 plus
2345 5214 2609 5271 tenebitur
2628 5222 2809 5265 amore
2834 5204 3026 5260 divinae
3048 5199 3251 5272 gratim,
3276 5209 3432 5266 quam
3458 5190 3636 5247 carnis
3665 5197 3769 5241 uxo

2205 5314 2319 5378 riae,
2344 5317 2398 5367 et
2422 5306 2716 5364 membrum
2744 5298 2885 5372 quod
2908 5311 3028 5353 eum
3055 5290 3395 5352 scandalizat,
3447 5284 3656 5339 fortiter
3675 5291 3767 5333 am.

2208 5414 2374 5478 putat.
2399 5402 2794 5471 Quemcumque
2822 5401 2998 5448 autem
3038 5389 3091 5442 in
3113 5387 3211 5441 hac
3236 5378 3592 5450 diremptione
3630 5372 3774 5428 doleo

2206 5514 2320 5553 rem
2346 5492 2523 5550 cordis
2575 5496 2792 5560 promer
2823 5481 3087 5539 carnalem
3112 5476 3358 5533 affectum
3397 5466 3639 5537 conjugis
3667 5474 3778 5516 sus-

2212 5589 2414 5652 tinebit,
2445 5586 2545 5640 hoc
2578 5556 3076 5637 estrdetrimentum
3118 5566 3260 5639 quod
3301 5562 3550 5635 patietur,
3591 5556 3676 5610 hic
3702 5556 3775 5608 est

2213 5682 2347 5753 ignis
2373 5694 2465 5748 per
2487 5690 2640 5746 quem
2675 5670 2793 5724 feno
2814 5666 3032 5722 ardente
3058 5665 3169 5732 ipse
3189 5658 3495 5715 salvabitur.
3519 5650 3579 5705 Si
3608 5656 3780 5702 autem

2210 5774 2316 5846 jam
2346 5772 2420 5824 sic
2451 5766 2675 5821 hahebat
2727 5774 2941 5815 uxorem
2986 5767 3233 5818 tanquam
3265 5766 3373 5805 non
3421 5744 3644 5808 habens,
3676 5748 3779 5815 non

2295 5864 2310 5897 ³
2336 5861 2582 5913 nemcnsis
2602 5864 2703 5919 315.,
2729 5853 2878 5906 virum
2901 5862 3041 5916 agerc
3060 5851 3267 5897 noverat.
