3896 6382
160 378 252 437 217

166 504 365 567 propter
383 485 899 557 concupiscentiam,
928 483 1024 539 sed
1049 488 1260 553 propter
1276 478 1716 542 misericordiam,

169 603 235 641 ne
258 586 500 640 forteeam
527 579 742 635 salvam
800 577 1026 645 faceret,
1059 575 1284 631 reddens
1335 573 1510 643 potius
1562 588 1722 643 quam

164 681 365 752 exigens
387 674 614 731 debitum
639 672 974 743 conjugale;
1005 669 1240 740 profecto
1260 681 1357 723 nec
1384 666 1584 722 dolebit
1605 681 1723 721 car-

164 772 348 834 naliter,
397 783 511 822 cum
556 766 628 821 ab
678 765 783 820 illo
818 764 924 820 tale
976 762 1295 818 connubium
1346 760 1720 831 separabitur:

161 878 309 934 neque
326 860 456 917 enim
476 861 529 915 in
561 875 626 914 ea
659 861 679 891 ⁸
709 858 1004 929 cogitabat,
1030 857 1133 911 nisi
1159 871 1276 926 quae
1299 864 1423 910 sunt
1448 855 1562 921 Dei,
1590 868 1724 923 quo-

162 957 297 1010 modo
339 955 563 1026 placeret
600 954 722 1007 Deo
748 950 925 1023 (Ibid.
975 948 1210 1020 29—54).
1256 950 1334 1003 Ac
1374 964 1469 1018 per
1517 947 1620 1001 hoc
1668 947 1719 1001 in

163 1057 383 1119 quantum
417 1062 639 1112 aurum,
676 1053 983 1115 argentum,
1012 1051 1065 1098 et
1106 1040 1306 1111 lapides
1334 1040 1597 1110 pretiosos
1619 1038 1722 1094 illis

162 1139 527 1209 cogitationibus
572 1136 1063 1207 supersediﬁcabat,
1115 1134 1169 1188 in
1200 1143 1401 1188 tantum
1431 1134 1722 1188 detrimen-

164 1239 256 1285 tum
279 1229 465 1284 nullum
494 1238 799 1298 pateretur,
826 1230 882 1283 in
900 1237 1102 1281 tantum
1136 1226 1250 1296 ejus
1280 1234 1572 1295 structura,
1601 1240 1719 1296 quae

158 1339 245 1380 non
270 1334 378 1379 erat
400 1325 568 1389 (enea,
601 1324 762 1379 nullo
789 1321 1036 1377 incendio
1061 1328 1413 1375 cremaretur.

213 1416 424 1470 29.Sive
446 1430 572 1484 ergo
594 1415 648 1468 in
680 1416 782 1468 hac
820 1420 1026 1467 tantum
1055 1411 1161 1465 vita
1198 1411 1300 1466 ista
1344 1410 1589 1464 homines
1615 1424 1716 1480 pa-

155 1509 351 1575 titmtur,
401 1510 508 1562 sive
538 1508 703 1563 etiam
750 1514 871 1576 post
923 1505 1059 1560 hanc
1101 1504 1264 1559 vitam
1316 1504 1439 1558 talia
1476 1503 1718 1573 qnazdam

152 1599 326 1669 judicia
370 1583 787 1669 subsequuntur,
820 1612 928 1652 non
957 1596 1230 1661 abhorret,
1284 1604 1538 1666 quantum
1578 1596 1718 1650 arbi-

153 1703 271 1758 tror,
298 1708 327 1746 a
350 1693 552 1747 ratione
600 1692 844 1747 veritatis
886 1692 990 1745 iste
1015 1690 1317 1744 intellectus
1347 1689 1564 1759 hujusce
1592 1703 1716 1743 sen—

156 1786 336 1841 tentiae.
358 1784 736 1840 Verumtamen
771 1784 934 1837 etiam
959 1783 1003 1837 si
1032 1790 1114 1837 est
1139 1782 1299 1849 alius,
1329 1782 1417 1850 qui
1445 1780 1575 1834 mihi
1605 1795 1710 1833 non

156 1876 575 1947 occurrit,potius
616 1875 927 1947 eligendus;
956 1875 1115 1928 istum
1162 1873 1415 1944 quamdiu
1448 1882 1713 1937 tenemus,
1745 1930 1749 1933 _

157 1984 257 2024 non
281 1971 506 2040 cogimur
532 1970 708 2024 dicere
761 1968 971 2037 injustis
991 2006 1007 2032 ,
1037 1982 1143 2020 non
1174 1966 1419 2029 subditis,
1453 1965 1714 2030 scelestis,

162 2062 537 2123 contaminatis,
582 2060 863 2131 parricidis,
909 2058 1225 2125 matricidis,
1278 2057 1576 2121 homicidis,
1611 2055 1719 2110 for—

168 2153 497 2217 nicatoribus,
543 2155 877 2208 masculorum
918 2151 1375 2213 concubitoribus,
1420 2149 1713 2220 plagiariis,

163 2242 504 2311 mendacibus,
524 2244 757 2314 perjuris,
774 2254 828 2299 et
865 2244 910 2298 si
938 2243 1064 2314 quid
1114 2242 1254 2297 aliud
1284 2257 1424 2296 same
1460 2241 1717 2295 doctrinae

158 2333 470 2401 adversatur,
504 2351 616 2405 qua:
646 2344 725 2390 est
778 2334 1074 2390 secundum
1129 2333 1479 2403 Evangelium
1534 2331 1716 2402 gloria:

159 2424 283 2480 beati
306 2426 391 2481 Dei
424 2428 477 2496 (Ι
510 2425 636 2481 Tim.
657 2443 691 2493 ι,
738 2427 861 2481 9-H
890 2427 945 2495 ):
974 2425 1032 2480 Si
1084 2425 1447 2479 tantummodo
1477 2424 1526 2478 in
1556 2422 1715 2477 Chri-

160 2524 285 2569 stum
308 2516 544 2582 credatis,
592 2528 645 2572 et
699 2526 1095 2571 sacramentum
1142 2515 1402 2586 Baptismi
1429 2515 1544 2584 ejus
1572 2515 1715 2568 acci-

160 2608 314 2679 piatis,
342 2611 536 2666 etiamsi
567 2611 729 2665 vitam
760 2610 919 2665 istam
949 2610 1236 2680 pessimam
1285 2625 1393 2663 non
1421 2607 1715 2663 mutaveri-

164 2702 238 2765 tis,
265 2702 380 2756 salvi
406 2704 569 2759 eritis.

221 2792 297 2848 50.
322 2793 459 2850 Unde
484 2811 587 2850 nec
617 2794 707 2849 illa
734 2794 891 2849 nobis
935 2794 1128 2850 mulier
1139 2794 1451 2867 .Chananaea
1475 2794 1719 2863 prmscri-

163 2883 250 2951 bit,
270 2885 373 2953 quia
399 2887 654 2941 Dominus
683 2885 735 2940 ei
780 2884 925 2955 quod
978 2884 1190 2954 petebat
1241 2883 1409 2950 dedit,
1447 2899 1567 2938 cum
1594 2890 1720 2936 ante

168 2975 371 3041 dixisset,
394 2976 503 3032 Non
532 2988 610 3032 est
638 2979 831 3032 bonum
858 2977 1032 3031 tollere
1053 2994 1230 3047 panem
1256 2976 1502 3046 ﬁliorum,
1529 2983 1575 3028 et
1600 2975 1718 3028 mit-

168 3071 482 3135 terentibus;
510 3071 639 3141 quia
670 3070 762 3125 ille
778 3069 1244 3139 cordisinspeetor
1272 3077 1530 3123 mutatam
1561 3066 1714 3132 vidit,

170 3159 349 3228 quando
367 3161 610 3217 laudavit.
633 3161 704 3216 Et
731 3160 855 3216 ideo
877 3175 983 3215 non
1012 3161 1105 3228 ait,
1154 3159 1198 3215 Ο
1220 3160 1389 3226 canis,
1420 3173 1608 3228 magna
1635 3166 1718 3213 est

165 3248 280 3306 ﬁdes
307 3261 379 3307 tua
402 3255 414 3306 ι
434 3253 554 3320 sed,
590 3252 635 3306 0
663 3253 866 3318 mulier,
890 3269 1075 3323 magna
1116 3260 1189 3306 est
1219 3252 1345 3320 ﬁdes
1372 3251 1487 3321 tna(
1523 3250 1716 3303 Matth.

162 3355 245 3409 xv,
266 3342 340 3409 26,
367 3342 430 3399 28
461 3332 768 3415 )lﬂutavit
799 3343 1137 3410 vocabulum,
1169 3344 1295 3412 quia
1344 3350 1605 3397 mutatum
1635 3340 1720 3395 vi-

162 3433 229 3488 dit
269 3434 523 3501 aﬂectum,
573 3446 737 3507 atque
776 3437 920 3491 illam
954 3438 1345 3507 correptionem
1375 3436 1441 3491 ad
1490 3436 1719 3491 fructum

161 3530 444 3596 pervenisse
490 3531 761 3601 cognovit.
806 3530 968 3585 Miror
996 3539 1172 3585 autem
1204 3530 1247 3584 si
1280 3529 1520 3584 laudaret
1553 3529 1605 3582 in
1653 3544 1720 3583 ea

166 3619 305 3676 ﬁdem
330 3624 444 3679 sine
481 3624 767 3693 operibus;
814 3622 869 3677 id
908 3631 1011 3689 cst,
1058 3621 1215 3677 ﬁdem
1244 3637 1352 3676 non
1405 3622 1561 3675 talem
1602 3635 1723 3691 qua:

163 3714 265 3782 jam
284 3731 367 3786 per
385 3717 720 3773 dilectionem
757 3725 943 3787 posset
967 3717 1198 3787 operari,
1229 3716 1386 3770 ﬁdem
1434 3722 1719 3781 mortuam,

163 3816 211 3863 et
235 3809 363 3879 quod
392 3809 613 3866 Iacobus
662 3810 849 3866 dicere
877 3808 1095 3864 minime
1119 3810 1397 3875 dubitavit,
1427 3808 1585 3863 ﬁdem
1615 3823 1723 3863 non

164 3899 557 3960 Christianorum
589 3949 604 3971 ,
651 3906 747 3960 sed
791 3905 1115 3959 daemonum.
1156 3905 1434 3959 Postremo
1478 3905 1523 3959 si
1567 3905 1722 3959 istam

161 3992 485 4054 Cbananaaam
521 4001 711 4054 nolunt
750 3999 1045 4070 intelligere
1070 4006 1307 4054 mutasse
1326 3998 1561 4069 perditos
1603 4013 1723 4053 mo-

164 4104 255 4155 res,
275 4093 477 4163 quando
492 4109 611 4149 eam
650 4092 899 4147 Christus
929 4081 1321 4148 contemnendo
1350 4102 1403 4147 et
1426 4092 1723 4169 corripien-

164 4179 224 4236 do
262 4185 521 4257 redarguit
550 4205 564 4240 :
592 4200 957 4255 quoscumque
1003 4184 1303 4240 invenerint
1348 4185 1723 4239 tantummodo

163 4276 389 4346 madere,
442 4280 606 4333 vitam
647 4294 778 4334 vero
820 4278 1297 4349 inquinatissimam
1323 4320 1338 4347 ,
1394 4293 1496 4332 nec
1535 4277 1722 4332 saltem

164 4371 421 4437 occultare,
448 4371 544 4427 sed
560 4372 723 4427 etiam
750 4370 917 4427 libere
930 4370 1188 4441 proﬁteri,
1211 4386 1274 4424 ac
1296 4369 1441 4425 nolle
1472 4378 1681 4424 mutare
1705 4386 1720 4435 ;

164 4475 329 4518 saltent
353 4464 487 4520 ﬁlios
514 4480 727 4529 eorum,
756 4465 802 4520 si
845 4472 1086 4535 possunt,
1138 4464 1275 4519 sicut
1302 4473 1484 4518 sanata
1511 4472 1593 4519 est
1621 4463 1724 4518 ﬁlia

164 4549 450 4611 Chananane
474 4556 754 4622 mulieris;
775 4571 882 4611 non
910 4564 1086 4611 tamen
1128 4570 1224 4612 eos
1263 4554 1462 4609 faciant
1487 4555 1724 4609 membra

163 4641 357 4714 Christi,
383 4663 505 4703 cum
538 4647 640 4718 ipsi
667 4662 784 4703 esse
804 4662 912 4702 non
934 4646 1182 4703 desinant
1217 4648 1454 4703 membra
1477 4640 1726 4702 meretri-

166 4736 247 4791 cis.
274 4736 401 4793 illud
438 4755 571 4794 sane
600 4754 705 4795 non
733 4739 965 4795 absurde
990 4739 1310 4811 intelligunt,
1337 4754 1461 4794 eum
1506 4753 1726 4809 peccare

168 4827 211 4882 in
230 4828 470 4900 Spiritum
499 4840 769 4897 sanetum,
814 4841 869 4887 et
892 4847 1012 4888 esse
1037 4832 1154 4887 sine
1180 4834 1333 4887 venia
1363 4848 1512 4887 reum
1540 4832 1726 4887 aeterni

167 4924 364 4991 peccati,
390 4927 477 4997 qui
507 4940 678 4997 usque
717 4927 772 4980 in
820 4926 979 4981 ﬁnem
1004 4927 1125 4981 vitae
1171 4926 1404 4982 noluerit
1431 4926 1651 4981 credere
1672 4926 1726 4980 in

168 5010 409 5071 Christum
441 5036 455 5073 :
480 5018 574 5073 sed
596 5018 643 5072 si
668 5027 815 5073 recte
843 5018 1219 5090 intelligerent,
1262 5018 1387 5089 quid
1415 5020 1484 5073 sit
1509 5017 1729 5073 credere

170 5102 217 5157 in
250 5105 527 5163 Christum.
566 5108 683 5165 Non
723 5111 865 5164 enim
914 5109 1015 5165 hoc
1056 5120 1139 5165 est
1178 5111 1374 5166 habere
1423 5109 1729 5165 daemonum

176 5194 331 5264 ﬁdem,
354 5216 469 5270 quae
496 5210 643 5257 recte
678 5210 888 5257 mortua
928 5202 1276 5271 perhibetur;
1306 5202 1400 5258 sed
1428 5201 1588 5256 ﬁdem
1610 5216 1730 5272 qure

176 5299 258 5354 per
279 5288 602 5348 dilectionem
631 5305 901 5364 operatur.

235 5378 436 5438 CAPUT
472 5384 635 5439 XVII.
666 5387 842 5442 -—31.
886 5387 1253 5458 Argumentum
1291 5391 1485 5458 frustra
1526 5386 1730 5440 ductum

179 5474 480 5538 exparabolis
528 5479 843 5532 zizaniorum
866 5489 920 5533 et
955 5479 1289 5534 adductorum
1333 5480 1401 5532 ad
1447 5480 1725 5533 convivium

180 5576 256 5627 pro
273 5566 516 5624 obstinatis
556 5571 609 5623 in
651 5582 856 5641 peccato
907 5571 1232 5625 admittendis
1262 5572 1329 5625 ad
1377 5570 1697 5641 Baptismum

182 5652 439 5717 Similitudo
483 5666 611 5718 serui
636 5667 852 5719 nolentis
888 5682 1096 5735 erogare
1139 5665 1381 5719 talentum
1408 5665 1476 5717 ad
1502 5664 1726 5718 eamdem

181 5792 343 5905 ,ἔξω
358 5803 453 5848 Mss
478 5806 529 5850 At
555 5801 684 5863 editi,
711 5800 803 5853 tali
820 5798 1051 5863 conjugio
1073 5800 1369 5864 saturabitur
1401 5813 1586 5865 :neque
1607 5800 1735 5852 enim

1554 360 1755 416 LIBER
1790 360 1988 418 UNUS.

3313 359 3421 431 218

1835 493 1941 530 rem
1966 477 2179 532 inutilis.
2220 478 2349 547 Qua:
2396 495 2517 536 cum
2560 483 2631 537 ita
2657 470 2785 552 sint,
2816 485 3026 556 quando
3051 486 3185 543 tales
3210 487 3277 542 ad
3306 488 3412 544 Ba-

1832 570 2083 639 ptismum
2131 587 2239 627 non
2280 573 2629 642 admittimus,
2676 592 2782 631 non
2807 586 2930 633 ante
2958 587 3165 651 tempus
3208 579 3409 635 zizania

1832 666 2061 720 evellere
2082 681 2359 735 conamur,
2394 668 2488 723 sed
2513 670 2760 725 nolumus
2789 671 3025 742 insuper,
3057 674 3194 728 sicut
3217 673 3407 730 diabo-
3450 714 3453 719 ι

1832 757 1932 823 lus,
1962 760 2161 814 zizania
2190 761 2455 816 seminare
2487 780 2499 815 :
2531 777 2629 817 nec
2656 763 2724 817 ad
2747 761 3015 819 Christum
3043 765 3286 821 volentes
3317 780 3407 821 ve-

1830 851 1945 905 nire
1965 851 2329 921 prohibemus,
2362 853 2453 908 sed
2482 868 2576 909 eos
2624 854 2692 908 ad
2720 852 2990 910 Christum
3014 858 3197 912 venire
3241 857 3407 925 nolle,

1829 942 1943 1013 ipsa
1970 957 2064 997 sua
2087 944 2419 1013 professione
2448 946 2847 1001 convincimus:
2871 961 2971 1002 nec
2989 958 3228 1003 velamus
3255 947 3409 1003 Chri-

1804 1040 1911 1089 ‘sto
1940 1036 2179 1103 credere,
2208 1037 2302 1091 sed
2319 1037 2745 1093 demonstramus
2769 1053 2861 1094 eos
2890 1039 3031 1093 nolle
3051 1038 3260 1094 Christo
3281 1048 3404 1096 cre-

1828 1124 1977 1190 dere,
2010 1126 2098 1195 qui
2146 1127 2226 1179 vel
2257 1126 2573 1182 adulterium
2604 1126 2789 1181 dicunt
2831 1143 2939 1182 non
2972 1143 3091 1183 esse
3134 1128 3275 1198 quod
3320 1128 3411 1184 ille

1828 1214 2143 1270 adulterium
2171 1217 2297 1271 dicit
2318 1232 2455 1283 esse,
2476 1218 2557 1272 vel
2571 1218 2790 1273 credunt
2813 1218 3083 1274 adulteros
3110 1219 3225 1289 ejus
3240 1234 3412 1275 mem-

1826 1308 1921 1363 bra
1945 1324 2100 1378 posse
2125 1324 2264 1375 esse,
2286 1326 2419 1379 quos
2440 1327 2537 1381 per
2562 1312 2875 1380 Apostolum
2894 1313 3022 1367 dicit
3049 1328 3270 1384 regnum
3304 1314 3404 1369 Dei

1826 1418 1935 1457 non
1959 1403 2249 1473 possidere,
2277 1413 2331 1457 et
2384 1420 2527 1459 sana:
2577 1405 2835 1460 doctrina:
2862 1406 3150 1472 adversari,
3185 1422 3303 1477 qua:
3328 1416 3408 1463 est

1826 1495 2116 1550 secundum
2164 1497 2507 1567 Evangelium
2557 1498 2740 1568 gloriae
2780 1499 2923 1554 beati
2962 1498 3077 1554 Dei.
3124 1498 3276 1553 Unde
3302 1513 3409 1553 non

1826 1595 1951 1640 sunt
2005 1586 2091 1641 isti
2146 1587 2284 1642 inter
2334 1602 2427 1642 eos
2480 1588 2799 1658 deputandi,
2834 1588 2928 1660 qui
2992 1589 3059 1644 ad
3107 1590 3412 1645 convivium

1827 1678 2131 1746 nuptiarum
2168 1688 2470 1746 venerunt;
2502 1680 2595 1735 sed
2614 1681 2752 1737 inter
2782 1696 2877 1737 eos
2893 1683 2983 1752 qui
3012 1682 3195 1737 venire
3223 1683 3412 1738 nolue-

1826 1778 1968 1823 runt.
2001 1769 2134 1823 Cum
2172 1771 2313 1823 enim
2348 1772 2447 1841 ipsi
2475 1771 2729 1828 doctrinae
2772 1771 2971 1827 Christi
3013 1772 3210 1828 audent
3248 1788 3408 1843 aper-

1826 1861 2028 1917 tissime
2098 1864 2500 1933 contradicere,
2548 1876 2602 1922 et
2663 1876 2849 1922 sancto
2899 1866 3170 1923 adversari
3231 1868 3409 1923 Evan-

1823 1954 1965 2023 gelio
1991 1996 2005 2020 ,
2030 1972 2135 2010 non
2191 1959 2465 2013 venientes
2512 1959 2879 2028 repelluntur,
2919 1959 3015 2015 sed
3059 1960 3241 2015 venire
3280 1975 3413 2016 con-

1825 2055 2088 2100 temnunt.
2122 2047 2220 2112 Qui
2267 2056 2439 2103 autem
2484 2051 2680 2105 saeculo
2740 2052 2928 2106 saltem
2981 2051 3177 2118 verbis,
3196 2052 3407 2107 etiamsi

1826 2152 1930 2191 non
2000 2137 2153 2193 factis
2181 2180 2195 2205 ,
2238 2141 2589 2209 renuntiant,
2644 2143 2865 2197 veniunt
2916 2143 3177 2213 quidem,
3224 2152 3277 2199 et
3325 2146 3411 2199 in-

1824 2239 1907 2285 ter
1951 2229 2183 2284 triticum
2221 2232 2546 2286 seminantur
2577 2273 2591 2297 ,
2624 2242 2677 2288 et
2712 2233 2766 2287 in
2817 2248 2996 2287 aream
3025 2241 3407 2304 congeruntur,

1824 2331 1879 2377 et
1926 2324 2112 2378 ovibus
2170 2332 2541 2393 aggregantur,
2583 2334 2637 2378 et
2689 2324 2821 2378 retia
2870 2324 3139 2392 subeunt,
3171 2334 3227 2381 et
3280 2339 3413 2380 con-

1823 2421 2121 2476 vivantibns
2174 2421 2569 2487 admiscentur;
2608 2421 2704 2475 sed
2757 2420 2900 2476 intus
2931 2421 3044 2476 sive
3084 2420 3302 2488 lateant,
3332 2419 3413 2475 si-

1822 2529 1889 2568 ve
1945 2523 2186 2583 pareant,
2225 2523 2351 2568 tunc
2375 2514 2476 2570 erit
2517 2514 2653 2577 ratio
2675 2514 2938 2569 tolerandi
2963 2515 3008 2568 si
3035 2522 3271 2585 potestas
3286 2513 3409 2569 nul-

1824 2609 1875 2664 la
1900 2618 1983 2664 est
2011 2608 2331 2679 corrigendi,
2388 2623 2487 2663 nec
2514 2608 2672 2664 debet
2696 2623 2816 2664 esse
2865 2607 3213 2678 praesumptio
3244 2621 3407 2678 sepa-

1823 2699 1996 2755 randi.
2019 2700 2363 2755 Absitautem
2396 2700 2552 2754 utsic
2576 2700 2933 2770 intelligamus
2957 2697 3099 2769 quod
3144 2699 3405 2771 scriptum

1825 2801 1926 2857 est,
1954 2791 2019 2846 ad
2055 2792 2357 2847 convivium
2392 2792 2697 2861 nuptiarum
2737 2791 3014 2857 adductos,
3041 2806 3165 2863 quos
3208 2790 3413 2847 invene-

1824 2897 1940 2939 runt
1958 2885 2111 2939 bonos
2137 2894 2179 2939 et
2206 2885 2582 2956 malos(Matt/t.
2607 2901 2737 2953 uti,
2764 2885 2941 2957 2-10),
2970 2894 3029 2941 ut
3046 2899 3141 2941 eos
3159 2883 3414 2940 adduxis-

1826 2992 1887 3033 se
1914 2978 2217 3044 credantur,
2265 2978 2356 3047 qui
2386 2992 2445 3032 se
2498 2978 2668 3032 malos
2698 2984 3136 3048 perseveratum
3179 2977 3410 3049 professi

1826 3078 1968 3124 sunt.
2004 3070 2250 3140 Alioquin
2275 3070 2372 3139 ipsi
2394 3070 2534 3125 servi
2552 3069 2945 3140 patrisfamilias
2958 3071 3162 3126 zizania
3178 3071 3414 3128 semina-

1825 3170 2037 3228 verunt,
2070 3160 2366 3231 falsumque
2411 3163 2513 3216 erit
2557 3160 2704 3216 illud.
2731 3160 2978 3216 Inimicus
3016 3170 3186 3217 autem
3236 3162 3326 3232 qui
3350 3177 3414 3216 ea

1825 3254 2120 3321 seminavit,
2152 3253 2378 3307 diabolus
2406 3263 2475 3306 est
2500 3252 2521 3324 (
2550 3252 2636 3307 Id.
2666 3269 2760 3308 xui
2780 3294 2795 3321 ,
2842 3253 2912 3309 59
2942 3250 2984 3323 ).
3013 3251 3121 3310 Sed
3154 3254 3281 3323 quia
3311 3253 3414 3308 hoc

1826 3344 2019 3401 falsum
2043 3360 2162 3400 esse
2190 3360 2296 3401 non
2318 3353 2512 3415 potest,
2539 3342 3018 3398 adduxeruntservi
3044 3344 3201 3399 bonos
3227 3353 3275 3399 et
3297 3360 3411 3397 ma-

1828 3442 1925 3507 los,
1945 3441 2059 3496 sive
2103 3439 2192 3509 qui
2228 3440 2474 3503 laterent,
2499 3436 2613 3492 sive
2648 3437 2739 3508 qui
2778 3437 2887 3508 jam
2916 3437 3151 3505 adducti,
3174 3446 3230 3493 et
3250 3438 3418 3492 intro-

1828 3532 1977 3588 missi
2018 3538 2377 3603 apparerent;
2415 3530 2527 3584 sive
2568 3528 2722 3582 bonos
2771 3537 2819 3582 et
2875 3526 3037 3581 malos
3080 3526 3283 3582 dictum
3331 3535 3417 3583 est

1830 3622 2120 3680 secundum
2170 3620 2452 3691 quamdam
2510 3619 2795 3674 humanam
2849 3619 3328 3685 conversationem,
3361 3619 3417 3673 in

1830 3730 1933 3785 qua
1949 3714 2108 3769 etiam
2154 3713 2189 3766 ii
2216 3713 2305 3783 qui
2340 3711 2574 3767 nondum
2599 3709 2965 3776 crediderunt,
2990 3708 3076 3764 vel
3109 3706 3413 3763 laudarivel

1830 3807 2119 3877 vituperari
2146 3807 2338 3861 solent.
2364 3804 2517 3861 Unde
2541 3813 2624 3859 est
2639 3804 2797 3859 etiam
2823 3811 2878 3859 et
2914 3801 3046 3857 illud
3073 3801 3215 3872 quod
3233 3800 3418 3857 Domi-

1830 3916 1930 3957 nus
1956 3907 2138 3955 monet
2184 3897 2494 3967 discipulos,
2542 3911 2676 3967 quos
2728 3895 2796 3950 ad
2847 3894 3191 3965 Evangelium
3221 3893 3418 3964 praedi-

1832 3992 2063 4048 candum
2090 3990 2335 4061 primitus
2360 3989 2541 4057 mittit,
2573 3998 2632 4044 ut
2680 3989 2734 4043 in
2763 4003 3151 4059 quamcumque
3174 3986 3421 4042 venerint

1830 4086 2097 4141 civitatem
2120 4125 2134 4151 ,
2164 4091 2403 4154 quaerant
2427 4082 2545 4152 quis
2572 4082 2679 4136 illic
2704 4080 2897 4151 dignus
2926 4080 3015 4148 sit,
3045 4089 3103 4136 ut
3124 4079 3265 4150 apud
3294 4094 3417 4135 eum

1831 4181 2090 4245 habitent,
2115 4177 2285 4233 donec
2313 4176 2437 4231 inde
2460 4174 2904 4246 proﬁciscantur(
2935 4173 3022 4227 Id.
3040 4189 3099 4242 ι,
3128 4175 3190 4230 ll
3216 4171 3260 4245 ).
3291 4173 3421 4229 Pro-

1832 4273 1972 4330 fecto
2002 4273 2091 4327 ille
2118 4271 2311 4339 dignus
2338 4270 2457 4339 quis
2480 4270 2602 4333 erit,
2635 4269 2736 4323 nisi
2762 4269 2853 4338 qui
2882 4268 3273 4323 existimatione
3295 4282 3421 4323 suo-

1832 4385 1953 4423 rum
2003 4368 2197 4422 civium
2228 4367 2399 4421 bonus
2428 4366 2750 4422 habebitur?
2771 4373 2826 4421 et
2850 4366 2970 4436 quis
2998 4367 3278 4436 indignus,
3312 4368 3421 4425 nisi

1832 4462 1922 4532 qui
1971 4461 2048 4515 eis
2095 4460 2267 4515 malus
2319 4460 2640 4515 innotuerit?
2669 4460 2749 4513 Ex
2791 4459 2894 4513 hoc
2946 4468 3173 4530 utroque
3222 4475 3422 4530 genere

1834 4552 2055 4608 veniunt
2076 4550 2141 4606 ad
2171 4550 2369 4606 Christi
2427 4550 2607 4615 ﬁdem,
2636 4558 2690 4606 et
2737 4550 2816 4605 sic
2842 4549 3175 4607 adducuntur
3218 4552 3343 4607 boni
3368 4561 3424 4609 et

1834 4643 1959 4699 mali
1990 4660 2002 4696 :
2031 4643 2152 4713 quia
2181 4650 2236 4697 et
2282 4642 2357 4698 illi
2390 4642 2513 4696 mali
2541 4658 2571 4695 a
2612 4642 2834 4697 mortuis
2877 4642 3127 4712 operibus
3155 4645 3421 4714 pmniten-

1836 4739 1963 4794 tiam
1988 4753 2094 4793 non
2146 4746 2413 4792 recusant.
2460 4735 2516 4794 Si
2544 4746 2721 4793 autem
2770 4745 3041 4804 recusant,
3087 4754 3195 4793 non
3222 4739 3423 4796 intrare

1834 4831 2109 4901 cupientes
2133 4830 2483 4900 repelluntur,
2508 4830 2602 4885 sed
2623 4830 2689 4885 ab
2718 4830 2937 4886 introitu
2958 4830 3059 4902 ipsi
3086 4840 3272 4903 aperta
3288 4846 3420 4887 con-

1835 4924 2151 4980 tradictione
2180 4922 2476 4978 discedunt.

1908 5019 1997 5075 32.
2026 5019 2141 5073 Erit
2176 5032 2303 5088 ergo
2332 5028 2385 5072 et
2414 5031 2601 5073 servus
2630 5017 2718 5073 ille
2751 5032 2994 5084 securus,
3023 5032 3123 5074 nec
3170 5018 3419 5090 inter-pi-

1837 5126 1961 5182 gros
1986 5110 2344 5173 damnabitur,
2374 5108 2516 5179 quod
2542 5107 2871 5164 dominicum
2924 5109 3177 5165 talentum
3229 5112 3419 5165 nolue-

1839 5204 1909 5259 rit
1960 5218 2222 5273 erogarc;
2254 5200 2681 5271 quandoquidem
2714 5201 2785 5255 illi
2817 5202 3103 5257 noluerunt
3124 5202 3264 5272 quod
3301 5216 3423 5257 ero-

1839 5298 1997 5369 gabat
2033 5298 2293 5365 accipere.
2346 5296 2571 5365 Propter
2620 5296 2739 5350 illos
2783 5295 2927 5350 enim
2964 5294 3078 5351 haec
3128 5294 3422 5360 similitudo

1840 5390 2108 5463 proposita
2133 5400 2233 5445 est.
2265 5388 2391 5461 (Id.
2426 5405 2555 5455 xxv,
2581 5386 2809 5460 14-50),
2839 5388 2931 5458 qui
2956 5388 3141 5443 nolunt
3182 5388 3421 5457 suscipe-

1840 5498 1900 5537 re
1952 5482 2003 5536 in
2044 5481 2280 5537 Ecclesia
2352 5479 2735 5550 dispensatoris
2790 5478 3045 5547 ofﬁcium,
3099 5479 3424 5533 desidiosam

1841 5572 2236 5646 prtetendentcs
2265 5574 2681 5637 excusationem,
2715 5572 2858 5627 nolle
2875 5587 2933 5627 se
2948 5571 3206 5628 rationem
3229 5568 3426 5624 redde-

1844 5683 1901 5722 re
1935 5666 2001 5721 de
2042 5666 2273 5743 peccatis
2311 5666 2534 5731 alienis;
2568 5666 2656 5734 qui
2701 5664 2920 5718 audiunt
2967 5670 3021 5715 et
3064 5674 3168 5713 non
3201 5658 3419 5727 faciunt,

1825 5750 1897 5816 'id
1925 5772 2026 5827 est,
2054 5762 2383 5832 accipiuntet
2413 5775 2516 5814 non
2548 5758 2793 5813 reddunt.
2828 5754 2958 5808 Cum
2982 5766 3111 5808 vero
3138 5750 3427 5823 diSpensa-

1849 5866 1931 5912 tor
1960 5854 2131 5910 ﬁdelis
2170 5862 2222 5909 et
2265 5853 2513 5925 diligens,
2566 5850 2621 5905 in
2650 5843 2916 5919 erogando
2958 5842 3348 5921 paratissimus,
3374 5848 3443 5937 et.
