3896 6382
475 287 584 346 219

480 403 751 458 lucrorum
785 397 1171 456 dominicorum
1221 392 1579 458 avidissimus,
1611 390 1740 445 dicit
1787 386 2050 450 adultero,

477 494 596 552 Noli
642 505 764 550 esse
811 491 1037 557 adulter,
1080 492 1124 546 si
1169 488 1250 544 vis
1294 485 1588 557 baptizari;
1618 481 1778 537 crede
1819 479 2056 544 Christo,

477 586 570 660 qui
601 587 710 643 hoc
750 583 893 657 quod
921 583 1051 639 facis
1077 582 1204 638 dicit
1227 595 1350 637 esse
1388 576 1729 644 adulterium,
1766 574 1813 630 si
1838 574 1918 628 vis
1965 573 2060 628 ba-

479 679 708 752 ptizari;
739 677 849 733 noli
877 678 997 733 esse
1041 675 1341 731 membrum
1379 671 1695 735 meretricis,
1739 670 1788 725 si
1814 670 1894 723 vis
1933 667 2051 722 fieri

479 772 778 828 membrum
803 764 996 826 Christi
1023 786 1040 823 :
1071 768 1164 824 ille
1181 777 1354 823 autem
1381 764 1688 836 respondet,
1706 763 1821 818 Non
1844 762 2057 826 obedio,

479 881 585 922 non
614 864 749 920 facio
773 881 787 918 :
819 863 1050 934 ipsenon
1072 863 1182 916 vult
1208 872 1384 915 veram
1413 858 1693 930 pecuniam
1739 855 2061 911 dominicam

478 959 742 1030 accipere,
766 955 860 1012 sed
887 971 1036 1012 suam
1081 956 1255 1025 potius
1291 952 1640 1008 adulterinum
1667 946 2061 1004 vultthesauris

477 1049 758 1104 dominicis
787 1049 1096 1118 importare.
1129 1046 1185 1102 Si
1208 1057 1384 1100 autem
1406 1059 1464 1099 se
1491 1043 1751 1098 facturum
1775 1040 2060 1112 profitere-

477 1150 584 1208 tur,
605 1155 705 1196 nec
751 1139 969 1206 faceret,
1025 1154 1122 1194 nec
1166 1148 1350 1209 postea
1393 1135 1632 1206 quolibet
1661 1133 1818 1188 modo
1869 1130 2064 1199 corrigi

478 1241 696 1304 posset;
725 1232 1052 1286 inveniretur
1087 1229 1211 1300 quid
1235 1229 1300 1284 de
1330 1229 1418 1283 illo
1449 1228 1616 1292 fieret,
1648 1241 1715 1280 ne
1742 1224 1859 1277 aliis
1887 1223 2056 1276 inuti-

477 1325 541 1381 lis
565 1334 728 1392 esset,
755 1325 844 1395 qui
863 1323 962 1378 sibi
986 1323 1131 1378 utilis
1178 1336 1296 1376 esse
1339 1336 1444 1374 non
1474 1327 1655 1390 posset
1685 1334 1698 1370 :
1729 1325 1786 1370 ut
1829 1315 1873 1369 si
1926 1314 2062 1367 intra

477 1417 612 1472 retia
633 1416 841 1470 Domini
867 1415 1004 1469 bona
1032 1414 1192 1484 piscis
1223 1412 1394 1467 malus
1436 1417 1600 1476 esset,
1633 1423 1739 1462 non
1780 1416 1954 1462 tamen
1980 1404 2063 1475 pi-

477 1523 600 1564 sces
621 1507 830 1564 Domini
858 1507 942 1562 sui
987 1507 1141 1562 malis
1162 1506 1363 1561 retibus
1389 1504 1648 1568 irrctiret;
1674 1502 1773 1556 hoc
1805 1508 1905 1565 est,
1934 1506 1993 1552 ut
2019 1497 2064 1552 si

478 1600 702 1656 haberet
725 1601 778 1654 in
807 1599 1041 1654 Ecclesia
1075 1599 1236 1652 vitam
1259 1596 1474 1662 malam,
1503 1609 1610 1648 non
1642 1603 1818 1647 tamen
1851 1590 1958 1645 illic
1981 1591 2064 1644 in-

477 1694 722 1748 stitueret
747 1691 1041 1747 doctrinam
1072 1691 1284 1744 malam.
1315 1689 1452 1744 Cum
1473 1688 1616 1742 enim
1641 1687 1774 1741 tales
1797 1685 1930 1739 facta
1960 1697 2061 1738 sua

479 1783 600 1839 talia
627 1783 938 1849 defendunt,
969 1785 1053 1840 vel
1080 1785 1132 1838 in
1157 1785 1235 1838 eis
1261 1798 1319 1839 se
1366 1789 1798 1853 perseveraturos
1835 1778 2062 1848 apertis-

477 1879 611 1937 sime
633 1881 944 1949 prolitentes
965 1878 1317 1933 admittuntur
1335 1875 1402 1930 ad
1428 1875 1755 1945 Baptismum
1779 1889 1793 1939 ;
1825 1871 1955 1926 nihil
1986 1871 2064 1924 vi-

480 1969 635 2025 detur
661 1969 801 2025 aliud
849 1969 1127 2039 praedicari
1153 1969 1194 2036 ‘,
1225 1969 1326 2023 nisi
1379 1967 1727 2022 fornicatores
1755 1971 1808 2020 et
1859 1963 2062 2018 adulte-

475 2077 566 2119 ros
591 2064 749 2119 etiam
771 2075 940 2134 usque
991 2063 1045 2117 in
1091 2063 1216 2117 vitae
1243 2061 1402 2132 hujus
1451 2060 1610 2115 finem
1643 2059 1694 2113 in
1725 2073 1786 2113 ea
1828 2056 2063 2127 nequitia

475 2163 888 2225 permanentes,
939 2169 1161 2224 regnum
1215 2153 1306 2207 Dei
1346 2165 1711 2222 possessores,
1769 2156 1823 2204 et
1869 2149 2063 2203 merito

475 2245 618 2312 fidei,
646 2259 763 2316 qua:
786 2245 906 2300 sine
933 2245 1184 2314 operibus
1224 2251 1430 2298 mortua
1457 2251 1560 2306 est,
1592 2241 1657 2296 ad
1701 2240 1862 2294 vitam
1909 2247 2062 2293 aeter-

473 2352 597 2392 nam
632 2335 964 2406 salutemque
990 2344 1268 2391 venturos.
1299 2333 1425 2388 Haec
1453 2341 1578 2388 sunt
1602 2332 1740 2386 mala
1769 2331 1918 2395 retia,
1944 2345 2062 2399 qua:

475 2442 664 2483 cavere
708 2427 907 2484 debent
951 2428 1219 2497 pra-cipue
1267 2425 1561 2494 piscatores
1595 2441 1606 2476 :
1639 2423 1683 2477 si
1748 2431 1925 2476 tamen
1971 2421 2061 2475 illa

477 2517 780 2587 evangelica
825 2517 1174 2572 similitudine
1201 2516 1492 2585 piscatores
1529 2514 1787 2584 episcopi,
1817 2515 1898 2568 vel
1926 2513 2060 2568 inle-

473 2609 629 2666 rioris
645 2608 847 2664 ordinis
876 2608 1230 2664 Ecelesiarum
1255 2607 1524 2677 praepositi
1551 2605 1880 2675 intelligendi
1903 2615 2058 2672 sunt;

476 2702 600 2772 quia
619 2701 820 2757 dictum
843 2709 947 2768 est,
995 2699 1191 2767 Venite,
1237 2708 1284 2753 et
1313 2700 1499 2771 faciam
1540 2714 1626 2751 vos
1659 2698 1935 2768 piscatores
1963 2697 2058 2753 Ito-

477 2793 714 2864 minm(
743 2792 932 2846 Matth.
977 2808 1056 2858 tv,
1085 2793 1153 2846 19
1181 2790 1223 2864 ).
1275 2791 1496 2846 Retibus
1536 2791 1677 2844 enim
1733 2790 1892 2843 bonis
1941 2789 2060 2858 capi

473 2891 697 2955 possunt
721 2885 902 2955 pisces
920 2891 976 2939 et
1009 2883 1136 2938 boni
1156 2892 1208 2938 et
1237 2883 1362 2936 mali
1394 2898 1408 2947 ;
1454 2883 1656 2937 retibus
1684 2891 1861 2936 autem
1906 2881 2061 2936 malis

475 2975 592 3045 capi
624 2983 734 3029 non
770 2982 995 3045 possunt
1020 2975 1191 3044 pisces
1232 2975 1378 3029 boni.
1420 2973 1680 3039 Quoniam
1718 2973 1771 3026 in
1817 2972 2059 3028 doctrina

474 3067 614 3121 bona
641 3075 698 3122 et
719 3067 888 3121 boans
913 3075 1089 3137 potest
1117 3081 1243 3122 esse
1267 3064 1358 3136 qui
1386 3065 1533 3120 audit
1583 3074 1636 3118 et
1665 3064 1802 3130 facit,
1845 3072 1900 3119 et
1941 3079 2060 3119 ma-

474 3156 560 3212 lus
586 3158 677 3228 qui
701 3158 848 3213 audit
883 3167 944 3214 et
982 3173 1090 3213 non
1139 3157 1265 3213 facit
1297 3175 1309 3210 :
1339 3158 1392 3212 in
1439 3156 1680 3211 doctrina
1727 3170 1855 3210 vero
1898 3156 2053 3221 mala,

475 3257 529 3307 et
555 3252 647 3323 qui
671 3265 790 3308 eam
815 3267 996 3308 veram
1027 3259 1194 3322 putat,
1213 3250 1454 3320 quamvis
1482 3251 1532 3306 ci
1557 3263 1661 3304 non
1693 3248 2055 3319 obtemperet,

474 3342 646 3397 malos
671 3350 786 3408 est;
815 3351 869 3397 et
903 3342 993 3412 qui
1019 3343 1374 3412 obtemperat,
1399 3340 1548 3410 pejor
1573 3349 1678 3395 est.

543 3431 768 3489 CAPUT
794 3433 1142 3491 ΧἺΙΙΙμ-ὅό,
1153 3432 1418 3488 Prohiberi
1434 3434 1709 3505 pertinaces
1729 3433 1890 3488 melas
1905 3449 1936 3487 α
1957 3432 2060 3487 Ba-

474 3526 655 3597 ptiamo
695 3543 798 3582 non
822 3542 1025 3583 nouum.
1072 3528 1204 3583 Illud
1243 3541 1372 3584 sane
1398 3527 1639 3582 mirabile
1667 3535 1772 3596 est,
1785 3527 1929 3598 quod
1953 3525 2060 3580 fra-

473 3627 583 3676 tres
611 3621 700 3690 qui
723 3621 880 3675 aliter
902 3622 1148 3690 sapiunt,
1180 3635 1302 3676 cum
1327 3620 1559 3676 debeant
1587 3620 1653 3676 ab
1684 3621 1784 3676 ista
1811 3621 1894 3676 vel
1916 3633 2058 3678 nova

473 3710 558 3767 vel
585 3719 793 3776 vetere,
823 3713 1119 3780 perniciosa
1143 3718 1324 3766 tamen
1349 3712 1602 3781 opinione
1626 3711 1920 3779 discedere,
1954 3713 2054 3783 ipsi

473 3803 694 3876 insuper
714 3805 895 3860 dicunt
921 3819 1109 3861 novam
1137 3819 1256 3862 esse
1275 3803 1596 3874 doctrinam,
1619 3823 1720 3879 qua
1742 3809 2056 3879 nequissimi

473 3896 721 3953 homines
745 3897 800 3951 in
825 3896 936 3952 suis
973 3897 1185 3968 flagitiis
1213 3913 1272 3953 se
1301 3908 1734 3969 persevcraturos
1765 3900 1815 3954 in
1859 3914 2056 3970 propa-

473 3989 589 4044 talo
643 3988 952 4059 proﬁtentes
998 4005 1104 4044 non
1165 3989 1515 4045 admittuntur
1569 3991 1634 4045 ad
1679 3992 2052 4060 Baptismum:

477 4081 628 4151 quasi
658 4080 842 4136 nescio
865 4081 960 4136 ubi
985 4081 1410 4153 peregrinentur,
1435 4083 1645 4153 quando
1671 4086 1979 4139 meretrices
2001 4091 2057 4139 et

473 4172 795 4240 histriones,
823 4181 878 4229 et
915 4174 1136 4244 quilibet
1173 4175 1262 4229 alii
1291 4174 1514 4244 publicre
1558 4175 1899 4246 turpitudinis
1927 4189 2057 4247 pro-

473 4266 726 4334 fessores,
750 4268 852 4322 nisi
875 4270 1062 4324 solutis
1083 4277 1174 4324 aut
1196 4269 1450 4340 disruptis
1477 4271 1666 4327 talibus
1692 4272 1918 4328 vinculis
1936 4315 1951 4340 ,
1985 4272 2055 4329 ad

473 4358 762 4414 christiana
804 4370 1137 4417 sacratnenta
1177 4377 1284 4417 non
1333 4365 1711 4434 permittuntur
1755 4365 2050 4433 accedere;

473 4453 563 4524 qui
585 4454 770 4525 utique
798 4455 1090 4510 secundum
1135 4456 1356 4511 istorum
1384 4458 1702 4513 sententiam
1741 4473 1932 4515 omnes
1954 4460 2049 4514 ad—

473 4545 811 4601 mitterentur
829 4587 843 4613 ,
873 4548 974 4603 nisi
998 4549 1272 4618 antiquum
1305 4557 1360 4605 et
1387 4550 1666 4605 robustum
1695 4566 1898 4607 morem
1925 4565 2052 4607 san-

471 4646 558 4690 cta
583 4635 820 4692 Emlesia
839 4638 1131 4704 retineret,
1160 4655 1224 4694 ex
1252 4640 1339 4696 illa
1362 4641 1564 4697 scilicet
1595 4642 1941 4712 liquidissima
1962 4658 2053 4699 ve-

469 4728 628 4784 ritate
651 4729 971 4795 venientem,
1000 4746 1107 4801 qua
1133 4741 1336 4788 certum
1370 4735 1544 4801 habet,
1564 4735 1804 4804 quoniam
1826 4737 1913 4809 qui
1929 4738 2054 4794 talia

471 4829 628 4890 agunt
646 4861 662 4886 ,
693 4836 900 4892 regnum
939 4819 1036 4876 Dei
1061 4839 1164 4878 non
1190 4825 1513 4893 possidebunt
1541 4826 1735 4900 (Galat.
1767 4843 1826 4894 v,
1855 4829 2048 4898 19-21,

467 4919 518 4965 et
559 4910 579 4965 l
619 4911 737 4966 Cor.
779 4929 830 4968 vn
855 4955 870 4982 ,
895 4913 966 4980 9,
996 4914 1104 4986 10).
1135 4915 1200 4970 Et
1227 4918 1327 4973 nisi
1355 4921 1560 4988 egerint
1597 4919 1663 4974 ab
1701 4918 1784 4974 his
1826 4923 2051 4976 mortuis

470 5008 724 5077 operibus
761 5011 1124 5080 paenitentiam
1145 5053 1160 5080 ,
1191 5013 1449 5069 accedere
1488 5014 1553 5068 ad
1585 5014 1911 5084 Baptismum
1938 5029 2050 5072 non

465 5101 750 5158 sinuntur:
777 5105 822 5159 si
845 5111 1023 5160 autem
1049 5107 1450 5178 subrepserint,
1479 5109 1582 5163 nisi
1604 5109 1684 5164 vel
1711 5119 1894 5178 postea
1925 5126 2046 5167 mu-

467 5194 564 5249 tati
607 5195 874 5267 egerint‘,
897 5198 1028 5253 salvi
1071 5213 1192 5254 esse
1231 5215 1337 5254 non
1371 5208 1612 5270 possunt.
1665 5201 1770 5256 Sed
1813 5203 2044 5272 ebriosi,

463 5287 630 5353 avari,
662 5289 927 5359 maledici,
959 5301 1012 5347 et
1036 5292 1081 5346 si
1106 5307 1208 5362 qua
1237 5293 1338 5347 alia
1366 5294 1490 5348 vitia
1523 5293 1844 5351 damnabilia
1885 5313 2047 5369 aper-

463 5381 534 5437 tis
562 5381 715 5438 factis
755 5387 996 5440 convinci
1034 5385 1384 5457 redarguique
1418 5402 1524 5441 non
1553 5396 1809 5458 possunt;
1841 5406 2046 5460 praece-

461 5475 567 5545 ptis
593 5483 768 5532 tamen
793 5485 850 5532 et
869 5477 1207 5532 cateehismis
1233 5479 1558 5536 validissime
1581 5481 1933 5554 flagellantur,
1965 5496 2046 5543 at-

461 5581 564 5638 que
610 5581 799 5624 omnes
853 5570 990 5624 tales
1044 5578 1244 5625 mutata
1298 5571 1350 5627 in
1397 5573 1589 5628 melius
1644 5579 1914 5634 voluntate
1965 5581 2032 5637 ad

525 5706 549 5780 ξ
581 5712 649 5780 tta
665 5715 772 5780 M_ss_.
796 5708 915 5780 Editi
935 5716 1118 5780 autem,
1141 5708 1263 5761 nihil
1287 5709 1505 5780 ridentur
1527 5710 1663 5764 aliud
1686 5716 1975 5780 pra’dicare.

523 5767 550 5802 ο
578 5769 711 5833 Apud
741 5776 819 5824 Er.
841 5772 992 5840 Lugd.
1014 5767 1118 5826 ven
1140 5781 1193 5828 et
1214 5781 1345 5842 hom,
1367 5773 1549 5842 egerint
1570 5767 1913 5844 pwnitentiant.
1935 5767 1950 5770 ⁷
1966 5767 2034 5833 Μ.

1431 276 1519 332 DE
1555 273 1711 330 FIDE
1751 270 1840 328 ET
1877 267 2234 342 OPERIBUS,
2262 270 2321 328 S.
2361 271 2732 332 AUGUSTINI

3617 279 3716 339 220

2169 384 2497 457 Baptismum
2528 392 2773 448 videntur
2788 395 3058 451 accedere.
3083 395 3188 453 Sed
3219 397 3264 453 si
3292 397 3426 452 forte
3447 397 3722 470 adulteros,

2170 497 2304 552 quos
2333 499 2438 538 non
2468 486 2553 541 lex
2583 486 2832 553 humana,
2864 488 2958 544 sed
2985 490 3160 545 divina
3187 490 3526 557 condemnat,
3556 491 3607 546 id
3629 503 3724 564 est,

2169 577 2258 646 qui
2281 577 2483 634 alienas
2519 595 2710 637 uxores
2741 591 2992 652 tanquam
3018 597 3140 639 suas
3172 583 3384 652 habent,
3414 584 3500 639 vel
3517 584 3728 646 femina

2170 687 2287 741 qum
2313 673 2514 728 alienos
2557 675 2774 731 maritos
2796 717 2811 744 ,
2833 677 3024 732 alicubi
3049 678 3398 748 negligentius
3423 677 3621 734 admitti
3644 695 3730 738 so-

2172 763 2282 819 lere
2306 766 2647 823 adverterunt
2669 785 2682 834 ;
2705 783 2770 824 ex
2793 771 2895 825 illis
2912 772 3069 826 reetis
3091 770 3482 827 dehenl'conari
3509 773 3604 829 ista
3621 789 3729 832 cor-

2171 856 2343 927 rigere
2363 899 2377 922 ,
2407 858 2507 913 hoc
2539 869 2621 916 est
2641 904 2656 927 ,
2688 863 2928 917 utetiam
2973 863 3058 918 isti
3083 879 3190 918 non
3227 864 3605 932 admittantur;
3631 883 3726 923 non

2171 963 2235 1003 ex
2265 948 2346 1002 his
2377 952 2550 1019 pravis
2573 953 2659 1005 illa
2698 961 2841 1008 recta
2881 954 3172 1026 depravare
3193 997 3207 1021 ,
3236 965 3295 1010 ut
3322 972 3496 1027 neque
3534 958 3602 1013 de
3627 975 3729 1016 mo-

2171 1055 2287 1094 rum
2316 1043 2647 1099 correctione
2667 1046 3068 1102 cateehizandos
3097 1063 3215 1104 esse
3250 1058 3501 1104 censeant
3519 1051 3728 1124 Compe-

2173 1141 2370 1199 tcn‘tes;
2417 1145 2470 1190 et
2507 1149 2896 1208 consequenter
2927 1156 3112 1197 omnes
3136 1143 3293 1197 etiam
3333 1144 3538 1199 illarum
3579 1147 3731 1218 publi-

2172 1239 2352 1280 carum
2380 1229 2762 1297 turpitudinum
2782 1241 2835 1287 et
2858 1235 3116 1289 scelerum
3137 1236 3492 1306 professores,
3521 1239 3617 1294 hoc
3635 1249 3726 1309 est,

2172 1319 2498 1385 meretrices,
2526 1322 2764 1389 lenones,
2791 1325 3130 1394 gladiatores,
3149 1342 3212 1382 ac
3234 1328 3278 1382 si
3297 1330 3421 1399 quid
3450 1328 3730 1400 hujusmodi

2173 1419 2272 1476 cst,
2299 1413 2532 1468 etiamin
2565 1415 2668 1470 illis
2697 1418 2850 1472 malis
2894 1428 3269 1489 permanentes
3291 1462 3305 1488 ,
3347 1422 3552 1485 admitti
3586 1441 3729 1496 opor-

2173 1512 2287 1560 tere
2330 1507 2672 1566 arbitrentur.
2720 1510 2905 1566 Omnia
2947 1514 3139 1584 quippe
3182 1515 3266 1569 illa
3311 1531 3430 1585 qure
3469 1517 3732 1586 Apostolus

2171 1611 2476 1666 enumerat,
2507 1603 2826 1661 concludens
2847 1648 2861 1673 ,
2888 1610 3124 1676 quoniam
3156 1610 3244 1678 qui
3285 1611 3409 1663 talin
3447 1621 3602 1683 agunt
3621 1654 3636 1679 ,
3660 1629 3732 1667 re-

2171 1711 2324 1764 gnum
2357 1695 2454 1750 Dei
2479 1715 2580 1752 non
2607 1701 2971 1770 possidebunt;
3011 1704 3100 1774 qui
3136 1703 3506 1762 vehementius
3549 1709 3729 1778 agunt,

2170 1789 2504 1845 manifestata
2549 1793 2648 1848 sibi
2675 1806 3028 1864 congruenter
3055 1799 3331 1869 increpant
3354 1802 3393 1868 ¹,
3420 1811 3476 1856 et
3502 1802 3734 1858 resisten-

2173 1886 2254 1932 tes
2279 1887 2437 1950 atque
2469 1883 2519 1936 in
2552 1884 2630 1938 eis
2670 1901 2729 1940 se
2759 1902 3135 1955 permansuros
3164 1893 3476 1960 profitentes
3504 1894 3575 1950 ad
3613 1895 3736 1952 acci-

2171 1974 2419 2043 piendum
2451 1975 2778 2047 Baptismum
2804 1996 2909 2035 non
2939 1981 3245 2037 admittunt.

2245 2088 2468 2144 CAPUT
2509 2090 2726 2145 XlX.-—
2746 2094 2833 2149 54.
2853 2093 2975 2149 Tria
2991 2097 3190 2169 ﬂagitia
3221 2100 3372 2153 etiam
3396 2100 3730 2174 benigniorum

2170 2179 2428 2236 hominum
2471 2200 2715 2238 consensu
2745 2188 3008 2259 mortifera
3043 2197 3088 2243 et
3117 2194 3633 2250 excommunicatione
3651 2213 3736 2267 pu-

2169 2272 2372 2325 nienda.
2419 2272 2565 2329 Unde
2602 2281 2792 2347 factum
2831 2289 2884 2332 ut
2929 2279 2992 2334 de
3030 2281 3329 2337 adulterinis
3358 2286 3610 2358 conjugiis
3648 2305 3735 2343 non

2168 2377 2398 2433 ageretur
2435 2368 2486 2421 in
2517 2371 2849 2428 catecltismis.
2882 2371 3270 2431 Matrimonium
3297 2395 3410 2433 cum
3435 2381 3733 2450 biﬁdelibut.

2168 2455 2269 2523 Qui
2341 2466 2516 2513 autem
2581 2464 2866 2532 opinantur
2925 2479 3116 2523 cretera
3177 2471 3540 2542 clccmosynis
3605 2474 3738 2532 facile

2168 2555 2523 2624 compensari,
2557 2557 2651 2611 tria
2681 2565 2858 2614 tamen
2903 2562 3175 2617 mortifera
3217 2577 3336 2620 esse
3370 2580 3480 2620 non
3507 2566 3739 2622 dubitant

2168 2656 2222 2700 et
2259 2650 2897 2707 cxcommunicationibus
2925 2655 3217 2724 punienda,
3246 2655 3416 2713 donec
3438 2660 3736 2728 poenitentia

2168 2738 2451 2796 humiliore
2493 2752 2774 2812 sanentur,
2805 2745 3206 2816 impudicitiam,
3247 2750 3628 2821 idololatriam,
3655 2754 3738 2808 ho-

2167 2834 2459 2890 micidium.
2493 2837 2674 2907 Neque
2712 2855 2852 2894 nunc
2893 2856 3026 2910 Opus
3071 2852 3153 2898 est
3189 2860 3431 2915 qumrere
3468 2847 3641 2917 qualis
3681 2847 3738 2902 sit

2165 2943 2351 2983 eorum
2381 2930 2479 2984 ista
2508 2933 2791 2999 sententia,
2819 2947 2874 2988 et
2902 2942 3075 2990 utrum
3103 2939 3438 3009 corrigenda,
3463 2955 3535 2994 ar.
3564 2955 3738 3011 appro-

2164 3021 2337 3078 banda
2359 3065 2372 3090 ,
2404 3039 2470 3078 ne
2504 3040 2637 3095 opus
2667 3038 2973 3098 susceptum
3001 3031 3273 3087 mittamus
3306 3033 3356 3087 in
3385 3034 3602 3106 longum
3625 3051 3738 3106 pro-

2165 3123 2284 3183 pter
2307 3130 2423 3170 eam
2447 3118 2814 3186 quaesﬁonem,
2847 3137 2967 3190 qua:
2991 3122 3113 3178 huic
3133 3124 3470 3180 absolvendzu
3491 3128 3513 3157 ²
3535 3127 3738 3182 minime

2164 3208 2464 3262 necessaria
2501 3218 2601 3264 est.
2629 3210 2836 3266 Sufﬁcit
2862 3212 3005 3268 enim
3030 3255 3045 3280 ,
3072 3215 3194 3284 quia
3215 3216 3259 3270 si
3285 3217 3461 3271 omnia
3493 3233 3604 3274 non
3628 3225 3738 3274 sunt

2162 3299 2489 3356 admittenda
2533 3304 2599 3358 ad
2662 3303 2916 3373 Baptismi
2965 3316 3388 3374 sacramentum,
3445 3310 3589 3366 inter
3637 3311 3738 3366 hate

2164 3393 2339 3448 omnia
2361 3404 2441 3450 est
2457 3395 2775 3451 adulterium
2799 3417 2812 3452 :
2829 3400 2873 3453 si
2901 3408 3078 3454 autem
3093 3402 3190 3455 tria
3209 3402 3296 3456 illa
3309 3402 3419 3458 sola
3437 3401 3736 3473 excipienda

2165 3494 2307 3553 sunt,
2347 3487 2508 3541 etiam
2539 3487 2592 3542 in
2633 3488 2716 3544 his
2757 3491 2922 3547 tribus
2961 3501 3044 3548 est
3081 3493 3435 3565 adulterium,
3462 3497 3611 3554 unde
3649 3496 3737 3553 ἰδίει

2162 3574 2449 3646 disputatio
2473 3587 2594 3634 nata
2611 3590 2694 3636 est
2712 3581 2755 3636 ³.

2233 3692 2322 3747 5'3.
2353 3690 2460 3748 Sed
2486 3695 2734 3764 quoniam
2774 3698 3040 3754 malorum
3077 3701 3492 3758 christianorum
3535 3719 3736 3770 mores,

2161 3783 2250 3855 qui
2269 3783 2482 3840 fuerunt
2509 3796 2662 3842 antea
2689 3789 2850 3844 etiam
2877 3793 3124 3859 pessimi,
3153 3793 3405 3850 habuisse
3427 3812 3540 3852 non
3563 3797 3736 3853 viden-

2164 3887 2251 3933 tur
2279 3877 2379 3934 hoe
2408 3881 2639 3948 malum,
2664 3889 2722 3936 ut
2747 3882 2948 3938 alienas
2970 3900 3163 3940 uxores
3205 3886 3462 3942 ducerent
3493 3890 3626 3957 viri,
3658 3896 3737 3944 aut

2160 3971 2348 4027 alienis
2396 3973 2526 4027 viris
2561 3971 2774 4028 feminas
2818 3974 3116 4043 nuberent;
3150 3976 3275 4034 inde
3322 3977 3561 4038 fortasse
3612 3979 3738 4051 apud

2160 4063 2415 4134 quasdam
2463 4065 2728 4121 Ecclesias
2773 4067 3091 4138 negligentia
3127 4069 3228 4124 ista
3267 4070 3572 4141 subrepsit,
3599 4081 3655 4128 ut
3693 4073 3737 4127 in

2160 4157 2495 4213 catechismis
2515 4157 2939 4228 Competcutium
2959 4177 3056 4216 nec
3091 4171 3459 4232 quwrerentur
3487 4181 3596 4223 nec
3629 4182 3739 4238 pcr-

2159 4259 2467 4308 cuterentur
2487 4251 2508 4285 θ
2535 4253 2648 4308 haze
2667 4254 2821 4321 vitia;
2853 4264 3012 4326 atque
3036 4255 3160 4312 inde
3184 4256 3380 4313 factum
3406 4267 3513 4324 est,
3538 4270 3596 4315 ut
3621 4262 3740 4315 inci-

2161 4355 2348 4417 perent
2372 4356 2426 4403 et
2450 4346 2661 4402 defendi
2692 4366 2705 4402 :
2735 4363 2853 4418 quae
2885 4357 3060 4406 tamen
3093 4349 3144 4402 in
3172 4348 3450 4418 baptizatis
3470 4366 3598 4406 rara
3622 4359 3739 4408 sunt

2159 4441 2354 4509 adhuc,
2377 4442 2420 4497 si
2441 4458 2506 4497 ea
2532 4457 2629 4497 nos
2655 4440 2971 4511 negligenda
2991 4455 3096 4497 non
3119 4441 3281 4498 densa
3303 4442 3325 4476 ⁸
3349 4443 3631 4502 faciamus.
3654 4445 3739 4501 Ta-

2160 4534 2265 4590 lem
2310 4535 2505 4606 quippe
2529 4534 2581 4588 in
2621 4533 2934 4603 quihusdam
2974 4532 3380 4603 negligentiam,
3410 4534 3462 4589 in
3491 4536 3614 4591 aliis
3643 4537 3734 4591 im-

2159 4627 2400 4696 peritiam
2422 4669 2438 4693 ,
2462 4627 2514 4680 in
2553 4626 2674 4680 aliis
2709 4625 3060 4695 ignorantiam
3097 4626 3443 4695 probabiliter
3484 4628 3738 4684 Dominus

2159 4721 2329 4776 somni
2358 4719 2574 4774 nomine
2617 4719 2946 4790 signiﬁcasse
2974 4720 3286 4790 intelligitur
3307 4762 3323 4787 ,
3354 4721 3444 4777 ubi
3471 4723 3550 4778 ait
3579 4741 3593 4777 :
3618 4720 3736 4778 Cain

2158 4822 2325 4867 autem
2347 4812 2624 4867 dormirent
2658 4812 2888 4868 [contines
2910 4855 2926 4882 ,
2957 4814 3090 4868 venit
3129 4815 3364 4869 inimicus
3387 4857 3402 4883 ,
3425 4824 3472 4870 et
3501 4831 3735 4888 superu-

2157 4904 2363 4960 minauit
2384 4904 2582 4958 zizania
2619 4904 2831 4973 (Matth.
2877 4921 3003 4972 xm,
3030 4905 3146 4977 25).
3172 4906 3309 4962 Hinc
3340 4915 3517 4964 autem
3555 4907 3733 4964 existi-

2157 4996 2406 5052 mandum
2435 5006 2516 5052 est
2546 5013 2652 5052 non
2681 5012 2742 5052 ea
2785 4998 3016 5067 primum
3057 4999 3366 5069 apparuisse
3407 4999 3466 5056 in
3500 4999 3738 5056 moribus

2155 5091 2395 5162 quamvis
2415 5090 2675 5146 malorum
2703 5090 3133 5158 christianorum,
3158 5094 3408 5163 quoniam
3429 5093 3618 5152 heauts
3639 5091 3734 5165 Cy.

2153 5185 2372 5254 prianus
2400 5182 2452 5237 in
2475 5182 2700 5253 epistola
2725 5183 2793 5238 de
2820 5183 3026 5253 Lapsis,
3055 5201 3176 5240 cum
3212 5185 3543 5256 deplorando
3570 5195 3626 5242 et
3649 5201 3731 5241 ar-

2152 5273 2364 5345 guendo
2389 5273 2554 5329 multa
2573 5285 3018 5331 commemoraret
3041 5317 3054 5341 ,
3078 5277 3270 5346 quibus
3289 5279 3481 5334 merito
3504 5277 3638 5334 dicit
3656 5278 3733 5332 in-

2153 5369 2514 5441 dignationem
2559 5367 2656 5424 Dei
2708 5368 2872 5426 fuisse
2907 5376 3227 5426 commotam
3253 5412 3268 5439 ,
3304 5378 3364 5428 ut
3405 5368 3726 5428 intolerabili

2215 5519 2232 5584 f
2269 5516 2494 5581 Plerique
2527 5524 2654 5584 Ms_s.,
2679 5515 2930 5584 manifesta
2951 5515 3046 5584 sibi
3066 5525 3378 5584 congruenter
3400 5517 3673 5584 increpat.

2213 5582 2234 5613 ²
2268 5589 2368 5630 Am.
2391 5579 2464 5629 Er.
2493 5586 2545 5630 et
2567 5581 2663 5631 duo
2681 5579 3134 5641 Mss.,'abaolvendo.

2214 5644 2235 5706 ἒ
2267 5647 2340 5693 Sic
2361 5651 2466 5694 Mss.
2491 5643 2608 5692 Editi
2634 5657 2768 5706 vero,
2792 5651 2920 5694 mota
2938 5649 3024 5695 est.

2213 5705 2237 5770 ξ
2267 5708 2347 5770 sic
2363 5713 2476 5770 Mss.
2496 5713 2549 5770 At
2567 5706 2684 5755 editi
2703 5744 2715 5764 ,
2733 5712 3171 5770 repercuterentur.

2219 5768 2240 5804 ⁸
2272 5768 2410 5829 Editi,
2445 5767 2656 5834 defensa.
2701 5767 2915 5823 Erratum
2946 5774 3195 5835 corrigunt
3212 5777 3416 5825 veteres
3443 5769 3578 5823 libri.
