3896 6382
484 338 592 395 225

555 449 779 510 CAPUT
794 445 960 504 XXII.
982 476 1053 486 —-
1068 442 1156 500 40.
1182 440 1410 515 Cognitio
1436 439 1527 493 Dei
1544 452 1776 510 quamam
1797 451 1913 491 vera
1933 442 1979 489 et
1998 431 2065 487 ad

484 550 638 605 vitam
666 556 904 603 (sternam
945 541 1247 596 conducens.
1292 533 1623 606 Indulgentia
1652 548 1753 586 non
1781 528 2063 595 obstinatis,

484 641 575 697 sed
601 657 634 694 a
667 646 867 710 peccato
902 632 1239 691 recedentibus
1259 628 1529 701 speranda.
1566 626 1908 696 Nequaquam
1939 634 2068 691 ergo

483 746 636 787 mens
662 730 871 785 incauta
903 727 1143 793 fallatur,
1186 732 1243 777 ut
1279 738 1337 778 se
1366 720 1634 777 existimet
1674 718 1839 773 Deum
1870 729 2066 785 cogno-

482 821 624 878 visse
643 864 657 888 ,
691 821 735 877 si
763 837 887 876 eum
916 818 1019 874 lide
1041 825 1269 882 mortua,
1297 814 1401 868 hoc
1428 820 1530 876 est,
1562 811 1676 865 sine
1706 808 1859 863 bonis
1884 804 2064 875 operi-

480 912 582 969 bus
623 912 975 977 conﬁteatur,
1028 925 1177 965 more
1223 908 1565 971 daemonum;
1612 911 1666 959 et
1703 902 1823 957 ideo
1861 916 1919 957 se
1953 896 2098 969 jam.

480 1024 589 1064 non
626 1006 831 1062 dubitet
856 1005 922 1060 ad
949 1005 1110 1059 vitam
1156 1011 1407 1058 aeternam
1436 1014 1554 1056 esse
1596 1005 1873 1052 venturam
1896 1034 1909 1059 ,
1941 991 2064 1063 quia

479 1098 738 1154 Dominus
761 1097 928 1165 dicit,
960 1095 1085 1150 Haec
1110 1104 1180 1150 est
1201 1103 1367 1148 autem
1392 1092 1495 1146 vita
1529 1100 1715 1145 veterna
1741 1130 1755 1153 ,
1784 1097 1837 1141 ut
1878 1101 2067 1157 cogno-

478 1200 621 1246 scant
665 1199 711 1244 te
757 1204 913 1243 unum
955 1204 1127 1243 verum
1171 1186 1364 1252 Deum,
1414 1194 1459 1238 et
1501 1198 1646 1253 quem
1682 1180 1860 1234 misisti
1883 1176 2062 1232 Iesum

477 1280 730 1336 Christum
757 1280 933 1351 (Joan.
963 1296 1072 1335 xvn
1094 1322 1109 1348 ,
1141 1278 1220 1348 '5).
1268 1277 1462 1333 Venire
1496 1276 1689 1346 quippe
1718 1272 1876 1329 debet
1901 1271 2061 1326 etiam

476 1374 605 1431 Illud
635 1376 688 1430 in
714 1382 982 1439 mentem,
1013 1372 1154 1443 quod
1179 1371 1433 1441 scriptum
1462 1376 1563 1435 est,
1592 1367 1657 1421 In
1684 1368 1777 1421 hoc
1796 1363 2059 1436 cognosci-

476 1484 589 1523 mus
614 1484 724 1522 eum
748 1509 763 1531 ,
810 1467 853 1521 si
879 1467 1116 1520 mandata
1142 1467 1251 1536 ejus
1291 1478 1554 1517 servemus.
1602 1460 1701 1525 Qui
1729 1459 1883 1524 dicit,
1928 1457 2062 1524 Quia

477 1561 688 1632 cognovi
712 1577 844 1626 eum,
874 1568 922 1613 et
959 1560 1202 1613 ntandata
1241 1559 1348 1627 ejus
1378 1573 1476 1609 non
1503 1562 1686 1619 servat,
1720 1552 1937 1606 mendax
1964 1558 2057 1617 est,

476 1661 523 1705 et
543 1653 595 1705 in
621 1654 714 1705 hoc
743 1652 923 1705 veritas
949 1668 1050 1705 non
1084 1659 1154 1703 est
1183 1650 1225 1722 (Ι
1250 1648 1405 1703 Joan.
1439 1663 1503 1711 ιι,
1539 1646 1591 1709 5,
1625 1647 1702 1716 4).
1734 1644 1798 1698 Ει
1824 1659 1890 1698 ne
1910 1642 2058 1713 quis-

475 1760 632 1814 quam
679 1745 943 1798 existimet
980 1742 1228 1798 mandata
1255 1743 1371 1812 ejus
1413 1740 1478 1796 ad
1509 1741 1676 1795 solam
1705 1738 1859 1793 ﬁdem
1891 1736 2057 1807 perti-

476 1852 604 1892 nere
634 1856 648 1891 :
679 1853 980 1908 quanquam
1015 1837 1193 1892 dicere
1236 1837 1336 1891 hoc
1364 1835 1539 1890 nullus
1568 1842 1649 1890 est
1674 1848 1836 1888 ausus
1856 1874 1870 1899 ,
1916 1846 2057 1901 prae-

475 1930 659 1983 sertim
694 1930 816 2000 quia
850 1930 1089 1983 mandata
1114 1929 1279 1993 dixit,
1310 1944 1427 1998 quae
1453 1944 1520 1983 ne
1548 1925 1883 1981 multitudine
1910 1923 2057 1993 cogi-

474 2021 728 2076 tationem
751 2033 1060 2091 Spargercnt
1091 2023 1131 2087 ¹,
1162 2021 1227 2075 1η
1250 2021 1350 2075 illis
1377 2018 1569 2073 duobus
1596 2029 1699 2072 tota
1734 2017 1844 2072 Lex
1871 2015 2058 2088 pendet

472 2119 518 2165 et
545 2110 817 2183 Propheta:
856 2112 1062 2183 (Matth.
1094 2129 1203 2166 xxn
1226 2152 1239 2177 ,
1270 2110 1363 2181 40)
1394 2129 1406 2165 :
1441 2111 1562 2165 licet
1591 2118 1735 2165 recte
1756 2107 1860 2164 dici
1892 2109 2058 2179 possit

470 2202 539 2257 ad
566 2205 732 2259 solam
774 2203 929 2258 ﬁdem
960 2204 1227 2272 pertinere
1258 2202 1349 2257 Dei
1381 2201 1628 2256 mandata
1647 2243 1660 2267 ,
1695 2201 1738 2255 si
1773 2214 1877 2255 non
1907 2214 2054 2254 mor-

471 2301 577 2358 tua,
621 2294 713 2348 sed
744 2295 860 2348 viva
883 2294 967 2348 illa
996 2294 1317 2364 intelligatur
1344 2292 1477 2348 ﬁdes
1499 2335 1514 2359 ,
1544 2308 1662 2362 qua:
1692 2307 1786 2362 per
1814 2290 2056 2346 dilectio-

468 2402 595 2441 nem
634 2396 923 2457 operatur;
977 2398 1151 2441 tamen
1194 2396 1379 2456 postea
1408 2386 1643 2441 Joannes
1684 2385 1797 2454 ipse
1843 2380 2051 2456 aperuit

467 2477 593 2547 quid
635 2477 869 2543 diceret,
917 2493 1037 2531 cum
1069 2478 1142 2531 ait
1171 2495 1183 2529 :
1214 2476 1328 2530 Hoc
1367 2486 1438 2531 est
1480 2477 1777 2530 mandatum
1803 2479 1911 2548 ejus
1933 2518 1947 2544 ,
1998 2484 2054 2530 ut

468 2566 732 2620 credamus
759 2568 951 2620 nomini
980 2567 1105 2620 Filii
1144 2569 1253 2638 ejus
1280 2566 1407 2622 Jesu
1432 2568 1617 2624 Christi
1642 2610 1656 2638 ,
1694 2577 1743 2623 et
1782 2569 2053 2641 diligamus

465 2657 675 2711 invicem
704 2657 745 2728 (I
769 2658 925 2712 Joan.
957 2676 1035 2725 ut,
1060 2659 1171 2729 23).

482 2808 487 2813 ,
537 2751 626 2805 41.
660 2751 771 2806 Hoc
816 2752 995 2822 itaque
1026 2752 1275 2822 prodest,
1322 2753 1377 2808 in
1406 2753 1572 2809 Deum
1608 2762 1751 2809 recta
1793 2753 1897 2810 ﬁde
1932 2770 2052 2811 cre-

466 2841 628 2909 dere,
655 2842 824 2897 Deum
854 2844 1030 2900 colere
1048 2886 1063 2912 ,
1096 2846 1264 2900 Deum
1290 2861 1449 2902 nosse
1473 2889 1487 2912 ,
1520 2854 1580 2902 ut
1602 2856 1656 2903 et
1680 2848 1817 2904 bene
1838 2848 2049 2904 vivendi

466 2935 535 2991 ab
564 2936 655 2991 illo
680 2935 747 2991 sit
767 2937 920 2992 nobis
947 2937 1201 2993 auxilium
1225 2979 1241 3004 ,
1268 2946 1321 2993 et
1345 2938 1389 2993 si
1416 2940 1832 3009 peccaverimus,
1864 2940 1932 2995 ab
1962 2940 2051 2995 illo

467 3027 848 3100 indulgentiam
883 3045 1219 3095 mereamur;
1264 3047 1372 3086 non
1403 3031 1456 3085 in
1487 3030 1639 3086 factis
1677 3047 1794 3102 qua:
1820 3031 1932 3087 odit
1962 3047 2051 3087 se-

466 3120 581 3175 curi
627 3132 1028 3191 perseverantes
1050 3164 1067 3191 ,
1120 3123 1214 3179 sed
1259 3125 1325 3180 ab
1366 3125 1445 3180 eis
1498 3126 1808 3182 recedentes
1831 3169 1847 3195 ,
1896 3128 2051 3198 eique

466 3212 706 3268 dicentes
724 3256 739 3281 ,
768 3214 882 3286 Ego
904 3214 1012 3269 dixi
1031 3258 1046 3284 ,
1076 3214 1294 3271 Domine
1315 3259 1332 3284 ,
1360 3219 1591 3273 miserere
1615 3220 1751 3285 mei;
1789 3236 1915 3275 sana
1940 3224 2053 3276 ani-

400 3289 405 3293 .
466 3319 599 3357 mam
628 3321 812 3372 meam,
838 3307 1076 3376 quoniam
1110 3309 1313 3380 peccavi
1339 3310 1426 3363 tibi
1458 3308 1627 3381 (Psal.
1655 3328 1743 3380 XL,
1775 3311 1831 3385 5)
1863 3333 1876 3368 :
1908 3313 2051 3384 quod

465 3408 575 3450 non
603 3395 801 3452 habent
827 3398 911 3453 cui
950 3397 1165 3465 dicant,
1216 3401 1305 3471 qui
1335 3416 1440 3455 non
1480 3402 1533 3456 in
1561 3418 1681 3457 eum
1708 3404 1964 3471 credunt;
1997 3414 2053 3462 et

463 3484 660 3544 frustra
681 3489 863 3545 dicunt
887 3492 976 3562 qui
1004 3507 1123 3547 cum
1155 3502 1262 3548 tam
1288 3494 1447 3564 longe
1467 3496 1534 3551 ab
1561 3497 1650 3553 illo
1672 3499 1798 3567 sint,
1832 3515 1860 3553 a
1881 3501 2051 3569 gratia

464 3579 767 3637 Mediatoris
803 3585 962 3640 alieni
1004 3595 1148 3641 sunt.
1195 3587 1331 3643 Hinc
1360 3589 1450 3644 illa
1479 3591 1639 3647 verba
1676 3603 1799 3648 sunt
1830 3594 1881 3649 in
1910 3595 2050 3652 libro

467 3672 755 3741 Sapientiae
780 3717 794 3743 ,
817 3693 936 3746 qua:
972 3680 1152 3734 nescio
1177 3680 1446 3749 quomodo
1476 3681 1723 3754 intelligit
1748 3686 2049 3755 perniciosa

468 3765 727 3819 securitas
764 3786 776 3820 :
810 3768 877 3820 Et
915 3770 958 3823 si
1002 3772 1399 3841 peccaverimus,
1431 3775 1507 3827 tui
1533 3792 1747 3841 sumus;
1796 3779 2049 3847 quoniam

467 3854 672 3911 scilicet
709 3856 905 3912 bonum
935 3868 990 3913 et
1028 3876 1275 3931 magnum
1308 3863 1589 3919 Dominum
1630 3866 1886 3923 habemus
1910 3910 1924 3935 ,
1958 3870 2050 3941 qui

468 3956 521 4000 et
565 3948 691 4002 velit
738 3959 895 4019 atque
942 3952 1109 4021 possit
1154 3955 1522 4025 paenitendum
1575 3970 1787 4028 peccata
1834 3975 2046 4031 sanare,

468 4053 575 4113 non
615 4042 702 4110 qui
742 4043 957 4099 minime
998 4046 1193 4101 audeat
1234 4060 1609 4118 permanentes
1640 4052 1693 4107 in
1720 4054 2049 4123 malignitate

468 4129 795 4202 disperdere.
825 4135 1061 4208 Denique
1088 4154 1208 4195 cum
1230 4140 1472 4210 dixisset,
1505 4145 1577 4197 tui
1599 4161 1800 4212 sumus;
1824 4145 2046 4215 addidit,

466 4224 675 4278 scientes
692 4229 963 4295 potentiam
981 4238 1118 4283 tuam
1141 4248 1160 4285 :
1187 4234 1363 4302 utique
1393 4236 1704 4303 potentiam,
1729 4237 1814 4292 cui
1834 4253 1894 4293 se
1919 4239 2049 4295 sub-

468 4316 680 4370 trahere
708 4329 937 4388 nequeat
973 4330 1062 4375 aut
1100 4324 1369 4379 occultare
1397 4337 1664 4394 peccator.
1708 4328 1937 4401 Ideoque
1958 4346 2048 4387 se—

465 4418 619 4464 cutus
640 4409 880 4480 adjunxit
912 4430 925 4466 :
959 4412 1078 4468 Non
1106 4416 1418 4483 peccabimus
1453 4430 1619 4474 autem
1638 4463 1653 4489 ,
1682 4423 1892 4479 scientes
1918 4441 2046 4495 quo-

466 4501 604 4554 niam
633 4502 705 4555 tui
730 4520 902 4557 sumus
923 4505 1146 4573 deputati
1162 4506 1314 4578 (Sap.
1344 4525 1432 4576 xv,
1460 4510 1541 4582 2).
1567 4512 1695 4578 Quis
1716 4515 1859 4570 enim
1888 4515 2048 4585 digne

465 4593 703 4661 cogitans
751 4594 1129 4650 habitationem
1175 4599 1316 4667 apud
1360 4600 1570 4670 Deum,
1616 4603 1669 4657 in
1714 4619 1817 4675 qua
1861 4621 2047 4662 omnes

464 4683 929 4755 prmdestinatione
956 4697 1079 4741 sunt
1112 4687 1382 4759 deputati,
1408 4693 1499 4763 qui
1529 4694 1821 4751 secundum
1850 4712 2048 4768 propo-

465 4774 624 4831 situm
652 4776 820 4831 vocati
863 4786 1017 4845 sunt,
1065 4795 1169 4834 non
1210 4782 1439 4837 enitatur
1474 4785 1545 4839 ita
1586 4786 1802 4855 vivere,
1856 4798 1913 4843 ut
1957 4788 2046 4843 tali

466 4865 780 4921 habitationi
826 4872 1123 4939 congruat?
1176 4872 1327 4940 Quod
1360 4890 1487 4946 ergo
1518 4888 1569 4933 et
1615 4878 1849 4935 Joannes
1896 4880 2042 4949 dicit,

466 4955 592 5011 Htec
612 4958 792 5029 scripsi
816 4961 970 5029 vobis,
996 4973 1047 5016 ut
1068 4982 1165 5019 non
1196 4970 1404 5037 peccetis
1428 4987 1448 5035 ;
1479 4980 1525 5023 et
1547 4972 1593 5025 si
1617 4973 1728 5041 quis
1748 4975 2041 5044 peccaverit,

463 5051 761 5107 advocatum
808 5056 1047 5112 habemus
1090 5059 1229 5129 apud
1276 5059 1522 5129 Patrem,
1564 5063 1743 5119 Jesum
1788 5065 2045 5121 Christum

450 5144 686 5215 justum;
715 5156 760 5201 et
786 5149 892 5220 ipse
915 5159 988 5204 est
1014 5154 1236 5207 exoratio
1261 5172 1353 5225 pro
1375 5160 1589 5226 peccatis
1606 5160 1790 5213 nostris
1818 5159 1861 5230 (Ι
1882 5159 2040 5217 Joan.

460 5253 533 5307 ιι,
566 5240 629 5308 1,
661 5240 719 5305 2)
755 5261 767 5297 :
802 5259 903 5299 non
931 5245 982 5299 id
999 5246 1162 5317 agit’,
1195 5258 1390 5303 utcum
1413 5252 1696 5308 securitate
1722 5270 2039 5325 peccemus;

459 5333 554 5389 sed
585 5344 643 5389 ut
680 5339 992 5396 recedentes
1015 5358 1043 5394 a
1072 5355 1314 5411 peccato,
1357 5347 1400 5400 si
1434 5349 1575 5417 quod
1608 5350 1898 5408 admissum
1938 5364 2040 5422 est,

459 5434 677 5497 propter
702 5428 845 5484 illum
874 5431 1209 5501 advocatum,
1243 5452 1397 5506 quem
1420 5455 1527 5495 non
1561 5440 1753 5498 habent
1780 5445 2040 5515 infideles,

459 5521 676 5578 minime
701 5522 767 5578 de
795 5525 1112 5595 indulgentia
1144 5528 1505 5598 desperemus.

530 5613 754 5670 CAPUT
784 5616 969 5671 XXIII.
994 5648 1063 5657 ——
1100 5619 1187 5674 42.
1215 5621 1379 5675 Locus
1406 5626 1631 5694 Apostoli
1650 5630 1711 5683 ab
1744 5631 2045 5687 adversariis

522 5729 542 5805 ξ
575 5731 917 5805 μεθ..ξλ]ἱιὶ
938 5746 1056 5783 vero
1074 5772 1087 5793 ,
1115 5735 1424 5805 cogitationes
1448 5752 1688 5805 parerent.

521 5789 543 5822 '
576 5790 692 5843 editi
711 5828 724 5852 ι
750 5792 849 5855 ait;
872 5808 960 5856 pro
980 5789 1227 5861 quo'Mss'“
1245 5799 1361 5867 agit.

1476 321 1565 379 DE
1603 318 1761 376 FIDE
1800 316 1891 375 ET
1927 310 2289 387 OPERIBUS,
2332 318 2389 375 S.
2431 318 2801 381 AUGUSTINI

3654 330 3759 393 ΞΜ

2175 432 2306 487 male
2352 435 2649 503 intellectus.
2705 437 2965 494 Iudicium
3006 440 3061 495 in
3100 439 3380 514 Scripturis
3420 461 3516 517 pro
3567 457 3756 504 caterua

2172 526 2514 585 damnatione.
2567 532 2645 584 An
2680 531 2775 585 soli
2801 532 2975 601 ﬁdeles
3003 533 3126 587 mali
3164 534 3478 607 intelligendi
3507 539 3608 593 sint
3637 541 3758 597 ituri

2169 618 2223 671 in
2251 622 2667 676 resurrectionem
2706 624 2926 693 judicii,
2972 634 3027 677 ut
3055 625 3310 695 judicium
3350 645 3450 683 non
3476 630 3543 685 sit
3567 642 3756 689 (eterna

2171 711 2448 767 damnatio.
2477 714 2584 768 Nec
2616 715 2683 770 de
2710 715 2793 769 his
2821 717 2978 788 igitur
3002 717 3179 774 verbis
3201 720 3379 776 mitior
3404 723 3507 777 ulla
3524 725 3757 784 conditio

2168 807 2529 875 promittenda
2552 818 2630 863 est
2652 851 2667 875 ,
2696 810 2775 865 sic
2804 809 2856 865 in
2889 812 3059 867 Deum
3090 813 3309 870 credere
3340 815 3661 887 volentibus,
3696 828 3757 877 ut

2168 910 2514 970 permaneant
2560 903 2611 957 in
2658 904 2877 973 perditis
2923 906 3160 961 moribus
3194 924 3205 961 :
3234 908 3402 964 multo
3447 909 3626 966 minus
3674 912 3743 969 de

2168 991 2273 1046 illis
2302 992 2389 1046 ubi
2417 995 2704 1064 Apostolus
2730 996 2824 1063 ait,
2856 996 2953 1063 Qui
2979 999 3086 1052 sine
3113 997 3246 1069 Lege
3276 1013 3621 1068 peccaverunt,
3649 1005 3757 1061 sine

2167 1081 2300 1155 Lege
2329 1085 2556 1153 peribunt
2577 1103 2597 1153 ;
2625 1088 2712 1158 qui
2738 1097 2906 1142 autem
2929 1090 2981 1143 in
3009 1088 3142 1161 Lege
3166 1103 3511 1161 peccaverunt,
3544 1112 3635 1166 per
3657 1094 3757 1150 Le-

2166 1192 2277 1247 gem
2308 1177 2671 1246 judicabuntur
2710 1179 2889 1249 (Rom.
2932 1197 3005 1246 ιι,
3043 1181 3167 1251 19.);
3216 1191 3465 1254 tanquam
3509 1185 3611 1241 hoc
3638 1187 3754 1244 loco

2165 1267 2362 1338 aliquid
2389 1268 2550 1324 distet
2579 1271 2719 1325 inter
2751 1272 2925 1342 perire
2955 1281 3009 1327 et
3028 1274 3255 1343 judicari
3275 1319 3288 1343 ,
3318 1291 3441 1330 cum
3460 1277 3564 1331 alio
3591 1280 3753 1335 verbo

2166 1358 2269 1414 hoc
2294 1360 2435 1416 idem
2462 1361 2815 1431 signiﬁcatum
2843 1364 2930 1419 sit.
2961 1364 3146 1420 Solent
3172 1367 3315 1421 enim
3346 1367 3636 1439 Scriptura:
3658 1370 3750 1441 ju-

2165 1453 2364 1507 dicium
2394 1454 2553 1509 etiam
2593 1469 2690 1524 pro
2716 1464 2914 1510 aeterna
2955 1457 3294 1514 damnatione
3338 1474 3533 1529 ponere
3566 1478 3580 1515 :
3614 1462 3752 1519 sicut

2164 1545 2217 1600 in
2254 1546 2543 1617 Evangelio
2574 1548 2827 1604 Dominus
2866 1549 3095 1621 loquitur
3117 1593 3132 1618 ,
3172 1551 3342 1607 Veniet
3370 1555 3528 1623 hora,
3572 1555 3627 1609 in
3650 1573 3752 1627 qua

2162 1657 2332 1694 omnes
2368 1642 2454 1710 qui
2478 1650 2593 1695 sunt
2620 1642 2672 1696 in
2699 1644 3029 1699 monumentis
3055 1645 3258 1699 audient
3303 1662 3467 1701 vocem
3506 1648 3655 1718 ejus;
3701 1658 3750 1704 et

2162 1732 2428 1802 precedent
2458 1733 2543 1803 qui
2571 1733 2692 1787 bene
2714 1738 2936 1805 fecerunt
2966 1736 3018 1789 in
3046 1738 3457 1791 resurrectionem
3486 1739 3601 1793 vita:
3617 1757 3637 1805 ;
3664 1741 3753 1811 qui

2161 1834 2327 1879 autem
2353 1826 2484 1880 male
2509 1836 2714 1897 egerunt
2750 1828 2801 1880 in
2831 1829 3242 1882 resurrectionem
3268 1830 3454 1900 judicii
3481 1830 3657 1903 (Joan.
3693 1848 3748 1902 γ,

2161 1916 2251 1983 28,
2275 1918 2389 1991 29).
2424 1918 2604 1989 Neque
2626 1918 2712 1973 hic
2739 1920 2754 1950 ¹
2785 1918 2981 1974 dictum
3009 1930 3112 1987 est,
3142 1921 3255 1976 Hoc
3275 1922 3363 1992 qui
3384 1923 3745 1992 crediderunt,

2159 2009 2288 2064 illud
2328 2019 2503 2065 autem
2553 2011 2640 2081 qui
2683 2026 2789 2065 non
2833 2011 3202 2078 crediderunt;
3242 2012 3372 2079 sed,
3415 2013 3527 2069 lloc
3560 2014 3637 2068 illi
3661 2015 3751 2085 qui

2159 2103 2279 2157 bene
2298 2114 2538 2174 egerunt,
2570 2103 2699 2159 illud
2725 2104 2813 2174 qui
2840 2105 2971 2160 male
2998 2115 3224 2177 egerunt.
3265 2106 3637 2178 Inseparabilis
3664 2117 3746 2165 est

2156 2198 2351 2266 quippe
2380 2198 2517 2251 bona
2560 2197 2663 2252 vita
2692 2213 2721 2251 a
2748 2198 2852 2253 tide
2880 2215 2999 2269 quae
3039 2214 3135 2270 per
3172 2199 3512 2257 dilectionem
3554 2217 3750 2273 opera-

2157 2296 2277 2354 tur;
2314 2289 2419 2343 imo
2448 2304 2574 2344 vero
2598 2305 2659 2345 ea
2692 2290 2802 2360 ipsa
2831 2302 2911 2346 est
2942 2291 3078 2347 bona
3106 2293 3234 2348 vita.
3277 2293 3533 2351 Videmus
3562 2296 3749 2367 itaque

2158 2380 2608 2434 resurrectionem
2647 2380 2831 2449 judicii
2874 2381 3071 2437 dixisse
3099 2383 3382 2439 Dominum
3423 2401 3522 2455 pro
3564 2401 3750 2443 resur-

2157 2471 2395 2525 rectione
2436 2470 2794 2527 damnationis
2849 2481 3082 2529 aeternae.
3143 2475 3218 2530 De
3257 2476 3504 2532 omnibus
3544 2479 3751 2549 quippe

2153 2563 2537 2619 resurrecturis
2582 2563 2708 2635 (ubi
2756 2566 2940 2635 procul
2988 2565 3152 2621 dubio
3200 2576 3357 2623 erunt
3394 2571 3552 2625 etiam
3585 2572 3621 2626 ii
3652 2570 3749 2640 qui

2153 2658 2370 2712 omnino
2412 2672 2520 2713 non
2564 2658 2820 2725 credunt;
2871 2675 3046 2730 neque
3074 2661 3219 2717 enim
3258 2662 3358 2733 ipsi
3400 2678 3506 2719 non
3531 2664 3750 2721 suntin

2153 2756 2550 2828 monumentis)
2577 2757 2709 2813 duas
2737 2766 2917 2829 partes
2943 2760 3067 2815 fecit
3089 2803 3103 2828 ,
3134 2760 3267 2816 alios
3296 2761 3351 2817 in
3386 2762 3750 2818 resurrectio-

2152 2862 2272 2901 nem
2304 2848 2456 2917 vitae,
2493 2850 2625 2906 alios
2652 2851 2704 2905 in
2734 2852 3179 2908 resurrectionem
3198 2853 3382 2925 judicii
3407 2865 3751 2911 resurrectu-

2150 2952 2241 2992 ros
2284 2955 2402 2995 esse
2428 2940 2724 2998 declarans.

2224 3030 2313 3086 45.
2347 3031 2499 3099 Quod
2527 3033 2573 3088 si
2599 3033 2783 3090 dicunt
2806 3051 2912 3091 non
2942 3036 3016 3092 ibi
3056 3036 3426 3109 intelligendos
3454 3041 3618 3097 etiam
3651 3057 3752 3099 eos

2151 3123 2241 3193 qui
2292 3124 2512 3179 omnino
2559 3140 2667 3181 non
2718 3126 2984 3195 credunt,
3029 3128 3123 3185 sed
3164 3144 3258 3186 eos
3286 3131 3376 3201 qui
3423 3147 3517 3202 per
3559 3132 3754 3204 ignem

2155 3215 2286 3270 salvi
2316 3226 2502 3284 erunt,
2535 3218 2659 3288 quia
2677 3218 3046 3290 crediderunt,
3072 3223 3279 3279 etiamsi
3304 3224 3444 3280 male
3470 3226 3753 3297 vixerunt,

2151 3316 2212 3362 ut
2248 3323 2433 3364 eorum
2460 3311 2819 3367 transitoriam
2856 3328 3069 3382 pariam
3105 3314 3293 3386 judicii
3334 3318 3551 3376 nomine
3575 3319 3759 3390 signi-

2154 3398 2363 3454 ﬁcatam
2399 3400 2747 3457 arbitrentur.
2798 3402 3113 3476 Quanquam
3157 3408 3759 3479 hocimpudentissime

2153 3490 2390 3558 dicatur,
2432 3507 2551 3546 cum
2580 3496 2799 3552 omnino
2828 3495 3086 3554 Dominus
3104 3513 3294 3556 omnes
3319 3510 3758 3569 resurrecturos,

2151 3583 2209 3638 in
2238 3584 2430 3654 quibus
2454 3586 2573 3641 sine
2601 3587 2762 3643 dubio
2785 3597 2839 3644 et
2865 3589 3124 3647 increduli
3161 3602 3348 3661 erunt,
3395 3595 3446 3649 in
3472 3594 3580 3651 duo
3608 3596 3763 3653 divi-

2151 3675 2314 3742 serit,
2358 3677 2510 3730 vitam
2552 3687 2608 3734 et
2630 3678 2927 3749 judicium;
2972 3682 3046 3737 ita
3075 3684 3259 3739 volens
3284 3684 3541 3755 judicium
3576 3697 3758 3744 teter-

2151 3782 2279 3822 num
2328 3768 2585 3840 intelligi,
2628 3772 2872 3840 quamvis
2912 3772 3017 3828 hoc
3060 3790 3165 3829 non
3193 3776 3489 3846 addiderit,
3525 3780 3681 3836 sicut
3706 3790 3761 3837 et

2150 3859 2335 3913 vitam.
2370 3858 2554 3931 Neque
2579 3862 2722 3915 enim
2748 3863 2843 3931 ait,
2873 3864 2930 3918 in
2952 3865 3400 3921 resurrectionem
3435 3868 3558 3925 vita:
3583 3881 3762 3928 aeter-

2151 3965 2272 4015 nas;
2336 3966 2456 4006 cum
2501 3952 2642 4007 aliud
2697 3953 2880 4023 utique
2933 3954 3155 4025 intelligi
3208 3956 3459 4012 noluerit.
3516 3959 3764 4018 Videant

2152 4052 2333 4099 tamen
2361 4045 2488 4116 quid
2512 4047 2817 4117 responsuri
2848 4057 3009 4116 sunt,
3042 4049 3129 4104 ubi
3159 4051 3262 4117 ait,
3310 4050 3412 4115 Qui
3445 4063 3619 4108 autem
3654 4074 3761 4113 non

2151 4138 2335 4205 credit,
2371 4140 2485 4209 jam
2499 4140 2762 4210 judicatus
2786 4151 2858 4197 est
2884 4140 2991 4212 (Id.
3017 4158 3073 4197 in
3091 4185 3106 4211 ,
3136 4143 3247 4216 18).
3277 4143 3410 4201 Nam
3438 4146 3525 4201 hic
3555 4151 3761 4219 procul

2152 4230 2315 4286 dubio
2340 4272 2354 4299 ,
2383 4242 2475 4286 aut
2501 4231 2760 4302 judicium
2790 4250 2887 4304 pro
2910 4250 3068 4305 ptena
3092 4246 3291 4292 aeterna
3326 4239 3556 4307 positum
3583 4241 3764 4300 intel-

2154 4321 2343 4393 ligunt,
2374 4333 2464 4377 aut
2493 4339 2588 4393 per
2608 4324 2783 4395 ignem
2810 4327 2986 4383 salvos
3011 4328 3220 4385 futuros
3248 4330 3408 4385 etiam
3435 4332 3763 4394 incredulos

2150 4411 2331 4469 dicere
2357 4415 2659 4471 audebunt
2702 4418 2989 4487 quoniam,
3021 4419 3122 4484 Qui
3161 4438 3261 4476 non
3302 4423 3491 4491 credit,
3543 4426 3759 4499 inquit,

2143 4507 2257 4577 jam
2290 4508 2556 4578 judicatus
2595 4518 2702 4574 est,
2736 4509 2837 4565 hoc
2860 4520 2979 4577 est,
3019 4512 3130 4582 jam
3164 4513 3366 4584 judicio
3393 4515 3711 4577 destinatus
3740 4540 3758 4578 :

2152 4606 2207 4653 et
2251 4613 2357 4653 non
2385 4598 2487 4654 erit
2528 4599 2671 4670 quod
2712 4615 2810 4670 pro
2852 4618 3043 4673 magno
3090 4604 3351 4662 beneﬁcio
3387 4608 3762 4679 polliceantur

2150 4691 2488 4747 credentibus
2519 4693 2865 4765 nequiterque
2892 4696 3222 4769 viventibus,
3252 4702 3465 4771 quando
3488 4712 3544 4758 et
3572 4704 3608 4759 ii
3651 4708 3758 4778 qui

2149 4797 2258 4837 non
2308 4784 2532 4840 credunt
2581 4800 2686 4841 non
2726 4796 2884 4843 erunt
2935 4790 3230 4859 perdendi,
3292 4793 3386 4850 sed
3437 4795 3757 4865 judicandi.

2150 4876 2300 4943 Quod
2327 4876 2371 4931 si
2401 4877 2577 4934 dicere
2598 4894 2705 4934 non
2737 4880 2961 4950 audent,
2998 4899 3105 4938 non
3143 4886 3373 4941 audeant
3409 4886 3612 4957 aliquid
3646 4892 3762 4947 mi-

2150 4967 2255 5022 tius
2280 4968 2521 5038 polliceri
2559 4971 2637 5026 eis
2664 4971 2732 5026 de
2756 4972 2947 5042 quibus
2971 4973 3169 5029 dictum
3196 4985 3306 5044 est,
3336 4994 3425 5047 per
3444 4975 3633 5049 Legem
3653 4982 3758 5052 ju-

2150 5060 2495 5128 dicabuntur;
2536 5064 2657 5133 quia
2687 5075 2897 5121 constat
2930 5067 3187 5138 judicium
3221 5071 3379 5126 etiam
3409 5086 3506 5142 pro
3532 5081 3755 5133 aeterna

2149 5154 2490 5211 damnatione
2532 5157 2708 5214 solere
2738 5160 3022 5216 nominari.
3053 5162 3189 5231 Quid
3208 5205 3224 5231 ,
3261 5164 3402 5234 quod
3433 5165 3753 5223 invenimus

2149 5264 2252 5303 nou
2285 5251 2457 5304 solum
2484 5251 2704 5306 minime
2752 5253 2980 5309 mitioris
3004 5296 3018 5321 ,
3048 5270 3235 5310 verum
3269 5256 3427 5311 etiam
3448 5256 3758 5316 deterioris

2149 5342 2468 5398 conditionis
2494 5359 2612 5399 esse
2658 5345 2773 5401 illos
2802 5348 2891 5416 qui
2930 5348 3158 5404 Scientes
3199 5350 3459 5420 peccant?
3510 5350 3578 5406 lli
3612 5363 3760 5410 sunt

2150 5436 2294 5490 enim
2320 5438 2552 5492 maxime
2575 5438 2663 5508 qui
2692 5439 2862 5509 legem
2902 5452 3239 5511 acceperunt.
3285 5444 3417 5499 Nam
3441 5446 3580 5500 sicut
3603 5449 3762 5504 scri-

2150 5536 2298 5599 ptum
2328 5540 2428 5597 est,
2468 5529 2567 5585 Ubi
2593 5532 2677 5585 lea:
2702 5549 2802 5585 non
2829 5542 2920 5598 est,
2950 5550 3040 5587 nec
3064 5536 3417 5604 praevaricatio
3447 5534 3628 5609 (Rom.
3667 5554 3756 5605 tv,

2153 5619 2267 5689 15).
2302 5620 2435 5674 Ilinc
2458 5630 2617 5695 estet
2649 5621 2807 5689 illud,
2850 5622 3312 5695 Concupiscentiam
3337 5628 3614 5683 nesciebam
3644 5632 3762 5688 nisi

2153 5712 2235 5768 lea:
2263 5712 2467 5779 diceret,
2498 5713 2619 5767 Non
2645 5716 2981 5785 concupisces.
3018 5716 3293 5774 Occasione
3314 5723 3480 5793 itaque
3501 5732 3756 5794 accepta,

2230 5817 2246 5848 ³
2276 5814 2406 5879 Apud
2422 5821 2496 5865 Er.
2521 5815 2671 5880 Lugd.
2696 5824 2814 5870 ven.
2839 5824 2950 5870 ων.
2987 5832 3001 5869 ;
3037 5826 3194 5886 Neque
3217 5821 3360 5874 illud.
3423 5828 3479 5874 at.
