  <div class='ocr_page' id='page_1' title='image "/cluster/home/n/w/nwhite01/storage/ocr_20150623/40-41/uva.x000217726/118.png"; bbox 0 0 3896 6382; ppageno 0'>
   <div class='ocr_carea' id='block_1_1' title="bbox 168 523 1713 608">
    <p class='ocr_par' dir='ltr' id='par_1_1' title="bbox 168 523 1713 608">
     <span class='ocr_line' id='line_1_1' title="bbox 168 523 1713 608; baseline -0.01 -20"><span class='ocrx_word' id='word_1_1' title='bbox 168 542 395 608; x_wconf 71' lang='lat' dir='ltr'><strong>peccatum</strong></span> <span class='ocrx_word' id='word_1_2' title='bbox 426 544 507 602; x_wconf 80' lang='lat' dir='ltr'><strong>per</strong></span> <span class='ocrx_word' id='word_1_3' title='bbox 544 526 853 583; x_wconf 85' lang='lat' dir='ltr'><strong>mandatum</strong></span> <span class='ocrx_word' id='word_1_4' title='bbox 906 533 1174 599; x_wconf 83' lang='lat' dir='ltr'><strong>operatum</strong></span> <span class='ocrx_word' id='word_1_5' title='bbox 1210 530 1283 580; x_wconf 85' lang='lat' dir='ltr'><strong>est</strong></span> <span class='ocrx_word' id='word_1_6' title='bbox 1308 523 1361 577; x_wconf 92' lang='lat' dir='ltr'><strong>in</strong></span> <span class='ocrx_word' id='word_1_7' title='bbox 1396 538 1476 577; x_wconf 90' lang='lat' dir='ltr'><strong>me</strong></span> <span class='ocrx_word' id='word_1_8' title='bbox 1516 534 1713 577; x_wconf 88' lang='lat' dir='ltr'><strong>omnem</strong></span> 
     </span>
    </p>
   </div>
   <div class='ocr_carea' id='block_1_2' title="bbox 168 613 1719 693">
    <p class='ocr_par' dir='ltr' id='par_1_2' title="bbox 168 613 1719 693">
     <span class='ocr_line' id='line_1_2' title="bbox 168 613 1719 693; baseline -0.008 -12"><span class='ocrx_word' id='word_1_9' title='bbox 168 622 568 693; x_wconf 73' lang='lat' dir='ltr'><strong>eonapiscetuiam</strong></span> <span class='ocrx_word' id='word_1_10' title='bbox 594 620 777 688; x_wconf 84' lang='lat' dir='ltr'><strong>(Rom.</strong></span> <span class='ocrx_word' id='word_1_11' title='bbox 803 635 899 687; x_wconf 86' lang='lat' dir='ltr'><strong>vn,</strong></span> <span class='ocrx_word' id='word_1_12' title='bbox 928 619 986 687; x_wconf 88' lang='lat'><strong>7,</strong></span> <span class='ocrx_word' id='word_1_13' title='bbox 1004 618 1062 689; x_wconf 87' lang='lat'><strong>8)</strong></span> <span class='ocrx_word' id='word_1_14' title='bbox 1086 635 1102 684; x_wconf 86' lang='lat'><strong>;</strong></span> <span class='ocrx_word' id='word_1_15' title='bbox 1130 625 1183 673; x_wconf 91' lang='lat' dir='ltr'><strong>et</strong></span> <span class='ocrx_word' id='word_1_16' title='bbox 1210 615 1311 671; x_wconf 91' lang='lat' dir='ltr'><strong>alia</strong></span> <span class='ocrx_word' id='word_1_17' title='bbox 1336 615 1499 670; x_wconf 88' lang='lat' dir='ltr'><strong>multa</strong></span> <span class='ocrx_word' id='word_1_18' title='bbox 1516 630 1635 686; x_wconf 78' lang='lat' dir='ltr'><strong>quae</strong></span> <span class='ocrx_word' id='word_1_19' title='bbox 1651 613 1719 669; x_wconf 90' lang='lat' dir='ltr'><strong>de</strong></span> 
     </span>
    </p>
   </div>
   <div class='ocr_carea' id='block_1_3' title="bbox 170 705 1718 782">
    <p class='ocr_par' dir='ltr' id='par_1_3' title="bbox 170 705 1718 782">
     <span class='ocr_line' id='line_1_3' title="bbox 170 705 1718 782; baseline -0.007 -11"><span class='ocrx_word' id='word_1_20' title='bbox 170 716 259 771; x_wconf 70' lang='lat' dir='ltr'><strong>hac</strong></span> <span class='ocrx_word' id='word_1_21' title='bbox 284 729 334 769; x_wconf 85' lang='lat' dir='ltr'><strong>re</strong></span> <span class='ocrx_word' id='word_1_22' title='bbox 366 711 489 768; x_wconf 87' lang='lat' dir='ltr'><strong>idem</strong></span> <span class='ocrx_word' id='word_1_23' title='bbox 513 710 795 782; x_wconf 76' lang='lat' dir='ltr'><strong>apostolus</strong></span> <span class='ocrx_word' id='word_1_24' title='bbox 823 708 974 765; x_wconf 85' lang='lat' dir='ltr'><strong>dicit.</strong></span> <span class='ocrx_word' id='word_1_25' title='bbox 1022 707 1105 763; x_wconf 84' lang='lat' dir='ltr'><strong>Ab</strong></span> <span class='ocrx_word' id='word_1_26' title='bbox 1138 705 1241 762; x_wconf 90' lang='lat' dir='ltr'><strong>hoc</strong></span> <span class='ocrx_word' id='word_1_27' title='bbox 1282 715 1435 762; x_wconf 91' lang='lat' dir='ltr'><strong>reatu</strong></span> <span class='ocrx_word' id='word_1_28' title='bbox 1468 705 1718 777; x_wconf 77' lang='lat' dir='ltr'><strong>graviore</strong></span> 
     </span>
    </p>
   </div>
   <div class='ocr_carea' id='block_1_4' title="bbox 164 798 1719 876">
    <p class='ocr_par' dir='ltr' id='par_1_4' title="bbox 164 798 1719 876">
     <span class='ocr_line' id='line_1_4' title="bbox 164 798 1719 876; baseline -0.007 -12"><span class='ocrx_word' id='word_1_29' title='bbox 164 807 325 864; x_wconf 83' lang='lat' dir='ltr'><strong>liberat</strong></span> <span class='ocrx_word' id='word_1_30' title='bbox 343 804 494 876; x_wconf 75' lang='lat' dir='ltr'><strong>gratia</strong></span> <span class='ocrx_word' id='word_1_31' title='bbox 522 803 758 875; x_wconf 74' lang='lat' dir='ltr'><strong>Spiritus</strong></span> <span class='ocrx_word' id='word_1_32' title='bbox 784 802 955 859; x_wconf 87' lang='lat' dir='ltr'><strong>sancti</strong></span> <span class='ocrx_word' id='word_1_33' title='bbox 985 816 1083 872; x_wconf 90' lang='lat' dir='ltr'><strong>per</strong></span> <span class='ocrx_word' id='word_1_34' title='bbox 1108 799 1291 857; x_wconf 79' lang='lat' dir='ltr'><strong>Jesum</strong></span> <span class='ocrx_word' id='word_1_35' title='bbox 1316 798 1585 856; x_wconf 80' lang='lat' dir='ltr'><strong>Christum</strong></span> <span class='ocrx_word' id='word_1_36' title='bbox 1614 798 1719 854; x_wconf 85' lang='lat' dir='ltr'><strong>Do-</strong></span> 
     </span>
    </p>
   </div>
   <div class='ocr_carea' id='block_1_5' title="bbox 166 890 1718 966">
    <p class='ocr_par' dir='ltr' id='par_1_5' title="bbox 166 890 1718 966">
     <span class='ocr_line' id='line_1_5' title="bbox 166 890 1718 966; baseline -0.005 -12"><span class='ocrx_word' id='word_1_37' title='bbox 166 896 339 954; x_wconf 75' lang='lat' dir='ltr'><strong>minum</strong></span> <span class='ocrx_word' id='word_1_38' title='bbox 371 903 605 951; x_wconf 73' lang='lat' dir='ltr'><strong>nostrum</strong></span> <span class='ocrx_word' id='word_1_39' title='bbox 632 936 651 963; x_wconf 91' lang='lat'><strong>,</strong></span> <span class='ocrx_word' id='word_1_40' title='bbox 697 909 820 966; x_wconf 65' lang='lat' dir='ltr'><strong>quae</strong></span> <span class='ocrx_word' id='word_1_41' title='bbox 860 892 1052 949; x_wconf 81' lang='lat' dir='ltr'><strong>diffusa</strong></span> <span class='ocrx_word' id='word_1_42' title='bbox 1087 892 1351 949; x_wconf 87' lang='lat' dir='ltr'><strong>cbaritate</strong></span> <span class='ocrx_word' id='word_1_43' title='bbox 1389 892 1442 946; x_wconf 92' lang='lat' dir='ltr'><strong>in</strong></span> <span class='ocrx_word' id='word_1_44' title='bbox 1467 890 1718 947; x_wconf 86' lang='lat' dir='ltr'><strong>cordibus</strong></span> 
     </span>
    </p>
   </div>
   <div class='ocr_carea' id='block_1_6' title="bbox 170 984 1715 1059">
    <p class='ocr_par' dir='ltr' id='par_1_6' title="bbox 170 984 1715 1059">
     <span class='ocr_line' id='line_1_6' title="bbox 170 984 1715 1059; baseline -0.004 -12"><span class='ocrx_word' id='word_1_45' title='bbox 170 989 336 1047; x_wconf 83' lang='lat' dir='ltr'><strong>nostris</strong></span> <span class='ocrx_word' id='word_1_46' title='bbox 356 988 505 1045; x_wconf 86' lang='lat' dir='ltr'><strong>donat</strong></span> <span class='ocrx_word' id='word_1_47' title='bbox 536 987 767 1059; x_wconf 72' lang='lat' dir='ltr'><strong>justitize</strong></span> <span class='ocrx_word' id='word_1_48' title='bbox 793 986 1202 1043; x_wconf 76' lang='lat' dir='ltr'><strong>delectationem</strong></span> <span class='ocrx_word' id='word_1_49' title='bbox 1233 986 1250 1017; x_wconf 87' lang='grc'>¹</span> <span class='ocrx_word' id='word_1_50' title='bbox 1271 1027 1285 1053; x_wconf 89' lang='grc'>,</span> <span class='ocrx_word' id='word_1_51' title='bbox 1318 1000 1422 1057; x_wconf 91' lang='lat' dir='ltr'><strong>qua</strong></span> <span class='ocrx_word' id='word_1_52' title='bbox 1449 984 1715 1041; x_wconf 86' lang='lat' dir='ltr'><strong>immode-</strong></span> 
     </span>
    </p>
   </div>
   <div class='ocr_carea' id='block_1_7' title="bbox 167 1077 1715 1153">
    <p class='ocr_par' dir='ltr' id='par_1_7' title="bbox 167 1077 1715 1153">
     <span class='ocr_line' id='line_1_7' title="bbox 167 1077 1715 1153; baseline -0.004 -15"><span class='ocrx_word' id='word_1_53' title='bbox 167 1082 286 1138; x_wconf 84' lang='lat' dir='ltr'><strong>ratio</strong></span> <span class='ocrx_word' id='word_1_54' title='bbox 306 1080 733 1153; x_wconf 74' lang='lat' dir='ltr'><strong>concupiscentia:</strong></span> <span class='ocrx_word' id='word_1_55' title='bbox 772 1087 1073 1151; x_wconf 72' lang='lat' dir='ltr'><strong>superetur.</strong></span> <span class='ocrx_word' id='word_1_56' title='bbox 1124 1077 1261 1135; x_wconf 85' lang='lat' dir='ltr'><strong>Hinc</strong></span> <span class='ocrx_word' id='word_1_57' title='bbox 1303 1079 1482 1149; x_wconf 86' lang='lat' dir='ltr'><strong>itaque</strong></span> <span class='ocrx_word' id='word_1_58' title='bbox 1516 1078 1715 1134; x_wconf 84' lang='lat' dir='ltr'><strong>conﬁr-</strong></span> 
     </span>
    </p>
   </div>
   <div class='ocr_carea' id='block_1_8' title="bbox 173 1169 1715 1242">
    <p class='ocr_par' dir='ltr' id='par_1_8' title="bbox 173 1169 1715 1242">
     <span class='ocr_line' id='line_1_8' title="bbox 173 1169 1715 1242; baseline -0.003 -12"><span class='ocrx_word' id='word_1_59' title='bbox 173 1184 321 1230; x_wconf 80' lang='lat' dir='ltr'><strong>matur</strong></span> <span class='ocrx_word' id='word_1_60' title='bbox 341 1189 435 1230; x_wconf 88' lang='lat' dir='ltr'><strong>non</strong></span> <span class='ocrx_word' id='word_1_61' title='bbox 478 1173 653 1229; x_wconf 87' lang='lat' dir='ltr'><strong>solum</strong></span> <span class='ocrx_word' id='word_1_62' title='bbox 685 1173 820 1228; x_wconf 87' lang='lat' dir='ltr'><strong>nihil</strong></span> <span class='ocrx_word' id='word_1_63' title='bbox 859 1172 1039 1227; x_wconf 89' lang='lat' dir='ltr'><strong>mitius</strong></span> <span class='ocrx_word' id='word_1_64' title='bbox 1061 1212 1079 1239; x_wconf 92' lang='lat'><strong>,</strong></span> <span class='ocrx_word' id='word_1_65' title='bbox 1136 1170 1230 1227; x_wconf 88' lang='lat' dir='ltr'><strong>scd</strong></span> <span class='ocrx_word' id='word_1_66' title='bbox 1264 1171 1478 1242; x_wconf 79' lang='lat' dir='ltr'><strong>gravius</strong></span> <span class='ocrx_word' id='word_1_67' title='bbox 1519 1169 1715 1241; x_wconf 90' lang='lat' dir='ltr'><strong>aliquid</strong></span> 
     </span>
    </p>
   </div>
   <div class='ocr_carea' id='block_1_9' title="bbox 166 1260 1716 1336">
    <p class='ocr_par' dir='ltr' id='par_1_9' title="bbox 166 1260 1716 1336">
     <span class='ocr_line' id='line_1_9' title="bbox 166 1260 1716 1336; baseline -0.002 -17"><span class='ocrx_word' id='word_1_68' title='bbox 166 1262 515 1336; x_wconf 85' lang='lat' dir='ltr'><strong>itelligendum</strong></span> <span class='ocrx_word' id='word_1_69' title='bbox 538 1303 557 1330; x_wconf 86' lang='lat'><strong>,</strong></span> <span class='ocrx_word' id='word_1_70' title='bbox 604 1263 678 1320; x_wconf 91' lang='lat' dir='ltr'><strong>de</strong></span> <span class='ocrx_word' id='word_1_71' title='bbox 724 1262 915 1334; x_wconf 86' lang='lat' dir='ltr'><strong>quibus</strong></span> <span class='ocrx_word' id='word_1_72' title='bbox 956 1261 1160 1317; x_wconf 90' lang='lat' dir='ltr'><strong>dictum</strong></span> <span class='ocrx_word' id='word_1_73' title='bbox 1207 1269 1321 1328; x_wconf 91' lang='lat' dir='ltr'><strong>est,</strong></span> <span class='ocrx_word' id='word_1_74' title='bbox 1372 1260 1472 1327; x_wconf 81' lang='lat' dir='ltr'><strong>Qui</strong></span> <span class='ocrx_word' id='word_1_75' title='bbox 1499 1261 1555 1315; x_wconf 90' lang='lat' dir='ltr'><strong>in</strong></span> <span class='ocrx_word' id='word_1_76' title='bbox 1581 1260 1716 1333; x_wconf 96' lang='lat' dir='ltr'><strong>Lege</strong></span> 
     </span>
    </p>
   </div>
   <div class='ocr_carea' id='block_1_10' title="bbox 165 1353 1715 1429">
    <p class='ocr_par' dir='ltr' id='par_1_10' title="bbox 165 1353 1715 1429">
     <span class='ocr_line' id='line_1_10' title="bbox 165 1353 1715 1429; baseline -0.002 -16"><span class='ocrx_word' id='word_1_77' title='bbox 165 1366 490 1426; x_wconf 67' lang='lat' dir='ltr'><strong>meum,</strong></span> <span class='ocrx_word' id='word_1_78' title='bbox 526 1373 616 1429; x_wconf 84' lang='lat' dir='ltr'><strong>per</strong></span> <span class='ocrx_word' id='word_1_79' title='bbox 650 1356 842 1429; x_wconf 80' lang='lat' dir='ltr'><strong>Legem</strong></span> <span class='ocrx_word' id='word_1_80' title='bbox 873 1355 1285 1428; x_wconf 86' lang='lat' dir='ltr'><strong>judicabuntur;</strong></span> <span class='ocrx_word' id='word_1_81' title='bbox 1328 1369 1487 1425; x_wconf 88' lang='lat' dir='ltr'><strong>quam</strong></span> <span class='ocrx_word' id='word_1_82' title='bbox 1515 1353 1581 1409; x_wconf 91' lang='lat' dir='ltr'><strong>de</strong></span> <span class='ocrx_word' id='word_1_83' title='bbox 1608 1353 1715 1410; x_wconf 89' lang='lat' dir='ltr'><strong>illis</strong></span> 
     </span>
    </p>
   </div>
   <div class='ocr_carea' id='block_1_11' title="bbox 160 1446 1715 1520">
    <p class='ocr_par' dir='ltr' id='par_1_11' title="bbox 160 1446 1715 1520">
     <span class='ocr_line' id='line_1_11' title="bbox 160 1446 1715 1520; baseline 0 -17"><span class='ocrx_word' id='word_1_84' title='bbox 160 1448 238 1520; x_wconf 83' lang='lat' dir='ltr'><strong>qui</strong></span> <span class='ocrx_word' id='word_1_85' title='bbox 259 1448 363 1504; x_wconf 87' lang='lat' dir='ltr'><strong>sine</strong></span> <span class='ocrx_word' id='word_1_86' title='bbox 382 1446 511 1519; x_wconf 85' lang='lat' dir='ltr'><strong>Lege</strong></span> <span class='ocrx_word' id='word_1_87' title='bbox 540 1457 834 1519; x_wconf 85' lang='lat' dir='ltr'><strong>peccantes</strong></span> <span class='ocrx_word' id='word_1_88' title='bbox 859 1448 977 1503; x_wconf 89' lang='lat' dir='ltr'><strong>sine</strong></span> <span class='ocrx_word' id='word_1_89' title='bbox 1003 1446 1145 1519; x_wconf 88' lang='lat' dir='ltr'><strong>Lege</strong></span> <span class='ocrx_word' id='word_1_90' title='bbox 1171 1446 1419 1519; x_wconf 91' lang='lat' dir='ltr'><strong>peribunt</strong></span> <span class='ocrx_word' id='word_1_91' title='bbox 1451 1466 1464 1503; x_wconf 94' lang='lat'>:</span> <span class='ocrx_word' id='word_1_92' title='bbox 1490 1462 1590 1503; x_wconf 90' lang='lat' dir='ltr'><strong>nec</strong></span> <span class='ocrx_word' id='word_1_93' title='bbox 1617 1462 1715 1519; x_wconf 92' lang='lat' dir='ltr'><strong>pro</strong></span> 
     </span>
    </p>
   </div>
   <div class='ocr_carea' id='block_1_12' title="bbox 161 1538 1715 1611">
    <p class='ocr_par' dir='ltr' id='par_1_12' title="bbox 161 1538 1715 1611">
     <span class='ocr_line' id='line_1_12' title="bbox 161 1538 1715 1611; baseline 0.001 -16"><span class='ocrx_word' id='word_1_94' title='bbox 161 1554 294 1611; x_wconf 73' lang='lat' dir='ltr'><strong>ptem</strong></span> <span class='ocrx_word' id='word_1_95' title='bbox 316 1541 602 1596; x_wconf 80' lang='lat' dir='ltr'><strong>transitoria</strong></span> <span class='ocrx_word' id='word_1_96' title='bbox 637 1540 747 1597; x_wconf 85' lang='lat' dir='ltr'><strong>hoc</strong></span> <span class='ocrx_word' id='word_1_97' title='bbox 783 1540 903 1595; x_wconf 91' lang='lat' dir='ltr'><strong>loco</strong></span> <span class='ocrx_word' id='word_1_98' title='bbox 930 1539 1130 1595; x_wconf 90' lang='lat' dir='ltr'><strong>dictum</strong></span> <span class='ocrx_word' id='word_1_99' title='bbox 1158 1538 1453 1610; x_wconf 86' lang='lat' dir='ltr'><strong>judicium,</strong></span> <span class='ocrx_word' id='word_1_100' title='bbox 1494 1539 1591 1596; x_wconf 89' lang='lat' dir='ltr'><strong>sed</strong></span> <span class='ocrx_word' id='word_1_101' title='bbox 1615 1554 1715 1611; x_wconf 91' lang='lat' dir='ltr'><strong>pro</strong></span> 
     </span>
    </p>
   </div>
   <div class='ocr_carea' id='block_1_13' title="bbox 161 1630 1391 1702">
    <p class='ocr_par' dir='ltr' id='par_1_13' title="bbox 161 1630 1391 1702">
     <span class='ocr_line' id='line_1_13' title="bbox 161 1630 1391 1702; baseline -0.002 -15"><span class='ocrx_word' id='word_1_102' title='bbox 161 1644 216 1687; x_wconf 79' lang='lat' dir='ltr'><strong>ea</strong></span> <span class='ocrx_word' id='word_1_103' title='bbox 238 1646 328 1701; x_wconf 83' lang='lat' dir='ltr'><strong>qua</strong></span> <span class='ocrx_word' id='word_1_104' title='bbox 365 1630 513 1687; x_wconf 85' lang='lat' dir='ltr'><strong>etiam</strong></span> <span class='ocrx_word' id='word_1_105' title='bbox 536 1647 653 1688; x_wconf 89' lang='lat' dir='ltr'><strong>non</strong></span> <span class='ocrx_word' id='word_1_106' title='bbox 679 1630 963 1687; x_wconf 88' lang='lat' dir='ltr'><strong>credentes</strong></span> <span class='ocrx_word' id='word_1_107' title='bbox 993 1630 1391 1702; x_wconf 90' lang='lat' dir='ltr'><strong>judicabuntur.</strong></span> 
     </span>
    </p>
   </div>
   <div class='ocr_carea' id='block_1_14' title="bbox 221 1722 1712 1795">
    <p class='ocr_par' dir='ltr' id='par_1_14' title="bbox 221 1722 1712 1795">
     <span class='ocr_line' id='line_1_14' title="bbox 221 1722 1712 1795; baseline 0 -17"><span class='ocrx_word' id='word_1_108' title='bbox 221 1723 301 1778; x_wconf 69' lang='grc' dir='ltr'><strong>ιι.</strong></span> <span class='ocrx_word' id='word_1_109' title='bbox 341 1722 464 1779; x_wconf 84' lang='lat' dir='ltr'><strong>Nam</strong></span> <span class='ocrx_word' id='word_1_110' title='bbox 489 1724 578 1795; x_wconf 85' lang='lat' dir='ltr'><strong>qui</strong></span> <span class='ocrx_word' id='word_1_111' title='bbox 623 1723 727 1780; x_wconf 83' lang='lat' dir='ltr'><strong>hac</strong></span> <span class='ocrx_word' id='word_1_112' title='bbox 760 1732 982 1779; x_wconf 91' lang='lat' dir='ltr'><strong>utuntur</strong></span> <span class='ocrx_word' id='word_1_113' title='bbox 1007 1723 1273 1779; x_wconf 89' lang='lat' dir='ltr'><strong>sententia</strong></span> <span class='ocrx_word' id='word_1_114' title='bbox 1296 1722 1361 1778; x_wconf 92' lang='lat' dir='ltr'><strong>ad</strong></span> <span class='ocrx_word' id='word_1_115' title='bbox 1395 1723 1712 1795; x_wconf 60' lang='lat' dir='ltr'><strong>promtteu-</strong></span> 
     </span>
    </p>
   </div>
   <div class='ocr_carea' id='block_1_15' title="bbox 163 1815 1713 1889">
    <p class='ocr_par' dir='ltr' id='par_1_15' title="bbox 163 1815 1713 1889">
     <span class='ocr_line' id='line_1_15' title="bbox 163 1815 1713 1889; baseline 0.001 -17"><span class='ocrx_word' id='word_1_116' title='bbox 163 1815 269 1872; x_wconf 82' lang='lat' dir='ltr'><strong>dam</strong></span> <span class='ocrx_word' id='word_1_117' title='bbox 312 1818 515 1873; x_wconf 80' lang='lat' dir='ltr'><strong>salutem</strong></span> <span class='ocrx_word' id='word_1_118' title='bbox 555 1834 658 1889; x_wconf 85' lang='lat' dir='ltr'><strong>per</strong></span> <span class='ocrx_word' id='word_1_119' title='bbox 696 1818 873 1889; x_wconf 85' lang='lat' dir='ltr'><strong>ignem</strong></span> <span class='ocrx_word' id='word_1_120' title='bbox 898 1856 915 1883; x_wconf 91' lang='lat'><strong>,</strong></span> <span class='ocrx_word' id='word_1_121' title='bbox 964 1816 1067 1872; x_wconf 90' lang='lat' dir='ltr'><strong>illis</strong></span> <span class='ocrx_word' id='word_1_122' title='bbox 1110 1817 1202 1888; x_wconf 94' lang='lat' dir='ltr'><strong>qui</strong></span> <span class='ocrx_word' id='word_1_123' title='bbox 1230 1817 1390 1873; x_wconf 89' lang='lat' dir='ltr'><strong>etiam</strong></span> <span class='ocrx_word' id='word_1_124' title='bbox 1430 1816 1713 1874; x_wconf 88' lang='lat' dir='ltr'><strong>credentes</strong></span> 
     </span>
    </p>
   </div>
   <div class='ocr_carea' id='block_1_16' title="bbox 165 1906 1714 1981">
    <p class='ocr_par' dir='ltr' id='par_1_16' title="bbox 165 1906 1714 1981">
     <span class='ocr_line' id='line_1_16' title="bbox 165 1906 1714 1981; baseline -0.001 -16"><span class='ocrx_word' id='word_1_125' title='bbox 165 1909 369 1981; x_wconf 77' lang='lat' dir='ltr'><strong>pessime</strong></span> <span class='ocrx_word' id='word_1_126' title='bbox 390 1910 585 1975; x_wconf 80' lang='lat' dir='ltr'><strong>vivunt,</strong></span> <span class='ocrx_word' id='word_1_127' title='bbox 615 1917 675 1965; x_wconf 90' lang='lat' dir='ltr'><strong>ut</strong></span> <span class='ocrx_word' id='word_1_128' title='bbox 710 1908 789 1965; x_wconf 88' lang='lat' dir='ltr'><strong>eis</strong></span> <span class='ocrx_word' id='word_1_129' title='bbox 810 1908 1025 1975; x_wconf 83' lang='lat' dir='ltr'><strong>dicant,</strong></span> <span class='ocrx_word' id='word_1_130' title='bbox 1058 1907 1159 1974; x_wconf 82' lang='lat' dir='ltr'><strong>Qui</strong></span> <span class='ocrx_word' id='word_1_131' title='bbox 1184 1908 1292 1963; x_wconf 88' lang='lat' dir='ltr'><strong>sine</strong></span> <span class='ocrx_word' id='word_1_132' title='bbox 1318 1906 1449 1980; x_wconf 91' lang='lat' dir='ltr'><strong>Lege</strong></span> <span class='ocrx_word' id='word_1_133' title='bbox 1478 1923 1714 1979; x_wconf 86' lang='lat' dir='ltr'><strong>peccave-</strong></span> 
     </span>
    </p>
   </div>
   <div class='ocr_carea' id='block_1_17' title="bbox 165 2001 1714 2075">
    <p class='ocr_par' dir='ltr' id='par_1_17' title="bbox 165 2001 1714 2075">
     <span class='ocr_line' id='line_1_17' title="bbox 165 2001 1714 2075; baseline 0.001 -19"><span class='ocrx_word' id='word_1_134' title='bbox 165 2012 300 2069; x_wconf 76' lang='lat' dir='ltr'><strong>runt,</strong></span> <span class='ocrx_word' id='word_1_135' title='bbox 330 2002 427 2057; x_wconf 87' lang='lat' dir='ltr'><strong>sine</strong></span> <span class='ocrx_word' id='word_1_136' title='bbox 455 2003 581 2075; x_wconf 85' lang='lat' dir='ltr'><strong>Lege</strong></span> <span class='ocrx_word' id='word_1_137' title='bbox 618 2002 848 2072; x_wconf 79' lang='lat' dir='ltr'><strong>peribunt</strong></span> <span class='ocrx_word' id='word_1_138' title='bbox 871 2018 893 2068; x_wconf 85' lang='lat'><strong>;</strong></span> <span class='ocrx_word' id='word_1_139' title='bbox 922 2002 1009 2073; x_wconf 85' lang='lat' dir='ltr'><strong>qui</strong></span> <span class='ocrx_word' id='word_1_140' title='bbox 1034 2011 1205 2058; x_wconf 83' lang='lat' dir='ltr'><strong>autem</strong></span> <span class='ocrx_word' id='word_1_141' title='bbox 1234 2002 1290 2056; x_wconf 92' lang='lat' dir='ltr'><strong>in</strong></span> <span class='ocrx_word' id='word_1_142' title='bbox 1314 2001 1449 2074; x_wconf 84' lang='lat' dir='ltr'><strong>Lege</strong></span> <span class='ocrx_word' id='word_1_143' title='bbox 1479 2017 1714 2073; x_wconf 88' lang='lat' dir='ltr'><strong>peccave-</strong></span> 
     </span>
    </p>
   </div>
   <div class='ocr_carea' id='block_1_18' title="bbox 74 2093 1709 2166">
    <p class='ocr_par' dir='ltr' id='par_1_18' title="bbox 74 2093 1709 2166">
     <span class='ocr_line' id='line_1_18' title="bbox 74 2093 1709 2166; baseline 0.001 -18"><span class='ocrx_word' id='word_1_144' title='bbox 74 2164 77 2165; x_wconf 16' lang='grc' dir='ltr'><em>ν</em></span> <span class='ocrx_word' id='word_1_145' title='bbox 176 2104 322 2159; x_wconf 80' lang='lat' dir='ltr'><strong>runt,</strong></span> <span class='ocrx_word' id='word_1_146' title='bbox 350 2111 429 2163; x_wconf 76' lang='lat' dir='ltr'><strong>per</strong></span> <span class='ocrx_word' id='word_1_147' title='bbox 453 2094 625 2165; x_wconf 82' lang='lat' dir='ltr'><strong>Legem</strong></span> <span class='ocrx_word' id='word_1_148' title='bbox 649 2093 1010 2166; x_wconf 83' lang='lat' dir='ltr'><strong>judicabunmr</strong></span> <span class='ocrx_word' id='word_1_149' title='bbox 1032 2136 1048 2163; x_wconf 95' lang='lat'><strong>,</strong></span> <span class='ocrx_word' id='word_1_150' title='bbox 1098 2102 1346 2165; x_wconf 87' lang='lat' dir='ltr'><strong>tanquam</strong></span> <span class='ocrx_word' id='word_1_151' title='bbox 1392 2094 1591 2149; x_wconf 87' lang='lat' dir='ltr'><strong>dictum</strong></span> <span class='ocrx_word' id='word_1_152' title='bbox 1619 2095 1709 2161; x_wconf 89' lang='lat' dir='ltr'><strong>sit,</strong></span> 
     </span>
    </p>
   </div>
   <div class='ocr_carea' id='block_1_19' title="bbox 175 2184 1711 2256">
    <p class='ocr_par' dir='ltr' id='par_1_19' title="bbox 175 2184 1711 2256">
     <span class='ocr_line' id='line_1_19' title="bbox 175 2184 1711 2256; baseline 0.001 -16"><span class='ocrx_word' id='word_1_153' title='bbox 175 2199 275 2240; x_wconf 90' lang='lat' dir='ltr'><strong>non</strong></span> <span class='ocrx_word' id='word_1_154' title='bbox 298 2184 555 2255; x_wconf 87' lang='lat' dir='ltr'><strong>peribunt,</strong></span> <span class='ocrx_word' id='word_1_155' title='bbox 597 2185 690 2241; x_wconf 88' lang='lat' dir='ltr'><strong>sed</strong></span> <span class='ocrx_word' id='word_1_156' title='bbox 714 2200 803 2255; x_wconf 89' lang='lat' dir='ltr'><strong>per</strong></span> <span class='ocrx_word' id='word_1_157' title='bbox 839 2185 1019 2256; x_wconf 88' lang='lat' dir='ltr'><strong>ignem</strong></span> <span class='ocrx_word' id='word_1_158' title='bbox 1046 2184 1177 2240; x_wconf 90' lang='lat' dir='ltr'><strong>salvi</strong></span> <span class='ocrx_word' id='word_1_159' title='bbox 1205 2194 1396 2253; x_wconf 89' lang='lat' dir='ltr'><strong>erunt;</strong></span> <span class='ocrx_word' id='word_1_160' title='bbox 1438 2201 1539 2242; x_wconf 90' lang='lat' dir='ltr'><strong>nec</strong></span> <span class='ocrx_word' id='word_1_161' title='bbox 1581 2186 1711 2242; x_wconf 91' lang='lat' dir='ltr'><strong>illud</strong></span> 
     </span>
    </p>
   </div>
   <div class='ocr_carea' id='block_1_20' title="bbox 171 2278 1712 2352">
    <p class='ocr_par' dir='ltr' id='par_1_20' title="bbox 171 2278 1712 2352">
     <span class='ocr_line' id='line_1_20' title="bbox 171 2278 1712 2352; baseline 0.002 -19"><span class='ocrx_word' id='word_1_162' title='bbox 171 2278 421 2336; x_wconf 82' lang='lat' dir='ltr'><strong>attendere</strong></span> <span class='ocrx_word' id='word_1_163' title='bbox 438 2287 741 2351; x_wconf 88' lang='lat' dir='ltr'><strong>potuerunt,</strong></span> <span class='ocrx_word' id='word_1_164' title='bbox 773 2279 880 2336; x_wconf 87' lang='lat' dir='ltr'><strong>hoc</strong></span> <span class='ocrx_word' id='word_1_165' title='bbox 906 2281 1218 2352; x_wconf 87' lang='lat' dir='ltr'><strong>Apostolum</strong></span> <span class='ocrx_word' id='word_1_166' title='bbox 1245 2280 1313 2336; x_wconf 89' lang='lat' dir='ltr'><strong>de</strong></span> <span class='ocrx_word' id='word_1_167' title='bbox 1348 2281 1451 2337; x_wconf 90' lang='lat' dir='ltr'><strong>illis</strong></span> <span class='ocrx_word' id='word_1_168' title='bbox 1480 2282 1568 2351; x_wconf 88' lang='lat' dir='ltr'><strong>qui</strong></span> <span class='ocrx_word' id='word_1_169' title='bbox 1596 2281 1712 2337; x_wconf 89' lang='lat' dir='ltr'><strong>sine</strong></span> 
     </span>
    </p>
   </div>
   <div class='ocr_carea' id='block_1_21' title="bbox 166 2370 1712 2445">
    <p class='ocr_par' dir='ltr' id='par_1_21' title="bbox 166 2370 1712 2445">
     <span class='ocr_line' id='line_1_21' title="bbox 166 2370 1712 2445; baseline 0.001 -17"><span class='ocrx_word' id='word_1_170' title='bbox 166 2370 288 2443; x_wconf 76' lang='lat' dir='ltr'><strong>Lege</strong></span> <span class='ocrx_word' id='word_1_171' title='bbox 323 2382 372 2429; x_wconf 91' lang='lat' dir='ltr'><strong>et</strong></span> <span class='ocrx_word' id='word_1_172' title='bbox 409 2374 507 2429; x_wconf 90' lang='lat' dir='ltr'><strong>illis</strong></span> <span class='ocrx_word' id='word_1_173' title='bbox 532 2373 621 2445; x_wconf 88' lang='lat' dir='ltr'><strong>qui</strong></span> <span class='ocrx_word' id='word_1_174' title='bbox 648 2374 705 2428; x_wconf 89' lang='lat' dir='ltr'><strong>in</strong></span> <span class='ocrx_word' id='word_1_175' title='bbox 742 2373 887 2444; x_wconf 88' lang='lat' dir='ltr'><strong>Lege</strong></span> <span class='ocrx_word' id='word_1_176' title='bbox 925 2382 1278 2444; x_wconf 89' lang='lat' dir='ltr'><strong>peccaverunt</strong></span> <span class='ocrx_word' id='word_1_177' title='bbox 1304 2374 1502 2430; x_wconf 81' lang='lat' dir='ltr'><strong>dixisse</strong></span> <span class='ocrx_word' id='word_1_178' title='bbox 1522 2414 1537 2441; x_wconf 95' lang='lat'><strong>,</strong></span> <span class='ocrx_word' id='word_1_179' title='bbox 1588 2389 1712 2437; x_wconf 80' lang='lat' dir='ltr'><strong>cum</strong></span> 
     </span>
    </p>
   </div>
   <div class='ocr_carea' id='block_1_22' title="bbox 166 2464 1711 2542">
    <p class='ocr_par' dir='ltr' id='par_1_22' title="bbox 166 2464 1711 2542">
     <span class='ocr_line' id='line_1_22' title="bbox 166 2464 1711 2542; baseline 0.004 -22"><span class='ocrx_word' id='word_1_180' title='bbox 166 2464 224 2521; x_wconf 88' lang='lat' dir='ltr'><strong>de</strong></span> <span class='ocrx_word' id='word_1_181' title='bbox 259 2465 487 2524; x_wconf 85' lang='lat' dir='ltr'><strong>Gentibus</strong></span> <span class='ocrx_word' id='word_1_182' title='bbox 533 2478 591 2525; x_wconf 88' lang='lat' dir='ltr'><strong>et</strong></span> <span class='ocrx_word' id='word_1_183' title='bbox 630 2470 701 2525; x_wconf 89' lang='lat' dir='ltr'><strong>de</strong></span> <span class='ocrx_word' id='word_1_184' title='bbox 741 2470 941 2526; x_wconf 69' lang='lat' dir='ltr'><strong>Judmis</strong></span> <span class='ocrx_word' id='word_1_185' title='bbox 983 2480 1193 2542; x_wconf 85' lang='lat' dir='ltr'><strong>ageret;</strong></span> <span class='ocrx_word' id='word_1_186' title='bbox 1251 2479 1311 2527; x_wconf 91' lang='lat' dir='ltr'><strong>ut</strong></span> <span class='ocrx_word' id='word_1_187' title='bbox 1352 2486 1459 2527; x_wconf 91' lang='lat' dir='ltr'><strong>non</strong></span> <span class='ocrx_word' id='word_1_188' title='bbox 1507 2478 1711 2526; x_wconf 91' lang='lat' dir='ltr'><strong>tantum</strong></span> 
     </span>
    </p>
   </div>
   <div class='ocr_carea' id='block_1_23' title="bbox 167 2556 1708 2636">
    <p class='ocr_par' dir='ltr' id='par_1_23' title="bbox 167 2556 1708 2636">
     <span class='ocr_line' id='line_1_23' title="bbox 167 2556 1708 2636; baseline 0.005 -24"><span class='ocrx_word' id='word_1_189' title='bbox 167 2556 406 2629; x_wconf 84' lang='lat' dir='ltr'><strong>Gentibus,</strong></span> <span class='ocrx_word' id='word_1_190' title='bbox 435 2562 527 2619; x_wconf 87' lang='lat' dir='ltr'><strong>sed</strong></span> <span class='ocrx_word' id='word_1_191' title='bbox 558 2564 801 2635; x_wconf 88' lang='lat' dir='ltr'><strong>utrisque</strong></span> <span class='ocrx_word' id='word_1_192' title='bbox 824 2566 1049 2636; x_wconf 86' lang='lat' dir='ltr'><strong>gratiam</strong></span> <span class='ocrx_word' id='word_1_193' title='bbox 1078 2564 1313 2633; x_wconf 88' lang='lat' dir='ltr'><strong>Christi,</strong></span> <span class='ocrx_word' id='word_1_194' title='bbox 1341 2580 1445 2636; x_wconf 88' lang='lat' dir='ltr'><strong>qua</strong></span> <span class='ocrx_word' id='word_1_195' title='bbox 1476 2566 1708 2621; x_wconf 89' lang='lat' dir='ltr'><strong>liberen-</strong></span> 
     </span>
    </p>
   </div>
   <div class='ocr_carea' id='block_1_24' title="bbox 168 2656 1713 2729">
    <p class='ocr_par' dir='ltr' id='par_1_24' title="bbox 168 2656 1713 2729">
     <span class='ocr_line' id='line_1_24' title="bbox 168 2656 1713 2729; baseline 0.006 -25"><span class='ocrx_word' id='word_1_196' title='bbox 168 2656 274 2717; x_wconf 85' lang='lat' dir='ltr'><strong>tur,</strong></span> <span class='ocrx_word' id='word_1_197' title='bbox 324 2656 667 2711; x_wconf 78' lang='lat' dir='ltr'><strong>necessariam</strong></span> <span class='ocrx_word' id='word_1_198' title='bbox 728 2656 1167 2713; x_wconf 86' lang='lat' dir='ltr'><strong>demonstraret:</strong></span> <span class='ocrx_word' id='word_1_199' title='bbox 1207 2658 1350 2729; x_wconf 92' lang='lat' dir='ltr'><strong>quod</strong></span> <span class='ocrx_word' id='word_1_200' title='bbox 1409 2667 1518 2713; x_wconf 89' lang='lat' dir='ltr'><strong>tota</strong></span> <span class='ocrx_word' id='word_1_201' title='bbox 1548 2660 1568 2689; x_wconf 90' lang='grc'>²</span> <span class='ocrx_word' id='word_1_202' title='bbox 1596 2659 1713 2729; x_wconf 90' lang='lat' dir='ltr'><strong>ipsa</strong></span> 
     </span>
    </p>
   </div>
   <div class='ocr_carea' id='block_1_25' title="bbox 170 2740 1711 2822">
    <p class='ocr_par' dir='ltr' id='par_1_25' title="bbox 170 2740 1711 2822">
     <span class='ocr_line' id='line_1_25' title="bbox 170 2740 1711 2822; baseline 0.008 -27"><span class='ocrx_word' id='word_1_203' title='bbox 170 2740 367 2813; x_wconf 84' lang='lat' dir='ltr'><strong>Epistola</strong></span> <span class='ocrx_word' id='word_1_204' title='bbox 391 2747 450 2802; x_wconf 88' lang='lat' dir='ltr'><strong>ad</strong></span> <span class='ocrx_word' id='word_1_205' title='bbox 496 2748 781 2805; x_wconf 83' lang='lat' dir='ltr'><strong>Romanos</strong></span> <span class='ocrx_word' id='word_1_206' title='bbox 820 2751 1096 2807; x_wconf 74' lang='lat' dir='ltr'><strong>evidenter</strong></span> <span class='ocrx_word' id='word_1_207' title='bbox 1137 2751 1390 2808; x_wconf 85' lang='lat' dir='ltr'><strong>ostendit.</strong></span> <span class='ocrx_word' id='word_1_208' title='bbox 1441 2751 1556 2806; x_wconf 87' lang='lat' dir='ltr'><strong>Jam</strong></span> <span class='ocrx_word' id='word_1_209' title='bbox 1585 2766 1711 2822; x_wconf 91' lang='lat' dir='ltr'><strong>ergo</strong></span> 
     </span>
    </p>
   </div>
   <div class='ocr_carea' id='block_1_26' title="bbox 168 2835 1711 2915">
    <p class='ocr_par' dir='ltr' id='par_1_26' title="bbox 168 2835 1711 2915">
     <span class='ocr_line' id='line_1_26' title="bbox 168 2835 1711 2915; baseline 0.005 -23"><span class='ocrx_word' id='word_1_210' title='bbox 168 2835 295 2892; x_wconf 83' lang='lat' dir='ltr'><strong>etiam</strong></span> <span class='ocrx_word' id='word_1_211' title='bbox 326 2838 509 2897; x_wconf 66' lang='lat' dir='ltr'><strong>Iudaeis</strong></span> <span class='ocrx_word' id='word_1_212' title='bbox 563 2843 618 2897; x_wconf 91' lang='lat' dir='ltr'><strong>in</strong></span> <span class='ocrx_word' id='word_1_213' title='bbox 648 2843 767 2914; x_wconf 88' lang='lat' dir='ltr'><strong>lege</strong></span> <span class='ocrx_word' id='word_1_214' title='bbox 801 2844 1171 2914; x_wconf 88' lang='lat' dir='ltr'><strong>peccantibus,</strong></span> <span class='ocrx_word' id='word_1_215' title='bbox 1199 2844 1266 2900; x_wconf 89' lang='lat' dir='ltr'><strong>de</strong></span> <span class='ocrx_word' id='word_1_216' title='bbox 1295 2844 1486 2915; x_wconf 88' lang='lat' dir='ltr'><strong>quibus</strong></span> <span class='ocrx_word' id='word_1_217' title='bbox 1511 2844 1711 2900; x_wconf 91' lang='lat' dir='ltr'><strong>dictum</strong></span> 
     </span>
    </p>
   </div>
   <div class='ocr_carea' id='block_1_27' title="bbox 168 2931 1710 3005">
    <p class='ocr_par' dir='ltr' id='par_1_27' title="bbox 168 2931 1710 3005">
     <span class='ocr_line' id='line_1_27' title="bbox 168 2931 1710 3005; baseline 0.004 -21"><span class='ocrx_word' id='word_1_218' title='bbox 168 2935 255 2991; x_wconf 77' lang='lat' dir='ltr'><strong>est,</strong></span> <span class='ocrx_word' id='word_1_219' title='bbox 277 2946 347 2999; x_wconf 78' lang='lat' dir='ltr'><strong>per</strong></span> <span class='ocrx_word' id='word_1_220' title='bbox 370 2931 550 3003; x_wconf 84' lang='lat' dir='ltr'><strong>Legem</strong></span> <span class='ocrx_word' id='word_1_221' title='bbox 571 2934 965 3005; x_wconf 83' lang='lat' dir='ltr'><strong>judicabuntur,</strong></span> <span class='ocrx_word' id='word_1_222' title='bbox 1000 2950 1109 2991; x_wconf 90' lang='lat' dir='ltr'><strong>non</strong></span> <span class='ocrx_word' id='word_1_223' title='bbox 1137 2950 1230 2991; x_wconf 91' lang='lat' dir='ltr'><strong>eos</strong></span> <span class='ocrx_word' id='word_1_224' title='bbox 1259 2935 1519 2991; x_wconf 89' lang='lat' dir='ltr'><strong>liberante</strong></span> <span class='ocrx_word' id='word_1_225' title='bbox 1542 2936 1710 3005; x_wconf 88' lang='lat' dir='ltr'><strong>gratia</strong></span> 
     </span>
    </p>
   </div>
   <div class='ocr_carea' id='block_1_28' title="bbox 171 3014 1709 3097">
    <p class='ocr_par' dir='ltr' id='par_1_28' title="bbox 171 3014 1709 3097">
     <span class='ocr_line' id='line_1_28' title="bbox 171 3014 1709 3097; baseline 0.008 -27"><span class='ocrx_word' id='word_1_226' title='bbox 171 3014 361 3088; x_wconf 81' lang='lat' dir='ltr'><strong>Christi,</strong></span> <span class='ocrx_word' id='word_1_227' title='bbox 389 3024 742 3093; x_wconf 85' lang='lat' dir='ltr'><strong>promittant,</strong></span> <span class='ocrx_word' id='word_1_228' title='bbox 790 3027 835 3079; x_wconf 89' lang='lat' dir='ltr'><strong>si</strong></span> <span class='ocrx_word' id='word_1_229' title='bbox 860 3025 1065 3095; x_wconf 87' lang='lat' dir='ltr'><strong>placet,</strong></span> <span class='ocrx_word' id='word_1_230' title='bbox 1112 3041 1209 3097; x_wconf 86' lang='lat' dir='ltr'><strong>per</strong></span> <span class='ocrx_word' id='word_1_231' title='bbox 1237 3027 1412 3097; x_wconf 88' lang='lat' dir='ltr'><strong>ignem</strong></span> <span class='ocrx_word' id='word_1_232' title='bbox 1443 3027 1709 3095; x_wconf 88' lang='lat' dir='ltr'><strong>salutem;</strong></span> 
     </span>
    </p>
   </div>
   <div class='ocr_carea' id='block_1_29' title="bbox 171 3112 1708 3190">
    <p class='ocr_par' dir='ltr' id='par_1_29' title="bbox 171 3112 1708 3190">
     <span class='ocr_line' id='line_1_29' title="bbox 171 3112 1708 3190; baseline 0.004 -25"><span class='ocrx_word' id='word_1_233' title='bbox 171 3112 371 3181; x_wconf 83' lang='lat' dir='ltr'><strong>quoniam</strong></span> <span class='ocrx_word' id='word_1_234' title='bbox 393 3115 463 3170; x_wconf 81' lang='lat' dir='ltr'><strong>de</strong></span> <span class='ocrx_word' id='word_1_235' title='bbox 487 3114 571 3171; x_wconf 86' lang='lat' dir='ltr'><strong>his</strong></span> <span class='ocrx_word' id='word_1_236' title='bbox 610 3117 815 3171; x_wconf 88' lang='lat' dir='ltr'><strong>dictum</strong></span> <span class='ocrx_word' id='word_1_237' title='bbox 841 3125 954 3184; x_wconf 85' lang='lat' dir='ltr'><strong>est,</strong></span> <span class='ocrx_word' id='word_1_238' title='bbox 988 3134 1077 3189; x_wconf 88' lang='lat' dir='ltr'><strong>per</strong></span> <span class='ocrx_word' id='word_1_239' title='bbox 1110 3116 1295 3190; x_wconf 87' lang='lat' dir='ltr'><strong>Legem</strong></span> <span class='ocrx_word' id='word_1_240' title='bbox 1320 3118 1708 3189; x_wconf 86' lang='lat' dir='ltr'><strong>judicabuntur.</strong></span> 
     </span>
    </p>
   </div>
   <div class='ocr_carea' id='block_1_30' title="bbox 166 3204 1709 3280">
    <p class='ocr_par' dir='ltr' id='par_1_30' title="bbox 166 3204 1709 3280">
     <span class='ocr_line' id='line_1_30' title="bbox 166 3204 1709 3280; baseline 0.003 -19"><span class='ocrx_word' id='word_1_241' title='bbox 166 3204 290 3270; x_wconf 79' lang='lat' dir='ltr'><strong>Quod</strong></span> <span class='ocrx_word' id='word_1_242' title='bbox 326 3207 364 3261; x_wconf 88' lang='lat' dir='ltr'><strong>si</strong></span> <span class='ocrx_word' id='word_1_243' title='bbox 396 3223 505 3263; x_wconf 85' lang='lat' dir='ltr'><strong>non</strong></span> <span class='ocrx_word' id='word_1_244' title='bbox 542 3208 782 3277; x_wconf 81' lang='lat' dir='ltr'><strong>faciunt,</strong></span> <span class='ocrx_word' id='word_1_245' title='bbox 832 3225 902 3265; x_wconf 90' lang='lat' dir='ltr'><strong>ne</strong></span> <span class='ocrx_word' id='word_1_246' title='bbox 930 3218 1115 3265; x_wconf 89' lang='lat' dir='ltr'><strong>contra</strong></span> <span class='ocrx_word' id='word_1_247' title='bbox 1143 3226 1203 3265; x_wconf 92' lang='lat' dir='ltr'><strong>se</strong></span> <span class='ocrx_word' id='word_1_248' title='bbox 1242 3211 1386 3280; x_wconf 90' lang='lat' dir='ltr'><strong>ipsos</strong></span> <span class='ocrx_word' id='word_1_249' title='bbox 1414 3212 1631 3265; x_wconf 79' lang='lat' dir='ltr'><strong>veniant</strong></span> <span class='ocrx_word' id='word_1_250' title='bbox 1658 3211 1709 3279; x_wconf 83' lang='grc'><strong>³,</strong></span> 
     </span>
    </p>
   </div>
   <div class='ocr_carea' id='block_1_31' title="bbox 168 3292 1712 3373">
    <p class='ocr_par' dir='ltr' id='par_1_31' title="bbox 168 3292 1712 3373">
     <span class='ocr_line' id='line_1_31' title="bbox 168 3292 1712 3373; baseline 0.003 -19"><span class='ocrx_word' id='word_1_251' title='bbox 168 3298 243 3369; x_wconf 85' lang='lat' dir='ltr'><strong>qui</strong></span> <span class='ocrx_word' id='word_1_252' title='bbox 281 3315 356 3355; x_wconf 89' lang='lat' dir='ltr'><strong>eos</strong></span> <span class='ocrx_word' id='word_1_253' title='bbox 402 3292 722 3373; x_wconf 85' lang='lat' dir='ltr'><strong>gravissimo</strong></span> <span class='ocrx_word' id='word_1_254' title='bbox 777 3301 1102 3358; x_wconf 91' lang='lat' dir='ltr'><strong>inﬁdelitatis</strong></span> <span class='ocrx_word' id='word_1_255' title='bbox 1152 3303 1376 3358; x_wconf 89' lang='lat' dir='ltr'><strong>crimine</strong></span> <span class='ocrx_word' id='word_1_256' title='bbox 1426 3303 1712 3358; x_wconf 88' lang='lat' dir='ltr'><strong>obstrictos</strong></span> 
     </span>
    </p>
   </div>
   <div class='ocr_carea' id='block_1_32' title="bbox 161 3391 1715 3465">
    <p class='ocr_par' dir='ltr' id='par_1_32' title="bbox 161 3391 1715 3465">
     <span class='ocr_line' id='line_1_32' title="bbox 161 3391 1715 3465; baseline 0.003 -19"><span class='ocrx_word' id='word_1_257' title='bbox 161 3404 263 3447; x_wconf 80' lang='lat' dir='ltr'><strong>esse</strong></span> <span class='ocrx_word' id='word_1_258' title='bbox 292 3391 468 3448; x_wconf 85' lang='lat' dir='ltr'><strong>dicunt</strong></span> <span class='ocrx_word' id='word_1_259' title='bbox 496 3412 511 3447; x_wconf 89' lang='lat'><strong>:</strong></span> <span class='ocrx_word' id='word_1_260' title='bbox 540 3394 727 3465; x_wconf 89' lang='lat' dir='ltr'><strong>utquid</strong></span> <span class='ocrx_word' id='word_1_261' title='bbox 772 3394 1098 3451; x_wconf 83' lang='lat' dir='ltr'><strong>transferunt</strong></span> <span class='ocrx_word' id='word_1_262' title='bbox 1123 3395 1193 3450; x_wconf 88' lang='lat' dir='ltr'><strong>ad</strong></span> <span class='ocrx_word' id='word_1_263' title='bbox 1230 3394 1476 3450; x_wconf 90' lang='lat' dir='ltr'><strong>inﬁdeles</strong></span> <span class='ocrx_word' id='word_1_264' title='bbox 1502 3404 1557 3450; x_wconf 92' lang='lat' dir='ltr'><strong>et</strong></span> <span class='ocrx_word' id='word_1_265' title='bbox 1583 3395 1715 3450; x_wconf 90' lang='lat' dir='ltr'><strong>ﬁde-</strong></span> 
     </span>
    </p>
   </div>
   <div class='ocr_carea' id='block_1_33' title="bbox 158 3480 1713 3560">
    <p class='ocr_par' dir='ltr' id='par_1_33' title="bbox 158 3480 1713 3560">
     <span class='ocr_line' id='line_1_33' title="bbox 158 3480 1713 3560; baseline 0.003 -20"><span class='ocrx_word' id='word_1_266' title='bbox 158 3480 225 3540; x_wconf 83' lang='lat' dir='ltr'><strong>les</strong></span> <span class='ocrx_word' id='word_1_267' title='bbox 253 3484 298 3538; x_wconf 92' lang='lat' dir='ltr'><strong>in</strong></span> <span class='ocrx_word' id='word_1_268' title='bbox 330 3501 392 3542; x_wconf 90' lang='lat' dir='ltr'><strong>eo</strong></span> <span class='ocrx_word' id='word_1_269' title='bbox 421 3486 561 3558; x_wconf 90' lang='lat' dir='ltr'><strong>quod</strong></span> <span class='ocrx_word' id='word_1_270' title='bbox 590 3487 659 3542; x_wconf 92' lang='lat' dir='ltr'><strong>ad</strong></span> <span class='ocrx_word' id='word_1_271' title='bbox 690 3488 849 3543; x_wconf 88' lang='lat' dir='ltr'><strong>ﬁdem</strong></span> <span class='ocrx_word' id='word_1_272' title='bbox 891 3487 1087 3544; x_wconf 91' lang='lat' dir='ltr'><strong>Christi</strong></span> <span class='ocrx_word' id='word_1_273' title='bbox 1124 3489 1347 3556; x_wconf 90' lang='lat' dir='ltr'><strong>attinet,</strong></span> <span class='ocrx_word' id='word_1_274' title='bbox 1396 3488 1529 3544; x_wconf 93' lang='lat' dir='ltr'><strong>illud</strong></span> <span class='ocrx_word' id='word_1_275' title='bbox 1568 3490 1713 3560; x_wconf 90' lang='lat' dir='ltr'><strong>quod</strong></span> 
     </span>
    </p>
   </div>
   <div class='ocr_carea' id='block_1_34' title="bbox 161 3570 1713 3651">
    <p class='ocr_par' dir='ltr' id='par_1_34' title="bbox 161 3570 1713 3651">
     <span class='ocr_line' id='line_1_34' title="bbox 161 3570 1713 3651; baseline 0.004 -21"><span class='ocrx_word' id='word_1_276' title='bbox 161 3570 327 3629; x_wconf 80' lang='lat' dir='ltr'><strong>dictum</strong></span> <span class='ocrx_word' id='word_1_277' title='bbox 358 3585 447 3631; x_wconf 85' lang='lat' dir='ltr'><strong>est</strong></span> <span class='ocrx_word' id='word_1_278' title='bbox 488 3578 555 3633; x_wconf 89' lang='lat' dir='ltr'><strong>de</strong></span> <span class='ocrx_word' id='word_1_279' title='bbox 592 3579 660 3633; x_wconf 92' lang='lat' dir='ltr'><strong>iis</strong></span> <span class='ocrx_word' id='word_1_280' title='bbox 688 3579 779 3649; x_wconf 90' lang='lat' dir='ltr'><strong>qui</strong></span> <span class='ocrx_word' id='word_1_281' title='bbox 824 3580 942 3635; x_wconf 89' lang='lat' dir='ltr'><strong>sine</strong></span> <span class='ocrx_word' id='word_1_282' title='bbox 974 3580 1115 3650; x_wconf 88' lang='lat' dir='ltr'><strong>Lege</strong></span> <span class='ocrx_word' id='word_1_283' title='bbox 1156 3590 1213 3637; x_wconf 92' lang='lat' dir='ltr'><strong>et</strong></span> <span class='ocrx_word' id='word_1_284' title='bbox 1255 3580 1321 3635; x_wconf 91' lang='lat' dir='ltr'><strong>iis</strong></span> <span class='ocrx_word' id='word_1_285' title='bbox 1357 3580 1447 3651; x_wconf 90' lang='lat' dir='ltr'><strong>qui</strong></span> <span class='ocrx_word' id='word_1_286' title='bbox 1486 3581 1539 3635; x_wconf 93' lang='lat' dir='ltr'><strong>in</strong></span> <span class='ocrx_word' id='word_1_287' title='bbox 1572 3580 1713 3651; x_wconf 89' lang='lat' dir='ltr'><strong>Lege</strong></span> 
     </span>
    </p>
   </div>
   <div class='ocr_carea' id='block_1_35' title="bbox 158 3669 1710 3743">
    <p class='ocr_par' dir='ltr' id='par_1_35' title="bbox 158 3669 1710 3743">
     <span class='ocr_line' id='line_1_35' title="bbox 158 3669 1710 3743; baseline 0.006 -24"><span class='ocrx_word' id='word_1_288' title='bbox 158 3677 493 3733; x_wconf 76' lang='lat' dir='ltr'><strong>peccaverunt,</strong></span> <span class='ocrx_word' id='word_1_289' title='bbox 523 3684 644 3725; x_wconf 87' lang='lat' dir='ltr'><strong>cum</strong></span> <span class='ocrx_word' id='word_1_290' title='bbox 672 3669 739 3725; x_wconf 87' lang='lat' dir='ltr'><strong>de</strong></span> <span class='ocrx_word' id='word_1_291' title='bbox 764 3669 961 3725; x_wconf 82' lang='lat' dir='ltr'><strong>Judaeis</strong></span> <span class='ocrx_word' id='word_1_292' title='bbox 987 3678 1040 3726; x_wconf 91' lang='lat' dir='ltr'><strong>et</strong></span> <span class='ocrx_word' id='word_1_293' title='bbox 1067 3671 1135 3727; x_wconf 91' lang='lat' dir='ltr'><strong>de</strong></span> <span class='ocrx_word' id='word_1_294' title='bbox 1160 3671 1419 3728; x_wconf 90' lang='lat' dir='ltr'><strong>Gentibus</strong></span> <span class='ocrx_word' id='word_1_295' title='bbox 1443 3681 1710 3743; x_wconf 85' lang='lat' dir='ltr'><strong>ageretur,</strong></span> 
     </span>
    </p>
   </div>
   <div class='ocr_carea' id='block_1_36' title="bbox 162 3760 1428 3835">
    <p class='ocr_par' dir='ltr' id='par_1_36' title="bbox 162 3760 1428 3835">
     <span class='ocr_line' id='line_1_36' title="bbox 162 3760 1428 3835; baseline 0.006 -24"><span class='ocrx_word' id='word_1_296' title='bbox 162 3764 215 3810; x_wconf 87' lang='lat' dir='ltr'><strong>ut</strong></span> <span class='ocrx_word' id='word_1_297' title='bbox 237 3760 296 3813; x_wconf 85' lang='lat' dir='ltr'><strong>ad</strong></span> <span class='ocrx_word' id='word_1_298' title='bbox 334 3760 517 3816; x_wconf 87' lang='lat' dir='ltr'><strong>Christi</strong></span> <span class='ocrx_word' id='word_1_299' title='bbox 546 3764 776 3834; x_wconf 85' lang='lat' dir='ltr'><strong>gratiam</strong></span> <span class='ocrx_word' id='word_1_300' title='bbox 803 3764 1019 3835; x_wconf 90' lang='lat' dir='ltr'><strong>utrique</strong></span> <span class='ocrx_word' id='word_1_301' title='bbox 1044 3764 1428 3822; x_wconf 85' lang='lat' dir='ltr'><strong>invitarentur?</strong></span> 
     </span>
    </p>
   </div>
   <div class='ocr_carea' id='block_1_37' title="bbox 214 3851 1712 3929">
    <p class='ocr_par' dir='ltr' id='par_1_37' title="bbox 214 3851 1712 3929">
     <span class='ocr_line' id='line_1_37' title="bbox 214 3851 1712 3929; baseline 0.005 -20"><span class='ocrx_word' id='word_1_302' title='bbox 214 3851 430 3911; x_wconf 75' lang='lat' dir='ltr'><strong>CAPUT</strong></span> <span class='ocrx_word' id='word_1_303' title='bbox 471 3855 663 3913; x_wconf 77' lang='lat' dir='ltr'><strong>XXIV.</strong></span> <span class='ocrx_word' id='word_1_304' title='bbox 694 3886 766 3898; x_wconf 90' lang='lat'><strong>——</strong></span> <span class='ocrx_word' id='word_1_305' title='bbox 814 3857 1043 3913; x_wconf 88' lang='lat' dir='ltr'><strong>Libertas</strong></span> <span class='ocrx_word' id='word_1_306' title='bbox 1086 3860 1207 3928; x_wconf 86' lang='lat' dir='ltr'><strong>fidei</strong></span> <span class='ocrx_word' id='word_1_307' title='bbox 1248 3875 1351 3914; x_wconf 90' lang='lat' dir='ltr'><strong>non</strong></span> <span class='ocrx_word' id='word_1_308' title='bbox 1386 3860 1451 3915; x_wconf 89' lang='lat' dir='ltr'><strong>sit</strong></span> <span class='ocrx_word' id='word_1_309' title='bbox 1480 3860 1712 3929; x_wconf 78' lang='lat' dir='ltr'><strong>ﬁdelibus</strong></span> 
     </span>
    </p>
   </div>
   <div class='ocr_carea' id='block_1_38' title="bbox 154 3942 1715 4018">
    <p class='ocr_par' dir='ltr' id='par_1_38' title="bbox 154 3942 1715 4018">
     <span class='ocr_line' id='line_1_38' title="bbox 154 3942 1715 4018; baseline 0.006 -20"><span class='ocrx_word' id='word_1_310' title='bbox 154 3942 352 4000; x_wconf 71' lang='lat' dir='ltr'><strong>uelamen</strong></span> <span class='ocrx_word' id='word_1_311' title='bbox 378 3946 605 4001; x_wconf 67' lang='lat' dir='ltr'><strong>malitiae.</strong></span> <span class='ocrx_word' id='word_1_312' title='bbox 656 3946 841 4018; x_wconf 90' lang='lat' dir='ltr'><strong>Neque</strong></span> <span class='ocrx_word' id='word_1_313' title='bbox 870 3950 1011 4004; x_wconf 91' lang='lat' dir='ltr'><strong>enim</strong></span> <span class='ocrx_word' id='word_1_314' title='bbox 1051 3948 1248 4005; x_wconf 90' lang='lat' dir='ltr'><strong>dictum</strong></span> <span class='ocrx_word' id='word_1_315' title='bbox 1280 3958 1399 4015; x_wconf 88' lang='lat' dir='ltr'><strong>est,</strong></span> <span class='ocrx_word' id='word_1_316' title='bbox 1449 3950 1550 4018; x_wconf 87' lang='lat' dir='ltr'><strong>Qui</strong></span> <span class='ocrx_word' id='word_1_317' title='bbox 1598 3951 1715 4007; x_wconf 90' lang='lat' dir='ltr'><strong>sine</strong></span> 
     </span>
    </p>
   </div>
   <div class='ocr_carea' id='block_1_39' title="bbox 155 4033 1714 4113">
    <p class='ocr_par' dir='ltr' id='par_1_39' title="bbox 155 4033 1714 4113">
     <span class='ocr_line' id='line_1_39' title="bbox 155 4033 1714 4113; baseline 0.007 -25"><span class='ocrx_word' id='word_1_318' title='bbox 155 4033 244 4090; x_wconf 76' lang='lat' dir='ltr'><strong>[ide</strong></span> <span class='ocrx_word' id='word_1_319' title='bbox 268 4048 650 4107; x_wconf 83' lang='lat' dir='ltr'><strong>peccaverunt,</strong></span> <span class='ocrx_word' id='word_1_320' title='bbox 700 4040 820 4096; x_wconf 90' lang='lat' dir='ltr'><strong>sine</strong></span> <span class='ocrx_word' id='word_1_321' title='bbox 847 4040 952 4096; x_wconf 89' lang='lat' dir='ltr'><strong>ﬁde</strong></span> <span class='ocrx_word' id='word_1_322' title='bbox 990 4043 1271 4112; x_wconf 88' lang='lat' dir='ltr'><strong>peribunt;</strong></span> <span class='ocrx_word' id='word_1_323' title='bbox 1320 4043 1412 4113; x_wconf 91' lang='lat' dir='ltr'><strong>qui</strong></span> <span class='ocrx_word' id='word_1_324' title='bbox 1450 4052 1629 4098; x_wconf 89' lang='lat' dir='ltr'><strong>autem</strong></span> <span class='ocrx_word' id='word_1_325' title='bbox 1659 4044 1714 4099; x_wconf 92' lang='lat' dir='ltr'><strong>in</strong></span> 
     </span>
    </p>
   </div>
   <div class='ocr_carea' id='block_1_40' title="bbox 158 4126 1717 4205">
    <p class='ocr_par' dir='ltr' id='par_1_40' title="bbox 158 4126 1717 4205">
     <span class='ocr_line' id='line_1_40' title="bbox 158 4126 1717 4205; baseline 0.006 -21"><span class='ocrx_word' id='word_1_326' title='bbox 158 4126 646 4201; x_wconf 79' lang='lat' dir='ltr'><strong>ﬁdepeccaverunt,</strong></span> <span class='ocrx_word' id='word_1_327' title='bbox 691 4148 789 4204; x_wconf 90' lang='lat' dir='ltr'><strong>per</strong></span> <span class='ocrx_word' id='word_1_328' title='bbox 815 4134 973 4190; x_wconf 88' lang='lat' dir='ltr'><strong>ﬁdem</strong></span> <span class='ocrx_word' id='word_1_329' title='bbox 999 4136 1375 4205; x_wconf 79' lang='lat' dir='ltr'><strong>iudicabuntur</strong></span> <span class='ocrx_word' id='word_1_330' title='bbox 1403 4155 1418 4191; x_wconf 90' lang='lat'><strong>:</strong></span> <span class='ocrx_word' id='word_1_331' title='bbox 1450 4138 1566 4205; x_wconf 92' lang='lat' dir='ltr'><strong>sed,</strong></span> <span class='ocrx_word' id='word_1_332' title='bbox 1607 4138 1717 4194; x_wconf 89' lang='lat' dir='ltr'><strong>sine</strong></span> 
     </span>
    </p>
   </div>
   <div class='ocr_carea' id='block_1_41' title="bbox 155 4215 1714 4299">
    <p class='ocr_par' dir='ltr' id='par_1_41' title="bbox 155 4215 1714 4299">
     <span class='ocr_line' id='line_1_41' title="bbox 155 4215 1714 4299; baseline 0.008 -26"><span class='ocrx_word' id='word_1_333' title='bbox 155 4215 268 4291; x_wconf 74' lang='lat' dir='ltr'><strong>Lege</strong></span> <span class='ocrx_word' id='word_1_334' title='bbox 298 4221 494 4278; x_wconf 85' lang='lat' dir='ltr'><strong>dictum</strong></span> <span class='ocrx_word' id='word_1_335' title='bbox 524 4232 635 4292; x_wconf 90' lang='lat' dir='ltr'><strong>est,</strong></span> <span class='ocrx_word' id='word_1_336' title='bbox 672 4237 764 4291; x_wconf 84' lang='lat' dir='ltr'><strong>et,</strong></span> <span class='ocrx_word' id='word_1_337' title='bbox 791 4226 846 4280; x_wconf 90' lang='lat' dir='ltr'><strong>in</strong></span> <span class='ocrx_word' id='word_1_338' title='bbox 881 4226 1047 4298; x_wconf 88' lang='lat' dir='ltr'><strong>Lege;</strong></span> <span class='ocrx_word' id='word_1_339' title='bbox 1086 4236 1143 4282; x_wconf 90' lang='lat' dir='ltr'><strong>ut</strong></span> <span class='ocrx_word' id='word_1_340' title='bbox 1171 4229 1303 4283; x_wconf 89' lang='lat' dir='ltr'><strong>satis</strong></span> <span class='ocrx_word' id='word_1_341' title='bbox 1330 4239 1613 4299; x_wconf 88' lang='lat' dir='ltr'><strong>appareret</strong></span> <span class='ocrx_word' id='word_1_342' title='bbox 1647 4230 1714 4285; x_wconf 83' lang='lat' dir='ltr'><strong>il-</strong></span> 
     </span>
    </p>
   </div>
   <div class='ocr_carea' id='block_1_42' title="bbox 154 4307 1716 4387">
    <p class='ocr_par' dir='ltr' id='par_1_42' title="bbox 154 4307 1716 4387">
     <span class='ocr_line' id='line_1_42' title="bbox 154 4307 1716 4387; baseline 0.007 -21"><span class='ocrx_word' id='word_1_343' title='bbox 154 4307 242 4365; x_wconf 75' lang='lat' dir='ltr'><strong>lam</strong></span> <span class='ocrx_word' id='word_1_344' title='bbox 286 4328 499 4370; x_wconf 85' lang='lat' dir='ltr'><strong>causam</strong></span> <span class='ocrx_word' id='word_1_345' title='bbox 548 4316 729 4386; x_wconf 87' lang='lat' dir='ltr'><strong>tangi,</strong></span> <span class='ocrx_word' id='word_1_346' title='bbox 783 4332 903 4387; x_wconf 62' lang='lat' dir='ltr'><strong>quae</strong></span> <span class='ocrx_word' id='word_1_347' title='bbox 954 4319 1095 4373; x_wconf 91' lang='lat' dir='ltr'><strong>inter</strong></span> <span class='ocrx_word' id='word_1_348' title='bbox 1144 4319 1345 4376; x_wconf 88' lang='lat' dir='ltr'><strong>Gentes</strong></span> <span class='ocrx_word' id='word_1_349' title='bbox 1393 4330 1447 4375; x_wconf 91' lang='lat' dir='ltr'><strong>et</strong></span> <span class='ocrx_word' id='word_1_350' title='bbox 1499 4320 1716 4377; x_wconf 83' lang='lat' dir='ltr'><strong>Judaeos</strong></span> 
     </span>
    </p>
   </div>
   <div class='ocr_carea' id='block_1_43' title="bbox 155 4402 1711 4485">
    <p class='ocr_par' dir='ltr' id='par_1_43' title="bbox 155 4402 1711 4485">
     <span class='ocr_line' id='line_1_43' title="bbox 155 4402 1711 4485; baseline 0.008 -28"><span class='ocrx_word' id='word_1_351' title='bbox 155 4402 418 4472; x_wconf 76' lang='lat' dir='ltr'><strong>agebatur,</strong></span> <span class='ocrx_word' id='word_1_352' title='bbox 479 4421 591 4463; x_wconf 89' lang='lat' dir='ltr'><strong>non</strong></span> <span class='ocrx_word' id='word_1_353' title='bbox 648 4423 768 4478; x_wconf 74' lang='lat' dir='ltr'><strong>qua:</strong></span> <span class='ocrx_word' id='word_1_354' title='bbox 819 4409 959 4466; x_wconf 88' lang='lat' dir='ltr'><strong>inter</strong></span> <span class='ocrx_word' id='word_1_355' title='bbox 1006 4411 1177 4467; x_wconf 91' lang='lat' dir='ltr'><strong>bonos</strong></span> <span class='ocrx_word' id='word_1_356' title='bbox 1231 4412 1509 4485; x_wconf 90' lang='lat' dir='ltr'><strong>malosque</strong></span> <span class='ocrx_word' id='word_1_357' title='bbox 1558 4413 1711 4471; x_wconf 87' lang='lat' dir='ltr'><strong>Chri-</strong></span> 
     </span>
    </p>
   </div>
   <div class='ocr_carea' id='block_1_44' title="bbox 153 4491 347 4551">
    <p class='ocr_par' dir='ltr' id='par_1_44' title="bbox 153 4491 347 4551">
     <span class='ocr_line' id='line_1_44' title="bbox 153 4491 347 4551; baseline 0.021 -4"><span class='ocrx_word' id='word_1_358' title='bbox 153 4491 347 4551; x_wconf 61' lang='lat' dir='ltr'><strong>miluos.</strong></span> 
     </span>
    </p>
   </div>
   <div class='ocr_carea' id='block_1_45' title="bbox 213 4586 1716 4672">
    <p class='ocr_par' dir='ltr' id='par_1_45' title="bbox 213 4586 1716 4672">
     <span class='ocr_line' id='line_1_45' title="bbox 213 4586 1716 4672; baseline 0.009 -30"><span class='ocrx_word' id='word_1_359' title='bbox 213 4586 293 4642; x_wconf 66' lang='lat' dir='ltr'><strong>i5.</strong></span> <span class='ocrx_word' id='word_1_360' title='bbox 317 4588 630 4663; x_wconf 84' lang='lat' dir='ltr'><strong>Quanquam</strong></span> <span class='ocrx_word' id='word_1_361' title='bbox 674 4591 721 4648; x_wconf 89' lang='lat' dir='ltr'><strong>si</strong></span> <span class='ocrx_word' id='word_1_362' title='bbox 762 4590 854 4672; x_wconf 89' lang='lat' dir='ltr'><strong>illo</strong></span> <span class='ocrx_word' id='word_1_363' title='bbox 892 4592 1011 4651; x_wconf 89' lang='lat' dir='ltr'><strong>loco</strong></span> <span class='ocrx_word' id='word_1_364' title='bbox 1053 4594 1224 4667; x_wconf 87' lang='lat' dir='ltr'><strong>legem</strong></span> <span class='ocrx_word' id='word_1_365' title='bbox 1265 4611 1363 4667; x_wconf 90' lang='lat' dir='ltr'><strong>pro</strong></span> <span class='ocrx_word' id='word_1_366' title='bbox 1401 4596 1507 4654; x_wconf 90' lang='lat' dir='ltr'><strong>ﬁde</strong></span> <span class='ocrx_word' id='word_1_367' title='bbox 1546 4600 1716 4672; x_wconf 85' lang='lat' dir='ltr'><strong>accipi</strong></span> 
     </span>
    </p>
   </div>
   <div class='ocr_carea' id='block_1_46' title="bbox 154 4670 1713 4760">
    <p class='ocr_par' dir='ltr' id='par_1_46' title="bbox 154 4670 1713 4760">
     <span class='ocr_line' id='line_1_46' title="bbox 154 4670 1713 4760; baseline 0.008 -27"><span class='ocrx_word' id='word_1_368' title='bbox 154 4675 346 4747; x_wconf 76' lang='lat' dir='ltr'><strong>volunt,</strong></span> <span class='ocrx_word' id='word_1_369' title='bbox 380 4683 525 4752; x_wconf 90' lang='lat' dir='ltr'><strong>quod</strong></span> <span class='ocrx_word' id='word_1_370' title='bbox 567 4684 731 4740; x_wconf 89' lang='lat' dir='ltr'><strong>nimis</strong></span> <span class='ocrx_word' id='word_1_371' title='bbox 771 4670 1134 4756; x_wconf 85' lang='lat' dir='ltr'><strong>importunum</strong></span> <span class='ocrx_word' id='word_1_372' title='bbox 1172 4696 1229 4743; x_wconf 92' lang='lat' dir='ltr'><strong>et</strong></span> <span class='ocrx_word' id='word_1_373' title='bbox 1264 4689 1555 4746; x_wconf 90' lang='lat' dir='ltr'><strong>absurdum</strong></span> <span class='ocrx_word' id='word_1_374' title='bbox 1594 4670 1713 4760; x_wconf 76' lang='lat' dir='ltr'><strong>est,</strong></span> 
     </span>
    </p>
   </div>
   <div class='ocr_carea' id='block_1_47' title="bbox 156 4766 1715 4851">
    <p class='ocr_par' dir='ltr' id='par_1_47' title="bbox 156 4766 1715 4851">
     <span class='ocr_line' id='line_1_47' title="bbox 156 4766 1715 4851; baseline 0.01 -28"><span class='ocrx_word' id='word_1_375' title='bbox 156 4766 294 4823; x_wconf 81' lang='lat' dir='ltr'><strong>etiam</strong></span> <span class='ocrx_word' id='word_1_376' title='bbox 325 4770 447 4829; x_wconf 85' lang='lat' dir='ltr'><strong>hinc</strong></span> <span class='ocrx_word' id='word_1_377' title='bbox 484 4776 879 4845; x_wconf 74' lang='lat' dir='ltr'><strong>apertissimum</strong></span> <span class='ocrx_word' id='word_1_378' title='bbox 915 4786 1140 4847; x_wconf 90' lang='lat' dir='ltr'><strong>possunt</strong></span> <span class='ocrx_word' id='word_1_379' title='bbox 1179 4779 1359 4851; x_wconf 89' lang='lat' dir='ltr'><strong>legere</strong></span> <span class='ocrx_word' id='word_1_380' title='bbox 1396 4783 1715 4838; x_wconf 89' lang='lat' dir='ltr'><strong>sententiam</strong></span> 
     </span>
    </p>
   </div>
   <div class='ocr_carea' id='block_1_48' title="bbox 156 4865 1715 4946">
    <p class='ocr_par' dir='ltr' id='par_1_48' title="bbox 156 4865 1715 4946">
     <span class='ocr_line' id='line_1_48' title="bbox 156 4865 1715 4946; baseline 0.014 -34"><span class='ocrx_word' id='word_1_381' title='bbox 156 4865 352 4931; x_wconf 78' lang='lat' dir='ltr'><strong>apostoli</strong></span> <span class='ocrx_word' id='word_1_382' title='bbox 377 4865 519 4924; x_wconf 88' lang='lat' dir='ltr'><strong>Petri</strong></span> <span class='ocrx_word' id='word_1_383' title='bbox 538 4911 554 4936; x_wconf 95' lang='lat'><strong>,</strong></span> <span class='ocrx_word' id='word_1_384' title='bbox 578 4869 671 4940; x_wconf 89' lang='lat' dir='ltr'><strong>qui</strong></span> <span class='ocrx_word' id='word_1_385' title='bbox 696 4884 817 4925; x_wconf 90' lang='lat' dir='ltr'><strong>cum</strong></span> <span class='ocrx_word' id='word_1_386' title='bbox 845 4872 1151 4943; x_wconf 89' lang='lat' dir='ltr'><strong>loqueretur</strong></span> <span class='ocrx_word' id='word_1_387' title='bbox 1176 4873 1245 4929; x_wconf 91' lang='lat' dir='ltr'><strong>de</strong></span> <span class='ocrx_word' id='word_1_388' title='bbox 1264 4875 1331 4930; x_wconf 90' lang='lat' dir='ltr'><strong>iis</strong></span> <span class='ocrx_word' id='word_1_389' title='bbox 1356 4876 1443 4946; x_wconf 93' lang='lat' dir='ltr'><strong>qui</strong></span> <span class='ocrx_word' id='word_1_390' title='bbox 1474 4877 1528 4932; x_wconf 92' lang='lat' dir='ltr'><strong>in</strong></span> <span class='ocrx_word' id='word_1_391' title='bbox 1557 4893 1715 4934; x_wconf 89' lang='lat' dir='ltr'><strong>occa-</strong></span> 
     </span>
    </p>
   </div>
   <div class='ocr_carea' id='block_1_49' title="bbox 156 4951 1712 5037">
    <p class='ocr_par' dir='ltr' id='par_1_49' title="bbox 156 4951 1712 5037">
     <span class='ocr_line' id='line_1_49' title="bbox 156 4951 1712 5037; baseline 0.011 -30"><span class='ocrx_word' id='word_1_392' title='bbox 156 4951 334 5011; x_wconf 78' lang='lat' dir='ltr'><strong>sionem</strong></span> <span class='ocrx_word' id='word_1_393' title='bbox 352 4960 528 5015; x_wconf 85' lang='lat' dir='ltr'><strong>carnis</strong></span> <span class='ocrx_word' id='word_1_394' title='bbox 548 4972 903 5033; x_wconf 88' lang='lat' dir='ltr'><strong>acceperant,</strong></span> <span class='ocrx_word' id='word_1_395' title='bbox 930 4971 984 5019; x_wconf 92' lang='lat' dir='ltr'><strong>et</strong></span> <span class='ocrx_word' id='word_1_396' title='bbox 1004 4964 1058 5019; x_wconf 93' lang='lat' dir='ltr'><strong>in</strong></span> <span class='ocrx_word' id='word_1_397' title='bbox 1079 4965 1438 5022; x_wconf 89' lang='lat' dir='ltr'><strong>velamentum</strong></span> <span class='ocrx_word' id='word_1_398' title='bbox 1460 4969 1676 5023; x_wconf 77' lang='lat' dir='ltr'><strong>malitiae</strong></span> <span class='ocrx_word' id='word_1_399' title='bbox 1695 5010 1712 5037; x_wconf 93' lang='lat'><strong>,</strong></span> 
     </span>
    </p>
   </div>
   <div class='ocr_carea' id='block_1_50' title="bbox 158 5046 1718 5130">
    <p class='ocr_par' dir='ltr' id='par_1_50' title="bbox 158 5046 1718 5130">
     <span class='ocr_line' id='line_1_50' title="bbox 158 5046 1718 5130; baseline 0.009 -27"><span class='ocrx_word' id='word_1_400' title='bbox 158 5046 277 5112; x_wconf 69' lang='grc' dir='ltr'><strong>ιιιοά</strong></span> <span class='ocrx_word' id='word_1_401' title='bbox 302 5050 551 5121; x_wconf 87' lang='lat' dir='ltr'><strong>scriptum</strong></span> <span class='ocrx_word' id='word_1_402' title='bbox 581 5061 686 5118; x_wconf 86' lang='lat' dir='ltr'><strong>est,</strong></span> <span class='ocrx_word' id='word_1_403' title='bbox 724 5070 816 5108; x_wconf 84' lang='lat' dir='ltr'><strong>nos</strong></span> <span class='ocrx_word' id='word_1_404' title='bbox 841 5054 907 5109; x_wconf 91' lang='lat' dir='ltr'><strong>ad</strong></span> <span class='ocrx_word' id='word_1_405' title='bbox 935 5054 1139 5111; x_wconf 84' lang='lat' dir='ltr'><strong>Novum</strong></span> <span class='ocrx_word' id='word_1_406' title='bbox 1166 5057 1566 5114; x_wconf 84' lang='lat' dir='ltr'><strong>Testamentum</strong></span> <span class='ocrx_word' id='word_1_407' title='bbox 1594 5076 1718 5130; x_wconf 90' lang='lat' dir='ltr'><strong>per-</strong></span> 
     </span>
    </p>
   </div>
   <div class='ocr_carea' id='block_1_51' title="bbox 160 5136 1714 5221">
    <p class='ocr_par' dir='ltr' id='par_1_51' title="bbox 160 5136 1714 5221">
     <span class='ocr_line' id='line_1_51' title="bbox 160 5136 1714 5221; baseline 0.01 -28"><span class='ocrx_word' id='word_1_408' title='bbox 160 5136 381 5209; x_wconf 59' lang='lat' dir='ltr'><strong>ﬂuentes,</strong></span> <span class='ocrx_word' id='word_1_409' title='bbox 405 5159 507 5198; x_wconf 80' lang='lat' dir='ltr'><strong>non</strong></span> <span class='ocrx_word' id='word_1_410' title='bbox 529 5145 737 5199; x_wconf 83' lang='lat' dir='ltr'><strong>ancilla:</strong></span> <span class='ocrx_word' id='word_1_411' title='bbox 764 5146 902 5202; x_wconf 85' lang='lat' dir='ltr'><strong>ﬁlios</strong></span> <span class='ocrx_word' id='word_1_412' title='bbox 923 5161 1072 5214; x_wconf 86' lang='lat' dir='ltr'><strong>esse,</strong></span> <span class='ocrx_word' id='word_1_413' title='bbox 1105 5150 1193 5203; x_wconf 87' lang='lat' dir='ltr'><strong>sed</strong></span> <span class='ocrx_word' id='word_1_414' title='bbox 1222 5149 1407 5217; x_wconf 73' lang='lat' dir='ltr'><strong>liberm,</strong></span> <span class='ocrx_word' id='word_1_415' title='bbox 1439 5168 1539 5221; x_wconf 85' lang='lat' dir='ltr'><strong>qua</strong></span> <span class='ocrx_word' id='word_1_416' title='bbox 1562 5152 1714 5208; x_wconf 80' lang='lat' dir='ltr'><strong>liber-</strong></span> 
     </span>
    </p>
   </div>
   <div class='ocr_carea' id='block_1_52' title="bbox 163 5231 1713 5314">
    <p class='ocr_par' dir='ltr' id='par_1_52' title="bbox 163 5231 1713 5314">
     <span class='ocr_line' id='line_1_52' title="bbox 163 5231 1713 5314; baseline 0.012 -32"><span class='ocrx_word' id='word_1_417' title='bbox 163 5235 249 5282; x_wconf 84' lang='lat' dir='ltr'><strong>tate</strong></span> <span class='ocrx_word' id='word_1_418' title='bbox 277 5231 493 5290; x_wconf 74' lang='lat' dir='ltr'><strong>Christus</strong></span> <span class='ocrx_word' id='word_1_419' title='bbox 531 5253 625 5291; x_wconf 87' lang='lat' dir='ltr'><strong>nos</strong></span> <span class='ocrx_word' id='word_1_420' title='bbox 654 5237 879 5292; x_wconf 87' lang='lat' dir='ltr'><strong>liberavit</strong></span> <span class='ocrx_word' id='word_1_421' title='bbox 913 5238 1108 5312; x_wconf 83' lang='lat' dir='ltr'><strong>(Galat.</strong></span> <span class='ocrx_word' id='word_1_422' title='bbox 1138 5256 1210 5307; x_wconf 80' lang='lat' dir='ltr'><strong>tv,</strong></span> <span class='ocrx_word' id='word_1_423' title='bbox 1242 5241 1368 5313; x_wconf 79' lang='lat' dir='ltr'><strong>5i);</strong></span> <span class='ocrx_word' id='word_1_424' title='bbox 1398 5253 1452 5297; x_wconf 90' lang='lat' dir='ltr'><strong>et</strong></span> <span class='ocrx_word' id='word_1_425' title='bbox 1488 5252 1713 5314; x_wconf 86' lang='lat' dir='ltr'><strong>putave—</strong></span> 
     </span>
    </p>
   </div>
   <div class='ocr_carea' id='block_1_53' title="bbox 164 5326 1714 5406">
    <p class='ocr_par' dir='ltr' id='par_1_53' title="bbox 164 5326 1714 5406">
     <span class='ocr_line' id='line_1_53' title="bbox 164 5326 1714 5406; baseline 0.01 -28"><span class='ocrx_word' id='word_1_426' title='bbox 164 5334 268 5379; x_wconf 81' lang='lat' dir='ltr'><strong>rant</strong></span> <span class='ocrx_word' id='word_1_427' title='bbox 306 5326 399 5384; x_wconf 87' lang='lat' dir='ltr'><strong>hoc</strong></span> <span class='ocrx_word' id='word_1_428' title='bbox 436 5345 559 5386; x_wconf 85' lang='lat' dir='ltr'><strong>esse</strong></span> <span class='ocrx_word' id='word_1_429' title='bbox 600 5330 768 5388; x_wconf 88' lang='lat' dir='ltr'><strong>libere</strong></span> <span class='ocrx_word' id='word_1_430' title='bbox 807 5332 1025 5399; x_wconf 83' lang='lat' dir='ltr'><strong>vivere,</strong></span> <span class='ocrx_word' id='word_1_431' title='bbox 1072 5344 1126 5388; x_wconf 92' lang='lat' dir='ltr'><strong>ut</strong></span> <span class='ocrx_word' id='word_1_432' title='bbox 1168 5344 1419 5406; x_wconf 89' lang='lat' dir='ltr'><strong>tanquam</strong></span> <span class='ocrx_word' id='word_1_433' title='bbox 1458 5336 1526 5392; x_wconf 89' lang='lat' dir='ltr'><strong>de</strong></span> <span class='ocrx_word' id='word_1_434' title='bbox 1570 5345 1714 5393; x_wconf 87' lang='lat' dir='ltr'><strong>tanta</strong></span> 
     </span>
    </p>
   </div>
   <div class='ocr_carea' id='block_1_54' title="bbox 163 5414 1714 5495">
    <p class='ocr_par' dir='ltr' id='par_1_54' title="bbox 163 5414 1714 5495">
     <span class='ocr_line' id='line_1_54' title="bbox 163 5414 1714 5495; baseline 0.011 -27"><span class='ocrx_word' id='word_1_435' title='bbox 163 5414 496 5489; x_wconf 81' lang='lat' dir='ltr'><strong>redemptione</strong></span> <span class='ocrx_word' id='word_1_436' title='bbox 518 5423 717 5490; x_wconf 87' lang='lat' dir='ltr'><strong>securi,</strong></span> <span class='ocrx_word' id='word_1_437' title='bbox 739 5423 1000 5495; x_wconf 89' lang='lat' dir='ltr'><strong>quidquid</strong></span> <span class='ocrx_word' id='word_1_438' title='bbox 1036 5425 1225 5482; x_wconf 90' lang='lat' dir='ltr'><strong>liberet</strong></span> <span class='ocrx_word' id='word_1_439' title='bbox 1250 5427 1412 5483; x_wconf 89' lang='lat' dir='ltr'><strong>licere</strong></span> <span class='ocrx_word' id='word_1_440' title='bbox 1438 5428 1538 5484; x_wconf 90' lang='lat' dir='ltr'><strong>sibi</strong></span> <span class='ocrx_word' id='word_1_441' title='bbox 1568 5430 1714 5485; x_wconf 87' lang='lat' dir='ltr'><strong>arbi-</strong></span> 
     </span>
    </p>
   </div>
   <div class='ocr_carea' id='block_1_55' title="bbox 162 5512 1717 5587">
    <p class='ocr_par' dir='ltr' id='par_1_55' title="bbox 162 5512 1717 5587">
     <span class='ocr_line' id='line_1_55' title="bbox 162 5512 1717 5587; baseline 0.012 -28"><span class='ocrx_word' id='word_1_442' title='bbox 162 5512 430 5577; x_wconf 66' lang='lat' dir='ltr'><strong>narentur,</strong></span> <span class='ocrx_word' id='word_1_443' title='bbox 472 5529 580 5570; x_wconf 92' lang='lat' dir='ltr'><strong>non</strong></span> <span class='ocrx_word' id='word_1_444' title='bbox 630 5515 900 5573; x_wconf 88' lang='lat' dir='ltr'><strong>intuentes</strong></span> <span class='ocrx_word' id='word_1_445' title='bbox 939 5518 1080 5587; x_wconf 91' lang='lat' dir='ltr'><strong>quod</strong></span> <span class='ocrx_word' id='word_1_446' title='bbox 1116 5518 1313 5573; x_wconf 91' lang='lat' dir='ltr'><strong>dictum</strong></span> <span class='ocrx_word' id='word_1_447' title='bbox 1355 5529 1472 5585; x_wconf 89' lang='lat' dir='ltr'><strong>est,</strong></span> <span class='ocrx_word' id='word_1_448' title='bbox 1530 5521 1625 5576; x_wconf 88' lang='lat' dir='ltr'><strong>Vos</strong></span> <span class='ocrx_word' id='word_1_449' title='bbox 1663 5524 1717 5577; x_wconf 90' lang='lat' dir='ltr'><strong>in</strong></span> 
     </span>
    </p>
   </div>
   <div class='ocr_carea' id='block_1_56' title="bbox 166 5597 1717 5681">
    <p class='ocr_par' dir='ltr' id='par_1_56' title="bbox 166 5597 1717 5681">
     <span class='ocr_line' id='line_1_56' title="bbox 166 5597 1717 5681; baseline 0.011 -27"><span class='ocrx_word' id='word_1_450' title='bbox 166 5597 408 5659; x_wconf 77' lang='lat' dir='ltr'><strong>libertatem</strong></span> <span class='ocrx_word' id='word_1_451' title='bbox 428 5610 590 5662; x_wconf 83' lang='lat' dir='ltr'><strong>vocati</strong></span> <span class='ocrx_word' id='word_1_452' title='bbox 611 5610 730 5663; x_wconf 84' lang='lat' dir='ltr'><strong>estis</strong></span> <span class='ocrx_word' id='word_1_453' title='bbox 750 5652 764 5675; x_wconf 93' lang='lat'><strong>,</strong></span> <span class='ocrx_word' id='word_1_454' title='bbox 803 5614 1021 5681; x_wconf 80' lang='lat' dir='ltr'><strong>fratres;</strong></span> <span class='ocrx_word' id='word_1_455' title='bbox 1052 5622 1245 5665; x_wconf 89' lang='lat' dir='ltr'><strong>tantum</strong></span> <span class='ocrx_word' id='word_1_456' title='bbox 1275 5630 1337 5671; x_wconf 74' lang='lat' dir='ltr'><strong>ne</strong></span> <span class='ocrx_word' id='word_1_457' title='bbox 1359 5613 1636 5669; x_wconf 72' lang='lat' dir='ltr'><strong>libertatm</strong></span> <span class='ocrx_word' id='word_1_458' title='bbox 1664 5618 1717 5671; x_wconf 86' lang='lat' dir='ltr'><strong>in</strong></span> 
     </span>
    </p>
   </div>
   <div class='ocr_carea' id='block_1_57' title="bbox 223 5739 1043 5807">
    <p class='ocr_par' dir='ltr' id='par_1_57' title="bbox 223 5739 1043 5807">
     <span class='ocr_line' id='line_1_57' title="bbox 223 5739 1043 5807; baseline 0.006 -16"><span class='ocrx_word' id='word_1_459' title='bbox 223 5739 456 5807; x_wconf 60' lang='lat' dir='ltr'><strong>{scaneili</strong></span> <span class='ocrx_word' id='word_1_460' title='bbox 475 5746 697 5807; x_wconf 86' lang='lat' dir='ltr'><strong>codices,</strong></span> <span class='ocrx_word' id='word_1_461' title='bbox 723 5746 1043 5799; x_wconf 84' lang='lat' dir='ltr'><strong>dilectionem.</strong></span> 
     </span>
    </p>
   </div>
   <div class='ocr_carea' id='block_1_58' title="bbox 221 5800 888 5869">
    <p class='ocr_par' dir='ltr' id='par_1_58' title="bbox 221 5800 888 5869">
     <span class='ocr_line' id='line_1_58' title="bbox 221 5800 888 5869; baseline 0.01 -17"><span class='ocrx_word' id='word_1_462' title='bbox 350 5812 446 5869; x_wconf 73' lang='lat' dir='ltr'><strong>uss.</strong></span> <span class='ocrx_word' id='word_1_463' title='bbox 472 5815 526 5857; x_wconf 77' lang='grc' dir='ltr'><strong>Αι</strong></span> <span class='ocrx_word' id='word_1_464' title='bbox 557 5800 695 5869; x_wconf 68' lang='lat' dir='ltr'><strong>editi;</strong></span> <span class='ocrx_word' id='word_1_465' title='bbox 720 5817 888 5861; x_wconf 87' lang='lat' dir='ltr'><strong>totum.</strong></span> 
     </span>
    </p>
   </div>
   <div class='ocr_carea' id='block_1_59' title="bbox 222 5860 1716 5943">
    <p class='ocr_par' dir='ltr' id='par_1_59' title="bbox 222 5860 1716 5943">
     <span class='ocr_line' id='line_1_59' title="bbox 222 5860 1716 5943; baseline 0.015 -32"><span class='ocrx_word' id='word_1_466' title='bbox 222 5860 563 5943; x_wconf 46' lang='lat' dir='ltr'><strong>Lusitanis;</strong></span> <span class='ocrx_word' id='word_1_467' title='bbox 586 5860 852 5937; x_wconf 64' lang='lat' dir='ltr'><strong>particula,</strong></span> <span class='ocrx_word' id='word_1_468' title='bbox 873 5886 954 5937; x_wconf 87' lang='lat' dir='ltr'><strong>ne,</strong></span> <span class='ocrx_word' id='word_1_469' title='bbox 987 5872 1200 5937; x_wconf 85' lang='lat' dir='ltr'><strong>habent,</strong></span> <span class='ocrx_word' id='word_1_470' title='bbox 1228 5881 1395 5928; x_wconf 86' lang='lat' dir='ltr'><strong>contra</strong></span> <span class='ocrx_word' id='word_1_471' title='bbox 1413 5890 1465 5930; x_wconf 87' lang='lat' dir='ltr'><strong>se</strong></span> <span class='ocrx_word' id='word_1_472' title='bbox 1487 5877 1615 5943; x_wconf 78' lang='lat' dir='ltr'><strong>ipsos</strong></span> <span class='ocrx_word' id='word_1_473' title='bbox 1637 5894 1716 5933; x_wconf 84' lang='lat' dir='ltr'><strong>ve-</strong></span> 
     </span>
    </p>
   </div>
   <div class='ocr_carea' id='block_1_60' title="bbox 97 5930 807 5993">
    <p class='ocr_par' dir='ltr' id='par_1_60' title="bbox 97 5930 807 5993">
     <span class='ocr_line' id='line_1_60' title="bbox 97 5930 807 5993; baseline 0.02 -19"><span class='ocrx_word' id='word_1_474' title='bbox 97 5982 107 5993; x_wconf 35' lang='lat'><strong><em>.</em></strong></span> <span class='ocrx_word' id='word_1_475' title='bbox 163 5930 299 5975; x_wconf 72' lang='lat' dir='ltr'><strong>IIII.</strong></span> <span class='ocrx_word' id='word_1_476' title='bbox 318 5930 677 5987; x_wconf 77' lang='lat' dir='ltr'><strong>Emendantura</strong></span> <span class='ocrx_word' id='word_1_477' title='bbox 700 5943 807 5987; x_wconf 75' lang='lat' dir='ltr'><strong>Mss.</strong></span> 
     </span>
    </p>
   </div>
   <div class='ocr_carea' id='block_1_61' title="bbox 1539 400 1979 463">
    <p class='ocr_par' dir='ltr' id='par_1_61' title="bbox 1539 400 1979 463">
     <span class='ocr_line' id='line_1_61' title="bbox 1539 400 1979 463; baseline -0.002 -1"><span class='ocrx_word' id='word_1_478' title='bbox 1539 402 1742 462; x_wconf 83' lang='lat' dir='ltr'><strong>LIBER</strong></span> <span class='ocrx_word' id='word_1_479' title='bbox 1779 400 1979 463; x_wconf 85' lang='lat' dir='ltr'><strong>UNUS.</strong></span> 
     </span>
    </p>
   </div>
   <div class='ocr_carea' id='block_1_62' title="bbox 1822 520 3411 607">
    <p class='ocr_par' dir='ltr' id='par_1_62' title="bbox 1822 520 3411 607">
     <span class='ocr_line' id='line_1_62' title="bbox 1822 520 3411 607; baseline 0.014 -35"><span class='ocrx_word' id='word_1_480' title='bbox 1822 520 2133 576; x_wconf 83' lang='lat' dir='ltr'><strong>occasionem</strong></span> <span class='ocrx_word' id='word_1_481' title='bbox 2162 522 2330 579; x_wconf 89' lang='lat' dir='ltr'><strong>carnis</strong></span> <span class='ocrx_word' id='word_1_482' title='bbox 2361 525 2488 581; x_wconf 87' lang='lat' dir='ltr'><strong>detis</strong></span> <span class='ocrx_word' id='word_1_483' title='bbox 2518 527 2628 599; x_wconf 88' lang='lat' dir='ltr'><strong>(Id.</strong></span> <span class='ocrx_word' id='word_1_484' title='bbox 2657 545 2691 583; x_wconf 92' lang='lat' dir='ltr'><strong>v</strong></span> <span class='ocrx_word' id='word_1_485' title='bbox 2709 569 2725 597; x_wconf 91' lang='lat'><strong>,</strong></span> <span class='ocrx_word' id='word_1_486' title='bbox 2754 530 2878 601; x_wconf 73' lang='lat' dir='ltr'><strong>i5);</strong></span> <span class='ocrx_word' id='word_1_487' title='bbox 2908 532 3049 591; x_wconf 92' lang='lat' dir='ltr'><strong>unde</strong></span> <span class='ocrx_word' id='word_1_488' title='bbox 3078 542 3134 591; x_wconf 90' lang='lat' dir='ltr'><strong>et</strong></span> <span class='ocrx_word' id='word_1_489' title='bbox 3162 534 3276 607; x_wconf 87' lang='lat' dir='ltr'><strong>ipse</strong></span> <span class='ocrx_word' id='word_1_490' title='bbox 3302 537 3411 596; x_wconf 89' lang='lat' dir='ltr'><strong>Pe-</strong></span> 
     </span>
    </p>
   </div>
   <div class='ocr_carea' id='block_1_63' title="bbox 1826 614 3413 688">
    <p class='ocr_par' dir='ltr' id='par_1_63' title="bbox 1826 614 3413 688">
     <span class='ocr_line' id='line_1_63' title="bbox 1826 614 3413 688; baseline 0.013 -21"><span class='ocrx_word' id='word_1_491' title='bbox 1826 620 1942 669; x_wconf 90' lang='lat' dir='ltr'><strong>trus</strong></span> <span class='ocrx_word' id='word_1_492' title='bbox 1962 614 2107 681; x_wconf 89' lang='lat' dir='ltr'><strong>dicit,</strong></span> <span class='ocrx_word' id='word_1_493' title='bbox 2122 615 2309 685; x_wconf 84' lang='lat' dir='ltr'><strong>Liberi,</strong></span> <span class='ocrx_word' id='word_1_494' title='bbox 2329 635 2429 673; x_wconf 90' lang='lat' dir='ltr'><strong>non</strong></span> <span class='ocrx_word' id='word_1_495' title='bbox 2449 621 2579 674; x_wconf 81' lang='lat' dir='ltr'><strong>sicut</strong></span> <span class='ocrx_word' id='word_1_496' title='bbox 2596 624 2926 680; x_wconf 88' lang='lat' dir='ltr'><strong>velamentum</strong></span> <span class='ocrx_word' id='word_1_497' title='bbox 2948 629 3156 683; x_wconf 73' lang='lat' dir='ltr'><strong>malitia:</strong></span> <span class='ocrx_word' id='word_1_498' title='bbox 3175 629 3413 688; x_wconf 82' lang='lat' dir='ltr'><strong>habentes</strong></span> 
     </span>
    </p>
   </div>
   <div class='ocr_carea' id='block_1_64' title="bbox 1825 707 3477 793">
    <p class='ocr_par' dir='ltr' id='par_1_64' title="bbox 1825 707 3477 793">
     <span class='ocr_line' id='line_1_64' title="bbox 1825 707 3477 793; baseline 0.012 -32"><span class='ocrx_word' id='word_1_499' title='bbox 1825 707 2101 763; x_wconf 86' lang='lat' dir='ltr'><strong>libertatem</strong></span> <span class='ocrx_word' id='word_1_500' title='bbox 2132 708 2187 782; x_wconf 84' lang='grc' dir='ltr'><strong>(Ι</strong></span> <span class='ocrx_word' id='word_1_501' title='bbox 2212 710 2357 766; x_wconf 91' lang='lat' dir='ltr'><strong>Petr.</strong></span> <span class='ocrx_word' id='word_1_502' title='bbox 2384 727 2448 780; x_wconf 83' lang='lat' dir='ltr'><strong>ll,</strong></span> <span class='ocrx_word' id='word_1_503' title='bbox 2485 712 2574 786; x_wconf 81' lang='grc'><strong>16)</strong></span> <span class='ocrx_word' id='word_1_504' title='bbox 2607 716 2720 770; x_wconf 87' lang='lat' dir='ltr'><strong>:ait</strong></span> <span class='ocrx_word' id='word_1_505' title='bbox 2750 717 2818 777; x_wconf 85' lang='lat' dir='ltr'><strong>de</strong></span> <span class='ocrx_word' id='word_1_506' title='bbox 2855 718 2961 775; x_wconf 86' lang='lat' dir='ltr'><strong>illis</strong></span> <span class='ocrx_word' id='word_1_507' title='bbox 2999 729 3053 775; x_wconf 89' lang='lat' dir='ltr'><strong>et</strong></span> <span class='ocrx_word' id='word_1_508' title='bbox 3087 720 3143 776; x_wconf 88' lang='lat' dir='ltr'><strong>in</strong></span> <span class='ocrx_word' id='word_1_509' title='bbox 3178 722 3411 779; x_wconf 89' lang='lat' dir='ltr'><strong>secunda</strong></span> <span class='ocrx_word' id='word_1_510' title='bbox 3474 792 3477 793; x_wconf 17' lang='grc' dir='ltr'><em>ν</em></span> 
     </span>
    </p>
   </div>
   <div class='ocr_carea' id='block_1_65' title="bbox 1823 799 3413 877">
    <p class='ocr_par' dir='ltr' id='par_1_65' title="bbox 1823 799 3413 877">
     <span class='ocr_line' id='line_1_65' title="bbox 1823 799 3413 877; baseline 0.009 -22"><span class='ocrx_word' id='word_1_511' title='bbox 1823 799 2060 872; x_wconf 89' lang='lat' dir='ltr'><strong>Epistola</strong></span> <span class='ocrx_word' id='word_1_512' title='bbox 2088 818 2183 859; x_wconf 88' lang='lat' dir='ltr'><strong>sua</strong></span> <span class='ocrx_word' id='word_1_513' title='bbox 2202 845 2217 871; x_wconf 94' lang='lat'><strong>,</strong></span> <span class='ocrx_word' id='word_1_514' title='bbox 2247 803 2321 858; x_wconf 85' lang='lat' dir='ltr'><strong>Hi</strong></span> <span class='ocrx_word' id='word_1_515' title='bbox 2348 814 2465 859; x_wconf 90' lang='lat' dir='ltr'><strong>sunt</strong></span> <span class='ocrx_word' id='word_1_516' title='bbox 2484 806 2647 875; x_wconf 77' lang='lat' dir='ltr'><strong>fontes</strong></span> <span class='ocrx_word' id='word_1_517' title='bbox 2668 808 2821 877; x_wconf 87' lang='lat' dir='ltr'><strong>sicci,</strong></span> <span class='ocrx_word' id='word_1_518' title='bbox 2852 820 2900 863; x_wconf 87' lang='lat' dir='ltr'><strong>et</strong></span> <span class='ocrx_word' id='word_1_519' title='bbox 2935 810 3129 867; x_wconf 77' lang='lat' dir='ltr'><strong>nebula:</strong></span> <span class='ocrx_word' id='word_1_520' title='bbox 3153 829 3186 867; x_wconf 91' lang='lat' dir='ltr'><strong>a</strong></span> <span class='ocrx_word' id='word_1_521' title='bbox 3214 814 3413 869; x_wconf 82' lang='lat' dir='ltr'><strong>turbine</strong></span> 
     </span>
    </p>
   </div>
   <div class='ocr_carea' id='block_1_66' title="bbox 1821 894 3406 969">
    <p class='ocr_par' dir='ltr' id='par_1_66' title="bbox 1821 894 3406 969">
     <span class='ocr_line' id='line_1_66' title="bbox 1821 894 3406 969; baseline 0.009 -24"><span class='ocrx_word' id='word_1_522' title='bbox 1821 894 2105 964; x_wconf 66' lang='lat' dir='ltr'><strong>exagitatae,</strong></span> <span class='ocrx_word' id='word_1_523' title='bbox 2136 896 2315 966; x_wconf 82' lang='lat' dir='ltr'><strong>quibus</strong></span> <span class='ocrx_word' id='word_1_524' title='bbox 2339 897 2499 969; x_wconf 88' lang='lat' dir='ltr'><strong>caligo</strong></span> <span class='ocrx_word' id='word_1_525' title='bbox 2530 899 2846 953; x_wconf 81' lang='lat' dir='ltr'><strong>tenebrarum</strong></span> <span class='ocrx_word' id='word_1_526' title='bbox 2883 914 3134 956; x_wconf 88' lang='lat' dir='ltr'><strong>reservata</strong></span> <span class='ocrx_word' id='word_1_527' title='bbox 3161 914 3236 959; x_wconf 88' lang='lat' dir='ltr'><strong>est</strong></span> <span class='ocrx_word' id='word_1_528' title='bbox 3263 922 3282 959; x_wconf 94' lang='lat'><strong><em>:</em></strong></span> <span class='ocrx_word' id='word_1_529' title='bbox 3312 922 3406 960; x_wconf 83' lang='lat' dir='ltr'><strong>su-</strong></span> 
     </span>
    </p>
   </div>
   <div class='ocr_carea' id='block_1_67' title="bbox 1820 987 3403 1069">
    <p class='ocr_par' dir='ltr' id='par_1_67' title="bbox 1820 987 3403 1069">
     <span class='ocr_line' id='line_1_67' title="bbox 1820 987 3403 1069; baseline 0.009 -30"><span class='ocrx_word' id='word_1_530' title='bbox 1820 987 1973 1056; x_wconf 89' lang='lat' dir='ltr'><strong>perba</strong></span> <span class='ocrx_word' id='word_1_531' title='bbox 1995 989 2127 1042; x_wconf 90' lang='lat' dir='ltr'><strong>enim</strong></span> <span class='ocrx_word' id='word_1_532' title='bbox 2146 990 2383 1045; x_wconf 89' lang='lat' dir='ltr'><strong>vanitatis</strong></span> <span class='ocrx_word' id='word_1_533' title='bbox 2405 991 2659 1061; x_wconf 89' lang='lat' dir='ltr'><strong>loquentes</strong></span> <span class='ocrx_word' id='word_1_534' title='bbox 2679 994 2895 1049; x_wconf 74' lang='lat' dir='ltr'><strong>illidunt</strong></span> <span class='ocrx_word' id='word_1_535' title='bbox 2915 995 2969 1050; x_wconf 90' lang='lat' dir='ltr'><strong>in</strong></span> <span class='ocrx_word' id='word_1_536' title='bbox 2988 999 3403 1069; x_wconf 77' lang='lat' dir='ltr'><strong>concupiscentii.‘</strong></span> 
     </span>
    </p>
   </div>
   <div class='ocr_carea' id='block_1_68' title="bbox 1818 1080 3381 1159">
    <p class='ocr_par' dir='ltr' id='par_1_68' title="bbox 1818 1080 3381 1159">
     <span class='ocr_line' id='line_1_68' title="bbox 1818 1080 3381 1159; baseline 0.008 -27"><span class='ocrx_word' id='word_1_537' title='bbox 1818 1080 1986 1135; x_wconf 89' lang='lat' dir='ltr'><strong>carnis</strong></span> <span class='ocrx_word' id='word_1_538' title='bbox 2007 1082 2336 1153; x_wconf 77' lang='lat' dir='ltr'><strong>impudicitia:</strong></span> <span class='ocrx_word' id='word_1_539' title='bbox 2354 1101 2438 1140; x_wconf 88' lang='lat' dir='ltr'><strong>eos</strong></span> <span class='ocrx_word' id='word_1_540' title='bbox 2457 1089 2544 1157; x_wconf 87' lang='lat' dir='ltr'><strong>qui</strong></span> <span class='ocrx_word' id='word_1_541' title='bbox 2566 1088 2831 1154; x_wconf 83' lang='lat' dir='ltr'><strong>paululum</strong></span> <span class='ocrx_word' id='word_1_542' title='bbox 2851 1087 3155 1159; x_wconf 77' lang='lat' dir='ltr'><strong>eﬁ&#39;ugerunt,</strong></span> <span class='ocrx_word' id='word_1_543' title='bbox 3169 1091 3221 1144; x_wconf 90' lang='lat' dir='ltr'><strong>in</strong></span> <span class='ocrx_word' id='word_1_544' title='bbox 3239 1108 3381 1146; x_wconf 89' lang='lat' dir='ltr'><strong>error</strong></span> 
     </span>
    </p>
   </div>
   <div class='ocr_carea' id='block_1_69' title="bbox 1818 1173 3396 1253">
    <p class='ocr_par' dir='ltr' id='par_1_69' title="bbox 1818 1173 3396 1253">
     <span class='ocr_line' id='line_1_69' title="bbox 1818 1173 3396 1253; baseline 0.01 -29"><span class='ocrx_word' id='word_1_545' title='bbox 1818 1173 2098 1227; x_wconf 87' lang='lat' dir='ltr'><strong>conversati</strong></span> <span class='ocrx_word' id='word_1_546' title='bbox 2116 1216 2131 1241; x_wconf 92' lang='lat'><strong>,</strong></span> <span class='ocrx_word' id='word_1_547' title='bbox 2163 1174 2443 1230; x_wconf 90' lang='lat' dir='ltr'><strong>libertatem</strong></span> <span class='ocrx_word' id='word_1_548' title='bbox 2472 1177 2577 1231; x_wconf 81' lang='lat' dir='ltr'><strong>illis</strong></span> <span class='ocrx_word' id='word_1_549' title='bbox 2607 1180 2980 1248; x_wconf 84' lang='lat' dir='ltr'><strong>promittentes,</strong></span> <span class='ocrx_word' id='word_1_550' title='bbox 3013 1198 3127 1235; x_wconf 89' lang='lat' dir='ltr'><strong>cum</strong></span> <span class='ocrx_word' id='word_1_551' title='bbox 3156 1183 3254 1253; x_wconf 85' lang='lat' dir='ltr'><strong>ipsi</strong></span> <span class='ocrx_word' id='word_1_552' title='bbox 3278 1200 3396 1239; x_wconf 79' lang='lat' dir='ltr'><strong>serv</strong></span> 
     </span>
    </p>
   </div>
   <div class='ocr_carea' id='block_1_70' title="bbox 1818 1261 3409 1343">
    <p class='ocr_par' dir='ltr' id='par_1_70' title="bbox 1818 1261 3409 1343">
     <span class='ocr_line' id='line_1_70' title="bbox 1818 1261 3409 1343; baseline 0.009 -28"><span class='ocrx_word' id='word_1_553' title='bbox 1818 1261 1919 1316; x_wconf 88' lang='lat' dir='ltr'><strong>sint</strong></span> <span class='ocrx_word' id='word_1_554' title='bbox 1944 1266 2305 1336; x_wconf 83' lang='lat' dir='ltr'><strong>corruptionis.</strong></span> <span class='ocrx_word' id='word_1_555' title='bbox 2334 1267 2378 1321; x_wconf 85' lang='grc' dir='ltr'><em>Α</em></span> <span class='ocrx_word' id='word_1_556' title='bbox 2406 1284 2506 1339; x_wconf 89' lang='lat' dir='ltr'><strong>quo</strong></span> <span class='ocrx_word' id='word_1_557' title='bbox 2531 1269 2663 1323; x_wconf 87' lang='lat' dir='ltr'><strong>enim</strong></span> <span class='ocrx_word' id='word_1_558' title='bbox 2689 1271 2803 1343; x_wconf 87' lang='lat' dir='ltr'><strong>quis</strong></span> <span class='ocrx_word' id='word_1_559' title='bbox 2832 1270 3052 1326; x_wconf 86' lang='lat' dir='ltr'><strong>devictus</strong></span> <span class='ocrx_word' id='word_1_560' title='bbox 3077 1283 3148 1327; x_wconf 89' lang='lat' dir='ltr'><strong>est</strong></span> <span class='ocrx_word' id='word_1_561' title='bbox 3168 1313 3185 1339; x_wconf 95' lang='lat'><strong>,</strong></span> <span class='ocrx_word' id='word_1_562' title='bbox 3218 1274 3336 1329; x_wconf 83' lang='lat' dir='ltr'><strong>huic</strong></span> <span class='ocrx_word' id='word_1_563' title='bbox 3361 1280 3409 1330; x_wconf 80' lang='lat' dir='ltr'><strong>et</strong></span> 
     </span>
    </p>
   </div>
   <div class='ocr_carea' id='block_1_71' title="bbox 1818 1358 3409 1437">
    <p class='ocr_par' dir='ltr' id='par_1_71' title="bbox 1818 1358 3409 1437">
     <span class='ocr_line' id='line_1_71' title="bbox 1818 1358 3409 1437; baseline 0.007 -27"><span class='ocrx_word' id='word_1_564' title='bbox 1818 1372 1989 1411; x_wconf 88' lang='lat' dir='ltr'><strong>servus</strong></span> <span class='ocrx_word' id='word_1_565' title='bbox 2014 1358 2247 1413; x_wconf 86' lang='lat' dir='ltr'><strong>addictus</strong></span> <span class='ocrx_word' id='word_1_566' title='bbox 2274 1369 2365 1416; x_wconf 90' lang='lat' dir='ltr'><strong>est.</strong></span> <span class='ocrx_word' id='word_1_567' title='bbox 2398 1360 2460 1417; x_wconf 91' lang='lat' dir='ltr'><strong>Si</strong></span> <span class='ocrx_word' id='word_1_568' title='bbox 2487 1363 2620 1417; x_wconf 90' lang='lat' dir='ltr'><strong>enim</strong></span> <span class='ocrx_word' id='word_1_569' title='bbox 2644 1364 2949 1435; x_wconf 78' lang='lat' dir='ltr'><strong>refugientes</strong></span> <span class='ocrx_word' id='word_1_570' title='bbox 2976 1366 3409 1437; x_wconf 88' lang='lat' dir='ltr'><strong>coinquinationes</strong></span> 
     </span>
    </p>
   </div>
   <div class='ocr_carea' id='block_1_72' title="bbox 1817 1448 3409 1521">
    <p class='ocr_par' dir='ltr' id='par_1_72' title="bbox 1817 1448 3409 1521">
     <span class='ocr_line' id='line_1_72' title="bbox 1817 1448 3409 1521; baseline 0.008 -21"><span class='ocrx_word' id='word_1_571' title='bbox 1817 1448 1997 1502; x_wconf 90' lang='lat' dir='ltr'><strong>mundi</strong></span> <span class='ocrx_word' id='word_1_572' title='bbox 2015 1449 2068 1503; x_wconf 91' lang='lat' dir='ltr'><strong>in</strong></span> <span class='ocrx_word' id='word_1_573' title='bbox 2088 1450 2394 1521; x_wconf 87' lang='lat' dir='ltr'><strong>agnitionem</strong></span> <span class='ocrx_word' id='word_1_574' title='bbox 2414 1451 2620 1507; x_wconf 90' lang='lat' dir='ltr'><strong>Domini</strong></span> <span class='ocrx_word' id='word_1_575' title='bbox 2641 1456 2799 1508; x_wconf 88' lang='lat' dir='ltr'><strong>nostri</strong></span> <span class='ocrx_word' id='word_1_576' title='bbox 2828 1465 2876 1509; x_wconf 90' lang='lat' dir='ltr'><strong>et</strong></span> <span class='ocrx_word' id='word_1_577' title='bbox 2895 1458 3257 1512; x_wconf 78' lang='lat' dir='ltr'><strong>conservatoris</strong></span> <span class='ocrx_word' id='word_1_578' title='bbox 3276 1457 3310 1511; x_wconf 81' lang='grc' dir='ltr'><em>Ι</em></span> <span class='ocrx_word' id='word_1_579' title='bbox 3318 1474 3409 1513; x_wconf 84' lang='lat' dir='ltr'><strong>esu</strong></span> 
     </span>
    </p>
   </div>
   <div class='ocr_carea' id='block_1_73' title="bbox 1819 1538 3408 1621">
    <p class='ocr_par' dir='ltr' id='par_1_73' title="bbox 1819 1538 3408 1621">
     <span class='ocr_line' id='line_1_73' title="bbox 1819 1538 3408 1621; baseline 0.007 -27"><span class='ocrx_word' id='word_1_580' title='bbox 1819 1538 2038 1609; x_wconf 88' lang='lat' dir='ltr'><strong>Christi,</strong></span> <span class='ocrx_word' id='word_1_581' title='bbox 2064 1541 2143 1597; x_wconf 89' lang='lat' dir='ltr'><strong>his</strong></span> <span class='ocrx_word' id='word_1_582' title='bbox 2180 1560 2356 1599; x_wconf 87' lang='lat' dir='ltr'><strong>rursus</strong></span> <span class='ocrx_word' id='word_1_583' title='bbox 2382 1545 2590 1616; x_wconf 75' lang='lat' dir='ltr'><strong>implexi</strong></span> <span class='ocrx_word' id='word_1_584' title='bbox 2625 1557 2933 1619; x_wconf 87' lang='lat' dir='ltr'><strong>superantur</strong></span> <span class='ocrx_word' id='word_1_585' title='bbox 2951 1589 2966 1615; x_wconf 95' lang='lat'><strong>,</strong></span> <span class='ocrx_word' id='word_1_586' title='bbox 2990 1553 3130 1621; x_wconf 81' lang='lat' dir='ltr'><strong>facta</strong></span> <span class='ocrx_word' id='word_1_587' title='bbox 3155 1560 3272 1605; x_wconf 89' lang='lat' dir='ltr'><strong>sunt</strong></span> <span class='ocrx_word' id='word_1_588' title='bbox 3301 1550 3408 1607; x_wconf 88' lang='lat' dir='ltr'><strong>illis</strong></span> 
     </span>
    </p>
   </div>
   <div class='ocr_carea' id='block_1_74' title="bbox 1817 1633 3409 1706">
    <p class='ocr_par' dir='ltr' id='par_1_74' title="bbox 1817 1633 3409 1706">
     <span class='ocr_line' id='line_1_74' title="bbox 1817 1633 3409 1706; baseline 0.009 -22"><span class='ocrx_word' id='word_1_589' title='bbox 1817 1633 2096 1702; x_wconf 85' lang='lat' dir='ltr'><strong>posteriora</strong></span> <span class='ocrx_word' id='word_1_590' title='bbox 2121 1634 2371 1689; x_wconf 87' lang='lat' dir='ltr'><strong>deteriora</strong></span> <span class='ocrx_word' id='word_1_591' title='bbox 2392 1637 2664 1706; x_wconf 85' lang='lat' dir='ltr'><strong>prioribus.</strong></span> <span class='ocrx_word' id='word_1_592' title='bbox 2694 1637 2879 1695; x_wconf 83' lang='lat' dir='ltr'><strong>Melius</strong></span> <span class='ocrx_word' id='word_1_593' title='bbox 2899 1641 3032 1695; x_wconf 91' lang='lat' dir='ltr'><strong>enim</strong></span> <span class='ocrx_word' id='word_1_594' title='bbox 3056 1651 3164 1696; x_wconf 90' lang='lat' dir='ltr'><strong>erat</strong></span> <span class='ocrx_word' id='word_1_595' title='bbox 3182 1642 3286 1697; x_wconf 89' lang='lat' dir='ltr'><strong>illis</strong></span> <span class='ocrx_word' id='word_1_596' title='bbox 3304 1658 3409 1698; x_wconf 87' lang='lat' dir='ltr'><strong>non</strong></span> 
     </span>
    </p>
   </div>
   <div class='ocr_carea' id='block_1_75' title="bbox 1817 1728 3409 1803">
    <p class='ocr_par' dir='ltr' id='par_1_75' title="bbox 1817 1728 3409 1803">
     <span class='ocr_line' id='line_1_75' title="bbox 1817 1728 3409 1803; baseline 0.007 -25"><span class='ocrx_word' id='word_1_597' title='bbox 1817 1740 2114 1797; x_wconf 87' lang='lat' dir='ltr'><strong>cognoscere</strong></span> <span class='ocrx_word' id='word_1_598' title='bbox 2141 1728 2273 1782; x_wconf 87' lang='lat' dir='ltr'><strong>viam</strong></span> <span class='ocrx_word' id='word_1_599' title='bbox 2294 1729 2507 1797; x_wconf 74' lang='lat' dir='ltr'><strong>iustitia:</strong></span> <span class='ocrx_word' id='word_1_600' title='bbox 2525 1771 2539 1795; x_wconf 97' lang='lat'><strong>,</strong></span> <span class='ocrx_word' id='word_1_601' title='bbox 2570 1747 2723 1798; x_wconf 89' lang='lat' dir='ltr'><strong>quam</strong></span> <span class='ocrx_word' id='word_1_602' title='bbox 2751 1742 3103 1803; x_wconf 88' lang='lat' dir='ltr'><strong>cognoscentes</strong></span> <span class='ocrx_word' id='word_1_603' title='bbox 3131 1742 3409 1789; x_wconf 85' lang='lat' dir='ltr'><strong>retrorsum</strong></span> 
     </span>
    </p>
   </div>
   <div class='ocr_carea' id='block_1_76' title="bbox 1816 1819 3408 1897">
    <p class='ocr_par' dir='ltr' id='par_1_76' title="bbox 1816 1819 3408 1897">
     <span class='ocr_line' id='line_1_76' title="bbox 1816 1819 3408 1897; baseline 0.008 -27"><span class='ocrx_word' id='word_1_604' title='bbox 1816 1819 2005 1888; x_wconf 86' lang='lat' dir='ltr'><strong>reflecti</strong></span> <span class='ocrx_word' id='word_1_605' title='bbox 2024 1835 2056 1871; x_wconf 89' lang='lat' dir='ltr'><strong>a</strong></span> <span class='ocrx_word' id='word_1_606' title='bbox 2080 1820 2267 1873; x_wconf 88' lang='lat' dir='ltr'><strong>tradito</strong></span> <span class='ocrx_word' id='word_1_607' title='bbox 2287 1821 2383 1875; x_wconf 89' lang='lat' dir='ltr'><strong>sibi</strong></span> <span class='ocrx_word' id='word_1_608' title='bbox 2409 1831 2585 1876; x_wconf 87' lang='lat' dir='ltr'><strong>sancto</strong></span> <span class='ocrx_word' id='word_1_609' title='bbox 2613 1823 2874 1878; x_wconf 89' lang='lat' dir='ltr'><strong>mandato.</strong></span> <span class='ocrx_word' id='word_1_610' title='bbox 2903 1824 3121 1897; x_wconf 87' lang='lat' dir='ltr'><strong>Contigit</strong></span> <span class='ocrx_word' id='word_1_611' title='bbox 3144 1828 3277 1881; x_wconf 86' lang='lat' dir='ltr'><strong>enim</strong></span> <span class='ocrx_word' id='word_1_612' title='bbox 3301 1826 3408 1882; x_wconf 87' lang='lat' dir='ltr'><strong>illis</strong></span> 
     </span>
    </p>
   </div>
   <div class='ocr_carea' id='block_1_77' title="bbox 1814 1912 3409 1987">
    <p class='ocr_par' dir='ltr' id='par_1_77' title="bbox 1814 1912 3409 1987">
     <span class='ocr_line' id='line_1_77' title="bbox 1814 1912 3409 1987; baseline 0.008 -24"><span class='ocrx_word' id='word_1_613' title='bbox 1814 1925 1896 1965; x_wconf 89' lang='lat' dir='ltr'><strong>res</strong></span> <span class='ocrx_word' id='word_1_614' title='bbox 1933 1912 2036 1966; x_wconf 89' lang='lat' dir='ltr'><strong>veri</strong></span> <span class='ocrx_word' id='word_1_615' title='bbox 2070 1913 2344 1984; x_wconf 85' lang='lat' dir='ltr'><strong>proverbii,</strong></span> <span class='ocrx_word' id='word_1_616' title='bbox 2376 1913 2530 1970; x_wconf 85' lang='lat' dir='ltr'><strong>Canis</strong></span> <span class='ocrx_word' id='word_1_617' title='bbox 2550 1932 2775 1971; x_wconf 88' lang='lat' dir='ltr'><strong>reversus</strong></span> <span class='ocrx_word' id='word_1_618' title='bbox 2800 1919 2868 1971; x_wconf 91' lang='lat' dir='ltr'><strong>ad</strong></span> <span class='ocrx_word' id='word_1_619' title='bbox 2896 1935 3047 1973; x_wconf 91' lang='lat' dir='ltr'><strong>suum</strong></span> <span class='ocrx_word' id='word_1_620' title='bbox 3065 1922 3327 1987; x_wconf 88' lang='lat' dir='ltr'><strong>vomitum,</strong></span> <span class='ocrx_word' id='word_1_621' title='bbox 3356 1929 3409 1976; x_wconf 85' lang='lat' dir='ltr'><strong>et</strong></span> 
     </span>
    </p>
   </div>
   <div class='ocr_carea' id='block_1_78' title="bbox 1816 2004 3409 2081">
    <p class='ocr_par' dir='ltr' id='par_1_78' title="bbox 1816 2004 3409 2081">
     <span class='ocr_line' id='line_1_78' title="bbox 1816 2004 3409 2081; baseline 0.008 -26"><span class='ocrx_word' id='word_1_622' title='bbox 1816 2017 1903 2056; x_wconf 89' lang='lat' dir='ltr'><strong>sus</strong></span> <span class='ocrx_word' id='word_1_623' title='bbox 1942 2004 2047 2057; x_wconf 90' lang='lat' dir='ltr'><strong>lota</strong></span> <span class='ocrx_word' id='word_1_624' title='bbox 2084 2005 2139 2057; x_wconf 89' lang='lat' dir='ltr'><strong>in</strong></span> <span class='ocrx_word' id='word_1_625' title='bbox 2181 2006 2455 2060; x_wconf 89' lang='lat' dir='ltr'><strong>volutabris</strong></span> <span class='ocrx_word' id='word_1_626' title='bbox 2500 2008 2646 2062; x_wconf 75' lang='lat' dir='ltr'><strong>cazni.</strong></span> <span class='ocrx_word' id='word_1_627' title='bbox 2686 2007 2825 2075; x_wconf 87' lang='lat' dir='ltr'><strong>Quid</strong></span> <span class='ocrx_word' id='word_1_628' title='bbox 2868 2010 3045 2066; x_wconf 90' lang='lat' dir='ltr'><strong>adhuc</strong></span> <span class='ocrx_word' id='word_1_629' title='bbox 3083 2012 3409 2081; x_wconf 86' lang='lat' dir='ltr'><strong>promittitur</strong></span> 
     </span>
    </p>
   </div>
   <div class='ocr_carea' id='block_1_79' title="bbox 1816 2096 3408 2162">
    <p class='ocr_par' dir='ltr' id='par_1_79' title="bbox 1816 2096 3408 2162">
     <span class='ocr_line' id='line_1_79' title="bbox 1816 2096 3408 2162; baseline 0.008 -12"><span class='ocrx_word' id='word_1_630' title='bbox 1816 2103 2002 2151; x_wconf 87' lang='lat' dir='ltr'><strong>contra</strong></span> <span class='ocrx_word' id='word_1_631' title='bbox 2028 2096 2183 2151; x_wconf 88' lang='lat' dir='ltr'><strong>istam</strong></span> <span class='ocrx_word' id='word_1_632' title='bbox 2216 2098 2706 2155; x_wconf 74' lang='lat' dir='ltr'><strong>manifestissimum</strong></span> <span class='ocrx_word' id='word_1_633' title='bbox 2737 2103 3018 2158; x_wconf 86' lang='lat' dir='ltr'><strong>veritatem</strong></span> <span class='ocrx_word' id='word_1_634' title='bbox 3039 2103 3274 2159; x_wconf 91' lang='lat' dir='ltr'><strong>conditio</strong></span> <span class='ocrx_word' id='word_1_635' title='bbox 3294 2119 3408 2162; x_wconf 84' lang='lat' dir='ltr'><strong>me-</strong></span> 
     </span>
    </p>
   </div>
   <div class='ocr_carea' id='block_1_80' title="bbox 1816 2185 3406 2263">
    <p class='ocr_par' dir='ltr' id='par_1_80' title="bbox 1816 2185 3406 2263">
     <span class='ocr_line' id='line_1_80' title="bbox 1816 2185 3406 2263; baseline 0.008 -24"><span class='ocrx_word' id='word_1_636' title='bbox 1816 2185 1919 2241; x_wconf 88' lang='lat' dir='ltr'><strong>lior</strong></span> <span class='ocrx_word' id='word_1_637' title='bbox 1944 2186 2010 2241; x_wconf 92' lang='lat' dir='ltr'><strong>iis</strong></span> <span class='ocrx_word' id='word_1_638' title='bbox 2037 2189 2126 2258; x_wconf 91' lang='lat' dir='ltr'><strong>qui</strong></span> <span class='ocrx_word' id='word_1_639' title='bbox 2153 2199 2519 2258; x_wconf 89' lang='lat' dir='ltr'><strong>cognoverunt</strong></span> <span class='ocrx_word' id='word_1_640' title='bbox 2546 2191 2685 2246; x_wconf 87' lang='lat' dir='ltr'><strong>viam</strong></span> <span class='ocrx_word' id='word_1_641' title='bbox 2707 2192 2948 2262; x_wconf 84' lang='lat' dir='ltr'><strong>justitiae,</strong></span> <span class='ocrx_word' id='word_1_642' title='bbox 2977 2193 3078 2249; x_wconf 90' lang='lat' dir='ltr'><strong>hoc</strong></span> <span class='ocrx_word' id='word_1_643' title='bbox 3097 2204 3198 2263; x_wconf 91' lang='lat' dir='ltr'><strong>est,</strong></span> <span class='ocrx_word' id='word_1_644' title='bbox 3223 2196 3406 2251; x_wconf 85' lang='lat' dir='ltr'><strong>Domi-</strong></span> 
     </span>
    </p>
   </div>
   <div class='ocr_carea' id='block_1_81' title="bbox 1816 2277 3409 2353">
    <p class='ocr_par' dir='ltr' id='par_1_81' title="bbox 1816 2277 3409 2353">
     <span class='ocr_line' id='line_1_81' title="bbox 1816 2277 3409 2353; baseline 0.005 -21"><span class='ocrx_word' id='word_1_645' title='bbox 1816 2293 1945 2333; x_wconf 91' lang='lat' dir='ltr'><strong>num</strong></span> <span class='ocrx_word' id='word_1_646' title='bbox 1974 2277 2246 2333; x_wconf 89' lang='lat' dir='ltr'><strong>Christum</strong></span> <span class='ocrx_word' id='word_1_647' title='bbox 2270 2322 2285 2347; x_wconf 90' lang='lat'><strong>,</strong></span> <span class='ocrx_word' id='word_1_648' title='bbox 2318 2288 2372 2335; x_wconf 90' lang='lat' dir='ltr'><strong>et</strong></span> <span class='ocrx_word' id='word_1_649' title='bbox 2398 2281 2605 2351; x_wconf 90' lang='lat' dir='ltr'><strong>perdite</strong></span> <span class='ocrx_word' id='word_1_650' title='bbox 2633 2282 2845 2349; x_wconf 90' lang='lat' dir='ltr'><strong>vivunt,</strong></span> <span class='ocrx_word' id='word_1_651' title='bbox 2880 2298 3037 2353; x_wconf 84' lang='lat' dir='ltr'><strong>quam</strong></span> <span class='ocrx_word' id='word_1_652' title='bbox 3067 2284 3112 2339; x_wconf 91' lang='lat' dir='ltr'><strong>si</strong></span> <span class='ocrx_word' id='word_1_653' title='bbox 3142 2286 3157 2316; x_wconf 85' lang='grc'>¹</span> <span class='ocrx_word' id='word_1_654' title='bbox 3189 2285 3409 2341; x_wconf 92' lang='lat' dir='ltr'><strong>omnino</strong></span> 
     </span>
    </p>
   </div>
   <div class='ocr_carea' id='block_1_82' title="bbox 1816 2374 3448 2447">
    <p class='ocr_par' dir='ltr' id='par_1_82' title="bbox 1816 2374 3448 2447">
     <span class='ocr_line' id='line_1_82' title="bbox 1816 2374 3448 2447; baseline 0.006 -21"><span class='ocrx_word' id='word_1_655' title='bbox 1816 2387 1921 2427; x_wconf 90' lang='lat' dir='ltr'><strong>non</strong></span> <span class='ocrx_word' id='word_1_656' title='bbox 1964 2374 2373 2444; x_wconf 86' lang='lat' dir='ltr'><strong>cognovissent;</strong></span> <span class='ocrx_word' id='word_1_657' title='bbox 2407 2390 2529 2431; x_wconf 92' lang='lat' dir='ltr'><strong>cum</strong></span> <span class='ocrx_word' id='word_1_658' title='bbox 2572 2378 2909 2447; x_wconf 90' lang='lat' dir='ltr'><strong>apertissime</strong></span> <span class='ocrx_word' id='word_1_659' title='bbox 2948 2378 3183 2447; x_wconf 90' lang='lat' dir='ltr'><strong>dicatur,</strong></span> <span class='ocrx_word' id='word_1_660' title='bbox 3213 2379 3402 2437; x_wconf 80' lang='lat' dir='ltr'><strong>Melius</strong></span> <span class='ocrx_word' id='word_1_661' title='bbox 3442 2428 3448 2435; x_wconf 90' lang='lat'><strong>.</strong></span> 
     </span>
    </p>
   </div>
   <div class='ocr_carea' id='block_1_83' title="bbox 1815 2466 3406 2544">
    <p class='ocr_par' dir='ltr' id='par_1_83' title="bbox 1815 2466 3406 2544">
     <span class='ocr_line' id='line_1_83' title="bbox 1815 2466 3406 2544; baseline 0.006 -25"><span class='ocrx_word' id='word_1_662' title='bbox 1815 2473 1923 2519; x_wconf 89' lang='lat' dir='ltr'><strong>erat</strong></span> <span class='ocrx_word' id='word_1_663' title='bbox 1952 2466 2055 2519; x_wconf 88' lang='lat' dir='ltr'><strong>illis</strong></span> <span class='ocrx_word' id='word_1_664' title='bbox 2082 2482 2181 2519; x_wconf 91' lang='lat' dir='ltr'><strong>non</strong></span> <span class='ocrx_word' id='word_1_665' title='bbox 2203 2483 2501 2538; x_wconf 86' lang='lat' dir='ltr'><strong>cognoscere</strong></span> <span class='ocrx_word' id='word_1_666' title='bbox 2520 2470 2652 2522; x_wconf 88' lang='lat' dir='ltr'><strong>viam</strong></span> <span class='ocrx_word' id='word_1_667' title='bbox 2664 2470 2897 2538; x_wconf 77' lang='lat' dir='ltr'><strong>justitite,</strong></span> <span class='ocrx_word' id='word_1_668' title='bbox 2923 2489 3075 2541; x_wconf 82' lang='lat' dir='ltr'><strong>quant</strong></span> <span class='ocrx_word' id='word_1_669' title='bbox 3095 2488 3406 2544; x_wconf 83' lang='lat' dir='ltr'><strong>cognoscen-</strong></span> 
     </span>
    </p>
   </div>
   <div class='ocr_carea' id='block_1_84' title="bbox 1816 2561 3303 2631">
    <p class='ocr_par' dir='ltr' id='par_1_84' title="bbox 1816 2561 3303 2631">
     <span class='ocr_line' id='line_1_84' title="bbox 1816 2561 3303 2631; baseline 0.007 -20"><span class='ocrx_word' id='word_1_670' title='bbox 1816 2566 1886 2612; x_wconf 90' lang='lat' dir='ltr'><strong>tes</strong></span> <span class='ocrx_word' id='word_1_671' title='bbox 1914 2566 2188 2613; x_wconf 88' lang='lat' dir='ltr'><strong>retrorsum</strong></span> <span class='ocrx_word' id='word_1_672' title='bbox 2210 2561 2400 2631; x_wconf 81' lang='lat' dir='ltr'><strong>reﬂecti</strong></span> <span class='ocrx_word' id='word_1_673' title='bbox 2434 2578 2465 2615; x_wconf 93' lang='lat' dir='ltr'><strong>a</strong></span> <span class='ocrx_word' id='word_1_674' title='bbox 2491 2563 2675 2615; x_wconf 89' lang='lat' dir='ltr'><strong>tradito</strong></span> <span class='ocrx_word' id='word_1_675' title='bbox 2695 2562 2791 2617; x_wconf 87' lang='lat' dir='ltr'><strong>sibi</strong></span> <span class='ocrx_word' id='word_1_676' title='bbox 2813 2575 2987 2619; x_wconf 90' lang='lat' dir='ltr'><strong>sancto</strong></span> <span class='ocrx_word' id='word_1_677' title='bbox 3020 2567 3258 2621; x_wconf 88' lang='lat' dir='ltr'><strong>mandato</strong></span> <span class='ocrx_word' id='word_1_678' title='bbox 3276 2568 3303 2621; x_wconf 83' lang='lat'><strong><em>?</em></strong></span> 
     </span>
    </p>
   </div>
   <div class='ocr_carea' id='block_1_85' title="bbox 1887 2649 3409 2730">
    <p class='ocr_par' dir='ltr' id='par_1_85' title="bbox 1887 2649 3409 2730">
     <span class='ocr_line' id='line_1_85' title="bbox 1887 2649 3409 2730; baseline 0.007 -25"><span class='ocrx_word' id='word_1_679' title='bbox 1887 2649 2112 2706; x_wconf 84' lang='lat' dir='ltr'><strong>CAPUT</strong></span> <span class='ocrx_word' id='word_1_680' title='bbox 2132 2650 2300 2706; x_wconf 80' lang='lat' dir='ltr'><strong>XXV.</strong></span> <span class='ocrx_word' id='word_1_681' title='bbox 2318 2682 2388 2693; x_wconf 92' lang='lat'><strong>—</strong></span> <span class='ocrx_word' id='word_1_682' title='bbox 2403 2653 2493 2708; x_wconf 76' lang='grc'><strong>46.</strong></span> <span class='ocrx_word' id='word_1_683' title='bbox 2514 2653 2764 2709; x_wconf 87' lang='lat' dir='ltr'><strong>Sanctum</strong></span> <span class='ocrx_word' id='word_1_684' title='bbox 2779 2656 3076 2711; x_wconf 89' lang='lat' dir='ltr'><strong>mandatum</strong></span> <span class='ocrx_word' id='word_1_685' title='bbox 3097 2658 3236 2729; x_wconf 89' lang='lat' dir='ltr'><strong>quid,</strong></span> <span class='ocrx_word' id='word_1_686' title='bbox 3259 2660 3409 2730; x_wconf 83' lang='lat' dir='ltr'><strong>idque</strong></span> 
     </span>
    </p>
   </div>
   <div class='ocr_carea' id='block_1_86' title="bbox 1815 2746 3409 2820">
    <p class='ocr_par' dir='ltr' id='par_1_86' title="bbox 1815 2746 3409 2820">
     <span class='ocr_line' id='line_1_86' title="bbox 1815 2746 3409 2820; baseline 0.008 -26"><span class='ocrx_word' id='word_1_687' title='bbox 1815 2752 2166 2812; x_wconf 88' lang='lat' dir='ltr'><strong>cognoscentes</strong></span> <span class='ocrx_word' id='word_1_688' title='bbox 2187 2760 2246 2796; x_wconf 93' lang='lat' dir='ltr'><strong>ac</strong></span> <span class='ocrx_word' id='word_1_689' title='bbox 2266 2746 2687 2815; x_wconf 86' lang='lat' dir='ltr'><strong>transgredientes</strong></span> <span class='ocrx_word' id='word_1_690' title='bbox 2706 2764 2819 2817; x_wconf 66' lang='lat' dir='ltr'><strong>qua:</strong></span> <span class='ocrx_word' id='word_1_691' title='bbox 2839 2747 2985 2820; x_wconf 75' lang='lat' dir='ltr'><strong>paena</strong></span> <span class='ocrx_word' id='word_1_692' title='bbox 3006 2761 3225 2805; x_wconf 89' lang='lat' dir='ltr'><strong>maneat.</strong></span> <span class='ocrx_word' id='word_1_693' title='bbox 3243 2750 3409 2807; x_wconf 64' lang='lat' dir='ltr'><strong>Poena</strong></span> 
     </span>
    </p>
   </div>
   <div class='ocr_carea' id='block_1_87' title="bbox 1816 2835 3410 2914">
    <p class='ocr_par' dir='ltr' id='par_1_87' title="bbox 1816 2835 3410 2914">
     <span class='ocr_line' id='line_1_87' title="bbox 1816 2835 3410 2914; baseline 0.008 -27"><span class='ocrx_word' id='word_1_694' title='bbox 1816 2836 2106 2890; x_wconf 86' lang='lat' dir='ltr'><strong>transitoria</strong></span> <span class='ocrx_word' id='word_1_695' title='bbox 2148 2835 2416 2907; x_wconf 77' lang='lat' dir='ltr'><strong>baptizatis</strong></span> <span class='ocrx_word' id='word_1_696' title='bbox 2457 2838 2699 2894; x_wconf 86' lang='lat' dir='ltr'><strong>scelerate</strong></span> <span class='ocrx_word' id='word_1_697' title='bbox 2734 2840 3010 2898; x_wconf 86' lang='lat' dir='ltr'><strong>viventibus</strong></span> <span class='ocrx_word' id='word_1_698' title='bbox 3053 2860 3154 2897; x_wconf 90' lang='lat' dir='ltr'><strong>non</strong></span> <span class='ocrx_word' id='word_1_699' title='bbox 3198 2846 3410 2914; x_wconf 87' lang='lat' dir='ltr'><strong>promit-</strong></span> 
     </span>
    </p>
   </div>
   <div class='ocr_carea' id='block_1_88' title="bbox 1818 2927 3410 3007">
    <p class='ocr_par' dir='ltr' id='par_1_88' title="bbox 1818 2927 3410 3007">
     <span class='ocr_line' id='line_1_88' title="bbox 1818 2927 3410 3007; baseline 0.009 -27"><span class='ocrx_word' id='word_1_700' title='bbox 1818 2927 1987 2982; x_wconf 88' lang='lat' dir='ltr'><strong>tenda.</strong></span> <span class='ocrx_word' id='word_1_701' title='bbox 2044 2927 2231 2999; x_wconf 85' lang='lat' dir='ltr'><strong>Neque</strong></span> <span class='ocrx_word' id='word_1_702' title='bbox 2283 2930 2425 2985; x_wconf 91' lang='lat' dir='ltr'><strong>enim</strong></span> <span class='ocrx_word' id='word_1_703' title='bbox 2476 2931 2607 2987; x_wconf 93' lang='lat' dir='ltr'><strong>illud</strong></span> <span class='ocrx_word' id='word_1_704' title='bbox 2659 2932 2762 2987; x_wconf 90' lang='lat' dir='ltr'><strong>hoc</strong></span> <span class='ocrx_word' id='word_1_705' title='bbox 2818 2934 2937 2990; x_wconf 91' lang='lat' dir='ltr'><strong>loco</strong></span> <span class='ocrx_word' id='word_1_706' title='bbox 3005 2935 3410 3007; x_wconf 89' lang='lat' dir='ltr'><strong>intelligendum</strong></span> 
     </span>
    </p>
   </div>
   <div class='ocr_carea' id='block_1_89' title="bbox 1816 3021 3411 3095">
    <p class='ocr_par' dir='ltr' id='par_1_89' title="bbox 1816 3021 3411 3095">
     <span class='ocr_line' id='line_1_89' title="bbox 1816 3021 3411 3095; baseline 0.006 -22"><span class='ocrx_word' id='word_1_707' title='bbox 1816 3028 1900 3074; x_wconf 91' lang='lat' dir='ltr'><strong>est</strong></span> <span class='ocrx_word' id='word_1_708' title='bbox 1941 3028 2189 3074; x_wconf 91' lang='lat' dir='ltr'><strong>sanctum</strong></span> <span class='ocrx_word' id='word_1_709' title='bbox 2232 3021 2541 3077; x_wconf 88' lang='lat' dir='ltr'><strong>mandatum</strong></span> <span class='ocrx_word' id='word_1_710' title='bbox 2565 3064 2579 3090; x_wconf 94' lang='lat'><strong>,</strong></span> <span class='ocrx_word' id='word_1_711' title='bbox 2622 3038 2727 3094; x_wconf 92' lang='lat' dir='ltr'><strong>quo</strong></span> <span class='ocrx_word' id='word_1_712' title='bbox 2766 3035 3092 3095; x_wconf 83' lang='lat' dir='ltr'><strong>praeceptum</strong></span> <span class='ocrx_word' id='word_1_713' title='bbox 3133 3035 3217 3082; x_wconf 90' lang='lat' dir='ltr'><strong>est</strong></span> <span class='ocrx_word' id='word_1_714' title='bbox 3259 3036 3318 3082; x_wconf 87' lang='lat' dir='ltr'><strong>ut</strong></span> <span class='ocrx_word' id='word_1_715' title='bbox 3354 3028 3411 3083; x_wconf 84' lang='lat' dir='ltr'><strong>in</strong></span> 
     </span>
    </p>
   </div>
   <div class='ocr_carea' id='block_1_90' title="bbox 1818 3112 3411 3188">
    <p class='ocr_par' dir='ltr' id='par_1_90' title="bbox 1818 3112 3411 3188">
     <span class='ocr_line' id='line_1_90' title="bbox 1818 3112 3411 3188; baseline 0.008 -22"><span class='ocrx_word' id='word_1_716' title='bbox 1818 3112 1987 3167; x_wconf 89' lang='lat' dir='ltr'><strong>Deum</strong></span> <span class='ocrx_word' id='word_1_717' title='bbox 2015 3112 2331 3181; x_wconf 89' lang='lat' dir='ltr'><strong>credamus;</strong></span> <span class='ocrx_word' id='word_1_718' title='bbox 2372 3130 2675 3186; x_wconf 91' lang='lat' dir='ltr'><strong>quanquam</strong></span> <span class='ocrx_word' id='word_1_719' title='bbox 2708 3132 2773 3172; x_wconf 90' lang='lat' dir='ltr'><strong>eo</strong></span> <span class='ocrx_word' id='word_1_720' title='bbox 2817 3118 2933 3188; x_wconf 91' lang='lat' dir='ltr'><strong>ipso</strong></span> <span class='ocrx_word' id='word_1_721' title='bbox 2962 3128 3128 3175; x_wconf 89' lang='lat' dir='ltr'><strong>totum</strong></span> <span class='ocrx_word' id='word_1_722' title='bbox 3165 3122 3411 3178; x_wconf 88' lang='lat' dir='ltr'><strong>contine-</strong></span> 
     </span>
    </p>
   </div>
   <div class='ocr_carea' id='block_1_91' title="bbox 1779 3204 3412 3283">
    <p class='ocr_par' dir='ltr' id='par_1_91' title="bbox 1779 3204 3412 3283">
     <span class='ocr_line' id='line_1_91' title="bbox 1779 3204 3412 3283; baseline 0.008 -27"><span class='ocrx_word' id='word_1_723' title='bbox 1779 3274 1787 3283; x_wconf 36' lang='lat'><strong><em>.</em></strong></span> <span class='ocrx_word' id='word_1_724' title='bbox 1818 3211 1933 3268; x_wconf 90' lang='lat' dir='ltr'><strong>tur,</strong></span> <span class='ocrx_word' id='word_1_725' title='bbox 1966 3204 2011 3257; x_wconf 91' lang='lat' dir='ltr'><strong>si</strong></span> <span class='ocrx_word' id='word_1_726' title='bbox 2040 3219 2160 3258; x_wconf 91' lang='lat' dir='ltr'><strong>eam</strong></span> <span class='ocrx_word' id='word_1_727' title='bbox 2193 3205 2553 3276; x_wconf 88' lang='lat' dir='ltr'><strong>intelligamus</strong></span> <span class='ocrx_word' id='word_1_728' title='bbox 2582 3208 2742 3263; x_wconf 88' lang='lat' dir='ltr'><strong>ﬁdem</strong></span> <span class='ocrx_word' id='word_1_729' title='bbox 2768 3210 3102 3265; x_wconf 84' lang='lat' dir='ltr'><strong>credentium</strong></span> <span class='ocrx_word' id='word_1_730' title='bbox 3128 3254 3143 3279; x_wconf 93' lang='lat'><strong>,</strong></span> <span class='ocrx_word' id='word_1_731' title='bbox 3172 3229 3290 3283; x_wconf 79' lang='lat' dir='ltr'><strong>qua:</strong></span> <span class='ocrx_word' id='word_1_732' title='bbox 3315 3229 3412 3283; x_wconf 88' lang='lat' dir='ltr'><strong>per</strong></span> 
     </span>
    </p>
   </div>
   <div class='ocr_carea' id='block_1_92' title="bbox 1815 3295 3410 3374">
    <p class='ocr_par' dir='ltr' id='par_1_92' title="bbox 1815 3295 3410 3374">
     <span class='ocr_line' id='line_1_92' title="bbox 1815 3295 3410 3374; baseline 0.006 -24"><span class='ocrx_word' id='word_1_733' title='bbox 1815 3295 2157 3351; x_wconf 91' lang='lat' dir='ltr'><strong>dilectionem</strong></span> <span class='ocrx_word' id='word_1_734' title='bbox 2184 3307 2439 3367; x_wconf 88' lang='lat' dir='ltr'><strong>operatur</strong></span> <span class='ocrx_word' id='word_1_735' title='bbox 2477 3316 2491 3352; x_wconf 89' lang='lat'><strong>:</strong></span> <span class='ocrx_word' id='word_1_736' title='bbox 2533 3299 2627 3354; x_wconf 90' lang='lat' dir='ltr'><strong>sed</strong></span> <span class='ocrx_word' id='word_1_737' title='bbox 2664 3309 2848 3371; x_wconf 88' lang='lat' dir='ltr'><strong>aperte</strong></span> <span class='ocrx_word' id='word_1_738' title='bbox 2874 3304 3143 3372; x_wconf 84' lang='lat' dir='ltr'><strong>expressit</strong></span> <span class='ocrx_word' id='word_1_739' title='bbox 3168 3304 3293 3374; x_wconf 93' lang='lat' dir='ltr'><strong>quid</strong></span> <span class='ocrx_word' id='word_1_740' title='bbox 3323 3304 3410 3359; x_wconf 93' lang='lat' dir='ltr'><strong>di-</strong></span> 
     </span>
    </p>
   </div>
   <div class='ocr_carea' id='block_1_93' title="bbox 1816 3388 3413 3464">
    <p class='ocr_par' dir='ltr' id='par_1_93' title="bbox 1816 3388 3413 3464">
     <span class='ocr_line' id='line_1_93' title="bbox 1816 3388 3413 3464; baseline 0.006 -23"><span class='ocrx_word' id='word_1_741' title='bbox 1816 3396 1965 3442; x_wconf 89' lang='lat' dir='ltr'><strong>ceret</strong></span> <span class='ocrx_word' id='word_1_742' title='bbox 1989 3395 2231 3441; x_wconf 89' lang='lat' dir='ltr'><strong>sanctum</strong></span> <span class='ocrx_word' id='word_1_743' title='bbox 2258 3388 2588 3456; x_wconf 90' lang='lat' dir='ltr'><strong>mandatum,</strong></span> <span class='ocrx_word' id='word_1_744' title='bbox 2614 3389 2668 3444; x_wconf 92' lang='lat' dir='ltr'><strong>id</strong></span> <span class='ocrx_word' id='word_1_745' title='bbox 2697 3398 2811 3456; x_wconf 90' lang='lat' dir='ltr'><strong>est,</strong></span> <span class='ocrx_word' id='word_1_746' title='bbox 2843 3406 2950 3462; x_wconf 93' lang='lat' dir='ltr'><strong>quo</strong></span> <span class='ocrx_word' id='word_1_747' title='bbox 2979 3403 3301 3464; x_wconf 66' lang='lat' dir='ltr'><strong>praeceptum</strong></span> <span class='ocrx_word' id='word_1_748' title='bbox 3327 3404 3413 3451; x_wconf 87' lang='lat' dir='ltr'><strong>est</strong></span> 
     </span>
    </p>
   </div>
   <div class='ocr_carea' id='block_1_94' title="bbox 1816 3478 3409 3550">
    <p class='ocr_par' dir='ltr' id='par_1_94' title="bbox 1816 3478 3409 3550">
     <span class='ocr_line' id='line_1_94' title="bbox 1816 3478 3409 3550; baseline 0.004 -17"><span class='ocrx_word' id='word_1_749' title='bbox 1816 3486 1876 3533; x_wconf 90' lang='lat' dir='ltr'><strong>ut</strong></span> <span class='ocrx_word' id='word_1_750' title='bbox 1902 3478 1969 3533; x_wconf 88' lang='lat' dir='ltr'><strong>ab</strong></span> <span class='ocrx_word' id='word_1_751' title='bbox 1993 3478 2150 3548; x_wconf 85' lang='lat' dir='ltr'><strong>hujus</strong></span> <span class='ocrx_word' id='word_1_752' title='bbox 2171 3479 2356 3534; x_wconf 90' lang='lat' dir='ltr'><strong>mundi</strong></span> <span class='ocrx_word' id='word_1_753' title='bbox 2382 3479 2901 3550; x_wconf 90' lang='lat' dir='ltr'><strong>coinquinationibus</strong></span> <span class='ocrx_word' id='word_1_754' title='bbox 2923 3483 3235 3539; x_wconf 85' lang='lat' dir='ltr'><strong>recedentes</strong></span> <span class='ocrx_word' id='word_1_755' title='bbox 3260 3494 3409 3541; x_wconf 88' lang='lat' dir='ltr'><strong>casta</strong></span> 
     </span>
    </p>
   </div>
   <div class='ocr_carea' id='block_1_95' title="bbox 1818 3570 3413 3645">
    <p class='ocr_par' dir='ltr' id='par_1_95' title="bbox 1818 3570 3413 3645">
     <span class='ocr_line' id='line_1_95' title="bbox 1818 3570 3413 3645; baseline 0.003 -20"><span class='ocrx_word' id='word_1_756' title='bbox 1818 3570 2227 3626; x_wconf 89' lang='lat' dir='ltr'><strong>conversatione</strong></span> <span class='ocrx_word' id='word_1_757' title='bbox 2252 3570 2514 3626; x_wconf 85' lang='lat' dir='ltr'><strong>vivamus.</strong></span> <span class='ocrx_word' id='word_1_758' title='bbox 2542 3570 2631 3626; x_wconf 87' lang='lat' dir='ltr'><strong>Sic</strong></span> <span class='ocrx_word' id='word_1_759' title='bbox 2656 3571 2799 3626; x_wconf 91' lang='lat' dir='ltr'><strong>enim</strong></span> <span class='ocrx_word' id='word_1_760' title='bbox 2826 3571 2900 3627; x_wconf 89' lang='lat' dir='ltr'><strong>ait</strong></span> <span class='ocrx_word' id='word_1_761' title='bbox 2942 3589 2955 3626; x_wconf 91' lang='lat'>:</span> <span class='ocrx_word' id='word_1_762' title='bbox 3001 3573 3063 3628; x_wconf 91' lang='lat' dir='ltr'><strong>Si</strong></span> <span class='ocrx_word' id='word_1_763' title='bbox 3099 3575 3233 3629; x_wconf 88' lang='lat' dir='ltr'><strong>enim</strong></span> <span class='ocrx_word' id='word_1_764' title='bbox 3272 3576 3413 3645; x_wconf 75' lang='lat' dir='ltr'><strong>refu-</strong></span> 
     </span>
    </p>
   </div>
   <div class='ocr_carea' id='block_1_96' title="bbox 1818 3662 3412 3736">
    <p class='ocr_par' dir='ltr' id='par_1_96' title="bbox 1818 3662 3412 3736">
     <span class='ocr_line' id='line_1_96' title="bbox 1818 3662 3412 3736; baseline 0.005 -21"><span class='ocrx_word' id='word_1_765' title='bbox 1818 3662 2006 3732; x_wconf 89' lang='lat' dir='ltr'><strong>gientes</strong></span> <span class='ocrx_word' id='word_1_766' title='bbox 2050 3662 2480 3732; x_wconf 87' lang='lat' dir='ltr'><strong>coinquinationes</strong></span> <span class='ocrx_word' id='word_1_767' title='bbox 2525 3663 2705 3717; x_wconf 88' lang='lat' dir='ltr'><strong>mundi</strong></span> <span class='ocrx_word' id='word_1_768' title='bbox 2744 3665 2797 3718; x_wconf 91' lang='lat' dir='ltr'><strong>in</strong></span> <span class='ocrx_word' id='word_1_769' title='bbox 2845 3665 3154 3736; x_wconf 87' lang='lat' dir='ltr'><strong>agnitionem</strong></span> <span class='ocrx_word' id='word_1_770' title='bbox 3202 3666 3412 3724; x_wconf 90' lang='lat' dir='ltr'><strong>Domini</strong></span> 
     </span>
    </p>
   </div>
   <div class='ocr_carea' id='block_1_97' title="bbox 1819 3753 3411 3831">
    <p class='ocr_par' dir='ltr' id='par_1_97' title="bbox 1819 3753 3411 3831">
     <span class='ocr_line' id='line_1_97' title="bbox 1819 3753 3411 3831; baseline 0.006 -24"><span class='ocrx_word' id='word_1_771' title='bbox 1819 3753 1978 3807; x_wconf 88' lang='lat' dir='ltr'><strong>nostri</strong></span> <span class='ocrx_word' id='word_1_772' title='bbox 2012 3762 2057 3807; x_wconf 89' lang='lat' dir='ltr'><strong>et</strong></span> <span class='ocrx_word' id='word_1_773' title='bbox 2084 3755 2449 3809; x_wconf 85' lang='lat' dir='ltr'><strong>conservatoris</strong></span> <span class='ocrx_word' id='word_1_774' title='bbox 2481 3753 2517 3808; x_wconf 79' lang='grc' dir='ltr'><em>Ι</em></span> <span class='ocrx_word' id='word_1_775' title='bbox 2521 3771 2609 3810; x_wconf 87' lang='lat' dir='ltr'><strong>esu</strong></span> <span class='ocrx_word' id='word_1_776' title='bbox 2637 3755 2863 3826; x_wconf 87' lang='lat' dir='ltr'><strong>Christi,</strong></span> <span class='ocrx_word' id='word_1_777' title='bbox 2891 3758 2971 3813; x_wconf 90' lang='lat' dir='ltr'><strong>his</strong></span> <span class='ocrx_word' id='word_1_778' title='bbox 2999 3775 3175 3813; x_wconf 88' lang='lat' dir='ltr'><strong>rursus</strong></span> <span class='ocrx_word' id='word_1_779' title='bbox 3201 3760 3411 3831; x_wconf 74' lang='lat' dir='ltr'><strong>implexi</strong></span> 
     </span>
    </p>
   </div>
   <div class='ocr_carea' id='block_1_98' title="bbox 1818 3844 3411 3921">
    <p class='ocr_par' dir='ltr' id='par_1_98' title="bbox 1818 3844 3411 3921">
     <span class='ocr_line' id='line_1_98' title="bbox 1818 3844 3411 3921; baseline 0.005 -24"><span class='ocrx_word' id='word_1_780' title='bbox 1818 3852 2142 3915; x_wconf 89' lang='lat' dir='ltr'><strong>superantur,</strong></span> <span class='ocrx_word' id='word_1_781' title='bbox 2174 3844 2314 3915; x_wconf 80' lang='lat' dir='ltr'><strong>facta</strong></span> <span class='ocrx_word' id='word_1_782' title='bbox 2345 3855 2460 3899; x_wconf 88' lang='lat' dir='ltr'><strong>sunt</strong></span> <span class='ocrx_word' id='word_1_783' title='bbox 2488 3845 2591 3901; x_wconf 91' lang='lat' dir='ltr'><strong>illis</strong></span> <span class='ocrx_word' id='word_1_784' title='bbox 2632 3849 2913 3917; x_wconf 88' lang='lat' dir='ltr'><strong>posteriora</strong></span> <span class='ocrx_word' id='word_1_785' title='bbox 2947 3850 3199 3905; x_wconf 85' lang='lat' dir='ltr'><strong>deteriora</strong></span> <span class='ocrx_word' id='word_1_786' title='bbox 3225 3851 3411 3921; x_wconf 80' lang='lat' dir='ltr'><strong>priori—</strong></span> 
     </span>
    </p>
   </div>
   <div class='ocr_carea' id='block_1_99' title="bbox 1821 3935 3412 4008">
    <p class='ocr_par' dir='ltr' id='par_1_99' title="bbox 1821 3935 3412 4008">
     <span class='ocr_line' id='line_1_99' title="bbox 1821 3935 3412 4008; baseline 0.006 -19"><span class='ocrx_word' id='word_1_787' title='bbox 1821 3936 1929 3990; x_wconf 86' lang='lat' dir='ltr'><strong>bus.</strong></span> <span class='ocrx_word' id='word_1_788' title='bbox 1959 3935 2076 3992; x_wconf 88' lang='lat' dir='ltr'><strong>Non</strong></span> <span class='ocrx_word' id='word_1_789' title='bbox 2113 3937 2222 4003; x_wconf 91' lang='lat' dir='ltr'><strong>ait,</strong></span> <span class='ocrx_word' id='word_1_790' title='bbox 2254 3937 2577 4007; x_wconf 82' lang='lat' dir='ltr'><strong>refugientes</strong></span> <span class='ocrx_word' id='word_1_791' title='bbox 2604 3938 2958 4008; x_wconf 88' lang='lat' dir='ltr'><strong>ignorantiam</strong></span> <span class='ocrx_word' id='word_1_792' title='bbox 2992 3942 3121 4007; x_wconf 90' lang='lat' dir='ltr'><strong>Dei,</strong></span> <span class='ocrx_word' id='word_1_793' title='bbox 3152 3953 3243 3997; x_wconf 89' lang='lat' dir='ltr'><strong>aut</strong></span> <span class='ocrx_word' id='word_1_794' title='bbox 3269 3944 3412 3999; x_wconf 79' lang='lat' dir='ltr'><strong>relu-</strong></span> 
     </span>
    </p>
   </div>
   <div class='ocr_carea' id='block_1_100' title="bbox 1819 4027 3407 4104">
    <p class='ocr_par' dir='ltr' id='par_1_100' title="bbox 1819 4027 3407 4104">
     <span class='ocr_line' id='line_1_100' title="bbox 1819 4027 3407 4104; baseline 0.007 -24"><span class='ocrx_word' id='word_1_795' title='bbox 1819 4027 2026 4096; x_wconf 88' lang='lat' dir='ltr'><strong>gientes</strong></span> <span class='ocrx_word' id='word_1_796' title='bbox 2066 4027 2439 4084; x_wconf 89' lang='lat' dir='ltr'><strong>inﬁdelitatem</strong></span> <span class='ocrx_word' id='word_1_797' title='bbox 2485 4031 2704 4096; x_wconf 72' lang='lat' dir='ltr'><strong>smculi,</strong></span> <span class='ocrx_word' id='word_1_798' title='bbox 2734 4032 2820 4086; x_wconf 87' lang='lat' dir='ltr'><strong>vel</strong></span> <span class='ocrx_word' id='word_1_799' title='bbox 2858 4032 2963 4088; x_wconf 86' lang='lat' dir='ltr'><strong>tale</strong></span> <span class='ocrx_word' id='word_1_800' title='bbox 3001 4033 3238 4104; x_wconf 91' lang='lat' dir='ltr'><strong>aliquid;</strong></span> <span class='ocrx_word' id='word_1_801' title='bbox 3276 4035 3407 4104; x_wconf 88' lang='lat' dir='ltr'><strong>sed,</strong></span> 
     </span>
    </p>
   </div>
   <div class='ocr_carea' id='block_1_101' title="bbox 1820 4117 3411 4193">
    <p class='ocr_par' dir='ltr' id='par_1_101' title="bbox 1820 4117 3411 4193">
     <span class='ocr_line' id='line_1_101' title="bbox 1820 4117 3411 4193; baseline 0.007 -24"><span class='ocrx_word' id='word_1_802' title='bbox 1820 4117 2247 4188; x_wconf 87' lang='lat' dir='ltr'><strong>coinquinationes</strong></span> <span class='ocrx_word' id='word_1_803' title='bbox 2290 4119 2499 4184; x_wconf 89' lang='lat' dir='ltr'><strong>mundi,</strong></span> <span class='ocrx_word' id='word_1_804' title='bbox 2546 4120 2601 4173; x_wconf 92' lang='lat' dir='ltr'><strong>in</strong></span> <span class='ocrx_word' id='word_1_805' title='bbox 2642 4120 2836 4190; x_wconf 91' lang='lat' dir='ltr'><strong>quibus</strong></span> <span class='ocrx_word' id='word_1_806' title='bbox 2876 4132 2961 4177; x_wconf 89' lang='lat' dir='ltr'><strong>est</strong></span> <span class='ocrx_word' id='word_1_807' title='bbox 3009 4124 3192 4193; x_wconf 91' lang='lat' dir='ltr'><strong>utique</strong></span> <span class='ocrx_word' id='word_1_808' title='bbox 3236 4126 3411 4181; x_wconf 89' lang='lat' dir='ltr'><strong>omnis</strong></span> 
     </span>
    </p>
   </div>
   <div class='ocr_carea' id='block_1_102' title="bbox 1821 4208 3406 4288">
    <p class='ocr_par' dir='ltr' id='par_1_102' title="bbox 1821 4208 3406 4288">
     <span class='ocr_line' id='line_1_102' title="bbox 1821 4208 3406 4288; baseline 0.007 -26"><span class='ocrx_word' id='word_1_809' title='bbox 1821 4208 2156 4264; x_wconf 90' lang='lat' dir='ltr'><strong>immunditia</strong></span> <span class='ocrx_word' id='word_1_810' title='bbox 2178 4210 2523 4280; x_wconf 87' lang='lat' dir='ltr'><strong>ﬂagitiorum.</strong></span> <span class='ocrx_word' id='word_1_811' title='bbox 2544 4210 2676 4266; x_wconf 90' lang='lat' dir='ltr'><strong>Nam</strong></span> <span class='ocrx_word' id='word_1_812' title='bbox 2698 4212 2764 4268; x_wconf 92' lang='lat' dir='ltr'><strong>de</strong></span> <span class='ocrx_word' id='word_1_813' title='bbox 2784 4213 2871 4267; x_wconf 92' lang='lat' dir='ltr'><strong>his</strong></span> <span class='ocrx_word' id='word_1_814' title='bbox 2892 4216 3139 4284; x_wconf 90' lang='lat' dir='ltr'><strong>superius</strong></span> <span class='ocrx_word' id='word_1_815' title='bbox 3159 4217 3406 4288; x_wconf 90' lang='lat' dir='ltr'><strong>loquens,</strong></span> 
     </span>
    </p>
   </div>
   <div class='ocr_carea' id='block_1_103' title="bbox 1822 4298 3412 4378">
    <p class='ocr_par' dir='ltr' id='par_1_103' title="bbox 1822 4298 3412 4378">
     <span class='ocr_line' id='line_1_103' title="bbox 1822 4298 3412 4378; baseline 0.007 -25"><span class='ocrx_word' id='word_1_816' title='bbox 1822 4298 1982 4367; x_wconf 86' lang='lat' dir='ltr'><strong>dixit,</strong></span> <span class='ocrx_word' id='word_1_817' title='bbox 2018 4298 2350 4371; x_wconf 85' lang='lat' dir='ltr'><strong>Coepulantes</strong></span> <span class='ocrx_word' id='word_1_818' title='bbox 2398 4303 2689 4371; x_wconf 88' lang='lat' dir='ltr'><strong>vobiscum,</strong></span> <span class='ocrx_word' id='word_1_819' title='bbox 2737 4306 2909 4360; x_wconf 88' lang='lat' dir='ltr'><strong>oculos</strong></span> <span class='ocrx_word' id='word_1_820' title='bbox 2953 4306 3187 4362; x_wconf 83' lang='lat' dir='ltr'><strong>habentes</strong></span> <span class='ocrx_word' id='word_1_821' title='bbox 3237 4310 3412 4378; x_wconf 87' lang='lat' dir='ltr'><strong>plenos</strong></span> 
     </span>
    </p>
   </div>
   <div class='ocr_carea' id='block_1_104' title="bbox 1820 4383 3408 4471">
    <p class='ocr_par' dir='ltr' id='par_1_104' title="bbox 1820 4383 3408 4471">
     <span class='ocr_line' id='line_1_104' title="bbox 1820 4383 3408 4471; baseline 0.007 -28"><span class='ocrx_word' id='word_1_822' title='bbox 1820 4391 2059 4443; x_wconf 83' lang='lat' dir='ltr'><strong>adulterii</strong></span> <span class='ocrx_word' id='word_1_823' title='bbox 2100 4400 2146 4444; x_wconf 90' lang='lat' dir='ltr'><strong>et</strong></span> <span class='ocrx_word' id='word_1_824' title='bbox 2184 4392 2514 4447; x_wconf 86' lang='lat' dir='ltr'><strong>indesinentis</strong></span> <span class='ocrx_word' id='word_1_825' title='bbox 2552 4396 2744 4465; x_wconf 88' lang='lat' dir='ltr'><strong>peccati</strong></span> <span class='ocrx_word' id='word_1_826' title='bbox 2778 4383 2863 4469; x_wconf 34' lang='lat' dir='ltr'><strong>&#39;(ll</strong></span> <span class='ocrx_word' id='word_1_827' title='bbox 2898 4396 3045 4452; x_wconf 91' lang='lat' dir='ltr'><strong>Petr.</strong></span> <span class='ocrx_word' id='word_1_828' title='bbox 3084 4414 3157 4465; x_wconf 84' lang='grc' dir='ltr'><strong>ιι,</strong></span> <span class='ocrx_word' id='word_1_829' title='bbox 3196 4400 3408 4471; x_wconf 71' lang='grc'><strong>15-22).</strong></span> 
     </span>
    </p>
   </div>
   <div class='ocr_carea' id='block_1_105' title="bbox 1821 4480 3408 4560">
    <p class='ocr_par' dir='ltr' id='par_1_105' title="bbox 1821 4480 3408 4560">
     <span class='ocr_line' id='line_1_105' title="bbox 1821 4480 3408 4560; baseline 0.007 -25"><span class='ocrx_word' id='word_1_830' title='bbox 1821 4480 1946 4537; x_wconf 86' lang='lat' dir='ltr'><strong>Ideo</strong></span> <span class='ocrx_word' id='word_1_831' title='bbox 1969 4482 2129 4537; x_wconf 89' lang='lat' dir='ltr'><strong>etiam</strong></span> <span class='ocrx_word' id='word_1_832' title='bbox 2153 4482 2327 4539; x_wconf 80' lang='lat' dir='ltr'><strong>fontes</strong></span> <span class='ocrx_word' id='word_1_833' title='bbox 2347 4484 2521 4539; x_wconf 91' lang='lat' dir='ltr'><strong>siccos</strong></span> <span class='ocrx_word' id='word_1_834' title='bbox 2540 4499 2634 4539; x_wconf 90' lang='lat' dir='ltr'><strong>eos</strong></span> <span class='ocrx_word' id='word_1_835' title='bbox 2654 4486 2885 4555; x_wconf 88' lang='lat' dir='ltr'><strong>appellat</strong></span> <span class='ocrx_word' id='word_1_836' title='bbox 2907 4505 2921 4541; x_wconf 88' lang='lat'><strong>:</strong></span> <span class='ocrx_word' id='word_1_837' title='bbox 2945 4487 3119 4544; x_wconf 81' lang='lat' dir='ltr'><strong>fontes</strong></span> <span class='ocrx_word' id='word_1_838' title='bbox 3139 4490 3408 4560; x_wconf 89' lang='lat' dir='ltr'><strong>videlicet,</strong></span> 
     </span>
    </p>
   </div>
   <div class='ocr_carea' id='block_1_106' title="bbox 1820 4573 3410 4647">
    <p class='ocr_par' dir='ltr' id='par_1_106' title="bbox 1820 4573 3410 4647">
     <span class='ocr_line' id='line_1_106' title="bbox 1820 4573 3410 4647; baseline 0.008 -20"><span class='ocrx_word' id='word_1_839' title='bbox 1820 4573 1965 4643; x_wconf 90' lang='lat' dir='ltr'><strong>quod</strong></span> <span class='ocrx_word' id='word_1_840' title='bbox 2002 4574 2310 4646; x_wconf 92' lang='lat' dir='ltr'><strong>acceperint</strong></span> <span class='ocrx_word' id='word_1_841' title='bbox 2343 4576 2669 4647; x_wconf 86' lang='lat' dir='ltr'><strong>agnitionem</strong></span> <span class='ocrx_word' id='word_1_842' title='bbox 2706 4577 2919 4633; x_wconf 90' lang='lat' dir='ltr'><strong>Domini</strong></span> <span class='ocrx_word' id='word_1_843' title='bbox 2958 4579 3192 4647; x_wconf 87' lang='lat' dir='ltr'><strong>Christi;</strong></span> <span class='ocrx_word' id='word_1_844' title='bbox 3236 4582 3410 4639; x_wconf 90' lang='lat' dir='ltr'><strong>siccos</strong></span> 
     </span>
    </p>
   </div>
   <div class='ocr_carea' id='block_1_107' title="bbox 1820 4668 3411 4739">
    <p class='ocr_par' dir='ltr' id='par_1_107' title="bbox 1820 4668 3411 4739">
     <span class='ocr_line' id='line_1_107' title="bbox 1820 4668 3411 4739; baseline 0.006 -18"><span class='ocrx_word' id='word_1_845' title='bbox 1820 4676 2039 4734; x_wconf 87' lang='lat' dir='ltr'><strong>autem,</strong></span> <span class='ocrx_word' id='word_1_846' title='bbox 2088 4668 2211 4738; x_wconf 89' lang='lat' dir='ltr'><strong>quia</strong></span> <span class='ocrx_word' id='word_1_847' title='bbox 2261 4682 2371 4722; x_wconf 91' lang='lat' dir='ltr'><strong>non</strong></span> <span class='ocrx_word' id='word_1_848' title='bbox 2422 4678 2781 4739; x_wconf 88' lang='lat' dir='ltr'><strong>congruenter</strong></span> <span class='ocrx_word' id='word_1_849' title='bbox 2828 4670 3031 4726; x_wconf 88' lang='lat' dir='ltr'><strong>vivunt.</strong></span> <span class='ocrx_word' id='word_1_850' title='bbox 3084 4672 3163 4728; x_wconf 92' lang='lat' dir='ltr'><strong>De</strong></span> <span class='ocrx_word' id='word_1_851' title='bbox 3217 4673 3411 4731; x_wconf 86' lang='lat' dir='ltr'><strong>talibus</strong></span> 
     </span>
    </p>
   </div>
   <div class='ocr_carea' id='block_1_108' title="bbox 1821 4760 3407 4840">
    <p class='ocr_par' dir='ltr' id='par_1_108' title="bbox 1821 4760 3407 4840">
     <span class='ocr_line' id='line_1_108' title="bbox 1821 4760 3407 4840; baseline 0.007 -26"><span class='ocrx_word' id='word_1_852' title='bbox 1821 4761 2015 4830; x_wconf 87' lang='lat' dir='ltr'><strong>quippe</strong></span> <span class='ocrx_word' id='word_1_853' title='bbox 2035 4761 2195 4816; x_wconf 89' lang='lat' dir='ltr'><strong>etiam</strong></span> <span class='ocrx_word' id='word_1_854' title='bbox 2217 4760 2245 4815; x_wconf 88' lang='lat' dir='ltr'><strong>J</strong></span> <span class='ocrx_word' id='word_1_855' title='bbox 2252 4761 2382 4817; x_wconf 90' lang='lat' dir='ltr'><strong>udas</strong></span> <span class='ocrx_word' id='word_1_856' title='bbox 2402 4763 2677 4831; x_wconf 90' lang='lat' dir='ltr'><strong>apostolus</strong></span> <span class='ocrx_word' id='word_1_857' title='bbox 2700 4764 2947 4835; x_wconf 91' lang='lat' dir='ltr'><strong>loquens,</strong></span> <span class='ocrx_word' id='word_1_858' title='bbox 2970 4764 3023 4819; x_wconf 88' lang='lat' dir='ltr'><strong>1i</strong></span> <span class='ocrx_word' id='word_1_859' title='bbox 3043 4776 3188 4835; x_wconf 87' lang='lat' dir='ltr'><strong>sunt,</strong></span> <span class='ocrx_word' id='word_1_860' title='bbox 3213 4768 3407 4840; x_wconf 90' lang='lat' dir='ltr'><strong>inquit,</strong></span> 
     </span>
    </p>
   </div>
   <div class='ocr_carea' id='block_1_109' title="bbox 1820 4854 3410 4929">
    <p class='ocr_par' dir='ltr' id='par_1_109' title="bbox 1820 4854 3410 4929">
     <span class='ocr_line' id='line_1_109' title="bbox 1820 4854 3410 4929; baseline 0.006 -21"><span class='ocrx_word' id='word_1_861' title='bbox 1820 4856 1906 4926; x_wconf 88' lang='lat' dir='ltr'><strong>qui</strong></span> <span class='ocrx_word' id='word_1_862' title='bbox 1940 4856 1996 4909; x_wconf 91' lang='lat' dir='ltr'><strong>in</strong></span> <span class='ocrx_word' id='word_1_863' title='bbox 2025 4854 2373 4910; x_wconf 87' lang='lat' dir='ltr'><strong>dilectionibus</strong></span> <span class='ocrx_word' id='word_1_864' title='bbox 2412 4856 2583 4911; x_wconf 86' lang='lat' dir='ltr'><strong>vestris</strong></span> <span class='ocrx_word' id='word_1_865' title='bbox 2625 4858 2864 4912; x_wconf 89' lang='lat' dir='ltr'><strong>maculati</strong></span> <span class='ocrx_word' id='word_1_866' title='bbox 2903 4860 3269 4929; x_wconf 89' lang='lat' dir='ltr'><strong>coepulantur,</strong></span> <span class='ocrx_word' id='word_1_867' title='bbox 3301 4863 3410 4918; x_wconf 89' lang='lat' dir='ltr'><strong>sine</strong></span> 
     </span>
    </p>
   </div>
   <div class='ocr_carea' id='block_1_110' title="bbox 1821 4947 3407 5023">
    <p class='ocr_par' dir='ltr' id='par_1_110' title="bbox 1821 4947 3407 5023">
     <span class='ocr_line' id='line_1_110' title="bbox 1821 4947 3407 5023; baseline 0.006 -24"><span class='ocrx_word' id='word_1_868' title='bbox 1821 4947 1997 5001; x_wconf 89' lang='lat' dir='ltr'><strong>timore</strong></span> <span class='ocrx_word' id='word_1_869' title='bbox 2019 4948 2310 5019; x_wconf 86' lang='lat' dir='ltr'><strong>semetipsos</strong></span> <span class='ocrx_word' id='word_1_870' title='bbox 2334 4957 2593 5015; x_wconf 88' lang='lat' dir='ltr'><strong>pascentes</strong></span> <span class='ocrx_word' id='word_1_871' title='bbox 2615 4989 2629 5013; x_wconf 94' lang='lat'><strong>,</strong></span> <span class='ocrx_word' id='word_1_872' title='bbox 2668 4950 2821 5003; x_wconf 90' lang='lat' dir='ltr'><strong>nubes</strong></span> <span class='ocrx_word' id='word_1_873' title='bbox 2854 4950 2961 5004; x_wconf 91' lang='lat' dir='ltr'><strong>sine</strong></span> <span class='ocrx_word' id='word_1_874' title='bbox 2990 4968 3121 5021; x_wconf 85' lang='lat' dir='ltr'><strong>aqua</strong></span> <span class='ocrx_word' id='word_1_875' title='bbox 3146 4951 3322 5023; x_wconf 76' lang='lat' dir='ltr'><strong>(Judaz</strong></span> <span class='ocrx_word' id='word_1_876' title='bbox 3356 4970 3407 5023; x_wconf 81' lang='grc' dir='ltr'><strong>ι,</strong></span> 
     </span>
    </p>
   </div>
   <div class='ocr_carea' id='block_1_111' title="bbox 1823 5038 3417 5115">
    <p class='ocr_par' dir='ltr' id='par_1_111' title="bbox 1823 5038 3417 5115">
     <span class='ocr_line' id='line_1_111' title="bbox 1823 5038 3417 5115; baseline 0.005 -23"><span class='ocrx_word' id='word_1_877' title='bbox 1823 5038 1942 5109; x_wconf 74' lang='grc'><strong>12);</strong></span> <span class='ocrx_word' id='word_1_878' title='bbox 1983 5047 2035 5093; x_wconf 92' lang='lat' dir='ltr'><strong>et</strong></span> <span class='ocrx_word' id='word_1_879' title='bbox 2062 5047 2277 5093; x_wconf 59' lang='lat' dir='ltr'><strong>caetera.</strong></span> <span class='ocrx_word' id='word_1_880' title='bbox 2315 5038 2469 5106; x_wconf 86' lang='lat' dir='ltr'><strong>Quod</strong></span> <span class='ocrx_word' id='word_1_881' title='bbox 2508 5038 2651 5093; x_wconf 90' lang='lat' dir='ltr'><strong>enim</strong></span> <span class='ocrx_word' id='word_1_882' title='bbox 2693 5039 2886 5096; x_wconf 89' lang='lat' dir='ltr'><strong>Petrus</strong></span> <span class='ocrx_word' id='word_1_883' title='bbox 2924 5042 3028 5109; x_wconf 89' lang='lat' dir='ltr'><strong>ait,</strong></span> <span class='ocrx_word' id='word_1_884' title='bbox 3073 5038 3417 5115; x_wconf 74' lang='lat' dir='ltr'><strong>Coepulantes</strong></span> 
     </span>
    </p>
   </div>
   <div class='ocr_carea' id='block_1_112' title="bbox 1821 5131 3406 5209">
    <p class='ocr_par' dir='ltr' id='par_1_112' title="bbox 1821 5131 3406 5209">
     <span class='ocr_line' id='line_1_112' title="bbox 1821 5131 3406 5209; baseline 0.005 -23"><span class='ocrx_word' id='word_1_885' title='bbox 1821 5132 2095 5199; x_wconf 78' lang='lat' dir='ltr'><strong>vobiscum,</strong></span> <span class='ocrx_word' id='word_1_886' title='bbox 2125 5131 2299 5185; x_wconf 88' lang='lat' dir='ltr'><strong>oculos</strong></span> <span class='ocrx_word' id='word_1_887' title='bbox 2319 5132 2556 5187; x_wconf 87' lang='lat' dir='ltr'><strong>habentes</strong></span> <span class='ocrx_word' id='word_1_888' title='bbox 2584 5133 2758 5204; x_wconf 87' lang='lat' dir='ltr'><strong>plenos</strong></span> <span class='ocrx_word' id='word_1_889' title='bbox 2787 5135 3059 5201; x_wconf 83' lang='lat' dir='ltr'><strong>adulterii;</strong></span> <span class='ocrx_word' id='word_1_890' title='bbox 3085 5137 3186 5193; x_wconf 91' lang='lat' dir='ltr'><strong>hoc</strong></span> <span class='ocrx_word' id='word_1_891' title='bbox 3209 5138 3406 5209; x_wconf 86' lang='lat' dir='ltr'><strong>Judas,</strong></span> 
     </span>
    </p>
   </div>
   <div class='ocr_carea' id='block_1_113' title="bbox 1821 5224 3408 5300">
    <p class='ocr_par' dir='ltr' id='par_1_113' title="bbox 1821 5224 3408 5300">
     <span class='ocr_line' id='line_1_113' title="bbox 1821 5224 3408 5300; baseline 0.007 -22"><span class='ocrx_word' id='word_1_892' title='bbox 1821 5224 1891 5278; x_wconf 88' lang='lat' dir='ltr'><strong>In</strong></span> <span class='ocrx_word' id='word_1_893' title='bbox 1949 5225 2301 5280; x_wconf 80' lang='lat' dir='ltr'><strong>dilectionibus</strong></span> <span class='ocrx_word' id='word_1_894' title='bbox 2348 5227 2521 5279; x_wconf 88' lang='lat' dir='ltr'><strong>vestris</strong></span> <span class='ocrx_word' id='word_1_895' title='bbox 2569 5228 2813 5282; x_wconf 88' lang='lat' dir='ltr'><strong>maculati</strong></span> <span class='ocrx_word' id='word_1_896' title='bbox 2862 5231 3212 5300; x_wconf 88' lang='lat' dir='ltr'><strong>coepulantur.</strong></span> <span class='ocrx_word' id='word_1_897' title='bbox 3260 5233 3408 5290; x_wconf 82' lang='lat' dir='ltr'><strong>Mixti</strong></span> 
     </span>
    </p>
   </div>
   <div class='ocr_carea' id='block_1_114' title="bbox 1822 5316 3410 5387">
    <p class='ocr_par' dir='ltr' id='par_1_114' title="bbox 1822 5316 3410 5387">
     <span class='ocr_line' id='line_1_114' title="bbox 1822 5316 3410 5387; baseline 0.005 -16"><span class='ocrx_word' id='word_1_898' title='bbox 1822 5327 1946 5371; x_wconf 90' lang='lat' dir='ltr'><strong>sunt</strong></span> <span class='ocrx_word' id='word_1_899' title='bbox 1971 5316 2114 5371; x_wconf 90' lang='lat' dir='ltr'><strong>enim</strong></span> <span class='ocrx_word' id='word_1_900' title='bbox 2147 5316 2301 5371; x_wconf 91' lang='lat' dir='ltr'><strong>bonis</strong></span> <span class='ocrx_word' id='word_1_901' title='bbox 2323 5316 2380 5371; x_wconf 93' lang='lat' dir='ltr'><strong>in</strong></span> <span class='ocrx_word' id='word_1_902' title='bbox 2403 5318 2575 5387; x_wconf 91' lang='lat' dir='ltr'><strong>epulis</strong></span> <span class='ocrx_word' id='word_1_903' title='bbox 2596 5318 3062 5376; x_wconf 89' lang='lat' dir='ltr'><strong>Sacrameutorum</strong></span> <span class='ocrx_word' id='word_1_904' title='bbox 3085 5332 3138 5377; x_wconf 87' lang='lat' dir='ltr'><strong>et</strong></span> <span class='ocrx_word' id='word_1_905' title='bbox 3163 5322 3410 5381; x_wconf 79' lang='lat' dir='ltr'><strong>dilectio-</strong></span> 
     </span>
    </p>
   </div>
   <div class='ocr_carea' id='block_1_115' title="bbox 1823 5408 3423 5493">
    <p class='ocr_par' dir='ltr' id='par_1_115' title="bbox 1823 5408 3423 5493">
     <span class='ocr_line' id='line_1_115' title="bbox 1823 5408 3423 5493; baseline 0.006 -28"><span class='ocrx_word' id='word_1_906' title='bbox 1823 5410 1977 5465; x_wconf 90' lang='lat' dir='ltr'><strong>nibus</strong></span> <span class='ocrx_word' id='word_1_907' title='bbox 2005 5410 2260 5480; x_wconf 88' lang='lat' dir='ltr'><strong>plebium.</strong></span> <span class='ocrx_word' id='word_1_908' title='bbox 2293 5410 2363 5465; x_wconf 90' lang='lat' dir='ltr'><strong>Et</strong></span> <span class='ocrx_word' id='word_1_909' title='bbox 2385 5411 2529 5482; x_wconf 88' lang='lat' dir='ltr'><strong>quod</strong></span> <span class='ocrx_word' id='word_1_910' title='bbox 2560 5408 2753 5467; x_wconf 90' lang='lat' dir='ltr'><strong>Petrus</strong></span> <span class='ocrx_word' id='word_1_911' title='bbox 2778 5412 2870 5481; x_wconf 89' lang='lat' dir='ltr'><strong>ait,</strong></span> <span class='ocrx_word' id='word_1_912' title='bbox 2904 5413 3096 5471; x_wconf 88' lang='lat' dir='ltr'><strong>Fontes</strong></span> <span class='ocrx_word' id='word_1_913' title='bbox 3120 5417 3274 5484; x_wconf 88' lang='lat' dir='ltr'><strong>sicci;</strong></span> <span class='ocrx_word' id='word_1_914' title='bbox 3304 5417 3423 5493; x_wconf 85' lang='lat' dir='ltr'><strong>hoc</strong></span> 
     </span>
    </p>
   </div>
   <div class='ocr_carea' id='block_1_116' title="bbox 1822 5502 3410 5576">
    <p class='ocr_par' dir='ltr' id='par_1_116' title="bbox 1822 5502 3410 5576">
     <span class='ocr_line' id='line_1_116' title="bbox 1822 5502 3410 5576; baseline 0.005 -17"><span class='ocrx_word' id='word_1_915' title='bbox 1822 5504 2019 5570; x_wconf 86' lang='lat' dir='ltr'><strong>Judas,</strong></span> <span class='ocrx_word' id='word_1_916' title='bbox 2054 5502 2227 5558; x_wconf 89' lang='lat' dir='ltr'><strong>Nubes</strong></span> <span class='ocrx_word' id='word_1_917' title='bbox 2252 5505 2360 5559; x_wconf 90' lang='lat' dir='ltr'><strong>sine</strong></span> <span class='ocrx_word' id='word_1_918' title='bbox 2397 5522 2564 5574; x_wconf 87' lang='lat' dir='ltr'><strong>aqua;</strong></span> <span class='ocrx_word' id='word_1_919' title='bbox 2591 5505 2694 5562; x_wconf 87' lang='lat' dir='ltr'><strong>hoc</strong></span> <span class='ocrx_word' id='word_1_920' title='bbox 2717 5505 2983 5576; x_wconf 83' lang='lat' dir='ltr'><strong>Jacobus,</strong></span> <span class='ocrx_word' id='word_1_921' title='bbox 3018 5511 3174 5566; x_wconf 86' lang='lat' dir='ltr'><strong>Fides</strong></span> <span class='ocrx_word' id='word_1_922' title='bbox 3210 5522 3410 5568; x_wconf 81' lang='lat' dir='ltr'><strong>mortua</strong></span> 
     </span>
    </p>
   </div>
   <div class='ocr_carea' id='block_1_117' title="bbox 1825 5596 2657 5673">
    <p class='ocr_par' dir='ltr' id='par_1_117' title="bbox 1825 5596 2657 5673">
     <span class='ocr_line' id='line_1_117' title="bbox 1825 5596 2657 5673; baseline 0.002 -22"><span class='ocrx_word' id='word_1_923' title='bbox 1825 5598 2029 5667; x_wconf 83' lang='lat' dir='ltr'><strong>(Jacobi</strong></span> <span class='ocrx_word' id='word_1_924' title='bbox 2053 5614 2090 5652; x_wconf 84' lang='grc' dir='ltr'>ιι</span> <span class='ocrx_word' id='word_1_925' title='bbox 2106 5640 2120 5662; x_wconf 86' lang='grc'>,</span> <span class='ocrx_word' id='word_1_926' title='bbox 2149 5596 2264 5669; x_wconf 73' lang='grc'><strong>20).</strong></span> <span class='ocrx_word' id='word_1_927' title='bbox 2652 5666 2657 5673; x_wconf 21' lang='grc' dir='ltr'><em>ν</em></span> 
     </span>
    </p>
   </div>
   <div class='ocr_carea' id='block_1_118' title="bbox 1895 5689 3410 5762">
    <p class='ocr_par' dir='ltr' id='par_1_118' title="bbox 1895 5689 3410 5762">
     <span class='ocr_line' id='line_1_118' title="bbox 1895 5689 3410 5762; baseline 0.005 -17"><span class='ocrx_word' id='word_1_928' title='bbox 1895 5692 1985 5746; x_wconf 75' lang='grc'><strong>47.</strong></span> <span class='ocrx_word' id='word_1_929' title='bbox 2027 5689 2141 5744; x_wconf 87' lang='lat' dir='ltr'><strong>Non</strong></span> <span class='ocrx_word' id='word_1_930' title='bbox 2172 5690 2346 5759; x_wconf 88' lang='lat' dir='ltr'><strong>itaque</strong></span> <span class='ocrx_word' id='word_1_931' title='bbox 2379 5690 2719 5757; x_wconf 90' lang='lat' dir='ltr'><strong>promittatur</strong></span> <span class='ocrx_word' id='word_1_932' title='bbox 2743 5706 2900 5760; x_wconf 72' lang='lat' dir='ltr'><strong>pmna</strong></span> <span class='ocrx_word' id='word_1_933' title='bbox 2932 5692 3068 5762; x_wconf 90' lang='lat' dir='ltr'><strong>ignis</strong></span> <span class='ocrx_word' id='word_1_934' title='bbox 3102 5692 3410 5753; x_wconf 72' lang='lat' dir='ltr'><strong>transitoria</strong></span> 
     </span>
    </p>
   </div>
   <div class='ocr_carea' id='block_1_119' title="bbox 1825 5781 3408 5859">
    <p class='ocr_par' dir='ltr' id='par_1_119' title="bbox 1825 5781 3408 5859">
     <span class='ocr_line' id='line_1_119' title="bbox 1825 5781 3408 5859; baseline 0.003 -21"><span class='ocrx_word' id='word_1_935' title='bbox 1825 5783 2053 5853; x_wconf 87' lang='lat' dir='ltr'><strong>turpiter</strong></span> <span class='ocrx_word' id='word_1_936' title='bbox 2095 5781 2461 5852; x_wconf 86' lang='lat' dir='ltr'><strong>scelerateque</strong></span> <span class='ocrx_word' id='word_1_937' title='bbox 2502 5781 2837 5848; x_wconf 87' lang='lat' dir='ltr'><strong>viventibus,</strong></span> <span class='ocrx_word' id='word_1_938' title='bbox 2864 5783 2985 5853; x_wconf 87' lang='lat' dir='ltr'><strong>quia</strong></span> <span class='ocrx_word' id='word_1_939' title='bbox 3025 5785 3161 5839; x_wconf 87' lang='lat' dir='ltr'><strong>viam</strong></span> <span class='ocrx_word' id='word_1_940' title='bbox 3184 5785 3408 5859; x_wconf 51' lang='lat' dir='ltr'><strong>justiti;</strong></span> 
     </span>
    </p>
   </div>
   <div class='ocr_carea' id='block_1_120' title="bbox 1892 5910 3366 6009">
    <p class='ocr_par' dir='ltr' id='par_1_120' title="bbox 1892 5910 3366 6009">
     <span class='ocr_line' id='line_1_120' title="bbox 1892 5910 3366 6009; baseline 0.002 -17"><span class='ocrx_word' id='word_1_941' title='bbox 1892 5942 1911 5974; x_wconf 77' lang='grc' dir='ltr'>ι</span> <span class='ocrx_word' id='word_1_942' title='bbox 1946 5938 2224 6001; x_wconf 74' lang='lat' dir='ltr'><strong>tnexousis.</strong></span> <span class='ocrx_word' id='word_1_943' title='bbox 2251 5910 3047 6009; x_wconf 76' lang='lat' dir='ltr'><strong>qtmsi.YeriusinMss.,quamst.</strong></span> <span class='ocrx_word' id='word_1_944' title='bbox 3183 5962 3307 6004; x_wconf 49' lang='grc' dir='ltr'><strong>,ηομ</strong></span> <span class='ocrx_word' id='word_1_945' title='bbox 3353 5963 3366 5983; x_wconf 83' lang='grc' dir='ltr'>ι</span> 
     </span>
    </p>
   </div>
  </div>
