3896 6382
464 419 571 480 227

469 537 861 609 cegnoverunt,
911 529 1106 604 quibus
1153 526 1345 588 melius
1387 532 1500 580 erat
1546 537 1653 578 non
1693 531 2050 592 cognoscere,

472 633 613 703 sicut
637 627 980 686 veracissima
1005 623 1278 696 Scriptura
1312 627 1555 677 testatur.
1580 617 1656 672 De
1680 613 1872 670 talibus
1899 611 2056 682 quip-

470 739 540 798 pe.
558 724 718 778 etiam
744 718 1003 780 Dominus
1031 717 1126 785 ait,
1160 714 1225 768 Et
1253 723 1394 768 erunt
1421 711 1691 766 novissima
1717 709 1856 764 illius
1887 705 2052 762 Itami-

471 816 549 870 nis
570 816 746 888 pejora
765 827 914 882 quant
936 817 1076 864 erant
1098 808 1262 880 prima
1284 805 1494 876 (Matth.
1521 820 1622 872 xu,
1652 801 1740 875 45)
1765 818 1786 869 ;_
1804 799 2055 872 quoniam

471 905 801 984 purgationis
839 917 949 960 suae
980 901 1336 957 habitatorem
1382 898 1638 969 Spiritum
1676 903 1920 954 sanctum
1950 906 2056 947 non

472 999 760 1070 recipiens,
785 995 907 1050 fecit
933 995 986 1052 in
1009 1008 1066 1049 se
1089 990 1424 1048 immundum
1445 989 1692 1062 spiritum
1713 985 2057 1059 multiplicio—

473 1105 588 1146 rem
609 1088 805 1144 redire.
829 1085 942 1142 Nisi
961 1083 1100 1142 forte
1120 1083 1238 1140 ideo
1259 1092 1384 1138 sunt
1404 1083 1487 1137 isti
1509 1123 1524 1150 ,
1549 1081 1615 1136 de
1638 1080 1828 1154 quibus
1848 1079 2020 1150 agitur
2039 1118 2056 1145 ,

475 1183 728 1240 meliores
751 1178 1000 1244 habendi,
1017 1178 1138 1250 quia
1159 1193 1266 1232 non
1288 1175 1562 1234 redierunt
1581 1173 1647 1232 ad
1669 1171 2061 1230 immunditiam

472 1273 857 1330 adulteriorum
880 1313 896 1338 ,
940 1269 1035 1326 sed
1075 1269 1144 1324 ab
1182 1284 1245 1323 ea
1275 1283 1382 1322 non
1413 1274 1786 1330 recesserunt;
1811 1277 1911 1320 nec
1935 1277 2063 1338 pur-

471 1368 580 1440 gati
615 1382 675 1426 se
704 1380 891 1422 rursus
918 1364 1330 1436 inquinaverunt
1353 1403 1370 1428 ,,
1397 1359 1492 1418 sed
1530 1358 1748 1431 purgari
1774 1371 2063 1414 recusave-

473 1445 617 1522 runt.
648 1458 829 1530 Neque
857 1457 1001 1522 enim
1022 1497 1036 1522 ,
1063 1464 1119 1512 ut
1145 1455 1379 1510 relevata
1417 1451 1742 1508 conscientia
1772 1451 1972 1507 intrent
1996 1446 2064 1504 ad

475 1550 805 1620 Baptismum
826 1591 841 1618 ,
881 1548 1170 1620 dignantur
1209 1546 1399 1602 saltem
1427 1559 1647 1602 vomere
1673 1542 1926 1614 pristinas
1958 1541 2063 1594 im-

476 1642 766 1702 munditias
789 1682 804 1708 ,
846 1655 978 1716 quas
1016 1653 1209 1694 canum
1241 1652 1389 1692 more
1421 1637 1612 1691 iterum
1656 1635 1938 1699 sorbeant;
1971 1632 2066 1688 sed

466 1731 530 1800 'in
559 1732 756 1787 lavacri
791 1730 959 1804 ipsius
981 1731 1264 1788 sanctitate
1288 1727 1634 1806 pertinaciter
1659 1725 1824 1782 crudo
1851 1735 2067 1798 pectore

475 1823 794 1897 indigestam
821 1822 1114 1895 nequitiam
1142 1831 1325 1877 tenere
1346 1819 1677 1876 contendunt
1707 1835 1720 1871 :
1755 1832 1855 1873 nec
1882 1817 2066 1874 occul-

476 1925 593 1972 tant
618 1931 736 1972 eam
764 1914 1149 1990 pollicitatione
1174 1913 1258 1968 vel
1288 1911 1430 1979 ﬁcta,
1461 1911 1557 1968 sed
1585 1908 1916 1982 impudentia
1945 1922 2067 1977 pro-

473 2010 727 2068 fessionis
765 2016 1010 2066 eructant
1049 2027 1062 2062 :
1100 2022 1201 2063 nec
1236 2015 1492 2062 exeuntes
1531 2005 1600 2060 de
1640 2002 1889 2060 Sodomis
1918 2016 2069 2060 more

477 2101 659 2164 uxoris
689 2101 852 2166 Loth,
882 2100 934 2154 in
956 2098 1226 2170 prteterita
1253 2097 1446 2152 iterum
1469 2093 1750 2151 attendunt
1776 2092 1928 2166 (Gen.
1952 2108 2065 2159 xrx,

475 2191 594 2264 26),
625 2191 722 2248 sed
749 2190 968 2248 omnino
994 2189 1060 2244 de
1090 2186 1340 2243 Sodomis
1369 2185 1726 2259 dedignantur
1755 2185 1932 2248 exire;
1961 2184 2068 2238 imo

475 2287 545 2346 ad
580 2284 854 2341 Christum
893 2298 1015 2338 cum
1049 2281 1299 2342 Sodomis
1329 2289 1594 2338 conantur
1623 2281 1843 2336 intrare.
1871 2278 2069 2336 Paulus

475 2377 752 2450 apostolus
773 2375 922 2442 dicit,
957 2375 1056 2441 Qui
1084 2374 1226 2446 prius
1255 2375 1332 2445 fui
1361 2374 1685 2443 blasphemus
1709 2381 1756 2428 et
1779 2381 2070 2444 persecutor

478 2482 525 2525 et
560 2469 836 2540 injuriosus
853 2485 871 2533 ;
898 2467 986 2522 sed
1018 2467 1417 2522 miscricordiam
1445 2475 1740 2522 consecutus
1779 2481 1894 2520 sum
1911 2507 1928 2536 ,δ
1949 2465 2071 2536 quia

477 2563 720 2634 ignorans
755 2561 852 2630 [cci
889 2561 944 2614 in
982 2560 1335 2615 incredulitate
1370 2560 1428 2630 (ι
1453 2559 1590 2614 Tim.
1618 2575 1678 2632 ι,
1705 2559 1796 2632 15)
1829 2567 1923 2614 :et
1953 2558 2070 2616 istis

479 2654 696 2722 dicitur,
726 2653 879 2710 Tunc
905 2653 1084 2725 potius
1111 2653 1536 2726 misericordiam
1566 2651 1992 2722 consequemini,
2024 2649 2070 2707 si

479 2745 711 2802 scientes
733 2746 874 2801 male
897 2746 1138 2802 vixeritis
1160 2746 1216 2800 in
1239 2745 1352 2820 ipsa
1384 2745 1510 2801 ﬁde.
1535 2744 1705 2800 Nimis
1725 2744 1942 2814 longum
1965 2750 2067 2812 est,

481 2847 537 2894 et
553 2853 690 2913 pene
705 2837 971 2895 inﬁnitum
995 2838 1172 2898 omnia
1193 2837 1499 2896 testimonia
1523 2836 1916 2908 Scripturarum
1935 2835 2071 2893 velle

485 2931 736 3002 colligere
757 2974 772 2999 ,
802 2932 994 3014 quibus
1023 2943 1244 3010 apparet
1271 2946 1380 2985 non
1407 2930 1581 2998 solum
1610 2944 1722 2988 non
1747 2944 1867 2986 esse
1887 2928 2069 2986 mitioo

480 3037 596 3078 rem
625 3037 839 3078 causam
863 3039 1051 3078 eorum
1080 3024 1168 3102 qui
1195 3022 1450 3094 scientes,
1472 3036 1630 3100 quam
1657 3021 1752 3092 qui
1773 3021 2072 3081 nescientes

484 3113 647 3168 vitam
688 3113 1068 3184 nequissimam
1098 3121 1153 3168 et
1186 3112 1578 3188 iniquissimam
1617 3111 1856 3176 ducunt,
1883 3124 2070 3172 verum

481 3208 644 3264 etiam
671 3207 773 3263 hoc
800 3207 918 3284 ipso
947 3221 1067 3264 esse
1093 3207 1400 3284 graviorem,
1426 3222 1440 3260 :
1467 3205 1692 3286 proinde
1718 3205 1822 3270 ista
1842 3202 2071 3264 suffece-

482 3301 611 3357 rint.

555 3388 784 3447 CAPUT
803 3388 996 3446 XXVI.
1012 3419 1080 3430 -—
1095 3387 1469 3466 48.Baptismo
1497 3388 1595 3445 nisi
1618 3388 1718 3454 uita
1741 3387 2041 3461 respondeat
2055 3428 2072 3457 ,

486 3499 591 3538 non
617 3481 919 3540 obtinebitur
952 3498 1166 3556 regnum
1205 3481 1463 3540 caelorum.
1500 3479 1722 3548 Peccata
1748 3481 1960 3552 triplicis
1982 3497 2074 3553 ge-

487 3575 621 3630 neris
667 3573 857 3645 triplici
898 3573 1120 3628 remedio
1162 3573 1412 3626 sananda.
1464 3570 1767 3628 Caveamus
1815 3587 1944 3644 ergo
1988 3572 2075 3632 di-

487 3664 713 3735 ligenter
752 3665 806 3718 in
847 3663 1113 3734 adjutorio
1152 3664 1362 3730 Domini
1408 3663 1510 3732 Dei,
1547 3663 1722 3726 nostri
1756 3679 1867 3719 non
1899 3663 2076 3722 facere

486 3754 735 3824 homines
758 3756 897 3816 male
923 3772 1164 3832 securos,
1191 3756 1430 3818 dicentes
1451 3756 1536 3820 eis,
1551 3757 1698 3830 quod
1722 3757 1770 3810 si
1797 3756 1997 3817 iuerint
2018 3757 2075 3812 in

486 3847 701 3904 Christo
727 3846 980 3918 baptizati
1000 3889 1015 3916 ,
1046 3831 1451 3922 quomodolibet
1478 3847 1534 3912 in
1563 3831 1634 3908 ea.
1668 3847 1772 3913 ﬁde
1807 3846 2075 3916 vixerint,

489 3955 584 3997 eos
613 3941 678 3996 ad
709 3941 938 3996 salutem
967 3948 1224 4004 azternam
1248 3954 1368 4004 esse
1387 3949 1639 3998 venturos
1672 3957 1686 3993 :
1714 3954 1783 3995 ne
1810 3939 1889 3995 sic
1915 3938 2078 3998 facia-

490 4049 612 4089 mus
640 4034 973 4090 Christianos
993 4077 1016 4106 ,ι
1036 4033 1304 4116 quomodo
1328 4032 1499 4092 Judaei
1526 4031 1824 4105 proselytos
1843 4073 1859 4099 ,
1884 4031 2078 4102 quibus

493 4122 755 4178 Dominus
780 4123 872 4188 ait,
915 4121 1004 4177 Vae
1039 4121 1210 4188 vobis,
1242 4121 1435 4177 Scribae
1464 4129 1511 4186 et
1549 4119 1834 4187 Pharisaei,
1865 4119 1952 4190 qui
1978 4119 2080 4173 cir-

491 4219 692 4274 cumitis
717 4233 855 4272 mare
886 4228 933 4271 et
962 4227 1167 4290 terram,
1198 4220 1362 4290 facere
1392 4233 1552 4272 unum
1587 4215 1898 4288 proselytum
1915 4231 1936 4280 ;
1963 4231 2080 4280 cunt

487 4323 654 4367 autem
680 4312 913 4383 feceritis,
942 4311 1108 4383 facitis
1132 4327 1245 4366 amt
1272 4311 1435 4379 ﬁlium
1460 4311 1700 4381 gehennae
1722 4309 1880 4382 duplo
1902 4324 2054 4381 quan;

489 4421 579 4460 vos
605 4405 724 4463 estis
754 4403 966 4474 (Matth.
999 4420 1134 4466 χχιιι
1151 4445 1174 4475 λ
1198 4398 1312 4476 15),.
1341 4402 1453 4468 Sed.
1471 4404 1651 4473 potius.
1665 4418 1854 4475 sanam
1875 4405 2076 4466 doctri-t

490 4514 615 4554 nam
654 4497 755 4553 Dei
790 4498 1033 4572 magistri
1073 4499 1129 4552 in
1171 4506 1404 4567 utroque.
1440 4504 1752 4566 teneamus;
1798 4507 1858 4562 ut
1893 4507 2082 4566 sancto

492 4588 767 4660 Baptismo
801 4575 1041 4644 consona
1079 4587 1150 4648 sit
1186 4587 1292 4640 vita
1326 4586 1648 4658 christiana,
1694 4602 1796 4652 nec
1831 4589 2084 4664 cuiquam

491 4680 717 4746 homini,
744 4679 793 4735 si
821 4680 1132 4735 utrumlibet
1154 4677 1410 4754 defuerit,
1427 4681 1540 4746 vita
1562 4682 1903 4752 promittatur
1924 4693 2084 4740 mter-2

490 4787 580 4830 na.
609 4772 712 4840 Qui
736 4773 882 4829 enim
907 4770 1066 4836 dixit,
1098 4769 1215 4826 Nisi
1242 4773 1360 4841 quis
1382 4784 1588 4838 renatus
1614 4775 1768 4844 fuerit
1797 4791 1860 4838 ea:
1882 4793 2017 4847 aqua
2035 4785 2086 4842 et

493 4866 698 4940 Spiritu
731 4865 773 4932 ί,
803 4880 905 4919 ηοη
933 4863 1138 4919 intrabit
1167 4865 1221 4918 in
1251 4881 1463 4940 regnum
1499 4867 1748 4930 caelorum,
1777 4865 1956 4938 (Joan.
1991 4869 2084 4937 ut,

492 4957 585 5032 5);
623 4958 738 5030 ipse
763 4956 924 5014 etiam
959 4956 1125 5026 dixit,
1159 4955 1278 5016 Nisi
1319 4958 1650 5026 aburulaperit
1680 4959 1884 5029 justitia
1921 4966 2086 5019 vestra

491 5066 645 5122 super
672 5049 968 5112 Scribarum
991 5060 1036 5105 et
1067 5049 1448 5110 Pharisaeorum
1472 5092 1485 5115 ,
1513 5067 1615 5106 non
1645 5049 1897 5112 intrabitis
1921 5051 1973 5104 in
2004 5067 2086 5104 re-.

491 5159 650 5217 gnum
686 5142 928 5198 caelorum
967 5140 1178 5212 (Matth.
1214 5158 1283 5209 v,
1323 5141 1434 5213 20).
1478 5142 1554 5196 De
1593 5142 1698 5197 illis
1731 5142 1926 5212 quippe
1961 5141 2037 5202 ait
2067 5160 2084 5206 ξ

493 5221 690 5284 Scriba!
728 5236 776 5282 et
817 5226 1069 5282 Pharisazi
1109 5243 1260 5298 super
1303 5226 1595 5282 cathedram
1640 5227 1807 5298 Moysi
1852 5225 2026 5286 sedent
2064 5242 2082 5281 :

493 5334 607 5390 qum
640 5320 841 5385 dicunt,
877 5319 1057 5389 facile;
1088 5335 1202 5390 qua:
1228 5328 1395 5376 autem
1434 5319 1628 5388 faciunt
1649 5360 1663 5385 ,
1691 5321 1859 5396 [acere
1887 5320 2082 5387 nolite:

493 5411 667 5467 dicunt
693 5411 826 5466 enim
844 5419 892 5466 et
912 5428 1013 5465 non
1034 5411 1226 5482 faciunt
1254 5410 1363 5484 (Id.
1398 5427 1556 5478 χχιιι,
1583 5409 1638 5476 2,
1664 5411 1739 5482 5).
1764 5412 1905 5485 Ergo
1929 5412 2087 5484 justi.3

493 5505 566 5562 tia
597 5519 784 5562 eorum
818 5513 898 5561 est
918 5547 933 5572 ,
962 5505 1143 5560 dicere
1171 5515 1227 5560 et
1257 5521 1364 5559 non
1396 5505 1571 5560 facere
1600 5524 1613 5560 :
1646 5523 1708 5564 ac
1735 5524 1830 5578 per
1858 5487 1960 5564 hoc
1988 5524 2086 5564 no-

493 5607 658 5654 stram
687 5613 806 5654 esse
832 5598 995 5652 voluit
1025 5596 1385 5652 abundantem
1415 5613 1578 5676 super
1614 5589 1824 5655 illorum
1848 5645 1864 5668 ,
1905 5602 2084 5658 dicere

495 5689 774 5757 etfacere;
805 5707 924 5761 quae
947 5693 990 5746 si
1015 5708 1119 5747 non
1144 5693 1316 5757 fuerit,
1344 5710 1446 5748 non
1477 5695 1760 5760 intrabitur
1783 5697 1834 5754 in
1859 5714 2090 5770 regnum,

496 5780 779 5839 coalorum.
808 5782 925 5838 Non
954 5784 1078 5854 quia
1115 5785 1396 5855 quisquam
1435 5787 1505 5840 ita
1536 5787 1696 5843 debet
1733 5789 1958 5860 extolli,
1990 5799 2082 5863 ut,

559 5921 581 5956 ⁸
612 5925 821 5976 veteres
841 5921 971 5986 libri,
995 5933 1061 5978 es
1080 5923 1262 5988 Spiritu
1283 5930 1448 5978 sancto
1473 5937 1492 5979 :
1513 5931 1712 5993 omisso.
1736 5933 1942 5993 «quaet.

1232 407 1321 464 DE
1351 405 1508 464 FIDE
1546 404 1635 463 ET
1672 399 2029 470 OPERIBUS,
2068 396 2128 455 Β.
2170 397 2534 456 AUGUSTlNl
2572 401 2775 479 LIBER
2812 401 3018 460 UNUS.

3644 405 3745 467 228

2166 531 2272 572 non
2317 515 2488 572 dicam
2528 517 2667 586 apud
2705 519 2841 575 alios
2877 519 3114 588 jactare,
3153 519 3250 576 sed
3285 519 3426 592 apud
3467 534 3532 578 se
3575 522 3742 595 ipsum

2165 616 2350 680 putare
2375 609 2568 665 audeat
2597 625 2654 666 se
2681 611 2732 665 in
2763 613 2860 666 liae
2889 612 3002 667 vita
3039 626 3157 667 esse
3197 612 3317 668 sine
3352 623 3580 685 peccato
3611 634 3633 670 :-
3654 618 3742 674 sed

2164 701 2266 758 nisi
2293 711 2472 758 essent
2497 702 2739 774 qumdam
2771 703 2843 760 ita
2869 703 3074 774 gravia,
3105 711 3164 758 ut.
3187 704 3356 760 etiam
3382 709 3742 772 exsomni-

2164 795 2375 851 catione
2413 795 2689 865 plecteuda
2719 795 2855 862 sint,
2896 810 3002 850 non
3036 796 3238 852 diceret
3261 796 3592 867 Apostolus.
3620 799 3744 864 ευ..

2163 888 2382 958 gregalis
2411 887 2547 941 vobis
2569 896 2614 941 et
2637 903 2746 944 meo.
2766 888 2952 959 spiritu
2980 887 3182 942 tradere
3204 887 3459 958 ejusmodi
3479 899 3674 952 sum
3693 894 3742 956 ὑι

2164 977 2422 1042 interitum
2456 978 2658 1046 carnis,
2688 989 2745 1040 ut
2777 979 2986 1054 spiritus
3027 981 3200 1035 salvus
3236 980 3300 1035 sit
3336 981 3391 1038 in
3427 981 3512 1040 die
3543 981 3744 1046 Denisi

2164 1069 2292 1127 Jesu
2319 1071 2374 1143 (l
2401 1069 2520 1130 Cor.
2548 1088 2612 1138 γ,
2640 1073 2708 1140 4,
2746 1068 2823 1146 5).
2853 1071 3006 1132 Unde
3041 1072 3204 1130 etiam
3242 1072 3372 1130 dicit
3397 1091 3412 1127 :
3441 1073 3524 1130 Ne
3554 1075 3740 1146 lugeam

2166 1168 2382 1231 multos,
2410 1167 2496 1238 qui
2519 1176 2636 1222 ante
2665 1175 2992 1236 peccauerunt
3009 1206 3026 1233 ,
3054 1176 3101 1221 et
3135 1183 3238 1224 non
3271 1175 3480 1238 egerat“
3505 1169 3740 1237 νεικείει-

2167 1261 2290 1323 tiam
2318 1277 2469 1330 super
2497 1261 2872 1320 immunditiam
2909 1270 2959 1322 et
2995 1261 3381 1330 fornicationem
3413 1277 3572 1331 quam
3589 1278 3742 1333 guu-

2167 1363 2284 1410 runt
2310 1353 2387 1428 (ll
2415 1351 2534 1410 Cor.
2572 1369 2681 1424 xu,
2710 1353 2824 1426 2.1).
2863 1351 2996 1409 Item
3033 1352 3136 1408 nisi
3163 1361 3350 1410 essent
3373 1351 3620 1422 quaedam
3646 1369 3741 1410 non

2169 1462 2234 1504 ea
2265 1447 2566 1504 humilitate
2591 1445 2924 1516 poenitentiae
2943 1445 3208 1513 sananda,
3233 1444 3405 1516 qualis
3435 1445 3496 1506 in
3514 1445 3741 1504 Eccles'u

2169 1541 2327 1596 datur
2363 1542 2440 1596 eis
2469 1542 2561 1615 qui
2591 1541 2806 1614 proprie
2841 1541 3162 1616 ptenitentes
3187 1538 3744 1609 vocantm,sadqm'-

2170 1631 2396 1692 busdam
2415 1633 2814 1701 correptionum
2838 1631 3264 1696 medicamentis,
3287 1630 3624 1688 nondiceret
3641 1631 3744 1700 ipse

2172 1722 2430 1782 Dominus
2455 1741 2468 1777 :
2495 1722 2708 1794 Corripe
2729 1740 2843 1780 eum
2865 1724 2998 1778 inter
3019 1732 3066 1778 te
3087 1730 3134 1778 et
3159 1723 3326 1792 ipsum
3349 1721 3554 1788 solum;
3575 1723 3686 1782 etsi
3705 1732 3744 1781 ts

2171 1816 2424 1882 audierit,
2455 1817 2679 1874 lucratus
2709 1834 2760 1872 es
2785 1821 2997 1890 fratrem
3033 1826 3174 1876 tuum
3204 1815 3420 1890 (Matth.
3447 1832 3582 1876 “an
3600 1814 3740 1891 Αἱ).

2172 1905 2451 1968 Postremo
2489 1910 2593 1972 nisi
2626 1918 2807 1974 essent
2841 1909 3090 1981 ῳιειξάίιω
3119 1909 3236 1966 sine
3267 1909 3461 1980 quibus
3499 1909 3618 1974 hec
3649 1911 3743 1966 vita

2171 2014 2286 2064 non.
2327 2001 2536 2072 agitur,
2579 2017 2688 2058 non
2726 2001 3087 2073 quotidianam
3130 2000 3396 2062 medelam
3433 2012 3662 2072 poneret
3695 2003 3741 2058 ia

2173 2093 2415 2149 oratione
2443 2108 2603 2172 quam
2629 2092 2840 2158 docuit,
2873 2101 2933 2150 ut
2957 2094 3203 2153 dicamus
3228 2111 3242 2147 :
3269 2092 3486 2158 Dimitte
3505 2093 3654 2154 nobis
3670 2097 3745 2152 ds-

2173 2181 2275 2236 bita
2313 2193 2488 2238 nostra
2506 2224 2522 2251 ,
2551 2184 2684 2240 sicut
2710 2193 2757 2240 et
2783 2201 2874 2241 nos
2904 2183 3202 2242 dimittimus
3229 2184 3545 2242 debitoribus
3581 2187 3746 2246 nostra

2178 2271 2288 2348 (Id.
2319 2289 2402 2336 γι,
2438 2273 2547 2344 l2).

2245 2365 2471 2426 CAPUT
2507 2365 2814 2424 XXVll.—-
2838 2368 2926 2427 49.
2955 2367 3203 2442 Epilogus
3231 2369 3618 2439 praedictarum.
3639 2370 3744 2431 Ja-

2173 2465 2304 2522 satis
2324 2506 2340 2533 ,
2372 2471 2632 2535 quantum
2673 2464 2925 2538 arbitror,
2959 2465 3028 2524 de.
3064 2473 3174 2524 tota
3216 2465 3308 2528 illa
3350 2466 3612 2536 Opinione
3633 2465 3744 2537 quid

2173 2555 2308 2611 mihi
2335 2555 2608 2616 videretur
2644 2555 2902 2625 exposui,
2931 2554 3022 2610 ubi
3063 2563 3170 2616 tres
3213 2557 3542 2625 questiones
3579 2573 3746 2624 more:

2173 2656 2302 2705 runt
2328 2667 2342 2704 :
2366 2663 2528 2706 unam
2567 2647 2634 2704 de
2664 2647 3020 2724 permixtione
3057 2647 3119 2708 in
3148 2647 3388 2710 Ecolesia
3417 2649 3680 2710 bonorum
3703 2657 3748 2706 et

2173 2743 2474 2810 malorum,
2504 2750 2752 2812 tanquam
2779 2742 2942 2804 tritici
2979 2749 3034 2797 et
3070 2741 3397 2802 zizaniorum
3421 2760 3436 2798 :
3459 2742 3556 2802 ubi
3576 2757 3747 2800 cauen-

2175 2835 2302 2894 dum
2329 2845 2412 2890 est
2429 2875 2446 2904 ,
2476 2849 2543 2892 ne
2570 2834 2691 2892 ideo
2727 2843 2970 2906 putemus
2996 2849 3116 2894 esse.
3141 2835 3440 2904 propositas
3459 2835 3598 2897 istas
3616 2834 3748 2896 simiv

2175 2929 2462 2996 litudines,
2491 2928 2583 2986 vel.
2605 2927 2745 2986 hanc
2763 2968 2778 2994 ,
2810 2929 2898 2988 vel
2925 2927 2992 2987 de
3022 2927 3310 2990 immundis
3337 2928 3397 2986 in.
3415 2944 3552 2998 arca
3570 2928 3749 2991 aniu-

2175 3021 2317 3079 libus
2338 3062 2359 3089 ,
2385 3021 2473 3082 vel
2507 3035 2855 3092 quaecumque
2880 3020 2983 3076 alia
3014 3020 3155 3078 idem
3182 3019 3482 3091 signiﬁcant
3501 3063 3523 3088 ,
3555 3030 3612 3080 ut
3643 3019 3748 3080 dot.

2175 3114 2310 3174 miat
2333 3115 2586 3174 Ecclesiae
2615 3113 2924 3184 disciplina,
2958 3113 3025 3172 de
3051 3127 3155 3185 qua
3193 3112 3247 3172 in
3277 3112 3444 3184 ﬁgura
3471 3114 3620 3172 illius.
3649 3126 3747 3174 mlv

2175 3205 2328 3270 lieris
2369 3206 2572 3264 dictum
2613 3215 2730 3276 est,
2758 3205 2960 3262 Severus
2999 3213 3118 3259 sunt
3159 3205 3570 3262 conversationes
3593 3203 3746 3260 domus

2177 3299 2293 3372 ejus
2325 3296 2505 3371 (Prov.
2533 3312 2608 3376 ιι,
2637 3297 2740 3363 18,
2764 3312 2876 3353 sec.
2915 3295 3113 3368 LXX);
3143 3297 3242 3354 sed.
3265 3306 3323 3356 ut
3349 3312 3456 3360 non
3496 3311 3567 3353 eo
3603 3307 3748 3366 usque

2178 3389 2550 3466 progrediatur
2577 3389 2863 3450 dementiae
2886 3390 3062 3460 potius
3093 3389 3369 3452 temeritas
3381 3431 3402 3458 ,_
3428 3405 3592 3460 quam
3615 3401 3747 3444 sevo.

2179 3482 2309 3540 ritas
2337 3480 2661 3553 diligentiae,
2695 3489 2754 3538 ut
2780 3482 2931 3552 quasi
2971 3481 3142 3538 bonos
3179 3496 3210 3536 a
3249 3482 3404 3540 malis
3441 3496 3544 3552 per
3572 3477 3748 3542 nam

2179 3574 2467 3636 schismata
2509 3588 2760 3644 separare
2789 3582 3096 3644 praesumat.
3122 3573 3310 3644 Neque
3349 3573 3493 3631 enim
3539 3588 3638 3645 per
3669 3569 3748 3628 itas

2179 3664 2555 3728 similitudines
2596 3672 2658 3726 et.
2696 3665 3174 3740 prmnuntiationes
3216 3665 3504 3722 consilium
3555 3661 3746 3722 desidia

2181 3757 2363 3814 datum
2410 3766 2493 3820 est
2532 3756 2720 3825 bonis,
2747 3772 2851 3838 qua
2879 3757 3152 3833 negligant
3176 3755 3317 3826 quod
3357 3756 3645 3828 prohibere
3667 3752 3746 3810 de-

2180 3849 2340 3915 bent;
2369 3849 2466 3906 sed
2510 3848 2812 3919 patientiae,
2844 3862 2948 3919 qua
3000 3844 3270 3918 perferant
3315 3845 3468 3906 salva
3524 3843 3748 3906 doctrina.

2180 3943 2426 4000 veritatis
2455 3941 2595 4014 quod
2619 3942 2908 4004 emendare
2935 3955 3044 4004 non
3084 3939 3282 4000 valent.
3314 3939 3425 4004 Nec
3471 3942 3604 4012 quia
3640 3937 3748 3994 scri-

2182 4047 2333 4110 ptum
2363 4045 2445 4094 est
2485 4036 2734 4098 introisse
2761 4036 2830 4094 ad
2854 4034 2967 4092 Noe
2994 4035 3052 4091 in
3076 4048 3257 4094 arcam
3292 4035 3453 4098 etiam
3496 4029 3749 4099 immundi

2183 4129 2430 4188 animalia
2459 4129 2611 4202 (Gen.
2636 4145 2714 4192 vn.
2731 4171 2744 4196 ,
2767 4128 2847 4200 2),
2875 4128 2998 4186 ideo
3025 4127 3302 4199 praepositi.
3336 4137 3522 4192 vetare
3547 4142 3653 4188 non
3672 4123 3749 4182 de.

2183 4226 2344 4291 bent,
2366 4224 2409 4280 si
2454 4223 2545 4296 qui
2588 4221 3002 4284 immundissimi
3037 4220 3108 4277 ad
3143 4219 3480 4293 Baptismum-
3500 4215 3750 4278 velintin-

2186 4325 2336 4382 trare
2363 4315 2648 4383 saltantes,
2673 4313 2816 4385 quod
2835 4320 2920 4371 est
2938 4321 3083 4370 certe
3106 4312 3290 4372 mitius
3312 4328 3471 4384 quam
3495 4308 3751 4374 machae-

2185 4418 2268 4467 tes
2298 4429 2312 4465 :
2338 4411 2433 4466 sed
2462 4425 2559 4480 per
2600 4409 2738 4463 hanc
2779 4408 3003 4478 ﬁguram
3043 4406 3124 4462 rei
3159 4414 3323 4477 gesta:
3361 4405 3752 4478 praenuntiatum

2185 4512 2276 4576 est
2299 4501 2614 4572 immundos.
2641 4501 2698 4566 in.
2721 4500 2960 4571 Ecclesia
2985 4499 3196 4566 Muros
3218 4505 3437 4582 praeter
3475 4491 3750 4582 war-tie

2185 4596 2481 4662 rationem.
2514 4608 2622 4662 non
2667 4600 2884 4666 propter
2926 4589 3190 4656 doctrinae
3219 4579 3650 4660 corruptionem.
3678 4579 3750 4638 νά

2189 4687 2489 4766 disciplinae
2515 4683 2941 4750 dissolutionem.
2967 4682 3083 4746 Non
3104 4683 3248 4746 enim
3266 4697 3600 4753 quacum
3618 4673 3753 4736 libuit

2188 4781 2527 4837 intraverunt
2555 4776 2829 4840 immunda
2870 4776 3119 4836 animalia
3167 4790 3306 4842 arcae
3343 4789 3602 4846 compage
3637 4781 3753 4827 eam

2187 4871 2357 4936 fracta
2374 4914 2394 4950 ,_
2423 4871 2520 4930 sed
2543 4885 2607 4928 ea
2636 4870 2842 4944 integra
2873 4885 2969 4942 per
2991 4885 3157 4928 unum
3179 4878 3342 4940 atque
3365 4867 3508 4928 idem
3534 4864 3716 4924 ostium
3735 4897 3752 4923 .

2188 4965 2329 5038 quod
2359 4963 2554 5022 artifex
2580 4963 2798 5028 fecerat.
2839 4963 3019 5028 Altera
3057 4963 3282 5033 quaestio
3307 4968 3422 5030 est,
3452 4961 3508 5017 in
3549 4971 3649 5030 qua
3685 4951 3751 5009 eis

2189 5060 2362 5116 visum
2393 5067 2476 5116 est
2520 5057 2678 5114 ﬁdem
2718 5057 2888 5112 solam
2916 5054 3250 5126 baptizandis
3273 5070 3393 5114 esse
3425 5049 3750 5111 Non“,

2190 5163 2373 5225 postea
2397 5169 2525 5210 vero
2543 5152 2652 5221 jam
2677 5151 2970 5222 baptizatos
2992 5148 3262 5208 docendos
3281 5163 3401 5206 esse
3419 5147 3494 5206 de.
3508 5141 3750 5203 moribus.

2189 5246 2297 5316 Sed
2323 5247 2454 5304 satis
2493 5246 2915 5310 demonstratum
2943 5252 3058 5312 est,
3086 5242 3190 5298 nisi
3236 5241 3416 5310 fallor,
3447 5250 3570 5296 tunc
3601 5226 3754 5300 ωιαὶε

2189 5340 2462 5412 pertinere
2483 5338 2552 5396 ad
2583 5351 2769 5396 curam.
2807 5334 3185 5405 speculatoris,
3212 5348 3334 5392 cum
3378 5346 3564 5392 omnes
3590 5323 3674 5398 qui
3701 5319 3751 5374 li-

2189 5431 2391 5490 delium
2421 5436 2731 5501 competunt
2754 5427 3158 5484 Sacramentum
3182 5468 3198 5495 ,
3230 5426 3412 5482 omnia
3437 5440 3556 5496 qua:
3579 5420 3754 5477 dicul-

2191 5533 2277 5581 tur
2322 5523 2576 5578 intentius
2626 5529 2682 5577 et
2731 5519 3006 5576 sollicitius
3053 5517 3302 5581 audiunt,
3335 5534 3440 5573 non
3488 5524 3656 5571 tacere
3691 5501 3748 5556 de

2189 5632 2348 5688 paena
2391 5631 2548 5685 quam
2594 5614 2734 5667 male
2762 5612 3062 5666 viventibus
3094 5610 3351 5664 Dominus
3381 5605 3744 5662 comminatur;

2191 5728 2259 5768 nc
2278 5713 2329 5764 in
2348 5711 2460 5778 ipso
2477 5709 2749 5778 Baptismo
2773 5708 2844 5759 rei
2889 5708 2983 5760 .int
3003 5706 3442 5778 gravissimorum
3465 5697 3744 5758 criminum,

2190 5820 2296 5878 quo
2324 5803 2546 5860 vestium
2574 5809 2631 5855 ut
2656 5799 2956 5854 remittatur
2985 5800 3006 5832 ³
3031 5807 3212 5864 reatus
3247 5796 3486 5862 omnium
3527 5788 3749 5867 peccato-

2258 5918 2477 6005 ἥρωι-θα
2502 5923 2629 5982 ωδε..
2651 5913 2970 5978 τριμὶιωθυω.
