3940 6514
151 613 276 656 nn.
301 593 468 651 Serti:
491 587 742 662 pastio
795 594 898 644 est
936 583 1402 655 periculosissima,
1433 596 1536 652 qua
1563 596 1748 652 parum

159 689 478 750 considerata,
516 691 574 738 et
628 697 760 735 non
825 678 1142 734 secundum
1191 676 1420 732 divinum
1477 676 1750 746 eloquium

157 787 458 858 pertractata,
477 784 596 834 tota
641 774 750 830 illa
785 771 997 843 Opinio
1038 769 1160 827 mihi
1200 768 1404 824 videtur
1442 778 1624 831 exorta
1647 809 1661 833 ,
1695 768 1749 823 in

156 889 233 943 qm
259 868 568 941 promittitur
598 863 1041 920 scelestissime
1081 861 1480 931 turpissimaque
1519 861 1750 916 viventi-

156 967 257 1030 bus,
275 961 464 1020 etiamsi
482 976 550 1016 eo
576 958 770 1016 modo
800 957 1003 1012 vivere
1031 963 1399 1026 perseverent,
1429 961 1484 1008 et
1509 962 1747 1008 tantum-

155 1054 294 1115 nodo
311 1051 512 1110 credant
534 1051 598 1107 in
623 1048 944 1105 Christum
959 1088 978 1112 ,
1005 1045 1226 1117 ejusque
1250 1045 1594 1102 Sacramenta
1622 1060 1749 1116 per-

157 1147 345 1216 cipiant,
370 1159 453 1198 eos
475 1143 546 1197 ad
584 1140 852 1196 salutem
885 1139 1162 1208 vitamque
1191 1146 1444 1192 aeternam
1470 1151 1590 1192 esse
1619 1151 1747 1192 ven-

157 1247 278 1292 turos
298 1256 311 1289 :
329 1245 504 1290 contra
545 1231 990 1305 mercissinam
1035 1230 1244 1288 Domini
1273 1230 1590 1286 sententiam
1612 1271 1636 1300 ,
1657 1231 1746 1301 qui

149 1327 426 1383 desideranti
458 1328 629 1382 vitam
674 1335 968 1381 maternam
1013 1322 1318 1393 respondit,
1353 1323 1415 1378 Si
1463 1323 1536 1377 vis
1581 1324 1748 1378 venire

143 1421 196 1472 ad
217 1422 373 1480 vitam,
399 1434 544 1472 serra
566 1417 843 1470 mandata
861 1433 885 1481 ,-
909 1423 967 1470 et
986 1414 1426 1472 commemoravit
1450 1429 1569 1485 qua:
1594 1423 1746 1472 man.-

139 1509 235 1563 data
263 1509 467 1580 (ﬂaua.
498 1525 630 1574 xix,
668 1508 808 1563 17-!
822 1506 909 1578 9),
944 1507 1037 1561 ubi
1067 1521 1127 1562 ea
1165 1507 1366 1562 scilicet
1409 1515 1627 1576 peccata
1660 1507 1744 1562 vi-

140 1609 308 1668 tantur,
337 1603 532 1672 quibus
557 1601 771 1656 nescio
796 1599 1092 1670 quomodo
1115 1601 1260 1660 salus
1287 1609 1496 1664 aeterm.
1521 1603 1744 1676 promit-

135 1694 242 1748 titur
273 1705 488 1765 propter
516 1695 691 1748 ﬁdem
741 1695 875 1749 sine
927 1693 1189 1764 operibus
1233 1704 1522 1754 amt-tuam.
1553 1697 1630 1752 De
1660 1695 1744 1752 his

133 1786 277 1840 tribus
299 1785 702 1854 questionibus
744 1785 925 1851 satis,
954 1794 1213 1855 quantum
1252 1787 1529 1854 existimo,
1563 1788 1745 1858 dispu-

128 1880 219 1933 tari
246 1898 260 1931 :
287 1879 784 1951 demonstravique
815 1879 904 1935 sic
933 1878 1245 1948 tolerandos
1275 1881 1327 1936 in
1356 1881 1596 1938 Ecclesia
1622 1897 1746 1947 mae

126 1968 226 2034 los,
257 1981 315 2024 ut
356 1986 467 2025 non
510 1971 834 2041 negligatur
885 1970 1262 2028 ecclesiastica
1307 1971 1628 2041 disciplina;
1665 1973 1746 2029 sic

1146 457 1498 524 ADMONITlO
1536 461 1603 517 IN
1641 459 2191 534 SUBSEQUENTEM
2228 460 2510 519 LIBRUM.

3335 473 3443 533 2’50

1857 576 2018 634 vitam
2047 585 2336 644 :eternam,
2368 583 2426 632 ut
2449 591 2556 634 non
2598 579 2758 640 etiam
2797 594 2894 654 per
2927 581 3089 641 ﬁdem
3131 592 3436 654 mortuam,

1854 685 1976 738 tutae
2023 669 2140 726 sine
2184 669 2435 743 operibus
2473 670 2679 726 salvare
2717 687 2824 734 non
2870 682 3081 748 potest,
3108 675 3176 732 ad
3216 691 3335 736 eam
3379 693 3440 734 se

1855 762 2078 834 quisque
2109 762 2384 832 pervenire
2409 777 2567 832 posse
2603 763 2916 832 arbitretur,
2943 767 3039 830 sed
3068 783 3160 840 per
3187 769 3334 836 illam
3364 771 3434 824 ﬁ-

1854 855 1975 912 dem
1991 856 2199 926 gratize,
2218 872 2336 926 quae
2359 871 2456 926 per
2476 856 2812 924 dilectionem
2831 867 3099 927 operatur.
3121 860 3237 915 Non
3265 862 3444 933 itaque

1853 950 2134 1019 culpentur
2172 949 2569 1019 dispensatores
2598 950 2809 1019 ﬁdeles,
2841 966 2948 1006 non
2986 966 3078 1006 sua
3125 953 3444 1024 negligentia

1853 1041 1938 1098 vel
1965 1039 2177 1112 pigritia
2197 1082 2213 1108 ,
2241 1041 2334 1098 sed
2367 1041 2719 1115 quorumdam
2748 1043 2922 1113 potius
2951 1045 3288 1100 contumacia
3307 1086 3323 1113 ,
3353 1047 3445 1117 qui

1854 1133 2133 1203 pecuniam
2161 1133 2478 1189 dominicam
2519 1141 2772 1188 recusant
2797 1134 3042 1204 accipere
3064 1176 3079 1201 ,
3106 1143 3160 1190 et
3179 1134 3444 1190 adulteri-

1853 1241 1976 1284 nam
1997 1240 2146 1280 suam
2169 1235 2364 1298 cogunt
2391 1241 2578 1286 servos
2594 1226 2900 1286 dominicas.
2915 1241 3135 1296 erogare
3151 1269 3165 1292 ,
3195 1226 3322 1282 dum
3344 1243 3442 1284 no-

1851 1317 1972 1372 lunt
1994 1318 2182 1372 saltem
2212 1318 2346 1372 tales
2370 1332 2490 1373 esse
2511 1318 2657 1384 mali,
2687 1318 2874 1388 quales
2899 1327 3113 1374 sanctus
3142 1318 3443 1390 Cyprianus

1851 1417 2239 1468 commemorat
2259 1407 2451 1481 (Serm.
2475 1409 2538 1463 de
2560 1407 2796 1481 Lapsis),
2819 1409 3014 1464 saeculo
3039 1410 3216 1486 verbis
3235 1411 3366 1466 solis
3389 1419 3444 1467 et

1851 1515 1956 1555 non
1982 1499 2134 1554 factis
2156 1500 2555 1567 renuntiantes;
2580 1499 2791 1570 quando
2813 1514 2913 1555 nec
2932 1499 3110 1554 verbis
3127 1499 3438 1557 renuntiare

1850 1588 2053 1664 diaboli
2076 1591 2326 1661 operibus
2350 1591 2575 1657 volunt,
2592 1605 2715 1646 cum
2735 1605 2794 1646 se
2819 1590 2871 1646 in
2900 1591 3163 1647 adulterio
3193 1607 3442 1662 perman-

1776 1690 1784 1697 ”
1850 1696 2004 1742 suros
2025 1697 2155 1742 voce
2180 1683 2516 1752 apertissima
2546 1680 2882 1754 proﬁtentur.
2909 1682 2965 1738 Si
2986 1683 3111 1753 quid
3131 1683 3200 1738 ab
3230 1684 3309 1739 eis
3330 1683 3439 1764 dici

1850 1777 2022 1843 solet,
2052 1777 2192 1846 quod
2216 1776 2350 1831 forte
2375 1775 2696 1846 disputando
2725 1790 2830 1830 non
2859 1774 3043 1846 attigi,
3076 1775 3181 1830 tale
3209 1789 3330 1830 esse
3349 1790 3442 1854 ar-

1848 1867 2078 1923 bitratus
2097 1884 2214 1923 sum
2235 1909 2250 1934 ,
2283 1868 2367 1922 cui
2396 1882 2517 1922 mea
2545 1867 2825 1938 responsio
2853 1865 3156 1921 necessaria
3181 1881 3286 1922 non
3306 1865 3442 1922 fuis-

1849 1969 1970 2031 set;
1991 1961 2106 2016 sive
2130 1960 2276 2030 quod
2293 1960 2360 2030 ad
2393 1977 2506 2016 rem
2529 1961 2596 2016 de
2625 1975 2728 2031 qua
2759 1959 2955 2031 agitur,
2986 1975 3093 2016 non
3111 1949 3442 2031 pertineret",

50 5339 64 5448 ἓ

50 5451 64 5582 i

50 5589 60 5804 Ξ

128 2060 526 2116 catecbizandos
559 2077 660 2115 eos
686 2062 781 2131 qui
807 2061 1156 2132 Baptismum
1177 2069 1394 2130 petunt,
1427 2072 1486 2117 ut
1511 2079 1618 2117 non
1650 2078 1741 2119 so.
1848 2056 1962 2128 sive
1989 2054 2128 2124 quod
2158 2063 2264 2108 tam
2290 2054 2408 2109 leve
2428 2062 2596 2121 esset,
2626 2061 2739 2108 uta
2758 2053 2998 2123 quolibet
3021 2051 3268 2123 redargui
3291 2052 3438 2108 facil-

139 2151 250 2205 ium
277 2151 494 2205 audiant
536 2160 703 2222 atque
748 2153 1056 2222 suscipiant
1097 2152 1224 2222 quid
1270 2153 1524 2222 credere,
1553 2171 1738 2210 verum
1849 2145 1974 2200 “me
2003 2156 2183 2215 Ροεδθῐ
2207 2146 2248 2199 ‘-

136 2243 292 2298 etiam
321 2243 554 2313 qualiter
580 2244 768 2312 vicere
790 2237 1072 2315 em»;
1215 2245 1453 2314 promitti
1492 2245 1742 2304 fidelibus
1913 2257 1933 2289 ι
1966 2240 2286 2309 mveteribus
2306 2255 2463 2311 libris.
2485 2254 2696 2318 additur,
2725 2263 2828 2311 nco
2846 2251 3050 2319 9m

1232 2524 2303 2638 ADMONITIO

1243 2712 1326 2774 IN
1368 2712 1996 2790 SUBSEQUENTEM
2036 2715 2363 2778 LIBRUM.

1505 2870 2086 2927 «φοβερῷ

223 3009 526 3067 Mulieri
542 3011 612 3068 ad
640 3010 1034 3067 Laurentium
1058 3009 1198 3065 inter
1223 3018 1520 3081 postremas
1543 3026 1666 3068 suas
1693 3011 2087 3068 lucubrationes
2107 3011 2378 3068 recensuit
2404 3009 2797 3082 Angustinusin
2826 3009 2961 3065 iibro
2979 3009 3432 3068 Retraetationum

171 3101 391 3168 modo,
413 3114 619 3176 postque
657 3121 764 3160 sex
798 3113 1004 3159 contra
1033 3103 1304 3158 lulianum
1327 3105 1513 3172 libros,
1563 3105 1654 3176 qui
1682 3105 1750 3160 ad
1795 3120 1992 3160 annum
2024 3105 2236 3160 circiter
2282 3104 2380 3158 421
2443 3095 2734 3176 pertinent,
2777 3103 3079 3158 coiloeavit.
3112 3103 3267 3157 Hunc
3291 3109 3439 3158 certe

178 3189 717 3250 librnmlabenteanno
748 3195 870 3250 4'20
917 3195 1160 3250 nondum
1206 3195 1523 3265 perfecerat.
1562 3196 1699 3251 Nam
1751 3197 2155 3267 Hieronymum,
2188 3197 2278 3268 qui
2304 3212 2446 3250 anno
2488 3197 2676 3251 eodem
2723 3195 2850 3262 420,
2898 3195 3046 3266 iuxta
3093 3195 3438 3266 Prosperum,

185 3283 328 3352 pridie
344 3287 566 3342 alendis
584 3289 838 3344 octobris
864 3287 1026 3353 obiit,
1054 3287 1165 3357 jam
1191 3297 1361 3343 morte
1382 3289 1621 3344 functum
1647 3290 1901 3346 laudabat
1928 3305 2047 3360 cap.
2080 3290 2171 3354 87,
2225 3290 2280 3343 in
2310 3289 2424 3343 haec
2444 3289 2607 3344 verba
2633 3306 2647 3343 :
2672 3287 2879 3344 Sancta:
2906 3291 3164 3345 memoria:
3189 3289 3446 3360 Hierony-

192 3377 517 3447 mprdgter
538 3381 794 3450 scriptum
820 3380 1055 3447 reliquit.

251 3467 524 3525 laureatum
549 3485 738 3541 porro,
774 3472 866 3526 cui
895 3470 1132 3540 scriptus
1150 3470 1306 3537 liber,
1329 3470 1494 3527 frater
1510 3472 1730 3528 Dulcitii
1755 3473 2057 3544 appellatur
2083 3473 2134 3527 in
2162 3473 2301 3528 libro
2329 3471 2398 3528 de
2424 3481 2546 3528 octo
2562 3469 2776 3527 Dulcitii
2803 3471 3220 3540 Qumtionibus,
3241 3480 3434 3543 quaest.

199 3561 245 3626 ι.
265 3578 311 3616 ι.
333 3564 425 3629 lo;
451 3566 564 3636 quia
583 3567 992 3637 propinquitate
1014 3573 1068 3619 et
1097 3566 1439 3636 cognatione,
1467 3567 1540 3620 uti
1570 3567 1918 3633 arbitramur,
1951 3567 2199 3634 naturali,
2237 3582 2340 3622 non
2372 3565 2666 3622 christiana
2688 3574 2897 3620 tantum
2945 3565 3178 3620 Dulcitio
3213 3565 3443 3635 conjun-

202 3662 432 3710 ctuent.
483 3657 661 3712 Virum
690 3659 763 3714 ab
788 3657 1099 3714 eruditione
1129 3667 1181 3714 et
1233 3676 1261 3714 a
1291 3660 1393 3729 piis
1421 3660 1612 3715 studiis
1663 3661 1876 3731 egregie
1915 3661 2277 3729 commendat,
2310 3662 2407 3717 sed
2453 3678 2483 3716 a
2531 3661 2786 3716 laicornm
2814 3659 3044 3715 ﬁdelium
3073 3676 3232 3730 grege
3277 3660 3446 3716 nihilo

201 3747 398 3802 secernit
420 3749 749 3821 Augustinus,
772 3753 868 3823 qui
902 3763 958 3806 et
983 3752 1175 3822 Operis
1203 3753 1353 3807 initio
1380 3753 1548 3808 ﬁlium
1579 3754 1752 3823 ipsum
1782 3761 1957 3817 vocat,
1987 3763 2040 3808 et
2072 3755 2126 3809 in
2160 3753 2268 3808 ﬁne
2294 3770 2414 3809 eum
2454 3754 2556 3808 sibi
2587 3754 2638 3808 in
2671 3753 2867 3809 Christi
2908 3753 3163 3808 membris
3184 3753 3437 3809 dilectum

199 3837 326 3892 icit-
351 3839 514 3912 Neque
534 3844 814 3900 Laurentii
839 3845 1076 3914 dignitas
1105 3845 1380 3915 explorata
1409 3856 1492 3901 est
1529 3856 1583 3901 et
1609 3847 1834 3916 probata
1869 3847 1998 3900 satis
2023 3861 2089 3900 ex
2115 3847 2329 3917 vulgato
2358 3847 2478 3901 libri
2535 3848 2706 3902 titulo.
2758 3847 2965 3918 Quippe
3014 3846 3229 3902 codices
3277 3847 3447 3902 nostri

201 3932 483 4002 m'qniores
528 3936 724 3992 habent
776 3946 1010 4000 tantum,
1055 3935 1246 4007 Incipit
1298 3937 1798 4007 Enchiridion:qui
1849 3953 1978 3992 vero
2023 3938 2105 3991 Ad
2147 3939 2480 3993 Laurentium
2525 3940 2865 4010 primicerium
2912 3938 3135 4005 addunt,
3178 3940 3450 4010 aliquanto

203 4027 493 4087 recentiores
515 4040 656 4098 sunt,
687 4041 852 4101 atque
875 4029 964 4084 isti
989 4045 1173 4085 secum
1215 4030 1441 4084 invicem
1469 4030 1606 4084 haud
1636 4030 1856 4085 omnino
1892 4032 2307 4086 consentientes.
2355 4032 2798 4088 Careassonensis
2840 4031 3076 4102 praefert,
3110 4031 3449 4087 Ad‘Lauren-

205 4121 306 4173 tium
332 4124 661 4190 primicerium
707 4123 1024 4176 notariorum
1069 4121 1207 4176 urbis
1261 4119 1458 4175 Romae.
1493 4120 1642 4176 Unus
1668 4138 1704 4176 e
1739 4120 2012 4178 Vaticanis
2055 4123 2314 4178 in‘fronte
2352 4123 2564 4192 Operis,
2604 4123 2686 4177 Ad
2729 4122 3061 4177 Laurentium
3101 4125 3446 4195 primicerium

202 4212 412 4270 Rom
451 4217 732 4283 Ecclesia;
776 4225 831 4271 et
871 4215 940 4269 ad
967 4214 1171 4269 calcem
1209 4214 1386 4280 habet,
1435 4214 1513 4266 Ad
1543 4214 1871 4269 Laurentium
1897 4215 2238 4285 primicerium
2261 4214 2505 4269 Ecclesiae
2531 4215 2667 4269 urbis
2695 4217 2960 4270 Romanae.
2989 4215 3363 4273 Cisterciensis
3387 4227 3444 4274 et

203 4307 278 4361 aii
309 4310 506 4378 quidam
559 4311 689 4367 Mss.
734 4310 804 4363 ad
834 4308 1160 4363 Laurentium
1209 4309 1546 4378 primicerium
1569 4323 1587 4360 :
1618 4307 1834 4377 Regius,
1858 4315 1990 4375 etc.,
2019 4309 2087 4361 ad
2111 4307 2460 4374 Laurentium,
2490 4308 2728 4378 nihilque
2766 4323 2958 4377 supra;
2990 4308 3257 4376 quomodo
3289 4311 3450 4368 etiam

209 4399 436 4458 ctﬁtiones
459 4401 798 4458 Amerhachii
829 4412 886 4456 et
911 4399 1143 4456 Erasmi.
1175 4400 1245 4454 At
1276 4399 1693 4455 Lovaniensium
1723 4399 1886 4454 editio
1909 4399 2060 4453 titulo
2108 4398 2328 4465 addidit,
2363 4399 2706 4466 primicerium
2747 4399 2886 4452 urbis
2943 4398 3136 4451 Romar.
3170 4397 3227 4452 ln
3259 4409 3442 4459 vetere

198 4491 317 4548 ire
353 4494 757 4567 Compendiensi
784 4494 1000 4566 legitur,
1030 4493 1112 4548 Ad
1157 4492 1488 4548 Laurentium
1517 4493 1772 4548 notarium
1831 4493 1969 4546 urbis
2019 4492 2216 4547 Romw.
2249 4492 2306 4547 In
2345 4491 2514 4547 altero
2541 4507 2573 4548 e
2608 4491 2949 4556 Colbertinis,
3000 4489 3082 4543 Ad
3111 4489 3450 4552 Laurentium

200 4585 455 4644 diaconum

257 4679 475 4738 Tametsi
499 4698 628 4739 vero
651 4682 792 4737 liber
817 4687 966 4736 recte
988 4678 1288 4750 appelletur
1314 4677 1658 4734 Enchiridion
1687 4678 1862 4750 ipsius
1888 4693 2149 4734 concessu
2182 4676 2466 4752 Augustini
2487 4678 2539 4733 in
2556 4693 2677 4750 cap.
2709 4679 2834 4750 1‘22,
2859 4683 2982 4758 quia
3024 4684 3226 4742 scilicet
3255 4686 3456 4742 Enchi-

197 4771 348 4831 ridica
371 4778 722 4847 postulaverat
749 4774 1094 4837 Laurentius,
1127 4773 1181 4828 id
1234 4782 1337 4842 est,
1367 4773 1678 4843 opusculum
1709 4773 1850 4829 mole
1883 4773 2131 4850 exiguum
2177 4772 2243 4828 de
2269 4772 2387 4843 ejus
2428 4775 2676 4830 manibus
2706 4791 2810 4832 non
2842 4792 3183 4836 recessurum
3213 4799 3226 4834 :
3258 4760 3454 4838 ibidem

192 4872 355 4923 tamen
374 4869 713 4941 Angustinus,
744 4869 979 4938 itemque
1000 4867 1053 4920 in
1085 4866 1588 4931 Retractationibus,
1621 4868 1676 4921 in
1698 4867 1836 4922 libro
1860 4866 1928 4921 de
1965 4879 2087 4921 octo
2118 4867 2329 4922 Dulcitii
2355 4867 2768 4941 Quazstionibus,
2810 4881 2863 4928 et
2890 4873 2942 4928 in
2966 4875 3202 4948 Epistula
3232 4878 3356 4943 251,
3383 4877 3450 4933 ad

189 4957 391 5017 Burin
419 4974 728 5020 constanter
758 4970 917 5017 vocat
940 4961 1134 5016 librum
1161 4960 1232 5016 de
1273 4960 1426 5028 Fide,
1451 4960 1556 5030 Spe
1584 4968 1639 5016 et
1677 4958 1949 5015 Charitate
1979 4977 1992 5026 ;
2031 4976 2130 5015 nec
2145 4960 2301 5015 aliter
2326 4961 2599 5018 Possidius
2637 4963 2805 5019 lndic.
2836 4980 2954 5036 cap.
2979 4967 3029 5023 6.
3062 4968 3142 5023 Ad
3170 4969 3284 5024 haec
3305 4971 3450 5027 enim

191 5055 625 5114 triacommodum
655 5057 832 5111 visum
859 5064 943 5111 est
963 5055 1021 5111 S.
1051 5054 1269 5111 Doctori
1296 5069 1552 5111 revocare
1595 5053 1870 5110 Laurentii
1899 5055 2225 5124 qumstiones
2252 5070 2460 5122 omnes,
2481 5057 2568 5128 qui
2598 5059 2874 5128 sapientia
2901 5061 3077 5117 studio
3099 5063 3368 5130 incensus,
3393 5081 3456 5122 ac

187 5157 398 5218 nostra,
421 5167 566 5222 quam
586 5149 966 5226 proﬁtebatur,
994 5162 1178 5202 amore
1211 5146 1504 5219 religionis,
1528 5146 1740 5201 volebat
1782 5145 1838 5200 in
1875 5147 2062 5218 primis
2091 5155 2297 5202 certum
2351 5148 2733 5221 pr0priumque
2772 5150 2895 5206 ﬁdei
2943 5155 3220 5212 catholica:
3265 5157 3456 5212 funda-

187 5250 433 5306 m,
462 5244 619 5302 totius
635 5241 948 5302 christiana:
983 5239 1242 5300 doctrinae
1271 5253 1557 5305 summm,
1589 5246 1642 5294 et
1667 5237 1953 5300 universitn
1998 5239 2248 5310 quidquid
2275 5238 2570 5298 orthodoxa
2616 5241 2720 5298 ﬁde
2744 5259 2807 5300 ac
2846 5245 3104 5316 religione
3127 5263 3164 5306 α
3186 5249 3360 5318 primo
3387 5250 3453 5305 ad

185 5329 424 5388 ultimum
447 5345 732 5402 teneretur,
774 5335 843 5388 ab
876 5333 1172 5405 Augustino
1217 5333 1481 5402 accipere,
1522 5346 1692 5402 eoque
1745 5331 1999 5403 magistro
2029 5332 2233 5387 institui
2271 5341 2325 5388 et
2363 5333 2557 5389 muniri
2614 5343 2798 5392 contra
2850 5337 3088 5403 diversas
3119 5339 3352 5404 haereses
3381 5332 3467 5414 ea/

187 5433 493 5496 le'pestate
523 5439 854 5503 grassantes.

251 5520 426 5579 Prima
450 5527 660 5596 quidem
689 5534 746 5580 et
775 5537 934 5594 quam
959 5522 1190 5578 maxima
1215 5521 1337 5576 libri
1367 5531 1516 5592 parte
1540 5522 1858 5592 Augustinus
1887 5537 2004 5592 quae
2027 5521 2295 5578 credenda
2325 5523 2430 5576 sint
2455 5523 2630 5592 docet,
2663 5535 2872 5581 servato
2893 5526 3129 5598 Symboli
3148 5531 3356 5593 ordine,
3388 5546 3452 5585 ac

183 5615 353 5671 “fias
381 5619 606 5677 hereses
632 5619 1076 5684 Manichaeorum,
1106 5618 1626 5688 Apollinaristarum.
1664 5616 2209 5680 Prisciilianistarutn,
2232 5618 2572 5684 Arianorum,
2604 5622 2976 5690 praecipueque
3010 5605 3435 5692 Pelagianorum,

181 5710 546 5770 hiatum
591 5714 832 5780 nontine,
884 5711 1088 5781 passim
1133 5708 1346 5764 refellit.
1391 5707 1692 5788 Secundam
1735 5717 1969 5777 partem,
2028 5709 2094 5764 de
2151 5711 2215 5763 iis
2269 5725 2390 5778 quae
2413 5710 2688 5780 agi-Spem
2742 5713 3008 5781 pertinent
3035 5753 3048 5776 ,
3074 5713 3126 5766 in
3171 5712 3454 5768 dominicae

878 5819 1044 5884 quam
1085 5803 1402 5870 brevissima
1449 5801 1729 5884 impendit.
1777 5801 2011 5859 Tertiam
2061 5811 2370 5875 postremo,
2431 5818 2532 5860 nec
2573 5818 2689 5860 eam
2728 5802 2990 5876 prolixam
3025 5845 3042 5874 ,
3087 5804 3325 5878 adiungit
3374 5803 3444 5866 de

175 5892 474 5958 unitate.
