3896 6382
352 264 361 267 -
396 264 437 271 M

118 309 205 368 I33

116 432 205 477 lunt
230 416 567 493 propriumque
592 412 712 487 ﬁdei
763 409 1035 467 catholica:
1085 407 1479 480 fundamentum.
1521 402 1650 457 Haec
1701 433 1705 436 -

116 513 388 582 omniaquae
427 508 651 581 requiris
698 504 885 576 procul
936 502 1099 559 dubio
1147 501 1318 569 scies,
1367 498 1650 568 diligenter

116 604 313 663 sciendo
330 601 440 675 quid
452 599 619 667 credi,
642 598 771 670 quid
793 596 1003 667 sperari
1023 594 1239 662 debeat,
1284 591 1410 663 quid
1451 590 1643 645 amari.

118 696 367 753 Bxcenim
384 694 629 761 maxime,
661 692 773 746 imo
815 703 947 744 vero
985 687 1097 742 sola
1138 685 1193 741 in
1236 684 1493 756 religione
1529 683 1546 714 ⁸
1569 696 1656 737 se-

115 788 299 861 quenda
322 796 453 843 sunt.
483 786 579 841 His
601 784 695 855 qui
723 780 1062 855 contradicit,
1092 786 1185 834 aut
1209 778 1427 834 omnino
1450 790 1481 831 a
1500 772 1657 829 Chri-

114 884 177 939 sti
189 882 377 937 nomine
392 880 598 935 alienus
628 885 735 943 est,
760 884 853 932 aut
882 874 1187 929 haereticus.
1205 870 1333 927 Haec
1387 876 1514 925 sunt
1554 866 1653 923 de-

114 971 340 1030 fendenda
377 970 605 1032 ratione,
628 968 716 1023 vel
736 969 754 999 ⁸
780 984 812 1023 a
849 965 1095 1021 sensibus
1120 961 1362 1033 corporis
1384 960 1653 1024 inchoata,

115 1067 189 1123 vel
210 1067 269 1121 ab
291 1062 629 1135 intelligentia
657 1061 852 1117 mentis
872 1059 1108 1114 inventa.
1161 1056 1292 1123 Quae
1334 1062 1513 1109 autem
1557 1065 1658 1108 nec

115 1174 340 1231 corporeo
360 1172 519 1215 sensu
542 1156 751 1227 experti
781 1169 985 1220 sumus,
1010 1167 1111 1207 nec
1133 1158 1312 1207 mente
1331 1149 1544 1220 assequi
1568 1163 1660 1203 va-

116 1252 282 1308 luimus
300 1259 382 1306 aut
406 1249 671 1316 valemus,
730 1246 813 1302 eis
856 1246 974 1301 sine
1026 1244 1133 1299 ulla
1166 1242 1493 1298 dubitatione
1539 1255 1661 1296 cre-

115 1342 264 1400 denda
287 1351 404 1397 sunt
442 1340 696 1404 testibus,
726 1353 756 1392 a
782 1336 975 1407 quibus
999 1350 1059 1391 ea
1088 1349 1208 1405 qute
1260 1333 1438 1388 divina
1482 1332 1660 1387 vocari

110 1435 200 1506 iam
224 1434 424 1500 meruit,
456 1432 738 1501 Scriptura
758 1427 1005 1484 confecta
1033 1434 1115 1481 est
1144 1443 1157 1479 :
1186 1425 1277 1496 qui
1321 1438 1385 1479 ea
1411 1425 1524 1479 sive
1566 1436 1662 1493 per

109 1539 304 1597 corpus,
330 1525 439 1578 sive
463 1538 563 1594 per
582 1521 843 1583 animum,
874 1518 1127 1573 divinitus
1156 1514 1343 1583 adjuti,
1382 1513 1470 1570 vel
1516 1512 1665 1569 vide-

107 1632 179 1683 re,
194 1616 271 1671 vel
296 1616 449 1671 etiam
480 1610 786 1685 praevidere
806 1616 1115 1680 potuerunt.

172 1707 380 1763 CAPUT
407 1707 556 1763 V'.—
592 1702 877 1774 Responsio
906 1701 975 1755 ad
1006 1716 1057 1769 q.
1088 1700 1122 1754 5
1159 1706 1207 1753 et
1244 1697 1312 1752 ad
1346 1714 1397 1769 q.
1444 1697 1498 1753 4.
1532 1694 1669 1751 Cum

110 1810 270 1855 autem
286 1800 432 1855 initio
452 1798 578 1853 ﬁdei
601 1812 721 1867 quae
748 1810 847 1866 per
874 1792 1219 1849 dilectionem
1248 1797 1518 1861 operatur,
1561 1788 1665 1842 im-

112 1892 227 1947 buta
252 1906 399 1946 mens
422 1889 601 1955 fuerit,
636 1886 804 1943 tendit
831 1886 967 1941 bene
992 1882 1222 1939 vivendo
1250 1881 1409 1937 etiam
1436 1880 1503 1935 ad
1547 1892 1670 1949 spe-

112 1986 241 2040 ciem
264 1984 559 2056 pervenire,
589 1980 680 2035 ubi
708 1986 790 2035 est
814 1977 1010 2033 sanctis
1037 1983 1094 2031 et
1137 1972 1389 2044 perfectis
1421 1970 1671 2027 cordibus

116 2084 239 2133 nota
272 2075 550 2130 ineﬁabilis
589 2069 941 2143 pulchritudo,
995 2068 1146 2138 cujus
1196 2066 1355 2137 plena
1406 2064 1543 2119 visio
1591 2070 1673 2118 est

120 2180 326 2223 summa
350 2165 585 2221 felicitas.
619 2162 727 2217 Hoc
766 2170 843 2217 est
891 2160 1143 2215 nimirum
1200 2156 1342 2228 quod
1392 2155 1622 2227 requiris
1656 2194 1671 2219 ,

116 2259 241 2327 quid
260 2258 490 2326 primunt,
520 2255 643 2326 quid
682 2255 905 2308 ultimum
947 2260 1215 2307 teneatur:
1244 2250 1486 2305 inchoari
1536 2248 1672 2312 ﬁde,

113 2350 288 2421 perﬁci
304 2349 496 2419 specie.
528 2347 654 2402 Haec
676 2347 835 2402 etiam
864 2346 1027 2400 totius
1051 2343 1377 2400 deﬁnitionis
1403 2350 1486 2398 est
1524 2356 1673 2398 sum-

115 2457 213 2496 ma.
243 2441 453 2497 Certum
478 2455 609 2495 vero
631 2438 1009 2509 prapriumque
1027 2435 1149 2491 ﬁdei
1179 2435 1459 2491 catholica:
1487 2433 1680 2488 funda-

114 2542 335 2587 mentum
356 2531 603 2587 Christus
628 2538 714 2585 est
745 2547 759 2583 :
793 2528 1204 2583 Fundamentum
1246 2528 1379 2583 enim
1416 2527 1579 2590 aliud,
1605 2526 1681 2580 ait

117 2623 402 2692 Apostolus,
435 2638 584 2677 neruo
612 2628 775 2692 potest
796 2636 997 2693 ponere,
1029 2627 1209 2691 praeter
1236 2618 1290 2672 id
1308 2617 1444 2688 quod
1464 2617 1681 2689 positum

118 2724 203 2779 est,
222 2714 346 2783 quod
368 2723 441 2770 est
461 2712 698 2767 Christus
717 2711 866 2767 Iesus
901 2710 955 2782 (l
980 2709 1094 2765 Cor.
1116 2727 1195 2777 ιιι,
1227 2710 1338 2781 ll).
1366 2709 1549 2780 Neque
1573 2708 1681 2764 hoc

119 2806 229 2861 ideo
253 2806 545 2877 negandum
568 2814 657 2861 est
674 2806 949 2875 proprium
975 2804 1379 2860 fundamentum
1408 2820 1529 2861 esse
1553 2804 1681 2860 ﬁdei

119 2899 398 2964 catholica},
427 2900 551 2970 quia
579 2898 757 2970 putari
788 2906 966 2969 potest
994 2898 1259 2969 aliquibus
1287 2897 1556 2955 haereticis
1581 2897 1685 2954 hoc

122 2988 379 3044 nobiscum
404 3006 526 3046 esse
551 3004 862 3046 commune.
887 2989 943 3045 Si
977 2990 1118 3045 enim
1158 2989 1442 3061 diligenter
1463 3006 1584 3062 quae
1618 2990 1686 3046 ad

121 3077 376 3135 Christum
403 3082 669 3152 pertinent
690 3080 1014 3152 cogitentur,
1043 3082 1257 3137 nomine
1286 3090 1441 3137 tenus
1477 3082 1686 3137 inveni-

121 3179 207 3225 tur
227 3170 457 3227 Christus
480 3174 619 3245 apud
648 3172 919 3243 quoslibet
947 3171 1260 3239 haereticos,
1313 3174 1405 3243 qui
1444 3187 1502 3228 se
1545 3172 1688 3228 chri-

121 3261 321 3317 stianos
342 3264 510 3318 vocari
536 3264 744 3329 volunt;
773 3279 833 3318 re
853 3262 968 3334 ipsa
988 3278 1116 3318 vero
1146 3278 1252 3319 non
1278 3274 1361 3319 est
1394 3263 1533 3333 apud
1569 3279 1683 3320 eos.

122 3352 263 3421 Quod
281 3354 561 3410 ostendere
589 3354 753 3410 nimis
782 3354 1000 3424 longum
1027 3363 1143 3419 est;
1176 3354 1426 3425 quoniam
1456 3370 1690 3411 comme-

121 3444 385 3500 moranda:
403 3454 525 3500 sunt
542 3460 732 3501 omnes
762 3446 1016 3510 haereses,
1042 3446 1155 3501 sive
1179 3462 1299 3515 quae
1326 3445 1557 3511 fuerunt,
1579 3447 1692 3501 sive

122 3550 233 3603 qua
278 3534 425 3601 sunt,
450 3536 564 3592 sive
606 3552 727 3607 qua:
760 3536 1084 3607 potuerunt'
1117 3551 1237 3592 esse
1288 3536 1388 3591 sub
1433 3536 1692 3594 vocabulo

119 3625 426 3695 christiano,
447 3636 501 3683 et
523 3644 682 3699 quam
713 3630 784 3684 sit
811 3628 914 3685 hoc
937 3644 1123 3685 verum
1143 3646 1237 3700 per
1265 3630 1500 3701 singulas
1529 3646 1691 3701 quas-

120 3733 225 3787 que
280 3719 701 3775 monstrandum.
742 3720 873 3787 Quae
915 3719 1205 3790 disputatio
1251 3728 1357 3774 tam
1406 3721 1692 3776 multorum

122 3817 203 3863 est
222 3809 569 3877 voluminum,
594 3819 653 3865 ut
672 3810 835 3866 etiam
859 3810 1068 3865 inﬁnita
1098 3811 1360 3866 videatur.

183 3900 419 3958 CAPUT
455 3902 539 3957 Vl.
578 3933 651 3944 —
697 3902 845 3969 Quod
890 3901 1023 3957 mole
1064 3903 1299 3973 exiguum
1336 3904 1491 3974 possit
1540 3921 1696 3958 manu

124 3995 380 4047 contineri.
404 3992 485 4048 Tu
522 4002 703 4049 autem
758 3993 1097 4048 Enchiridion
1141 4009 1168 4047 a
1215 3994 1369 4050 nobis
1414 3996 1649 4066 postulas
1678 4037 1694 4061 ,
1738 4011 1757 4027 ⁸

124 4085 174 4139 id
213 4097 297 4143 cst
316 4128 334 4154 ,
358 4087 491 4156 quod
530 4103 686 4141 manu
712 4087 869 4157 possit
897 4085 1168 4157 astringi",
1197 4103 1299 4141 ηοη
1350 4088 1486 4155 quod
1527 4104 1697 4141 arma-

123 4176 196 4229 ria
240 4177 396 4247 possit
441 4192 675 4231 onerare.
714 4156 788 4232 Ut
830 4176 990 4246 igitur
1014 4175 1082 4230 ad
1107 4175 1195 4230 illa
1218 4176 1318 4231 tria
1366 4177 1649 4232 redeamus
1675 4156 1709 4245 ,’

122 4283 210 4338 per
236 4286 354 4341 qua:
378 4270 611 4327 diximus
636 4267 924 4325 colendum
952 4268 1139 4335 Deum,
1170 4269 1351 4335 ﬁdem,
1374 4284 1545 4339 spem,
1564 4268 1695 4325 cha-

122 4362 353 4428 ritatem;
378 4361 540 4419 facile
565 4370 651 4418 est
674 4371 733 4416 ut
756 4360 966 4416 dicatur
1009 4360 1135 4431 quid
1179 4361 1503 4418 credendum
1522 4403 1539 4429 ,
1567 4361 1695 4433 quid

124 4454 456 4521 sperandum,
485 4453 619 4525 quid
660 4452 948 4508 amandum
972 4452 1077 4508 sit:
1105 4452 1201 4508 sed
1247 4453 1698 4523 quemadmodum

122 4542 370 4601 adversus
392 4560 586 4603 eorum
612 4546 703 4617 qui
735 4544 947 4601 diversa
985 4544 1216 4600 sentiunt
1267 4546 1560 4601 calumnias
1601 4545 1701 4602 de-

125 4719 235 4788 εᾳια,
253 4733 351 4788 ραι
369 4721 543 4776 aadd.
580 4720 1089 4788 Itelinscolbertinus,
1109 4721 1433 4788 iurationem,
1456 4737 1568 4775 cum
1583 4722 1708 4788 ﬁdes

126 4781 181 4856 sit
197 4781 427 4856 eulmina:
756 4782 953 4856 lectioni
973 4781 1352 4856 favent‘ttegius,
1375 4781 1702 4856 Carnutehsis,

536 4854 590 4895 et.
609 4844 947 4916 ultionem.
973 4844 1250 4916 habentes;
1264 4846 1316 4896 in
1350 4846 1558 4910 ratione,
1598 4844 1710 4899 cum

126 4902 243 4974 ﬁda
264 4904 330 4974 sit
345 4907 463 4974 sola,
480 4920 585 4974 [ton
604 4904 788 4974 uariat.
805 4902 1338 4974 compendiensis‘vero
1361 4922 1473 4970 pro,
1500 4902 1595 4960 non
1628 4923 1708 4961 ve-

127 4966 221 5039 t'n'at
244 4966 457 5039 planet,
738 4966 1192 5039 Altgrfiilbertinus
1206 4977 1258 5019 et
1279 4966 1405 5039 unus
1418 4966 1710 5039 e'Vaticanis

308 5063 325 5087 ,
358 5028 409 5079 in
431 5025 638 5095 ratione,
655 5043 789 5095 cum
808 5028 933 5095 ﬁdes
944 5028 1014 5095 sit
1035 5028 1163 5095 sola,
1181 5030 1441 5095 conveniat.
1478 5036 1710 5095 antonius

128 5091 360 5157 Aphidas
390 5090 754 5157 restituendum
787 5090 1006 5157 censuit,
1028 5090 1079 5141 in
1114 5091 1322 5157 ratione,
1346 5106 1457 5142 cum
1479 5092 1633 5157 ﬁdes,
1666 5109 1710 5146 ss

510 5152 779 5225 Wet.
812 5151 1044 5225 audacia
1082 5156 1239 5225 ιέιιιιι).
1280 5151 1488 5204 Danaus
1515 5151 1709 5225 absque

444 5216 682 5289 restitth
696 5214 750 5266 in
770 5213 955 5265 ratione
971 5228 1083 5265 cum
1097 5212 1195 5279 ﬁde
1216 5228 1311 5265 non
1332 5216 1573 5268 conueniat
1592 5231 1611 5280 ;
1627 5212 1710 5269 ἰοθ-

198 5276 476 5338 :usverbis,
510 5275 719 5328 sitsola.
1097 5275 1108 5279 '

198 5336 348 5403 fam.
370 5344 439 5389 Er.
460 5346 670 5400 etum,
691 5337 1081 5403 solareligione;
1103 5340 1308 5403 omisso,
1332 5339 1399 5393 in.

127 5424 137 5454 ι
196 5397 219 5475 ἶ
250 5405 443 5475 93!"?-
466 5407 581 5475 οειιι»
604 5397 664 5475 ρι’
689 5397 1187 5475 ﬂammise-{qm
1208 5397 1298 5475 τειέ

198 5457 220 5529 _'
248 5461 322 5509 sic
354 5467 464 5513 Dan.
488 5472 542 5515 et
582 5457 811 5529 plerique
855 5472 968 5514 Mss.
1001 5457 1059 5512 at
1091 5457 1195 5512 λιιι.
1235 5469 1309 5513 Er.
1349 5469 1461 5514 Lov.
1487 5471 1539 5516 et
1578 5474 1707 5527 Arn.,

395 5586 528 5659 μικρά
781 5588 939 5659 νοω
960 5584 1182 5659 astringi
1205 5588 1557 5659 ᾼιΜεβ-κφμοά
1571 5602 1714 5639 mm

537 5658 591 5702 Et
617 5665 684 5703 ex
708 5648 792 5722 his'
802 5656 991 5719 plures
1006 5648 1135 5710 loco;
1155 5648 1355 5713 astringi
1370 5648 1615 5713 ,h'abent,
1643 5658 1712 5702 te-

129 5714 265 5771 m;
288 5718 339 5760 et
358 5714 567 5777 quidam,
584 5718 781 5779 portari.

274 5794 499 5863 Sacr.
525 5802 793 5869 Ancon.
844 5796 975 5865 VL

1412 258 1423 269 ’
1481 283 1687 343 LIBER
1722 282 1923 342 unus.

3229 279 3343 339 254

1760 399 2026 467 tendatur,
2055 400 2381 470 operosioris
2416 400 2783 472 uberiorisque
2810 396 3070 455 doctrinae
3096 403 3201 465 est;
3223 412 3340 468 quae

1758 504 1818 551 ut
1845 494 2123 561 habeatur,
2146 509 2255 550 non
2281 494 2431 550 brevi
2460 492 2757 550 enchiridio
2783 508 2972 549 manus
3019 490 3178 548 debet
3226 491 3328 545 im-

1759 586 1917 658 pleri,
1948 586 2042 642 sed
2062 586 2249 657 grandi
2274 584 2450 641 studio
2476 592 2663 657 pectus
2690 583 2931 640 accendi.

1830 677 2055 735 CAPUT
2070 678 2182 733 VII.
2200 677 2337 733 -2,
2356 677 2652 749 Symbolum
2673 685 2721 730 et
2741 676 2901 731 oratio
2923 675 3176 731 dominica
3203 692 3343 731 com-

1763 772 2048 844 plectuntur
2069 771 2243 841 ﬁdem,
2261 786 2403 841 spem
2430 778 2477 824 et
2497 768 2813 823 charitatem.
2846 767 2976 822 Nam
3017 782 3143 823 ecce
3185 766 3283 822 tibi
3316 767 3335 797 ⁸

1762 871 1845 921 est
1869 862 2181 936 Symbolum
2203 869 2259 919 et
2282 861 2545 917 dominica
2570 859 2761 925 oratio;
2791 858 2917 929 quid
2937 858 3152 913 brevius
3189 858 3343 914 audi-

1763 960 1852 1008 tur
1881 964 1974 1009 aut
1998 954 2227 1025 legitur?
2251 952 2376 1024 quid
2426 951 2630 1007 facilius
2682 949 2956 1006 memoriae
2998 948 3346 1005 commenda-

1764 1045 1891 1100 tur?
1921 1030 2054 1113 Quia
2074 1044 2215 1099 enim
2240 1044 2307 1099 de
2351 1050 2592 1114 peccato,
2624 1041 2773 1111 gravi
2801 1040 3017 1095 miseria
3070 1039 3349 1109 premeba-

1766 1144 1852 1193 tur
1878 1150 2046 1207 genus
2061 1137 2369 1201 humanum,
2390 1142 2442 1189 et
2462 1133 2637 1188 divina
2661 1130 2934 1202 indigebat
2956 1129 3347 1199 misericordia,

1765 1227 1951 1297 gratiae
1981 1226 2076 1281 Dei
2120 1232 2328 1296 tempus
2363 1225 2625 1295 propheta
2676 1222 2975 1295 prmdicens
3000 1222 3095 1287 ait,
3125 1221 3192 1276 Et
3212 1222 3305 1276 erit
3332 1237 3352 1287 ,-

1767 1318 1931 1373 omnis
1953 1318 2037 1389 qui
2067 1317 2366 1372 invocaverit
2394 1333 2572 1370 nomen
2600 1314 2839 1381 Domini,
2869 1314 3039 1370 salvus
3065 1314 3160 1369 erit
3196 1311 3348 1385 (Joel

1768 1426 1827 1477 ll,
1858 1410 1949 1483 52)
1983 1426 1999 1466 :
2028 1419 2247 1482 propter
2270 1409 2373 1465 hoc
2400 1409 2630 1464 oratio”.
2655 1408 2761 1463 Sed
2786 1406 3073 1478 Apostolus
3124 1420 3248 1461 cum
3283 1404 3355 1461 ad

1770 1502 1943 1573 ipsam
1989 1502 2214 1573 gratiam
2266 1500 2745 1557 commendandam
2824 1499 2927 1554 hoc
2983 1498 3357 1570 propheticum

1771 1601 2247 1651 commemorasset
2302 1593 2668 1649 testimonium
2701 1634 2718 1659 ,
2796 1591 3053 1646 continuo
3095 1589 3357 1661 subjecit,

1776 1687 2042 1753 Quomodo
2062 1697 2232 1741 autem
2256 1685 2579 1749 invocabant,
2628 1685 2683 1738 in
2725 1700 2871 1754 quem
2896 1700 2997 1737 non
3040 1682 3362 1737 crediderunt

1779 1781 1966 1855 (Rom.
2001 1798 2058 1849 x,
2090 1781 2218 1852 lt)?
2245 1789 2464 1851 propter
2494 1778 2597 1834 hoc
2623 1775 2959 1849 Symbolum.
2990 1776 3049 1831 In
3101 1774 3186 1829 bis
3228 1774 3363 1829 duo-

1775 1875 1876 1932 bus
1905 1875 2007 1931 tria
2038 1874 2129 1929 illa
2158 1874 2370 1929 intuere
2398 1888 2411 1925 :
2438 1871 2569 1927 ﬁdes
2618 1868 2809 1937 credit,
2841 1882 2967 1939 spes
3019 1875 3076 1923 et
3128 1865 3365 1923 charitas

1776 1976 1953 2025 orant.
1980 1966 2087 2022 Sed
2108 1966 2225 2022 sine
2252 1965 2358 2021 ﬁde
2382 1978 2503 2020 esse
2533 1976 2639 2018 non
2666 1970 2924 2033 possunt;
2953 1976 3017 2018 ac
3044 1974 3143 2031 per
3184 1958 3289 2015 hoc
3309 1967 3364 2014 et

1777 2060 1910 2116 ﬁdes
1931 2068 2070 2114 orat.
2099 2059 2391 2128 Propterea
2413 2056 2608 2127 quippe
2629 2055 2826 2110 dictum
2852 2062 2957 2121 est,
2991 2053 3254 2121 Quomodo
3280 2053 3365 2106 in-

1778 2149 2043 2215 vocabant,
2068 2149 2121 2202 in
2148 2164 2294 2217 quem
2320 2163 2420 2200 non
2441 2144 2797 2199 crediderunt?

1849 2239 2077 2298 CAPUT
2116 2238 2253 2294 Vl'll.
2278 2266 2349 2278 ——
2389 2235 2651 2292 Generalis
2695 2234 2966 2305 explicatio
3017 2234 3160 2303 ﬁdei,
3184 2235 3291 2305 spei
3318 2244 3370 2290 et

1781 2334 2064 2403 charitatis,
2091 2342 2136 2387 et
2160 2348 2331 2387 earum
2354 2346 2531 2385 nexus.
2563 2328 2702 2397 Quid
2736 2336 2918 2383 autem
2946 2327 3159 2397 sperari
3189 2334 3370 2396 potest

1782 2428 1925 2500 quod
1950 2442 2059 2484 non
2101 2425 2379 2482 creditur?
2408 2425 2576 2479 Porro
2612 2420 2816 2493 aliquid
2859 2422 3022 2477 etiam
3066 2420 3209 2492 quod
3256 2436 3367 2478 non

1784 2530 2050 2593 speratur,
2079 2520 2224 2576 credi
2250 2526 2451 2589 potest.
2479 2516 2610 2584 Quis
2635 2530 2869 2585 namque
2917 2513 3153 2569 ﬁdelium
3180 2528 3371 2584 pinnas

1786 2628 1895 2669 non
1920 2612 2092 2667 credit
2117 2610 2434 2681 impiorum?
2465 2623 2563 2664 nec
2592 2615 2774 2678 sperat
2802 2614 3004 2671 tamen,
3036 2613 3093 2660 et
3133 2605 3374 2676 quisquis

1788 2719 1881 2761 eas
1900 2704 2181 2759 imminere
2209 2703 2311 2759 sibi
2328 2701 2499 2758 credit
2522 2716 2585 2755 ac
2611 2699 2783 2770 fugaci
2804 2707 2954 2754 motu
2982 2697 3148 2752 animi
3176 2698 3376 2753 exhor-

1787 2804 1893 2863 ret,
1920 2796 2121 2851 rectius
2148 2795 2341 2849 timere
2363 2792 2559 2848 dicitur
2597 2805 2756 2862 quam
2808 2803 3045 2861 sperare.
3086 2788 3218 2856 Quae
3269 2788 3377 2845 duo

1791 2887 2006 2960 quidam
2036 2885 2406 2958 distinguens'
2440 2885 2547 2939 ait:

2282 2999 2442 3050 liceat
2460 3009 2663 3050 sacrare
2683 2998 2893 3047 timenti.

2460 3010 2995 3125 “familiai-sal.
3024 3057 3106 3110 lib.
3130 3058 3177 3122 2,
3204 3071 3249 3111 υ.
3275 3058 3378 3123 15.)

1795 3166 1911 3224 Non
1940 3174 2118 3221 autem
2137 3166 2205 3222 ab
2218 3165 2325 3221 alio
2349 3174 2528 3237 poeta,
2570 3164 2820 3237 quamvis
2856 3164 3080 3223 meliore
3103 3206 3121 3235 ,
3166 3166 3379 3237 proprie

1794 3258 1996 3315 dictum
2026 3265 2145 3312 est:

1888 3380 2021 3423 nunc
2046 3384 2142 3434 ego
2160 3371 2204 3423 si
2226 3370 2367 3435 potui
2384 3376 2573 3435 tantum
2591 3381 2796 3435 sperare
2816 3369 3077 3435 dolorem._
3096 3433 3102 3435 Α
3118 3356 3187 3435 ’

2346 3430 2576 3497 (Virgil.,
2809 3430 2889 3482 tib.
2912 3432 2963 3494 .t,
2986 3445 3032 3483 υ.
3048 3432 3181 3496 ne.)

1798 3538 2037 3607 Denique
2059 3535 2302 3592 nonnulli
2351 3536 2407 3591 in
2462 3543 2579 3592 arte
2622 3536 2972 3607 grammatica
3016 3535 3166 3591 verbi
3217 3536 3378 3607 hujus

1798 3639 2019 3686 utuntur
2046 3630 2292 3701 exemplo
2321 3628 2389 3684 ad
2415 3628 2801 3685 ostendendam
2819 3630 3167 3701 impropriam
3194 3630 3389 3686 dictio-

1799 3738 1944 3790 nem,
1974 3734 2028 3778 et
2052 3724 2219 3790 aiunt,
2243 3722 2466 3792 Sperare
2489 3720 2624 3776 dixit
2680 3736 2778 3792 pro
2821 3722 3030 3777 timere.
3073 3721 3172 3777 Est
3208 3723 3389 3793 itaque

1800 3815 1934 3871 ﬁdes
1960 3824 2014 3870 et
2031 3815 2291 3870 malarum
2322 3829 2525 3881 rerum,
2554 3822 2609 3869 et
2633 3814 2897 3869 bonarum
2929 3832 2944 3871 :
2976 3815 3098 3885 quia
3140 3823 3195 3870 et
3246 3815 3387 3872 bona

1802 3906 2111 3973 creduntur,
2139 3916 2193 3961 ct
2213 3906 2375 3973 mala;
2399 3914 2453 3960 ct
2479 3904 2583 3960 hoc
2611 3903 2717 3960 ﬁde
2734 3905 2895 3974 bona,
2929 3921 3036 3961 non
3083 3908 3244 3963 mala.
3290 3909 3389 3964 Est

1803 4000 1964 4056 etiam
1994 3999 2126 4053 ﬁdes
2150 4008 2204 4059 et
2243 3998 2629 4069 praeteritarum
2658 4012 2837 4053 rerum
2866 4034 2885 4066 ,
2916 4006 2971 4054 et
2999 4001 3343 4069 praesentium
3370 4043 3387 4069 ,

1804 4103 1860 4149 et
1893 4093 2210 4148 futurarum.
2253 4088 2535 4146 Credimus
2583 4091 2727 4145 enim
2776 4089 3051 4147 Christum
3078 4102 3386 4160 mortuum;

1806 4185 1948 4257 quod
1971 4185 2081 4255 jam
2135 4182 2427 4253 praeteriit;
2468 4181 2737 4236 credimus
2774 4182 2966 4238 sedere
3006 4183 3073 4237 ad
3114 4183 3389 4239 dexteram

1807 4276 2173 4347 Patris;quod
2198 4289 2336 4329 nunc
2355 4282 2439 4328 est
2463 4291 2476 4326 :
2502 4273 2769 4328 credimus
2822 4282 3105 4329 venturum
3142 4275 3210 4329 ad
3241 4275 3393 4344 judi-

1807 4365 2102 4431 candum‘;
2134 4363 2276 4434 quod
2296 4364 2527 4417 futurum
2551 4371 2650 4419 est.
2674 4362 2807 4418 Item
2831 4362 2965 4418 fides
2985 4373 3039 4418 et
3064 4378 3281 4418 suarum
3309 4380 3396 4419 re-

1809 4477 1927 4518 rum
1956 4468 2057 4528 est,
2088 4468 2141 4513 et
2156 4457 2473 4512 alienarum.
2499 4454 2631 4509 Nam
2658 4462 2714 4509 et
2736 4468 2796 4509 se
2833 4455 3059 4526 quisque
3083 4454 3254 4510 credit
3296 4455 3397 4510 ali-

1812 4550 2023 4625 quando
2050 4564 2171 4605 esse
2191 4547 2440 4618 coepisse,
2473 4560 2573 4601 nec
2591 4544 2754 4601 fuisse
2773 4545 2954 4616 utique
2979 4546 3394 4616 sempiternum;

1811 4654 1865 4702 et
1892 4645 2044 4711 alios,
2073 4650 2231 4713 atque
2252 4640 2356 4696 alia
2382 4640 2404 4672 ⁸
2430 4659 2445 4695 :
2476 4654 2575 4696 nec
2597 4639 2768 4695 solum
2813 4639 2879 4696 de
2928 4640 3047 4695 aliis
3091 4638 3397 4697 hominibus

1811 4737 1999 4801 multa,
2029 4749 2147 4804 quae
2176 4732 2240 4789 ad
2268 4730 2581 4803 religionem
2634 4730 2972 4803 pertinent‘,
3002 4746 3190 4787 verum
3230 4733 3393 4789 etiam

1876 4913 1893 4944 ¹
1930 4910 2118 4974 Aliquot
2139 4916 2269 4974 Μεεεο
2290 4916 2416 4974 Nam
2430 4920 2541 4974 περ
2558 4906 2652 4974 ibi:
2678 4906 2894 4974 Quidam.
2918 4915 3039 4974 1Y0!"
3054 4920 3165 4959 εσσε
3180 4913 3226 4974 .et
3249 4907 3335 4974 ibi-

1877 4976 1899 5006 ²
1930 4967 2081 5034 ωιῑι,
2122 4968 2363 5022 dominica
2398 4969 2569 5021 oratio.
2604 4971 2782 5031 Abest,
2817 4967 3075 5030 dominica,
3097 4980 3129 5019 a
3149 4968 3402 5035 plerisque

1813 5042 1923 5085 MSS.

1878 5098 1900 5129 ³
1932 5095 1983 5145 In
2007 5096 2221 5155 excusis,
2248 5103 2463 5144 Lucanus
2498 5090 2815 5156 distinguens;
2846 5099 2941 5142 Non
2959 5094 3231 5156 nominatur
3255 5103 3404 5144 Luca-

1814 5171 1905 5209 nus
1924 5160 1976 5207 in
1999 5166 2103 5205 MSS.
2118 5192 2133 5216 ,
2152 5153 2243 5206 sed
2266 5157 2374 5218 ejus
2396 5156 2603 5218 nominis
2619 5153 2728 5218 loco
2742 5154 2969 5218 habetur,

1878 5220 1901 5251 δ
1933 5219 2071 5279 Editi,
2101 5215 2226 5281 post,
2250 5215 2501 5268 venturum
2521 5215 2587 5265 ad
2611 5215 2958 5279 judicandum,
2973 5215 3183 5279 addunt,
3202 5215 3330 5267 vivos
3353 5221 3399 5266 et

1879 5346 1902 5376 ⁸
1933 5343 2136 5412 Editi,et
2445 5340 2645 5412 olimst
2664 5346 2795 5402 λιες»,
2817 5346 2864 5390 et
2906 5340 3026 5391 altos
3048 5340 3290 5412 (supple,
3314 5341 3403 5390 ho-

1817 5405 2019 5466 mines),
2059 5410 2201 5466 atque
2241 5402 2383 5465 aliut
2407 5402 2594 5466 scilicet
2616 5414 2783 5453 rerum
2804 5414 2995 5465 genera
3017 5402 3402 5466 ease‘empissc,

1818 5480 1913 5533 nec
1934 5464 2081 5533 fuisse
2103 5464 2478 5533 Sempiterna_)._
2602 5485 2610 5493 ο

1884 5530 1904 5560 ⁵
1938 5528 2064 5576 Istud
2084 5564 2098 5587 ,
2124 5524 2319 5590 quaead
2337 5524 2616 5590 religionem
2633 5525 2895 5590 pertinent,
2916 5534 3163 5590 reperitur
3180 5527 3231 5574 in
3252 5525 3404 5574 omni-

1820 5591 1915 5640 bus
1934 5590 2068 5639 libris
2085 5586 2280 5640 seriutis
2304 5594 2355 5636 et
2392 5586 2605 5637 eicusis.
2629 5586 2870 5637 Glossema
2892 5586 3005 5635 esse
3026 5586 3220 5636 volebat
3241 5591 3403 5635 tamn.

1821 5660 2026 5702 Dauaeus
2042 5687 2054 5710 ,
2081 5652 2163 5713 qui
2185 5644 2319 5713 hunc
2341 5656 2392 5698 et
2405 5647 2525 5713 alios
2544 5648 2854 5712 quamplures
2874 5644 3005 5698 locos
3026 5649 3186 5697 animo
3208 5652 3405 5697 vexavit

1823 5714 2021 5766 minime
2037 5710 2178 5775 aequo
2202 5718 2256 5762 et
2275 5710 2481 5761 liberali.
