3940 6494
545 357 652 414 9.55

549 474 617 527 de
633 469 833 540 angelis
860 464 1142 522 credimus.
1173 443 1304 530 spes
1345 467 1520 511 autem
1562 470 1669 554 non
1715 452 1815 508 nisi
1858 452 2120 554 bonarum

550 578 732 621 rerum
757 569 854 622 est,
889 571 986 613 nec
1011 555 1111 610 nisi
1135 553 1449 616 futurarum,
1496 557 1549 603 et
1577 547 1642 601 ad
1677 561 1797 601 eum
1851 547 2126 614 pertinen-

550 661 686 716 tium
707 655 795 726 qui
819 666 1002 707 earum
1023 663 1172 719 spem
1199 659 1386 716 gerere
1413 641 1736 728 perhibetur.
1765 637 2032 730 Qum-eum
2044 634 2124 730 ita

551 752 675 808 sint.
703 725 917 820 propter
937 742 1036 797 bas
1069 752 1256 795 causas
1309 733 1694 831 distinguenda
1717 725 1852 831 ι
1864 727 2009 831 tides
2034 725 2125 831 (ab

543 857 643 913 spe
688 817 718 908 ξ
752 838 891 893 sicut
936 831 1230 896 vocabulo,
1269 828 1343 883 ita
1379 835 1434 882 et
1473 817 2123 902 rationabilifditl‘erentia.

548 933 682 989 Nam
712 928 854 1001 quod
880 927 1068 982 attinet
1088 921 1154 978 ad
1183 936 1288 977 non
1313 919 1514 982 videre,
1542 917 1655 973 sive
1669 930 1788 1002 qum
1815 913 2125 1002 creduntur,

550 1025 668 1082 sive
688 1037 806 1093 quae
833 1024 1132 1090 sperantur,
1161 1013 1283 1069 ﬁdei
1324 1011 1546 1082 speique
1591 1023 1874 1098 commune
1921 1001 2127 1110 esti-In

550 1114 784 1188 Epistola
807 1111 1000 1184 quippe
1025 1108 1092 1163 ad
1120 1107 1375 1162 Hebrmos
1395 1145 1412 1172 ,
1442 1118 1544 1175 qua
1573 1111 1708 1157 teste
1742 1101 1821 1155 usi
1844 1106 1967 1154 sunt
2009 1097 2131 1188 illu-

551 1187 694 1265 stres
721 1203 995 1261 catholicae
1021 1199 1237 1269 Regula:
1257 1199 1278 1229 ²
1306 1194 1638 1259 defensores,
1671 1191 1801 1272 fides
1841 1203 1960 1244 esse
1989 1187 2130 1243 dicta

555 1306 641 1356 est
663 1293 920 1354 Convictio
947 1308 1113 1347 rerum
1142 1304 1254 1362 qua:
1273 1304 1374 1342 non
1414 1284 1645 1340 videntur
1680 1278 1878 1353 (Hebr.
1920 1295 1996 1344 χι,
2037 1279 2060 1333 i
2087 1277 2128 1348 ).

554 1388 808 1460 Quamvis
824 1385 1032 1458 quando
1059 1399 1116 1439 se
1141 1383 1364 1453 quisque
1389 1395 1495 1434 non
1514 1367 1714 1443 verbis,
1748 1390 1855 1462 non
1879 1372 2129 1440 teStibus,

555 1500 663 1542 non
689 1482 920 1551 denique
942 1476 1066 1533 ullis
1085 1471 1429 1546 argumentis,
1461 1468 1556 1525 sed
1583 1467 1931 1552 praesentium
1952 1476 2134 1518 rerum

558 1573 838 1634 evidentia:
857 1567 1166 1635 credidisse,
1195 1564 1299 1618 hoc
1323 1569 1406 1617 est
1433 1603 1448 1629 ,
1488 1559 1652 1615 fidem
1697 1553 2137 1613 accommodasse

555 1671 702 1736 dicit,
729 1681 837 1722 non
863 1665 936 1719 ita
960 1660 1169 1716 videtur
1195 1654 1459 1713 absurdus
1477 1655 1520 1752 '_,
1545 1661 1602 1752 ut
1615 1659 1761 1707 recte
1780 1645 2132 1752 reprehenda-

556 1769 646 1816 tur
667 1760 720 1814 in
751 1755 939 1818 verbo,
969 1751 1122 1822 eique
1141 1747 1368 1813 dicatur,
1400 1743 1614 1808 Vidisti;
1648 1757 1775 1811 ergo
1803 1755 1909 1795 non
1963 1736 2137 1794 credi-

554 1849 679 1907 disti
712 1866 725 1902 :
749 1845 887 1901 unde
911 1841 1083 1914 putari
1113 1845 1288 1910 potest
1309 1850 1416 1891 non
1436 1847 1556 1890 esse
1583 1843 1920 1903 consequens
1945 1837 2004 1883 ut
2021 1843 2128 1882 non

556 1940 797 1997 videatur
821 1950 908 1990 res
928 1943 1273 2003 quaecumque
1320 1926 1575 1982 creditur.
1621 1921 1727 1979 Sed
1773 1922 1964 1977 melius
2002 1917 2139 1974 hanc

558 2032 890 2104 appellamus
916 2026 1093 2091 tidem,
1123 2035 1282 2093 quam
1312 2019 1494 2075 divina
1542 2017 1756 2088 eloquia
1807 2014 2135 2079 docuerunt,

557 2137 740 2181 earum
765 2120 1172 2177 scilicet-rerum
1194 2128 1313 2184 quae
1338 2127 1445 2167 non
1469 2110 1734 2166 videntur.
1776 2109 1852 2164 De
1878 2121 1975 2178 spe
2002 2121 2138 2176 quo-

556 2230 664 2286 que
690 2213 766 2269 ait
801 2209 1128 2281 Apostolus:
1158 2205 1290 2278 Spes
1327 2219 1440 2275 quae
1463 2203 1678 2268 videtur,
1722 2216 1824 2255 non
1869 2207 1941 2255 est
1983 2214 2095 2268 spes
2121 2213 2141 2252 :

555 2302 690 2377 quod
709 2303 843 2360 enim
869 2301 1000 2355 videt
1027 2298 1157 2371 quis,
1190 2296 1313 2366 quid
1332 2295 1543 2365 sperat?
1568 2293 1631 2348 Si
1658 2301 1824 2346 autem
1863 2289 1998 2360 quod
2039 2304 2140 2342 non

559 2395 782 2450 videmus
806 2406 1090 2464 speramus,
1121 2403 1213 2459 per
1255 2385 1549 2457 patientiam
1571 2389 1922 2452 exspectamus
1946 2378 2136 2451 (Rom.

560 2503 671 2551 vni,
698 2485 790 2551 26,
814 2482 934 2554 25).
953 2479 1087 2535 Cum
1115 2493 1243 2548 ergo
1288 2477 1427 2533 bona
1471 2474 1625 2530 nobis
1663 2471 1841 2528 futura
1869 2486 1990 2527 esse
2020 2485 2139 2526 cre-

562 2577 782 2641 duntur,
812 2573 946 2628 nihil
971 2570 1113 2625 aliud
1137 2583 1300 2640 quam
1325 2574 1633 2639 sperantur.
1675 2565 1791 2621 Jam
1835 2564 1903 2620 de
1958 2578 2141 2619 amore

562 2665 691 2739 quid
716 2663 912 2729 dicam,
936 2662 1052 2717 sine
1071 2675 1176 2732 quo
1221 2659 1356 2714 ﬁdes
1384 2658 1512 2713 nihil
1561 2656 1815 2729 prodest?
1843 2656 1977 2727 Spes
2015 2671 2142 2711 vero

563 2773 683 2815 esse
710 2759 826 2812 sine
845 2769 1028 2812 amore
1047 2767 1152 2809 non
1172 2761 1374 2823 potest.
1409 2749 1665 2821 Denique,
1697 2758 1758 2805 ut
1794 2749 1869 2802 ait
1917 2748 2144 2816 Aposto-

563 2853 648 2906 lus
664 2851 913 2914 Jaeobus,
958 2847 1026 2901 Et
1054 2849 1307 2901 (immanes
1354 2842 1604 2908 credunt,
1663 2851 1711 2896 et
1761 2841 2143 2896 contremiscunt

566 2939 781 3014 (Jacobi
808 2955 864 3006 ιι,
898 2937 987 3008 19)
1019 2952 1033 2990 :
1064 2951 1164 2992 nec
1191 2945 1370 2991 tamen
1397 2941 1618 3005 sperant
1661 2934 1748 2989 vel
1786 2941 2000 2997 amant;
2047 2931 2143 2987 sed

561 3033 740 3104 potius
762 3029 903 3102 quod
933 3042 1210 3098 speramus
1256 3036 1311 3081 et
1351 3041 1592 3081 amamus
1640 3025 1907 3080 credendo
1953 3033 2142 3078 ventu-

559 3135 680 3177 rum
705 3134 822 3175 esse
839 3115 1144 3173 farmidant.
1178 3117 1410 3186 Propter
1431 3115 1579 3185 .quod
1626 3114 1902 3185 apostolus
1946 3114 2141 3190 Paulus

560 3212 720 3267 ﬁdem
745 3225 864 3280 quae
887 3224 983 3279 per
1004 3208 1343 3263 dilectionem
1374 3214 1650 3274 operatur,
1696 3199 1960 3276 approbat
1984 3214 2142 3275 atque

559 3301 900 3358 commendat
926 3297 1135 3371 (Galat.
1161 3315 1216 3367 v,
1250 3297 1330 3370 6),
1362 3313 1480 3368 quae
1523 3299 1705 3369 utique
1745 3299 1861 3354 sine
1900 3313 1995 3369 spe
2035 3313 2142 3354 non

563 3402 743 3465 potest
765 3405 906 3447 esse.
923 3388 1157 3447 Proinde
1192 3403 1292 3443 nec
1317 3403 1468 3444 amor
1499 3388 1616 3450 sine
1643 3403 1739 3459 spe
1762 3400 1864 3457 est,
1887 3404 1988 3444 nec
2027 3389 2142 3444 sine

564 3500 750 3542 amore
775 3497 927 3554 spes,
947 3495 1050 3538 nec
1074 3491 1362 3551 utrumque
1389 3483 1505 3536 sine
1533 3480 1658 3535 lide.

633 3575 859 3632 CAPUT
887 3573 1136 3631 lX.—:3.
1167 3573 1302 3640 Quid
1331 3572 1657 3635 credendum,
1689 3579 1882 3624 servato
1911 3569 2141 3642 Symboli

567 3667 764 3732 ordine,
795 3665 1029 3737 deinceps
1056 3663 1359 3733 explicatur.
1389 3660 1508 3715 Non
1533 3676 1659 3730 apus
1697 3675 1800 3714 esse
1821 3661 2020 3714 curiosa
2055 3662 2140 3714 in-

562 3758 832 3831 quisitione
856 3772 1025 3810 rerum
1051 3755 1385 3809 naturatium.
1404 3751 1690 3808 Christiano
1719 3752 1942 3822 καθῖσεν-ε
1962 3753 2007 3808 si
2033 3769 2141 3807 cre-

560 3853 706 3906 data
727 3863 918 3904 summa
955 3847 1086 3902 bona
1105 3844 1356 3900 Trinitate
1393 3845 1564 3899 omnia
1609 3852 1778 3897 creata
1803 3860 1943 3913 esse,
1989 3861 2143 3914 eaque

560 3943 709 3998 bona.
756 3939 890 3996 Cum
937 3952 1064 4009 ergo
1108 3938 1369 4008 quaeritur
1403 3935 1529 4005 quid
1549 3934 1878 3991 credendum
1908 3935 2140 4006 sitquod

562 4034 630 4089 ad
650 4033 962 4104 religionem
1002 4030 1290 4100 pertineat,
1352 4042 1457 4082 non
1504 4042 1681 4082 rerum
1723 4035 1910 4081 natura
1956 4027 2026 4082 ita
2062 4027 2139 4082 ri-
2233 4027 2251 4042 ‘

559 4124 750 4182 manda
784 4131 914 4190 est,
961 4119 1414 4193 quemadmodum
1457 4119 1526 4174 ab
1571 4119 1650 4174 eis
1702 4133 1838 4190 quos
1889 4120 2140 4192 physicos

556 4219 729 4275 Graeci
743 4221 968 4271 vocant:
997 4228 1098 4270 nec
1126 4210 1473 4268 metuendum
1501 4219 1584 4267 est
1611 4209 1654 4277 ‘,
1687 4225 1755 4266 ne
1775 4211 1975 4282 aliquid
1999 4212 2065 4268 de
2088 4213 2140 4268 vi

554 4319 610 4365 et
637 4321 862 4365 numero
887 4306 1299 4372 elementorum,
1327 4303 1396 4359 de
1447 4311 1596 4358 motu
1643 4313 1804 4375 atque
1849 4305 2037 4360 ordine
2085 4314 2140 4360 et

555 4397 852 4457 defectibus
880 4397 1139 4465 siderum,
1164 4395 1233 4452 de
1259 4396 1425 4466 ﬁgura
1445 4395 1592 4462 caeli,
1639 4396 1708 4451 de
1760 4398 2044 4468 generibus
2085 4406 2140 4453 et

554 4493 757 4548 naturis
776 4489 1110 4558 animalium,
1159 4487 1440 4554 fruticum,
1473 4488 1731 4558 lapidum,
1755 4487 2003 4557 fontium,
2035 4488 2137 4544 llu-

557 4587 784 4653 minum,
807 4585 1092 4650 montium,
1122 4583 1192 4638 de
1216 4582 1404 4652 spatiis
1443 4581 1682 4649 locorum
1709 4589 1764 4636 et
1795 4591 2090 4650 temporum
2116 4623 2131 4648 ,

557 4677 626 4732 de
652 4655 818 4745 signis
847 4675 1232 4730 imminentium
1257 4680 1655 4741 tempestatum,
1684 4678 1740 4725 et
1757 4671 1862 4726 alia
1887 4681 2137 4728 sexcenta

558 4766 628 4822 de
654 4766 718 4820 iis
741 4764 903 4820 rebus
928 4778 1062 4834 quas
1104 4762 1180 4828 illi
1209 4762 1293 4817 vel
1326 4763 1645 4819 invenerunt
1670 4761 1753 4816 vel
1778 4761 2049 4819 invenisse
2079 4780 2138 4820 se

558 4855 883 4921 existimant,
915 4851 1236 4908 christianus
1265 4852 1512 4922 ignoret;
1536 4852 1659 4921 quia
1691 4867 1788 4907 nec
1830 4854 1929 4923 ipsi
1957 4857 2133 4910 omnia

557 4953 1044 5019 repererunt'tanto
1070 4943 1392 5000 excellentes
1431 4943 1642 5014 ingenio
1662 4985 1677 5009 ,
1708 4943 1994 5015 ﬂagrantes
2019 4956 2133 5001 stu-

555 5040 665 5106 dio,
689 5036 1020 5093 abundantes
1045 5033 1178 5101 otio,
1203 5042 1258 5089 et
1287 5033 1531 5104 quaedam
1563 5033 1792 5089 humana
1832 5036 2134 5106 conjectura

555 5131 959 5202 investigantes,
977 5127 1223 5200 quadam
1244 5141 1373 5182 vero
1391 5126 1646 5183 historica
1662 5128 1987 5199 experientia
2009 5145 2128 5200 per-

557 5228 965 5287 scrutantes,et
1002 5220 1053 5274 in
1102 5219 1183 5274 eis
1232 5235 1350 5289 qua:
1389 5234 1449 5275 se
1492 5219 1765 5300 invenisse
1815 5220 2111 5292 gloriantur

559 5315 714 5386 plura
742 5299 1022 5384 opinantes
1047 5311 1224 5382 potius
1249 5325 1410 5382 quam
1440 5311 1690 5368 scientes.
1715 5310 1858 5368 Satis
1891 5321 1972 5368 est
1992 5312 2108 5368 chri

623 5514 641 5546 ι
664 5509 831 5562 Plures
850 5515 977 5568 Mss,
997 5507 1333 5574 distinguenda
1352 5514 1465 5574 erat
1471 5506 1594 5573 fides
1613 5508 1675 5559 ab
1694 5521 1794 5574 spe.

621 5578 641 5608 ³
664 5582 870 5650 Qua!”
889 5634 899 5650 .
1493 5569 1954 5650 .‘iﬁle9f1[§a§i’l’d_
1963 5579 2106 5650 futili

557 5631 735 5687 stinuin
755 5634 932 5698 Regula
956 5633 1066 5683 lidei
1088 5631 1214 5698 solet
1234 5634 1326 5698 dici
1348 5631 1841 5698 Syiulmlumfutinﬁ‘a
1862 5631 1913 5681 in
1931 5631 2127 5696 cap.36.

622 5700 642 5730 ³
664 5700 734 5746 sic
765 5694 995 5747 meliores
1143 5695 1261 5745 Editi
1281 5694 1415 5754 vero,
1439 5694 1719 5745 absurdum.

620 5760 642 5790 δ
667 5762 746 5807 Hic
766 5760 890 5820 apud
916 5769 1015 5826 Ain.
1049 5765 1122 5826 Er.
1148 5764 1254 5807 ων.
1281 5767 1331 5806 et
1365 5767 1486 5826 Acin
1497 5757 1708 5826 additur,
1733 5756 2131 5826 quentadmodtm

558 5818 622 5869 ab
641 5817 822 5872 eadem
846 5832 864 5872 :
887 5820 1018 5883 quod
1035 5819 1279 5884 glossema
1296 5831 1396 5873 non
1411 5819 1595 5870 habent
1617 5824 1817 5870 veteres
1835 5817 1960 5868 libri.
1989 5827 2046 5850 υ

1037 344 1492 412 ENCHIRIDION,
1533 342 1687 401 sm:
1728 340 1818 396 DE
1857 335 2036 403 FIDE,
2080 303 2205 392 seu
2245 335 2333 392 ET
2372 299 2788 428 animum,
2830 344 2888 401 s.
2931 347 3298 406 AUGUSTINI

3701 352 3810 410 236

2235 437 2406 506 stiano
2435 449 2613 509 rerum
2635 449 2939 512 'creatarum
2963 441 3181 514 causam
3197 501 3214 528 ,
3237 461 3350 517 sive
3375 461 3682 532 ctelestium
3703 464 3816 522 sive

2237 546 2566 622 terrestrium
2591 590 2606 615 ,
2639 549 2753 605 sive
2787 552 3084 608 visibilium
3126 554 3239 610 sive
3283 556 3669 626 invisibilium,
3713 574 3818 616 non

2233 637 2336 693 nisi
2362 636 2652 696 bonitatem
2677 643 2898 699 credere
2927 644 3231 722 Creatoris,
3278 649 3368 719 qui
3399 657 3482 716 est
3501 650 3656 716 Deus
3687 665 3820 708 unus

2234 723 2288 785 et
2311 745 2500 799 verus;
2533 731 2840 807 nullamque
2867 752 2988 793 esse
3012 747 3259 794 naturam
3283 755 3403 812 qua:
3431 756 3540 810 non
3589 751 3682 800 aut
3709 743 3821 812 ipse

2235 817 2324 894 sit,
2351 832 2440 877 aut
2462 823 2528 879 ab
2566 825 2723 896 ipso:
2753 818 2980 899 eumque
3032 845 3152 886 esse
3191 831 3563 905 Trinitatem,
3607 835 3819 891 Patrem

2233 909 2456 982 scilicet,
2486 913 2541 970 et
2567 915 2758 972 Filium
2780 933 2810 973 a
2834 918 2993 976 Patre
3014 921 3274 992 genitum,
3303 932 3358 978 et
3395 922 3653 997 Spiritum
3696 940 3819 980 san-

2235 1011 2377 1077 ctum
2397 1006 2465 1061 ab
2493 1008 2677 1063 eodem
2706 1009 2862 1092 Patre
2890 1011 3268 1082 procedentem
3302 1015 3344 1083 ¹,
3363 1013 3461 1071 sed
3479 1031 3643 1072 unum
3671 1032 3822 1075 eum-

2237 1095 2466 1170 demque
2493 1099 2746 1172 Spiritum
2771 1102 2944 1159 Patris
2964 1113 3016 1159 et
3034 1104 3180 1161 Filii.
3347 1169 3352 1178 ,
3451 1175 3454 1178 _

2309 1187 2534 1247 CAPUT
2559 1191 2627 1247 X.
2654 1223 2727 1236 —
2753 1191 2940 1250 Contra
2968 1183 3371 1252 Manichaeorum
3391 1200 3621 1266 [mesim
3640 1201 3706 1258 de
3725 1204 3823 1258 ori-

2239 1273 2355 1352 gine
2381 1283 2522 1338 mali.
2553 1271 2636 1340 Ab
2663 1285 2762 1340 hac
2785 1301 2993 1343 summe
3013 1289 3034 1320 ²
3063 1297 3117 1344 et
3135 1291 3411 1361 aequaliter
3434 1301 3489 1347 et
3517 1293 3822 1350 immutabic-

2241 1369 2364 1428 liter
2389 1372 2528 1428 bona
2550 1374 2809 1432 Trinitate
2834 1387 3011 1433 creata
3033 1387 3157 1434 sunt
3177 1367 3376 1450 omnia,
3394 1391 3566 1438 etnec
3581 1398 3820 1452 summe,

2241 1453 2341 1520 nec
2378 1467 2687 1538 aequaliter,
2735 1484 2837 1525 nec
2878 1470 3280 1528 immutabiliter
3314 1473 3492 1544 bona,
3521 1476 3618 1530 sed
3643 1485 3822 1534 tamen

2241 1554 2381 1612 bona
2420 1558 2579 1614 etiam
2611 1553 2821 1631 Singula
2853 1581 2865 1617 :
2895 1563 3054 1619 simul
3080 1580 3209 1620 vero
3235 1567 3483 1624 universa
3508 1570 3661 1626 valde
3683 1571 3824 1628 bona

2243 1648 2395 1721 (Gen.
2419 1668 2465 1719 ι,
2507 1651 2635 1726 51);
2668 1656 2790 1724 quia
2819 1671 2882 1711 ex
2915 1658 3166 1714 omnibus
3189 1660 3436 1716 consistit
3462 1663 3821 1720 universitatis

2242 1729 2566 1799 admirabilis
2597 1741 2956 1814 pulchritudo.

2313 1833 2538 1893 CAPUT
2582 1837 2672 1892 Xl.
2699 1870 2770 1880 —
2814 1840 2959 1896 Mala
2996 1860 3090 1898 cur
3128 1861 3236 1900 esse
3269 1847 3404 1904 sinat
3430 1847 3594 1906 Deus.
3623 1850 3821 1908 Halani

2244 1923 2373 1978 nihil
2409 1926 2552 1981 aliud
2591 1929 2690 1983 nisi
2724 1932 2937 2000 privatio
2964 1933 3102 1989 boni.
3130 1934 3186 1989 lu
3211 1952 3314 2008 qua
3337 1939 3500 2008 etiam
3529 1941 3657 1997 illud
3685 1943 3822 2013 quod

2243 2019 2441 2073 malum
2469 2019 2662 2076 dicitur
2679 2063 2694 2088 ,
2722 2021 2859 2079 bene
2891 2025 3193 2082 ordinatum
3217 2038 3273 2096 et
3296 2031 3415 2085 loco
3441 2046 3540 2087 suo
3560 2034 3822 2102 positum,

2243 2109 2566 2166 eminentius
2613 2115 2952 2171 commendat
2993 2115 3166 2186 bona,
3211 2129 3272 2175 ut
3312 2123 3481 2192 magis
3513 2123 3754 2192 placeant
3775 2137 3823 2182 et

2246 2200 2595 2258 laudabiliora
2656 2207 2766 2261 sint
2820 2207 2946 2263 dum
2998 2221 3375 2287 comparantur
3425 2218 3601 2272 malis.
3651 2219 3824 2290 Neque

2243 2295 2385 2348 enim
2428 2296 2566 2350 Deus
2605 2293 2974 2368 omnipotens,
3015 2302 3156 2372 quod
3187 2303 3347 2359 etiam
3376 2291 3623 2364 inﬁdeles
3655 2309 3826 2368 laten-

2248 2397 2351 2453 tur,
2387 2391 2572 2469 rerum
2599 2389 2684 2444 cui
2712 2405 2917 2447 summa
2941 2403 3181 2466 potestas
3211 2396 3455 2469 (Virgil.,
3489 2399 3706 2456 zEneid.
3738 2405 3821 2458 lib.

2246 2479 2335 2544 i0,
2437 2519 2450 2532 .
2485 2477 2642 2553 100),
2669 2496 2788 2536 cum
2818 2465 3027 2540 summe
3059 2465 3355 2561 bonusl‘sit,’
3372 2489 3481 2545 ullo
3508 2492 3671 2549 modo
3693 2493 3828 2551 sine-

2244 2576 2328 2624 ret
2369 2569 2494 2624 mali
2539 2571 2736 2642 aliquid
2782 2587 2902 2628 esse
2949 2575 3002 2630 in
3041 2577 3294 2647 Operibus
3331 2581 3482 2645 suis,
3525 2583 3628 2638 nisi
3665 2600 3828 2655 usque

2244 2659 2379 2716 adeo
2419 2671 2561 2718 esset
2598 2665 2937 2735 omnipotens
2974 2677 3028 2722 et
3061 2668 3236 2724 bonus
3258 2712 3273 2739 ,
3305 2680 3365 2727 ut
3388 2671 3528 2730 bene
3552 2673 3755 2732 faceret
3779 2687 3828 2734 et

2245 2749 2312 2807 de
2337 2745 2474 2810 malo
2498 2754 2538 2809 ³.
2566 2756 2704 2834 Quid
2735 2767 2817 2812 est
2843 2768 3020 2814 autem
3042 2761 3186 2816 aliud
3213 2763 3354 2834 quod
3384 2753 3581 2822 malum
3604 2766 3828 2834 dicitur,

2247 2841 2349 2900 nisi
2395 2848 2619 2916 privatio
2661 2848 2830 2904 boni?
2857 2849 2990 2906 Nam
3019 2855 3156 2908 sicut
3186 2855 3500 2928 corporibus
3524 2859 3828 2915 animalium

2246 2935 2377 3023 nihil
2420 2949 2502 2994 est
2529 2940 2674 2997 aliud
2701 2943 2902 3000 morbis
2929 2951 2986 3000 et
3011 2946 3319 3003 vulneribus
3343 2949 3524 3020 afﬁci,
3552 2968 3715 3023 quam
3744 2970 3828 3010 sa-

2247 3021 2411 3087 nitate
2451 3023 2650 3105 privari
2699 3032 2890 3106 (neque
2920 3037 3062 3090 enim
3094 3038 3146 3093 id
3173 3041 3378 3110 agitur,
3406 3057 3528 3098 cum
3551 3021 3827 3102 adhibetur

2246 3111 2450 3178 c'uratio
2470 3163 2488 3192 ,
2540 3134 2597 3179 ut
2636 3127 2775 3180 mala
2802 3128 2900 3182 ista
2930 3144 3049 3200 quae
3078 3133 3318 3200 inerant,
3347 3135 3399 3190 id
3425 3145 3543 3203 est,
3574 3139 3752 3195 morbi
3773 3156 3830 3196 ac

2247 3216 2467 3273 vulnera
2513 3217 2768 3295 recedant
2811 3218 2968 3284 hinc.
3016 3231 3070 3277 et
3109 3225 3236 3279 alibi
3264 3217 3410 3292 sint;
3446 3227 3540 3283 sed
3570 3228 3755 3300 utique
3777 3242 3828 3287 ut

2246 3322 2353 3362 non
2376 3309 2500 3362 sint.
2528 3308 2643 3362 Non
2675 3311 2816 3365 enim
2846 3313 2952 3366 ulla
2983 3314 3299 3391 substantia,
3328 3317 3421 3372 sed
3449 3321 3679 3377 carnalis
3708 3323 3827 3378 sub-

2246 3399 2455 3453 stantia:
2493 3400 2677 3454 vitium
2719 3410 2798 3457 est
2830 3405 3026 3459 vulnus
3053 3416 3144 3462 aut
3168 3409 3388 3464 morbus
3420 3427 3434 3464 :
3461 3426 3582 3466 cum
3610 3429 3738 3469 caro
3765 3416 3828 3472 sit

2246 3491 2360 3561 ipsa
2404 3492 2699 3547 substantia
2721 3535 2737 3561 ,
2784 3495 3022 3564 profecto
3051 3498 3263 3570 aliquod
3293 3501 3491 3558 bonum
3521 3504 3543 3536 δ
3570 3508 3657 3561 cui
3685 3511 3824 3564 acci-

2246 3580 2380 3637 dunt
2402 3584 2499 3637 ista
2519 3583 2654 3638 mala
2675 3627 2691 3653 ,
2721 3585 2772 3640 id
2801 3595 2881 3641 est
2907 3589 3233 3660 privationes
3254 3593 3368 3664 ejus
3395 3594 3520 3651 boni
3541 3598 3684 3668 quod
3704 3601 3810 3657 dici

2245 3680 2329 3728 tur
2355 3675 2571 3746 sanitas)
2599 3692 2614 3742 ;
2643 3677 2712 3731 ita
2742 3687 2797 3732 et
2817 3680 3118 3738 animorum
3144 3697 3494 3756 quaecumque
3518 3699 3647 3746 sunt
3670 3692 3828 3759 vitia,
3849 3705 3865 3720 °

2245 3767 2565 3822 naturalium
2609 3778 2734 3825 sunt
2759 3772 3085 3843 privationes
3114 3774 3378 3832 bonorum
3406 3795 3421 3833 :
3449 3796 3568 3850 qua:
3593 3797 3717 3837 cum
3744 3801 3830 3840 sa-

2244 3867 2457 3924 nantur,
2475 3873 2579 3914 non
2601 3859 2776 3930 aliquo
2794 3863 3211 3934 transferuntur;
3230 3867 3327 3923 sed
3342 3883 3405 3924 ea
3420 3885 3540 3940 quae
3564 3873 3638 3929 ibi
3655 3887 3830 3942 erant,

2244 3939 2505 4019 nusquam
2545 3959 2737 4017 erunt,
2780 3953 2991 4022 quando
3036 3955 3091 4010 in
3121 3957 3209 4012 illa
3241 3939 3468 4016 sanitate
3495 3975 3603 4019 non
3648 3939 3831 4023 erunt.

2312 4039 2539 4097 CAPUT
2587 4039 2701 4097 XII.
2732 4071 2804 4083 —
2831 4045 2886 4099 4.
2907 4042 3162 4102 ϐτεαιηνω
3189 4065 3358 4106 omnes
3385 4050 3564 4121 bona,
3595 4058 3684 4110 sed
3713 4061 3834 4127 quia

2243 4147 2344 4186 non
2395 4148 2588 4186 summe
2630 4131 2774 4188 bona:
2793 4176 2809 4214 ,η
2831 4133 2947 4191 ideo
2987 4137 3354 4213 corruptibites.
3405 4143 3620 4202 Natura:
3668 4149 3834 4217 igitur

2242 4236 2429 4278 omnes
2452 4263 2468 4289 ,
2513 4225 2762 4295 quoniam
2790 4211 3093 4282 naturarum
3121 4211 3337 4300 prorsus
3363 4237 3603 4292 omnium
3628 4237 3833 4296 Condi-

2243 4324 2326 4371 tor
2350 4331 2556 4371 summe
2585 4317 2754 4373 bonus
2779 4327 2892 4385 est,
2925 4318 3077 4375 bona:
3098 4332 3225 4398 sunt
3253 4340 3265 4376 :
3295 4325 3389 4380 sed
3409 4328 3532 4397 quia
3559 4343 3666 4385 non
3687 4331 3836 4388 sicut

2241 4423 2425 4465 earum
2451 4408 2705 4464 Conditor
2729 4426 2936 4468 summe
2955 4422 3113 4484 atque
3137 4415 3646 4485 incommutabiliter
3666 4424 3832 4482 home

2241 4508 2401 4568 sunt,
2451 4499 2572 4555 ideo
2615 4500 2690 4578 in_
2705 4501 2784 4556 eis
2819 4511 2875 4558 et
2911 4493 3306 4582 minuibouum
3332 4518 3388 4565 et
3415 4517 3602 4584 augeri
3624 4529 3830 4586 potest.

2241 4591 2346 4647 Sed
2386 4590 2585 4647 bonum
2605 4592 2628 4625 ⁵
2656 4594 2820 4649 minui
2848 4594 3047 4651 malum
3073 4608 3195 4666 est;
3226 4587 3471 4672 quamvis
3493 4648 3508 4670 ,
3534 4620 3832 4678 quantum—

2241 4685 2468 4756 cumque
2512 4684 2778 4740 minuatur
2797 4727 2812 4753 ,
2860 4700 3136 4745 remaneat
3171 4692 3370 4764 aliquid
3397 4711 3622 4755 necesse
3645 4711 3732 4757 est
3760 4706 3834 4778 (si

2239 4775 2414 4830 adhuc
2457 4784 2643 4830 natura
2686 4774 2793 4850 est)
2831 4778 2971 4834 unde
3013 4791 3201 4838 natura
3236 4774 3324 4839 sit.
3350 4783 3546 4870 lfleque
3566 4791 3710 4846 enim
3733 4774 3837 4862 ,‘si

2239 4869 2641 4940 qualiscumque
2683 4877 2737 4924 et
2777 4872 3256 4945 quantulacumque
3297 4867 3486 4938 natura
3524 4894 3610 4938 est
3633 4924 3650 4949 ,
3689 4900 3834 4941 con-

2231 4960 2376 5036 sumi
2420 4961 2618 5017 bonum
2665 4977 2770 5033 quo
2796 4962 2816 4994 °
2851 4972 3039 5022 natura
3079 4975 3164 5022 est
3198 5009 3214 5036 ,
3261 4984 3360 5025 nisi
3398 4970 3453 5027 et
3480 4971 3594 5044 ipsa
3623 4990 3835 5035 censu-

2304 5187 2318 5252 ξ
2345 5193 2445 5235 Duo
2465 5197 2526 5235 ex
2545 5185 2778 5235 Vaticanis
2798 5193 2926 5246 Mss,
2946 5191 2992 5238 et
3016 5185 3137 5252 tilio
3158 5189 3508 5252 procedentem.

2302 5249 2322 5280 ⁸
2340 5254 2451 5320 boy.
2479 5255 2682 5320 et_Arn.,
2700 5261 2908 5320 summa.
2934 5250 3105 5320 aptius.
3120 5249 3238 5301 editi
3259 5250 3340 5302 alii
3379 5263 3433 5304 et
3463 5263 3595 5318 ηδε..
3618 5271 3839 5314 unum.

2238 5313 2292 5359 Et
2311 5310 2382 5360 sic
2403 5310 2498 5370 inii
2527 5315 2657 5357 sent.
2681 5310 2729 5358 (Ι.
2755 5309 2831 5370 46,
2857 5323 2901 5360 c.
2927 5309 3005 5361 Est
3026 5310 3169 5361 enim.

2303 5369 2475 5439 τη)υᾴ
2492 5379 2591 5439 am.
2609 5375 2690 5439 βε.
2719 5377 2770 5420 et
2808 5369 2965 5439 Lamb.
2990 5380 3103 5439 Dan,
3125 5372 3312 5439 additur
3334 5377 3427 5428 hoc
3449 5377 3586 5430 loco:
3607 5388 3676 5432 De
3701 5383 3847 5439 bona

2237 5428 2423 5506 natura:
2433 5428 2853 5506 vitﬂuoipselneus
2882 5435 2995 5483 bene
3005 5435 3137 5506 (adt,
3150 5437 3456 5506 reformando
3577 5428 3695 5506 νεῖμ’
3684 5428 3771 5497 -εηη
3740 5428 3843 5502 τῖ’,

2238 5492 2451 5544 vitiatum
2463 5505 2480 5553 ;
2518 5504 2576 5541 ac
2596 5505 2682 5568 per
2699 5493 2786 5568 hoc
2797 5507 2910 5568 ergo
2933 5492 3221 5568 nuilum'nec
3243 5500 3410 5551 vitium
3428 5501 3540 5566 erit,

2237 5563 2306 5606 est
2328 5561 2968 5620 curnpeuacuaturJneptum
2990 5560 3246 5620 glossema.
3291 5613 3298 5620 ,
3527 5560 3537 5566 ⁷
3575 5560 3589 5568 ”
3679 5602 3683 5606 ,

2299 5621 2320 5648 δ
2345 5618 2476 5687 miti,
2501 5617 2670 5687 bonum
2702 5617 3037 5687 est._Verbuiu,
3067 5627 3150 5687 est,
3181 5617 3507 5684 expuiiximus
3530 5633 3846 5687 auctoritate

2236 5680 2658 5740 mmiiitoruni
2685 5679 2890 5739 plurium
2914 5688 2965 5728 et
2988 5679 3258 5732 meliorum:

2297 5741 2318 5802 ξ
2345 5740 2695 5788 Vetustissimus
2718 5739 2842 5786 liber
2862 5741 3178 5802 Colbertiuus,
3201 5746 3333 5796 bono.

2300 5801 2320 5832 ⁶
2342 5806 2409 5850 tta
2431 5812 2555 5849 unus
2578 5813 2644 5850 ex
2667 5802 2915 5854 Vaticanis.
2939 5812 2996 5856 At
3016 5813 3122 5858 Mss.
3147 5801 3228 5860 alii
3253 5817 3304 5861 et
3327 5810 3464 5874 editi,
3489 5815 3634 5875 quod.
