3896 6382
160 435 320 479 matur
344 467 355 486 ,
383 411 566 495 potest.
603 420 793 478 Merito
823 425 1019 495 quippe
1053 431 1234 480 natura
1265 422 1567 495 incorrupta
1598 425 1713 479 lau.

161 517 305 572 datur
341 535 353 569 :
381 531 527 586 porro
560 517 604 569 si
632 525 686 570 et
719 516 1143 585 incorruptibilis
1173 518 1265 583 sit,
1297 534 1414 588 qua:
1445 520 1717 589 corrumpi

162 609 357 661 omnino
390 622 488 661 non
533 607 734 676 possit,
778 607 947 661 multo
974 618 1056 662 est
1085 609 1265 678 procul
1290 609 1449 666 dubio
1474 611 1731 667 laudabi--

163 697 270 752 lior.
310 697 423 752 Cum
465 713 594 753 vero
636 699 1029 768 corrumpitur,
1078 701 1198 755 ideo
1242 703 1437 756 malum
1479 713 1561 759 est
1599 705 1715 775 ejus

159 792 394 858 corruptio
414 831 428 856 ,
469 791 592 860 quia
629 805 750 845 eam
779 791 1156 863 qualicumque
1182 798 1357 864 privat
1379 795 1556 864 bono;
1590 815 1712 855 nam

158 881 195 934 si
234 881 362 934 nullo
398 880 539 936 bono
567 882 769 952 privat,
804 899 907 938 non
937 892 1095 940 nocet
1124 904 1137 940 :
1171 896 1326 942 nocet
1353 897 1530 943 autem
1556 907 1570 955 ;
1600 892 1713 945 adi~

159 973 240 1026 mit
261 974 398 1043 igitur
423 973 624 1028 bonum
651 975 692 1027 ι.
721 973 984 1042 Quamdiu
1006 977 1181 1048 itaque
1203 971 1391 1036 natura
1413 984 1710 1053 corrumpi-

161 1075 261 1133 tur,
294 1066 415 1119 inest
437 1069 485 1120 ei
519 1067 723 1122 bonum
755 1083 861 1138 quo
891 1071 1130 1139 privetur
1160 1090 1174 1125 :
1203 1087 1264 1126 ac
1295 1089 1390 1142 per
1415 1074 1516 1130 hoc
1544 1076 1587 1128 si
1617 1091 1708 1131 na-

161 1172 275 1214 tura:
306 1161 481 1231 aliquid
511 1161 814 1218 remanebit
843 1165 983 1233 quod
1007 1165 1116 1234 jam
1145 1167 1413 1234 corrumpi
1443 1157 1729 1238 nequeat,‘

157 1248 359 1321 profecto
401 1261 586 1307 natura
631 1252 1051 1321 incorruptibilis
1094 1248 1226 1322 erit,
1270 1267 1326 1312 et
1359 1257 1425 1312 ad
1466 1259 1567 1315 hoc
1600 1269 1708 1315 tam

154 1327 371 1415 magnum
415 1345 611 1401 bonum
651 1350 992 1418 corruptione
1031 1353 1300 1420 perveniet
1331 1354 1374 1408 ’.
1412 1355 1482 1408 At
1521 1356 1565 1409 si
1593 1370 1712 1410 cor-

151 1436 304 1505 rumpi
331 1451 430 1490 non
455 1435 684 1504 desinet,
713 1455 814 1494 nec
840 1439 1036 1494 bonum
1060 1441 1256 1499 habere
1275 1446 1459 1517 utique
1477 1447 1706 1514 desinet,

150 1543 241 1596 quo
279 1544 390 1583 eam
429 1530 597 1598 possit
638 1531 850 1600 privare
889 1537 1179 1606 corruptio.
1220 1537 1388 1604 Quam
1426 1539 1470 1593 si
1499 1541 1710 1611 penitus

153 1630 396 1691 totamque
431 1626 858 1694 consumpserit,
900 1625 1020 1681 ideo
1054 1629 1257 1684 nullum
1287 1633 1482 1687 bonum
1512 1635 1706 1703 inerit,

151 1715 256 1783 quia
293 1724 470 1770 natura
515 1717 661 1771 nulla
703 1718 829 1773 erit.
869 1717 1125 1786 Quocirca
1163 1723 1360 1778 bonum
1396 1715 1722 1783 consumere

151 1808 398 1876 corruptio
451 1824 552 1863 non
609 1820 830 1878 potest,
880 1813 981 1867 nisi
1027 1819 1391 1874 consumendo
1440 1815 1706 1876 naturam.

151 1899 321 1952 Omnis
343 1915 464 1971 ergo
487 1910 668 1956 natura
693 1899 891 1958 bonum
920 1915 1039 1972 est;
1071 1903 1342 1978 magnam,
1371 1912 1413 1966 si
1438 1916 1708 1984 corrumpi

153 2007 258 2047 non
274 2002 476 2061 potest;
499 2009 716 2064 parvum
740 2038 755 2061 ,
785 1998 830 2052 si
857 2007 1032 2067 potest
1059 2018 1072 2051 :
1101 2002 1283 2072 negari
1309 2012 1484 2059 tamen
1512 2005 1707 2062 bonum

156 2100 306 2151 esse,
345 2087 442 2141 nisi
477 2089 633 2142 stulte
665 2099 813 2160 atque
851 2092 1098 2162 imperite
1135 2111 1355 2166 prorsus
1381 2115 1486 2155 non
1511 2110 1706 2173 potest.

158 2175 288 2241 Qua
323 2177 368 2232 si
409 2180 735 2250 corruptione
769 2185 1131 2254 consumitur,
1174 2204 1275 2244 nec
1301 2191 1410 2260 ipsa
1438 2195 1710 2264 corruptio

153 2271 467 2337 remanebit,
498 2271 638 2326 nulla
668 2273 753 2328 ubi
773 2289 892 2330 esse
912 2279 1082 2347 possit
1104 2279 1425 2338 subsistente
1457 2295 1640 2340 natura
1665 2288 1705 2342 ³.

213 2361 427 2421 CAPUT
448 2364 580 2420 xm.
606 2396 678 2408 —
697 2366 916 2424 Nullum
940 2373 1129 2426 malum
1144 2415 1158 2439 ,
1186 2376 1284 2429 nisi
1302 2379 1439 2448 quod
1461 2388 1506 2433 et
1526 2379 1710 2435 bonum

152 2455 227 2510 sit.
263 2457 336 2514 Ac
372 2473 464 2528 per
498 2458 604 2516 hoc
639 2460 847 2517 nullum
885 2472 966 2518 est
1002 2466 1143 2535 quod
1175 2466 1368 2522 dicitur
1391 2471 1589 2524 malum
1614 2513 1630 2540 ,
1663 2472 1708 2526 si

155 2550 332 2605 nullum
353 2551 419 2606 sit
440 2552 663 2607 bonum.
690 2545 795 2609 Sed
822 2555 1018 2610 bonum
1041 2560 1185 2612 omni
1207 2561 1350 2615 malo
1378 2576 1565 2617 carens
1592 2605 1606 2630 ,
1633 2564 1708 2617 in-

156 2645 335 2710 tegrum
358 2643 550 2697 bonum
580 2652 702 2709 est;
735 2645 821 2700 cui
840 2661 1021 2701 verum
1042 2647 1180 2703 inest
1201 2651 1397 2704 malum
1421 2694 1435 2718 ,
1464 2653 1708 2708 vitiatum

156 2731 229 2786 vel
265 2733 501 2791 vitiosum
535 2734 738 2790 bonum
767 2745 851 2792 est
880 2761 895 2791 :
924 2753 1024 2794 nec
1050 2741 1247 2795 malum
1274 2758 1505 2814 unquam
1534 2754 1711 2816 potest

156 2825 476 2890 cucullum,
514 2826 606 2881 ubi
636 2827 835 2882 bonum
865 2837 949 2884 est
976 2830 1201 2885 nullum.
1247 2833 1399 2890 Unde
1439 2851 1528 2892 res
1573 2839 1709 2895 mira

157 2915 433 2983 conﬁcitur,
464 2927 525 2973 ut
557 2920 685 2990 quia
715 2923 890 2976 omnis
917 2931 1126 2991 natura,
1156 2926 1211 2979 in
1237 2937 1492 2997 quantum
1521 2940 1710 2988 natura

157 3015 260 3072 est,
293 3007 474 3064 bon
501 3021 620 3078 est,
653 3010 788 3067 nihil
822 3014 961 3069 aliud
1003 3015 1104 3071 dici
1145 3018 1422 3089 videatur,
1472 3038 1595 3078 cum
1631 3025 1710 3079 vi-

157 3098 280 3153 tiosa
315 3110 488 3156 natura
533 3103 674 3158 mala
719 3120 843 3160 esse
884 3115 1070 3162 natura
1113 3109 1337 3178 dicitur,
1379 3114 1480 3168 nisi
1510 3116 1708 3172 malum

155 3203 264 3247 esse
281 3193 414 3264 quod
435 3195 624 3251 bonum
651 3207 738 3252 est
765 3216 780 3251 :
805 3215 906 3255 nec
931 3203 1125 3257 malum
1147 3218 1268 3260 esse
1286 3246 1300 3269 ,
1328 3207 1430 3261 nisi
1451 3209 1592 3279 quod
1615 3210 1710 3265 bo-

153 3298 265 3338 num
289 3294 409 3351 est;
435 3288 686 3358 quoniam
715 3291 892 3345 omnis
917 3302 1102 3348 natura
1128 3295 1325 3350 bonum
1357 3305 1467 3366 est,
1495 3315 1595 3356 nec
1624 3317 1709 3357 res

152 3377 308 3448 aliqua
353 3382 481 3435 mala
524 3393 703 3452 esset,
735 3385 779 3439 si
809 3400 897 3440 res
924 3389 1038 3456 ipsa
1067 3403 1183 3459 quae
1211 3389 1348 3445 mala
1377 3399 1493 3463 est,
1523 3403 1707 3450 natura

151 3482 244 3522 non
265 3478 423 3525 esset.
447 3471 560 3527 Non
589 3475 752 3544 igitur
773 3485 951 3545 potest
976 3493 1096 3534 esse
1118 3481 1339 3549 malum,
1373 3485 1475 3541 nisi
1497 3486 1709 3557 aliquod

151 3561 355 3619 bon.
391 3566 534 3633 Quod
573 3584 696 3623 cum
733 3570 837 3625 dici
877 3572 1120 3629 videatur
1151 3576 1380 3633 absurde
1403 3620 1417 3646 ,
1449 3582 1712 3637 connexio

155 3665 318 3712 tamen
358 3661 767 3717 ratiocinationis
815 3663 970 3733 hujus
1015 3667 1162 3721 velut
1199 3667 1574 3728 inevitabiliter
1611 3689 1710 3729 nos

148 3752 407 3820 compellit
423 3753 519 3808 hoc
537 3753 739 3810 dicere.
767 3755 831 3809 Et
857 3757 1153 3813 cavendum
1183 3768 1265 3815 est
1287 3802 1304 3829 ,
1329 3777 1396 3816 ne
1415 3763 1711 3822 incidamus

148 3840 195 3896 in
231 3844 372 3897 illam
408 3845 770 3916 prophetieam
805 3853 1124 3906 sententiam
1147 3893 1161 3916 ,
1197 3853 1288 3908 ubi
1330 3854 1521 3926 legitur
1561 3875 1576 3913 :
1623 3859 1714 3915 νω

148 3935 201 3990 iis
236 3937 324 4006 qui
354 3939 520 3994 dicunt
554 3941 695 4010 quod
731 3943 916 3996 bonum
940 3953 1014 3998 est
1042 3946 1261 4015 malum,
1291 3957 1338 4002 et
1365 3951 1501 4020 quod
1521 3953 1714 4009 malum

147 4042 213 4087 at
244 4036 461 4102 bonum;
500 4040 589 4108 qui
627 4040 805 4094 dicunt
840 4040 1066 4098 tenebras
1096 4043 1282 4114 lucem,
1313 4054 1360 4100 et
1389 4047 1548 4101 lucem
1578 4055 1714 4102 tene-

152 4124 288 4192 bris;
315 4130 398 4197 qui
419 4131 592 4184 dicunt
617 4131 767 4185 dulce
786 4149 1038 4200 amarum,
1067 4143 1114 4189 et
1138 4152 1368 4191 amarum
1388 4137 1534 4192 dulce
1558 4138 1711 4211 (Isai.

151 4234 209 4284 ν,
249 4221 356 4291 20),
396 4225 460 4278 Et
484 4234 664 4281 tamen
694 4227 947 4282 Dominus
972 4229 1046 4283 ait
1071 4247 1086 4285 :
1117 4229 1289 4286 Malus
1315 4230 1464 4285 homo
1493 4233 1556 4287 de
1580 4233 1714 4310 malo

151 4315 363 4370 theae-ro
383 4319 556 4372 cordis
577 4320 658 4372 sui
682 4325 874 4392 profert
899 4322 1036 4376 mala
1061 4322 1271 4392 (Matth.
1301 4340 1376 4379 xu
1395 4367 1411 4392 ,
1440 4325 1553 4396 55).
1576 4325 1714 4394 Quid

151 4415 226 4460 est
253 4415 418 4463 autem
443 4410 614 4464 mala
642 4413 792 4466 homo
810 4453 826 4478 ,
858 4414 958 4469 nisi
983 4416 1120 4470 mala
1150 4426 1335 4471 natura
1361 4434 1376 4484 ;
1405 4418 1525 4488 quia
1557 4420 1714 4476 homo

153 4509 322 4556 natura
355 4503 483 4559 est?
524 4505 694 4561 Porro
722 4507 767 4561 si
796 4507 956 4564 homo
982 4507 1418 4580 aliquod’bonum
1449 4521 1562 4579 est,
1594 4515 1714 4584 quia

153 4603 322 4651 natura
340 4607 421 4652 est
437 4637 453 4663 ,
477 4598 607 4668 quid
627 4607 713 4653 est
737 4599 908 4655 malus
929 4600 1109 4669 homo,
1136 4603 1237 4658 nisi
1257 4604 1453 4658 malum
1478 4604 1670 4660 bonum
1691 4606 1715 4660 τ

155 4685 336 4744 Tamen
360 4706 480 4746 ann
505 4691 617 4746 duo
635 4691 735 4746 ista
761 4692 1129 4764 discernimus,
1153 4693 1454 4752 invenimus
1473 4713 1571 4754 nec
1594 4698 1716 4753 ideo

157 4781 333 4836 malum
367 4784 488 4854 quia
531 4783 694 4838 homo
719 4793 831 4853 est,
858 4802 958 4842 nec
984 4787 1103 4844 ideo
1129 4789 1325 4846 bonum
1352 4793 1474 4862 quia
1505 4793 1716 4863 iniquus

157 4880 263 4933 est;
305 4874 396 4929 sed
437 4875 637 4930 bonum
679 4877 801 4946 quia
842 4875 1036 4945 homo,
1081 4880 1277 4935 malum
1322 4882 1443 4952 quia
1481 4882 1714 4952 iniquus.

157 4960 386 5033 Quisquis
421 4980 549 5036 ergo
587 4966 754 5032 dicit,
783 4967 974 5024 Malum
1001 4977 1084 5026 est
1111 4970 1379 5028 hominem
1406 4987 1560 5041 esse;
1589 4984 1714 5044 aut,

163 5051 345 5108 Bonum
369 5068 447 5112 est
472 5057 715 5129 iniquum
744 5074 866 5116 esse
893 5079 906 5113 :
937 5062 1051 5132 ipse
1071 5063 1253 5118 incidit
1275 5064 1326 5118 in
1355 5055 1717 5134 propheticam

169 5140 292 5197 illam
331 5150 644 5203 sententiam
665 5192 680 5216 ,
718 5148 806 5205 Va:
831 5153 893 5207 iis
928 5153 1017 5223 qui
1051 5153 1224 5209 dicunt
1264 5156 1399 5224 quod
1438 5156 1619 5211 bonum
1649 5167 1721 5213 est

167 5238 354 5302 Mum,
373 5253 417 5296 et
443 5243 580 5313 quod
603 5244 792 5298 malum
820 5256 893 5301 est
915 5247 1116 5302 bonum.
1146 5246 1292 5319 Opus
1319 5251 1458 5304 enim
1487 5249 1578 5307 Dei
1607 5251 1720 5306 θυι.

567 5361 727 5410 mm
746 5357 1008 5412 mendo
1027 5359 1213 5412 bonum.
1231 5365 1526 5427 Castigautur
1551 5377 1615 5414 ex
1633 5377 1722 5414 ve-

553 5488 697 5555 mv.,_
709 5482 958 5559 corruptio
979 5496 1072 5559 non
1093 5485 1358 5559 perveniet.
1380 5486 1566 5551 Aliquot
1597 5497 1722 5559 M§S._,

505 5540 755 5606 penetret.
784 5540 968 5596 t'e'rius
989 5540 1115 5612 Arn;
1145 5548 1445 5612 corruptione
1465 5540 1721 5612 perveniet:

407 5619 468 5662 ex
483 5598 589 5671 tiss.
612 5598 895 5671 castigatus.
922 5615 1039 5656 nam
1057 5608 1174 5658 alias
1195 5598 1299 5658 Am:
1320 5617 1393 5658 Er.
1423 5598 1480 5660 ρι’
1495 5617 1620 5668 l.ov.,
1643 5598 1726 5662 ubi

1545 275 1748 363 LIBER
1785 272 1981 364 usus.

3293 319 3399 393 23's

1820 433 1942 494 pat,
1980 427 2120 497 quod
2149 436 2230 484 est
2266 429 2459 489 homo:
2488 443 2540 489 et
2567 436 2749 492 vitium
2777 429 3005 497 hominis
3036 428 3234 516 laudat,
3260 425 3400 518 quod

1819 528 1901 572 est
1941 520 2208 591 iniquitas.
2252 523 2439 579 Omnis
2479 526 2656 598 itaque
2693 540 2878 588 natura
2909 577 2924 602 ,
2964 537 3172 594 etiamsi
3213 541 3400 598 vitiosa

1815 620 1929 678 est,
1975 613 2026 668 in
2067 624 2322 686 quantum
2348 625 2553 695 natura
2594 629 2709 689 est,
2754 623 2893 680 bona
2917 637 3036 695 est;
3066 629 3119 685 in
3144 642 3400 702 quantum

1816 705 2000 760 vitiosa
2028 718 2109 764 est
2132 751 2146 772 ,
2173 709 2310 764 mala
2335 721 2437 767 est;

1884 798 2108 859 CAPUT
2149 803 2289 859 XIV.
2329 837 2401 846 —
2423 805 2622 862 Bonum
2650 817 2695 864 et
2720 811 2942 878 malum,
2975 815 3086 870 licet
3108 806 3430 885 centraria‘,"

1809 891 1964 947 simul
1997 894 2050 948 in
2096 897 2268 951 eadem
2291 915 2344 952 re
2369 916 2472 953 esse
2501 917 2663 970 posse.
2695 901 2776 956 Ea:
2801 903 2940 958 bonis
2968 909 3104 962 mala
3127 951 3142 977 ,
3173 913 3290 966 etin
3313 913 3400 967 bo-

1811 983 1908 1038 nis.
1957 984 2290 1056 QuaprOpter
2335 989 2387 1042 in
2441 991 2503 1043 iis
2546 992 2828 1048 Contrariis
2867 1010 2983 1065 qua:
3013 999 3152 1054 mala
3178 1010 3231 1055 et
3259 1001 3396 1058 bona

1810 1085 2066 1131 vocantur
2091 1120 2104 1143 ,
2128 1079 2217 1132 illa
2237 1079 2632 1136 dialecticorum
2657 1084 2836 1154 regula
2859 1084 3059 1154 deficit,
3083 1104 3184 1158 qua
3209 1090 3395 1146 dicunt

1810 1170 1940 1224 nulli
1979 1171 2055 1225 rei
2085 1171 2190 1226 duo
2215 1172 2373 1228 simul
2407 1175 2581 1230 inesse
2610 1177 2893 1232 contraria.
2927 1179 3114 1236 Nullus
3136 1183 3278 1238 enim
3306 1200 3400 1240 aer

1812 1260 1972 1315 simul
2013 1257 2094 1316 εει
2136 1272 2190 1316 ει
2235 1264 2550 1342 tenebrosus
2575 1273 2632 1338 ct
2656 1267 2863 1338 lucidus
2891 1287 2903 1322 :
2934 1271 3109 1327 nullus
3137 1273 3286 1328 cibus
3309 1284 3402 1329 aut

1812 1362 1966 1421 potus
2003 1353 2163 1410 simul
2201 1355 2370 1428 dulcis
2411 1365 2463 1412 et
2498 1372 2710 1419 amarus
2739 1376 2752 1413 :
2784 1360 2988 1416 nullum
3019 1378 3216 1435 corpus
3240 1365 3400 1421 simul

1809 1442 1900 1497 ubi
1919 1443 2098 1498 album
2121 1484 2138 1509 ,
2172 1444 2242 1497 ibi
2269 1453 2323 1500 et
2348 1445 2555 1516 nigrum
2581 1466 2596 1513 ;
2628 1449 2826 1506 nullum
2847 1447 3005 1508 simul
3028 1453 3114 1509 ubi
3135 1455 3397 1524 deforme,

1811 1534 1883 1590 ibi
1912 1544 1968 1589 et
1996 1534 2307 1592 formosum.
2336 1538 2401 1592 Et
2428 1538 2526 1593 hoc
2549 1541 2601 1606 in
2624 1542 2807 1597 multis
2831 1558 2892 1596 ac
2916 1560 3052 1614 pene
3077 1545 3130 1600 in
3153 1548 3400 1602 omnibus

1810 1626 2090 1682 contrariis
2113 1629 2377 1698 reperitur
2403 1670 2417 1694 ,
2445 1640 2500 1684 ut
2523 1631 2576 1686 in
2604 1649 2705 1686 una
2730 1649 2786 1688 re
2813 1635 2972 1689 simul
3000 1651 3120 1692 esse
3141 1653 3248 1692 non
3277 1654 3400 1708 pos-

1810 1719 1936 1774 sint.
1976 1717 2109 1775 Cum
2155 1729 2332 1776 autem
2373 1722 2509 1776 bona
2553 1733 2604 1778 et
2646 1725 2782 1779 mala
2823 1726 3001 1782 nullus
3024 1729 3255 1800 ambigat
3277 1746 3398 1786 esse

1809 1812 2073 1866 contraria
2095 1853 2110 1878 ,
2137 1827 2245 1866 non
2269 1813 2440 1868 Solum
2468 1814 2624 1868 simul
2653 1831 2773 1871 esse
2801 1828 3058 1886 possunt,
3085 1819 3178 1874 sed
3208 1822 3346 1876 mala
3377 1823 3393 1853 ⁸

1809 1903 2025 1970 omnino
2051 1903 2167 1958 sine
2191 1903 2345 1980 bonis
2373 1913 2429 1959 et
2457 1905 2554 1958 nisi
2588 1907 2639 1960 in
2669 1906 2824 1963 bonis
2852 1923 2972 1964 esse
3000 1925 3105 1966 non
3134 1921 3355 1979 possunt
3380 1930 3394 1967 :

1810 1994 2050 2062 quamvis
2089 1993 2226 2048 bona
2264 1995 2380 2050 sine
2417 1997 2571 2050 malis
2600 1998 2825 2067 possint.
2860 1999 3042 2054 Potest
3067 2002 3208 2056 enim
3238 2001 3399 2057 homo

1809 2070 1894 2140 vel
1917 2087 2134 2156 angelus
2163 2103 2268 2141 non
2295 2103 2413 2143 esse
2435 2087 2694 2158 injustas;
2724 2090 2955 2162 injustas
2977 2101 3153 2149 autem
3177 2111 3281 2149 non
3307 2113 3401 2165 po-

1811 2185 1915 2232 test
1934 2193 2052 2234 esse
2072 2179 2171 2234 nisi
2199 2178 2358 2234 homo
2380 2181 2464 2237 vel
2485 2183 2707 2252 angelus
2732 2201 2744 2235 :
2768 2191 2822 2238 et
2840 2183 3038 2240 bonum
3057 2188 3197 2257 quod
3213 2187 3396 2251 homo.

1763 2307 1772 2314 ε
1810 2268 2008 2326 bonum
2054 2271 2192 2342 quod
2224 2272 2482 2343 angelus;
2515 2273 2712 2328 malum
2737 2274 2881 2344 quod
2910 2276 3158 2346 injustus.
3191 2279 3257 2333 Et
3287 2279 3400 2333 haec

1809 2361 1918 2417 duo
1959 2364 2223 2417 contraria
2266 2364 2337 2418 ita
2367 2363 2527 2420 simul
2556 2375 2717 2434 sunt,
2750 2377 2807 2422 ut
2828 2367 2871 2422 si
2896 2367 3096 2424 bonum
3129 2385 3231 2424 non
3259 2380 3402 2426 esset

1811 2453 1863 2508 in
1908 2468 2014 2524 quo
2052 2451 2250 2507 malum
2290 2461 2432 2509 esset
2465 2457 2486 2487 ²
2506 2497 2521 2521 ,
2549 2470 2770 2526 prorsus
2798 2472 2901 2513 nec
2929 2460 3124 2514 malum
3153 2475 3272 2516 esse
3299 2478 3400 2532 po-

1811 2545 1998 2599 tuisset
2049 2561 2064 2599 :
2113 2545 2237 2615 quia
2281 2561 2386 2600 non
2428 2547 2588 2601 modo
2631 2547 2719 2602 ubi
2749 2550 3104 2620 consisteret,
3137 2552 3232 2608 sed
3261 2555 3402 2608 unde

1810 2639 2039 2695 oriretur
2079 2640 2348 2710 corruptio
2388 2655 2494 2695 non
2525 2641 2780 2707 haberet,
2817 2641 2916 2697 nisi
2943 2653 3085 2700 esset
3111 2645 3251 2715 quod
3278 2662 3400 2701 cor-

1809 2741 2184 2802 rumperetur;
2217 2731 2357 2801 quod
2388 2733 2486 2787 nisi
2515 2732 2711 2788 bonum
2743 2744 2924 2804 esset,
2958 2751 3055 2792 nec
3081 2751 3400 2808 corrumpe-

1809 2833 1994 2890 retur;
2030 2826 2278 2894 quoniam
2310 2825 2437 2880 nihil
2467 2836 2548 2882 est
2573 2827 2716 2884 aliud
2744 2832 3017 2900 corruptio
3039 2873 3052 2895 ,
3085 2848 3245 2902 quam
3271 2834 3401 2889 boni

1811 2915 2201 2971 exterminatio.
2245 2917 2326 2972 Ex
2360 2917 2514 2973 bonis
2541 2918 2699 2988 igitur
2725 2921 2863 2977 mala
2888 2930 3004 2976 orta
3028 2932 3186 2988 sunt,
3219 2934 3274 2979 et
3294 2926 3398 2980 nisi

1809 3006 1862 3059 in
1894 3006 2158 3078 aliquibus
2183 3007 2336 3062 bonis
2365 3025 2468 3064 non
2497 3015 2796 3068 sunt-Hice
2825 3023 2938 3068 erat
2965 3015 3095 3070 alias
3123 3016 3262 3072 unde
3282 3019 3393 3072 ori-

1810 3105 1959 3152 retur
2005 3099 2112 3152 ulla
2158 3099 2281 3153 mali
2327 3109 2534 3156 natura.
2574 3101 2707 3157 Nam
2756 3105 2801 3159 si
2847 3114 3022 3173 esset,
3061 3109 3113 3162 in
3144 3121 3404 3180 quantum

1812 3196 2000 3243 natura
2028 3198 2173 3243 esset
2191 3229 2207 3256 ρ
2241 3190 2475 3259 profecto
2501 3191 2638 3247 bona
2666 3204 2808 3249 esset
2839 3214 2856 3250 :
2882 3207 2936 3252 et
2964 3207 3055 3252 aut
3079 3199 3400 3272 incorrupti-

1818 3282 1940 3338 bilis
1969 3290 2157 3337 natura
2189 3299 2436 3353 magnum
2468 3294 2609 3340 esset
2637 3286 2835 3343 bonum
2859 3331 2874 3356 ,
2906 3298 2998 3345 aut
3024 3293 3182 3346 etiam
3217 3303 3404 3351 natura

1810 3375 2170 3455 corruptibilis
2233 3375 2380 3430 nullo
2444 3377 2605 3433 modo
2669 3389 2813 3435 esset
2873 3383 2975 3438 nisi
3036 3385 3245 3456 aliquod
3304 3389 3402 3443 bo-

1811 3483 1940 3523 num
1963 3510 1978 3536 ,
2030 3469 2171 3539 quod
2215 3467 2412 3525 bonum
2459 3473 2852 3544 corrumpendo
2896 3487 3076 3546 posset
3114 3480 3164 3534 ei
3207 3495 3404 3538 nocere

1811 3561 2108 3631 corruptio.

1882 3652 2109 3711 CAPUT
2136 3653 2253 3709 XV.
2275 3684 2345 3696 —
2377 3653 2642 3720 Quomodo
2673 3656 3055 3727 intelligendum
3085 3660 3217 3714 illud
3236 3704 3251 3729 ,
3280 3662 3399 3720 Non

1811 3754 1989 3818 potest
2028 3747 2190 3802 arbor
2229 3747 2366 3802 bona
2391 3789 2403 3812 ,
2439 3757 2530 3802 etc.
2567 3747 2670 3804 Sed
2695 3764 2814 3804 cum
2842 3751 2980 3805 mala
3008 3767 3071 3808 ex
3101 3753 3256 3809 bonis
3285 3767 3404 3812 orta

1813 3851 1933 3895 esse
1979 3839 2204 3895 dicimus
2226 3883 2242 3908 ,
2286 3856 2390 3895 non
2428 3850 2642 3912 putetur
2676 3841 2779 3897 hoc
2816 3843 3093 3902 dominicae
3124 3850 3403 3928 sententia;

1813 3930 2065 4002 refragari
2093 3973 2107 3999 ,
2149 3947 2252 4002 qua
2294 3931 2462 4000 dixit,
2509 3931 2631 3986 Non
2682 3921 2843 4003 potest
2879 3937 3029 3989 urbor
3052 3935 3184 3992 bona
3210 3921 3403 4010 fructui
3439 3998 3443 3999 ν

1814 4023 1976 4077 malos
2003 4025 2188 4096 facere.
2221 4022 2336 4078 Non
2367 4034 2542 4094 potest
2567 4026 2709 4080 enim
2729 4067 2746 4093 ,
2776 4027 2912 4082 sicut
2938 4027 3144 4086 Veritas
3163 4033 3257 4100 ait,
3285 4033 3402 4087 col-

1814 4114 1902 4185 ligi
1935 4131 2031 4170 uva
2053 4114 2123 4170 de
2151 4115 2317 4184 spinis
2344 4113 2556 4187 (Matt/1.
2588 4133 2660 4172 vn
2681 4159 2694 4181 ,
2726 4117 2831 4184 l8,
2864 4119 2956 4190 l6)
2982 4162 2997 4188 ,
3027 4123 3148 4192 quia
3178 4121 3403 4200 nonpo-

1814 4213 1922 4262 test
1965 4207 2111 4262 nasci
2150 4222 2250 4260 uva
2289 4206 2356 4260 de
2394 4207 2597 4276 spinis;
2638 4209 2733 4264 sed
2761 4225 2826 4266 ex
2855 4211 2990 4265 bona
3019 4221 3158 4268 terra
3186 4223 3241 4270 et
3268 4205 3403 4271 vites

1816 4299 1961 4353 nasci
2001 4313 2159 4369 posse
2194 4298 2436 4354 videmus
2474 4309 2528 4355 et
2555 4302 2754 4372 Spinas.
2788 4303 2855 4357 Et
2880 4305 3066 4361 eodem
3095 4308 3253 4362 modo
3282 4321 3399 4363 tan-

1815 4405 1975 4460 quam
2015 4389 2176 4443 arbor
2217 4389 2354 4444 mala
2394 4388 2595 4445 fructus
2619 4391 2789 4447 bonos
2807 4434 2821 4458 ,
2850 4392 2901 4446 id
2926 4402 3007 4449 est
3025 4435 3040 4461 ,
3069 4410 3231 4463 Opera
3259 4395 3399 4468 bona

1818 4499 1924 4539 non
1953 4490 2127 4553 potest
2147 4479 2323 4537 facere
2343 4482 2587 4536 voluntas
2604 4483 2745 4538 mala
2770 4501 2784 4538 :
2808 4483 2900 4539 sed
2921 4500 2985 4539 ex
3011 4485 3147 4540 bona
3171 4483 3402 4570 hominis

1818 4584 2006 4630 natura
2032 4573 2160 4630 oriri
2185 4574 2430 4629 voluntas
2457 4582 2512 4628 et
2539 4561 2678 4630 bona
2706 4573 2882 4644 potest
2905 4567 2959 4631 et
2981 4575 3121 4632 mala
3144 4592 3159 4643 ;
3182 4592 3283 4658 nec
3297 4561 3404 4652 luit

1817 4680 2036 4737 prorsus
2065 4663 2203 4719 unde
2226 4663 2468 4732 primitus
2491 4663 2721 4720 oriretur
2743 4667 2984 4746 voluntas
3007 4667 3152 4750 mala,
3165 4708 3189 4754 ἦ
3203 4665 3310 4750 nisi
3332 4657 3399 4746 ex

1819 4758 1991 4829 angeli
2019 4765 2072 4813 et
2096 4757 2324 4811 hominis
2353 4765 2538 4811 natura
2567 4757 2726 4840 bona.
2756 4739 2906 4826 Quod
2928 4741 2981 4814 et
3008 4758 3121 4829 ipse
3144 4739 3403 4840 Bominus

1819 4834 2009 4907 eodem
2048 4850 2169 4906 loco
2190 4891 2204 4914 ,
2245 4850 2332 4906 ubi
2374 4850 2440 4906 de
2475 4839 2665 4906 arbore
2694 4837 2747 4906 et
2771 4849 3030 4908 fructibus
3055 4834 3403 4924 loqiiebritur,
3435 4923 3439 4926 _

1819 4929 2159 5016 apertisSime
2201 4943 2433 4996 ostendit
2475 4961 2490 4997 :
2533 4943 2607 4996 ait
2644 4944 2825 5019 enim,
2869 4944 2970 5000 Aut
2993 4946 3147 5032 facile
3171 4948 3412 5032 orborem

1820 5035 2003 5091 bonam
2037 5045 2083 5090 et
2116 5035 2335 5107 fructum
2358 5036 2468 5110 ejus
2493 5033 2675 5090 bonum
2696 5077 2709 5101 ,
2741 5044 2831 5090 aut
2855 5037 3006 5109 facite
3030 5027 3263 5120 erigerent
3287 5027 3403 5093 mo-

1823 5125 1927 5182 lam
1954 5134 2000 5182 et
2025 5125 2245 5198 fructum
2272 5125 2380 5196 ejus
2405 5123 2594 5179 malum
2618 5123 2725 5197 (Id.
2755 5142 2828 5181 xu
2851 5168 2864 5192 ,
2894 5123 2984 5202 55)
3015 5147 3027 5181 :
3058 5117 3186 5220 satis
3212 5121 3401 5220 same:

1822 5234 1957 5275 nens
1979 5233 2044 5273 ex
2066 5217 2257 5272 arbore
2276 5215 2644 5286 quidem'bona
2668 5218 2856 5286 malos,
2878 5226 2967 5272 aut
2988 5234 3055 5302 ex
3073 5211 3209 5295 mala
3231 5211 3403 5302 bonos

1825 5313 1969 5368 nasci
2008 5310 2209 5367 fructus
2241 5326 2345 5365 non
2375 5327 2567 5380 posse;
2600 5329 2661 5367 ex
2696 5314 2807 5383 ipsa
2833 5297 3013 5390 tamen
3034 5293 3183 5372 terra
3211 5315 3300 5372 cui
3325 5303 3408 5373 lo-

1823 5406 2083 5479 quebatur
2100 5447 2114 5468 ,
2142 5413 2418 5474 utramque
2442 5405 2685 5460 arborem
2711 5421 2886 5476 posse.
3359 5475 3403 5498 Ψ

1894 5494 2118 5554 CAPUT
2142 5493 2280 5550 XVI.
2306 5525 2376 5535 ——
2404 5496 2456 5550 5.
2492 5496 2675 5550 Rerum
2706 5513 2884 5552 causas
2905 5517 3049 5553 nosse
3070 5517 3134 5553 an
3156 5493 3405 5570 pertineat

1888 5612 1906 5644 ι
1932 5609 2066 5666 Editi,
2091 5605 2176 5658 sed
2200 5604 2342 5670 etiam
2362 5604 2506 5656 mala.
2530 5607 2703 5670 ,Aliest,
2725 5607 2885 5666 etiam,
2909 5622 2934 5656 a
2968 5609 3216 5670 plerisque
3240 5616 3346 5656 Mss.

163 5659 280 5733 μαι]
310 5659 406 5717 esse
438 5659 602 5733 possit,
634 5659 931 5724 siibﬁstente
979 5675 1151 5722 ruitura
1180 5685 1196 5721 :
1221 5671 1366 5720 male.
1403 5659 1498 5723 nec
1551 5659 1728 5724 melius

161 5725 338 5798 Pinus
357 5725 646 5798 surrexerat,
669 5737 836 5788 addita
883 5739 1104 5791 negante
1127 5733 1352 5797 particula
1374 5736 1461 5798 sic,
1496 5734 1574 5789 ubi
1593 5735 1727 5790 nulla

158 5796 248 5838 esse
263 5792 419 5854 possit,
439 5808 531 5849 non
550 5792 836 5855 “limite
855 5799 1066 5846 natura.

1887 5675 1994 5720 ειη».
2017 5678 2092 5717 BB.
2121 5669 2410 5734 munierunt,
2443 5669 2637 5734 malum,
2655 5671 2700 5716 in
2720 5678 2884 5734 textu;
2908 5669 2994 5719 sed
3018 5671 3065 5734 in
3086 5669 3307 5731 margine
3328 5684 3415 5734 vove

1825 5747 1932 5784 cem
1950 5735 2072 5780 hanc
2085 5730 2400 5801 supplendam
2417 5733 2660 5779 adnotaut.
2689 5731 2818 5801 simul
2840 5737 2910 5778 Fr.
2931 5729 3071 5792 Lugd.
3095 5729 3212 5801 yet]:
3238 5731 3418 5801 l.ov._i_t)

1827 5804 1966 5850 tcxtu
1989 5796 2093 5856 ipso
2109 5790 2310 5857 legitur,
2325 5806 2509 5855 nosque
2528 5805 2697 5844 eorum
2710 5790 2969 5843 lectionem
2984 5790 3138 5844 secuti
3153 5805 3338 5850 sumus.
3354 5795 3421 5849 Ii
