3940 6484
526 305 638 365 239

528 422 599 477 ad
644 416 954 492 felicitatem.
1002 411 1133 482 Quae
1172 424 1296 466 cum
1331 406 1405 461 ita
1442 405 1582 471 sint,
1608 399 1821 474 quando
1842 395 1997 455 nobis
2016 396 2125 452 Ma-

530 512 680 572 ronis
708 509 799 566 ille
824 519 1009 563 versus
1035 502 1251 574 placet,

658 620 793 673 ¹²⁰¹ί⁸
814 620 901 684 qui
920 616 1076 682 νθωίί
1094 625 1263 665 mum
1279 615 1787 735 Ἢῖἓῗὲῗῗίῗῗθῗῖ
1809 664 1942 729 490.)

536 804 645 847 non
673 784 829 843 nobis
854 782 1101 840 videatur
1126 777 1195 834 ad
1222 776 1531 833 felicitatem
1553 768 1982 842 consequendam
2006 782 2130 840 per-

533 868 709 939 tinere
731 922 747 948 ,
776 879 822 936 si
843 877 1075 933 sciamus
1096 886 1286 929 causas
1306 882 1619 939 magnarum
1642 866 1696 922 in
1717 862 1917 920 mundo
1937 875 2129 932 corpo-

533 976 728 1033 ralium
768 973 1066 1030 motionum
1090 1010 1106 1037 ,
1148 981 1268 1040 quae
1305 962 1651 1022 abditissimis
1688 967 1893 1016 naturae
1925 956 2131 1013 sinibus

537 1067 860 1125 occuluntur
886 1082 904 1130 ;

664 1180 799 1231 Unde
820 1185 1005 1229 tremor
1028 1175 1192 1237 terris,
1224 1184 1323 1237 qua
1339 1172 1387 1223 vi
1404 1169 1555 1239 maria
1570 1167 1671 1239 alta
1686 1167 1975 1239 tumescant,

664 1226 1096 1305 obﬁcibusruptis,
1123 1226 1396 1306 rursusque
1419 1234 1469 1283 in
1490 1226 1923 1306 seipsalr‘e‘sidant.

1218 1290 1399 1362 (Ibid,
1421 1307 1494 1345 vv.
1524 1290 1636 1354 479,
1658 1290 1792 1353 ιω.)

538 1417 595 1468 et
624 1419 819 1466 cmtera
859 1402 1167 1477 hujusmodi
1208 1418 1223 1456 :
1265 1399 1363 1456 sed
1396 1400 1657 1455 bonarum
1680 1403 1736 1450 et
1759 1391 2022 1448 malarum
2047 1402 2137 1445 re-

538 1517 662 1559 rum
690 1516 877 1557 causas
906 1513 1063 1553 nosse
1087 1496 1345 1552 debemus
1370 1534 1385 1559 ,
1408 1500 1464 1547 et
1490 1490 1543 1546 id
1564 1488 1843 1553 hactenus,
1871 1492 2137 1556 quatenus

541 1609 636 1651 eas
678 1592 882 1648 homini
911 1592 960 1645 in
992 1590 1091 1644 hac
1118 1589 1220 1643 vita
1249 1583 1522 1642 erroribus
1545 1581 1906 1649 aerumnisque
1932 1573 2137 1647 plenis-

539 1668 698 1751 sima,
730 1686 797 1741 ad
823 1685 1039 1741 eosdem
1061 1695 1273 1739 errores
1293 1687 1348 1734 et
1368 1691 1633 1734 aerumnas
1653 1672 1958 1731 evadendas
1979 1683 2139 1726 nosse

542 1779 874 1838 conceditur.
922 1777 1002 1831 Ad
1042 1776 1189 1830 illam
1232 1774 1429 1845 quippe
1470 1771 1777 1827 felicitatem
1814 1765 2139 1824 tendendum

542 1882 659 1939 est,
689 1871 781 1926 ubi
812 1871 955 1925 nulla
983 1869 1285 1941 quatiamur
1307 1880 1545 1921 (erumna
1566 1903 1583 1930 ,
1604 1861 1750 1918 nullo
1774 1874 1957 1917 errore
1984 1856 2139 1914 falla-

541 1980 686 2021 mur.
712 1963 843 2019 Nam
867 1962 913 2017 si
938 1976 1114 2017 causa:
1143 1958 1504 2029 corporalium
1533 1958 1830 2011 motionum
1854 1950 2140 2008 noscendae

542 2057 701 2113 nobis
721 2064 901 2111 essent
921 2094 937 2120 ,
966 2052 1141 2108 nullas
1161 2051 1330 2122 magis
1350 2064 1511 2106 nosse
1530 2063 1689 2119 quam
1714 2057 1911 2102 nostra:
1932 2045 2141 2100 valetu-

542 2150 685 2205 dinis
727 2148 1064 2203 deberemus.
1110 2145 1243 2199 Cum
1279 2156 1410 2198 vero
1448 2142 1527 2197 eis
1565 2139 1822 2211 ignoratis
1845 2179 1860 2204 ,
1902 2136 2143 2193 medicos

542 2241 834 2311 quaerimus
852 2280 867 2306 ,
913 2238 1034 2310 quis
1075 2250 1184 2292 non
1222 2235 1401 2291 videat
1431 2233 1572 2306 quod
1600 2234 1667 2289 de
1693 2234 1915 2289 secretis
1940 2231 2063 2287 coeli
2087 2239 2146 2287 et

544 2341 703 2388 tcrrte
728 2346 826 2386 nos
852 2330 1016 2396 latet,
1044 2337 1243 2398 quanta
1267 2327 1339 2381 sit
1364 2326 1620 2397 patientia
1644 2323 2032 2380 nescientium?

614 2421 843 2479 CAPUT
884 2420 1049 2476 XVII.
1088 2445 1163 2460 —-
1202 2417 1364 2471 Error
1397 2417 1519 2488 quid
1544 2416 1628 2470 sit.
1660 2414 1782 2469 Non
1807 2415 1971 2469 omnis
1998 2430 2144 2469 error

544 2516 750 2571 noxius.
795 2511 1067 2584 Augustini
1105 2526 1248 2565 error
1290 2509 1417 2579 felix
1441 2508 1497 2562 in
1523 2508 1670 2563 bivio.
1700 2507 1954 2576 Quamvis
1996 2508 2142 2563 enim

545 2625 700 2667 error
725 2616 924 2679 quanta
950 2618 1235 2677 possumus
1258 2618 1383 2658 cura
1410 2601 1682 2658 cavendus
1708 2603 1812 2670 sit,
1836 2618 1943 2657 non
1966 2600 2142 2656 solum

543 2701 601 2756 in
638 2698 933 2770 majoribus
955 2738 973 2766 ,
998 2711 1185 2752 verum
1211 2695 1372 2751 etiam
1400 2695 1453 2749 in
1485 2694 1783 2750 minoribus
1812 2695 1974 2749 rebus
1998 2734 2013 2758 ,
2040 2708 2141 2749 nec

543 2793 651 2848 nisi
689 2806 870 2847 rerum
912 2789 1210 2860 ignorantia
1252 2786 1422 2858 possit
1461 2786 1669 2851 errari;
1715 2801 1821 2841 non
1852 2795 1934 2841 est
1963 2796 2143 2841 tamen
2178 2799 2185 2807 '

544 2897 883 2955 consequens
908 2890 969 2937 ut
996 2883 1250 2937 continuo
1277 2888 1423 2934 erret
1444 2879 1687 2950 quisquis
1712 2878 1911 2950 aliquid
1931 2878 2141 2944 nescit,

545 2978 642 3036 sed
673 2977 913 3048 quisquis
938 2989 998 3030 se
1023 2973 1295 3037 existimat
1319 2973 1458 3027 scire
1480 2971 1623 3041 quod
1648 2972 1822 3027 nescit
1853 2989 1867 3026 :
1897 2988 1993 3042 pro
2015 2987 2143 3027 vero

544 3071 743 3140 quippe
779 3067 1042 3139 approbat
1077 3064 1268 3120 falsum
1294 3105 1309 3130 ,
1339 3064 1480 3135 quod
1505 3075 1587 3119 eSt
1612 3065 1812 3119 erroris
1843 3063 2140 3133 proprium.

542 3162 929 3217 Verumtamen
966 3159 1020 3213 in
1049 3172 1154 3229 qua
1181 3172 1239 3212 re
1270 3157 1494 3228 quisque
1522 3164 1700 3223 erret,
1730 3157 1954 3211 interest
1978 3155 2146 3227 pluri-

541 3268 712 3319 mum.
756 3249 890 3305 Nam
929 3250 985 3304 in
1022 3264 1125 3303 una
1152 3248 1447 3318 eademque
1475 3262 1535 3302 re
1562 3256 1621 3330 et
1640 3248 1901 3303 nescienti
1927 3248 2104 3304 sciens
2125 3288 2143 3314 ,

542 3354 601 3400 et
638 3343 839 3400 erranti
883 3357 991 3397 non
1029 3354 1219 3397 errans
1242 3380 1257 3405 ,
1303 3346 1449 3395 recta
1475 3339 1683 3394 ratione
1710 3340 2056 3409 praeponitur.
2084 3339 2143 3393 ln

542 3437 769 3493 diversis
797 3445 975 3490 autem
998 3434 1161 3490 rebus
1182 3473 1199 3500 ,
1227 3432 1279 3488 id
1305 3440 1421 3500 est,
1450 3447 1573 3488 cum
1597 3433 1698 3487 iste
1724 3433 1859 3487 sciat
1881 3433 1986 3487 alia
2006 3472 2023 3501 ,
2053 3433 2143 3489 ille

545 3528 652 3583 alia
677 3545 691 3595 ;
732 3536 788 3583 et
814 3526 917 3582 iste
938 3526 1151 3581 utiliora
1168 3564 1184 3592 ,
1218 3524 1307 3579 ille
1330 3527 1507 3579 minus
1532 3523 1680 3577 utilia
1699 3565 1712 3587 ,
1746 3524 1832 3578 vel
1857 3524 2019 3578 etiam
2046 3538 2143 3578 no-

543 3621 631 3675 xia
658 3638 673 3674 :
701 3622 821 3689 quis
841 3633 948 3671 non
972 3617 1025 3671 in
1050 3617 1131 3671 eis
1150 3631 1270 3685 qua:
1295 3616 1382 3671 ille
1403 3614 1536 3678 scit,
1562 3615 1610 3669 ei
1632 3614 1884 3683 praeferat
1899 3616 2145 3672 nescien-

541 3711 697 3766 tem?
738 3710 876 3765 Sunt
907 3709 1049 3765 enim
1082 3708 1326 3779 quaedam
1355 3723 1473 3779 qua:
1498 3708 1706 3763 nescire
1732 3724 1890 3779 quam
1914 3712 2052 3768 scire
2073 3714 2144 3769 sit

540 3802 758 3859 melius.
807 3800 1046 3868 Itemque
1088 3798 1360 3853 nonnullis
1385 3813 1565 3853 errare
1592 3798 1790 3869 profuit
1816 3800 2102 3872 aliquando
2122 3846 2137 3874 ,

542 3892 641 3948 sed
670 3893 721 3945 in
743 3891 827 3945 via
844 3889 1039 3961 pedum
1058 3931 1073 3955 ,
1105 3903 1211 3943 non
1236 3889 1289 3943 in
1312 3889 1395 3943 via
1422 3904 1653 3943 morum.
1676 3889 1812 3945 Nam
1833 3894 1989 3947 nobis
2011 3894 2141 3965 ipsis

542 3981 739 4039 accidit
762 3982 895 4036 utin
923 3979 1153 4050 quodam
1179 3978 1323 4033 bivio
1349 3978 1657 4035 falleremur
1678 4021 1695 4048 ,
1725 3993 1780 4037 et
1804 3998 1912 4038 non
1938 3985 2141 4044 iremus

541 4089 642 4145 per
669 4088 790 4128 eum
819 4072 994 4127 locum
1026 4070 1114 4126 ubi
1140 4069 1426 4141 opperiens
1452 4071 1734 4127 transitum
1765 4083 2005 4131 nostrum
2031 4078 2139 4134 Do-

540 4165 857 4220 natistarum
897 4177 1086 4217 manus
1123 4170 1327 4217 armata
1368 4162 1681 4219 subsederat
1718 4166 1795 4239 (a)
1826 4184 1840 4221 :
1869 4176 2028 4241 atque
2066 4172 2141 4229 ita

540 4258 740 4313 factum
766 4265 850 4312 est
876 4267 931 4312 ut
953 4272 1019 4312 eo
1045 4271 1149 4326 quo
1174 4256 1523 4313 tendebamus
1546 4300 1561 4322 ,
1592 4275 1687 4330 per
1705 4260 1921 4318 devium
1948 4264 2142 4320 circui-

541 4361 658 4404 tum
677 4349 987 4404 veniremus
1009 4364 1026 4414 ;
1050 4347 1385 4419 cognitisque
1406 4349 1613 4407 insidiis
1634 4350 1844 4407 illorum
1861 4396 1876 4422 ,
1902 4369 2001 4410 nos
2017 4370 2141 4425 gra-

539 4445 836 4501 tularemur
859 4457 1069 4499 errasse
1087 4483 1102 4508 ,
1133 4452 1294 4515 atque
1321 4443 1444 4500 inde
1469 4445 1667 4515 gratias
1695 4462 1975 4519 ageremus
2003 4451 2135 4506 Deo.

537 4537 674 4606 Quis
712 4551 842 4607 ergo
878 4536 1141 4591 viatorem
1179 4535 1259 4591 sic
1295 4546 1566 4593 errantem
1603 4539 1681 4594 sic
1704 4556 1811 4595 non
1836 4543 2037 4597 erranti
2062 4543 2139 4597 la-

538 4627 683 4681 troni
722 4640 1040 4696 praeponere
1080 4625 1449 4683 dubitaverit?
1488 4629 1557 4683 Et
1592 4629 1820 4686 fortasse
1849 4632 1970 4689 ideo
1994 4636 2137 4705 apud

539 4716 696 4772 illum
715 4729 986 4771 summum
1008 4726 1221 4786 poetam
1241 4718 1470 4789 loquens
1489 4720 1702 4789 quidam
1725 4724 1891 4781 miser
1905 4737 2133 4798 amator,

536 4989 793 5063 quoniam
809 4996 894 5045 est
914 4996 971 5044 et
987 5002 1143 5045 error
1164 4988 1360 5057 bonus,
1391 4992 1481 5064 qui
1508 5008 1614 5049 non
1655 4996 1828 5051 solum
1859 5000 1992 5057 nihil
2023 5004 2130 5060 ob-

538 5082 632 5150 sit,
662 5094 852 5136 verum
870 5080 1034 5136 etiam
1064 5081 1234 5150 prosit
1259 5080 1480 5153 aliquid.
1507 5082 1614 5141 Sed
1643 5084 1953 5158 diligentius
1997 5108 2132 5151 con-

537 5172 775 5231 siderata
799 5172 1048 5239 veritate,
1069 5186 1192 5228 cum
1230 5172 1378 5229 aliud
1426 5176 1559 5232 nihil
1602 5179 1671 5234 sit
1715 5195 1922 5251 errare,
1965 5202 2127 5258 quam

536 5280 727 5322 verum
751 5276 943 5337 putare
969 5263 1113 5336 quod
1138 5264 1330 5321 falsum
1358 5277 1461 5335 est,
1504 5268 1808 5345 falsumque
1849 5281 1993 5349 quod
2032 5298 2126 5339 ve.

540 5372 665 5416 rum
691 5368 807 5424 est;
839 5357 923 5413 vel
943 5366 1148 5413 certum
1175 5357 1372 5416 habere
1400 5376 1499 5432 pro
1524 5363 1752 5435 incerto,
1798 5369 2127 5434 incertumve

542 5468 643 5528 pro
666 5461 838 5521 certo,
860 5450 974 5508 sive
997 5450 1209 5521 falsum,
1239 5453 1352 5510 sive
1379 5457 1449 5511 sit
1472 5472 1693 5528 verum;
1725 5462 1883 5535 idque
1909 5477 2015 5525 tam
2056 5474 2126 5528 sit

600 5590 674 5666 (σε)
696 5587 1119 5666 mensem“.
1355 5599 1529 5666 castra.
1553 5600 1866 5666 Augustinum
1905 5606 2008 5659 vias
2039 5608 2129 5661 au-

536 5652 731 5735 qtiptlies
759 5652 1083 5735 sustinemur,
1107 5660 1239 5735 teste
1278 5657 1488 5735 Ροεξὶωὲ
1516 5660 1567 5707 in
1607 5652 1713 5735 aps
1737 5665 1860 5735 vita,
1886 5652 2007 5731 es;
2029 5652 2123 5735 [ἔς

537 5714 619 5763 “bi
642 5714 785 5775 ¹¹¹³³ί¹⁵
807 5716 954 5786 θέῖελω
975 5715 1257 5786 recordatur
1288 5718 1510 5783 periculi.
1534 5714 1661 5785 quoa
1680 5714 2126 5786 hominis-ductoris

535 5786 705 5831 errore
726 5780 883 5826 evasit
903 5780 1208 5842 Augustinus.

1036 286 1495 357 ENCIIIRIDION,
1533 284 1688 343 SIVE
1727 282 1817 340 DE
1852 279 2033 350 FIDE,
2072 275 2200 337 SPE
2235 276 2326 336 ET
2362 274 2783 344 CHARITATE,
2823 275 2882 332 S.
2920 273 3288 335 AUGUSTINI

3706 283 3805 347 ειο

2231 396 2287 452 in
2312 396 2491 452 animo
2529 394 2771 451 deforme
2810 402 2971 465 atque
3015 393 3289 463 indecens,
3339 410 3499 468 quam
3523 398 3801 471 pulchrum

2232 499 2288 545 et
2314 489 2567 545 decorum
2608 503 2728 545 esse
2773 489 3056 554 sentimus,
3080 488 3167 545 vel
3207 488 3259 544 in
3288 488 3574 561 loquendo,
3619 496 3704 549 vel
3747 499 3794 553 in

2197 572 2600 651 assentiendo,
2652 579 2769 648 Est,
2823 589 2915 646 est,
2964 579 3107 649 Non,
3150 597 3254 636 non
3300 581 3515 653 (Matth.
3550 601 3607 651 v,
3649 586 3716 642 57
3741 587 3798 660 ):

2233 676 2475 750 profecto
2524 685 2577 734 ct
2604 676 2673 733 ob
2706 676 2811 733 hoc
2838 677 3014 748 ipsum
3055 686 3139 734 est
3183 678 3291 734 vita
3332 680 3527 736 misera
3568 681 3676 738 ista
3714 700 3802 754 qua

2236 771 2501 840 vivimus,
2546 769 2690 843 quod
2728 770 2779 827 ei
2821 786 3226 843 nonnunquam,
3273 780 3333 827 ut
3373 788 3482 829 non
3518 775 3796 846 amittatur,

2237 877 2392 919 error
2441 871 2525 919 est
2567 862 2929 919 necessarius.
2980 863 3135 919 Absit
3182 870 3241 919 ut
3282 864 3404 920 talis
3443 864 3513 920 sit
3553 866 3647 922 illa
3680 869 3799 937 vita,

2238 957 2327 1012 ubi
2355 966 2438 1013 est
2455 957 2652 1013 animae
2677 965 2879 1014 nostrae
2908 961 3023 1029 ipsa
3048 958 3247 1014 veritas
3265 958 3411 1015 vita:
3434 959 3520 1015 ubi
3546 975 3704 1016 nemo
3725 962 3805 1017 fal-

2237 1050 2321 1117 lit,
2351 1050 2548 1105 fallitur
2570 1065 2749 1106 nemo.
2785 1051 2883 1107 llic
2913 1059 3093 1108 autem
3123 1052 3373 1109 homines
3418 1051 3613 1110 fallunt
3663 1065 3800 1127 atque

2238 1142 2529 1211 falluntur;
2568 1143 2989 1217 miserioresque
3028 1155 3155 1201 sunt
3205 1161 3328 1202 cum
3377 1148 3686 1204 mentiendo
3729 1150 3799 1205 fal-

2241 1234 2379 1302 lunt,
2431 1250 2591 1306 quam
2644 1252 2766 1293 cum
2805 1237 3193 1297 mentientibus
3235 1238 3506 1296 credendo
3552 1240 3803 1299 falluntur.

2245 1326 2425 1400 Usque
2454 1328 2589 1385 adeo
2614 1336 2792 1384 tamen
2818 1329 3097 1385 rationalis
3145 1339 3335 1386 natura
3387 1331 3584 1405 refugit
3630 1333 3807 1391 falsita-

2242 1430 2375 1490 tem,
2402 1430 2459 1478 et
2485 1434 2741 1493 quantum
2770 1433 2949 1495 potest
2967 1423 3172 1480 devitat
3194 1440 3457 1496 errorem,
3484 1436 3547 1483 ut
3585 1426 3692 1484 falli
3722 1445 3806 1485 no-

2243 1514 2344 1572 lint
2368 1517 2529 1572 etiam
2555 1518 2876 1590 quicumque
2903 1518 3442 1577 amantfallere.Non
3459 1521 3606 1577 enim
3618 1522 3713 1579 sibi
3734 1525 3807 1595 qui

2242 1609 2503 1665 mentitur
2522 1609 2730 1667 videtur
2745 1625 2950 1679 errare,
2977 1610 3074 1667 sed
3090 1611 3254 1668 alium
3280 1612 3335 1668 in
3360 1628 3604 1670 errorem
3626 1615 3807 1673 mittere

2244 1700 2555 1758 credentem
2580 1702 2703 1758 sibi.
2734 1703 2802 1758 Et
2828 1703 2883 1759 in
2909 1717 2973 1760 ea
2998 1703 3214 1775 quidem
3250 1719 3311 1760 re
3341 1719 3449 1761 non
3487 1715 3636 1761 errat
3675 1723 3807 1778 quam

2244 1792 2524 1850 mendacio
2575 1795 2832 1867 contegit,
2882 1796 2930 1852 si
2972 1796 3121 1851 novit
3164 1796 3282 1867 ipse
3331 1795 3462 1868 quid
3506 1813 3688 1855 verum
3712 1799 3804 1854 sit:

2245 1886 2343 1944 sed
2368 1888 2422 1943 in
2450 1886 2555 1944 hoc
2580 1887 2802 1957 fallitur,
2829 1890 2973 1961 quod
3002 1900 3150 1962 putat
3179 1889 3281 1948 sibi
3305 1907 3464 1948 suum
3493 1908 3609 1948 non
3650 1895 3809 1950 obesse

2245 1982 2613 2052 mendacium;
2638 2000 2763 2042 eum
2789 1988 2958 2060 magis
2980 1987 3195 2045 facienti
3225 2004 3386 2060 quam
3428 1991 3656 2062 patienti
3696 1991 3809 2047 obsit

2247 2092 2409 2134 omne
2432 2088 2729 2149 peccatum.

2318 2171 2546 2229 CAPUT
2566 2173 2830 2230 XVlll.—
2846 2176 2902 2232 6.
2933 2176 3260 2232 Mendacium
3284 2194 3434 2234 onme
3453 2188 3529 2233 est
3560 2190 3805 2251 peceatum,

2247 2264 2336 2318 sed
2365 2264 2508 2318 aliud
2535 2265 2639 2320 alio
2666 2269 2888 2338 grauius.
2919 2269 3041 2325 Non
3063 2271 3263 2325 mentiri
3288 2274 3374 2343 qui
3399 2274 3633 2329 nesciens
3656 2275 3807 2345 [eum

2248 2355 2394 2425 dicit,
2423 2357 2514 2412 sed
2542 2359 2712 2430 potius
2759 2363 2847 2432 qui
2886 2379 3059 2418 verum
3110 2364 3232 2418 dicit
3256 2366 3392 2435 quod
3439 2376 3590 2436 putat
3633 2368 3806 2438 fabam.

2252 2449 2448 2505 Verum
2499 2452 2586 2508 hic
2639 2453 2953 2513 difﬁcillima
3013 2466 3071 2514 et
3116 2459 3547 2518 latebrosissima
3614 2464 3810 2536 gignitur

2249 2546 2494 2613 qumstio,
2521 2546 2589 2602 de
2613 2564 2715 2619 qua
2735 2548 2848 2619 jam
2881 2551 3139 2621 grandem
3184 2554 3402 2621 librum,
3442 2572 3575 2614 eum
3620 2573 3809 2630 respon-

2248 2634 2411 2692 dendi
2441 2641 2735 2697 necessitas
2763 2658 2863 2698 nos
2906 2656 3142 2715 urgeret,
3169 2646 3504 2705 absolvimus
3538 2668 3556 2705 :
3585 2661 3741 2708 utrum
3757 2652 3809 2705 ad

2249 2728 2484 2784 officium
2499 2730 2867 2805 hominisjusti
2885 2736 3149 2805 pertineat
3162 2738 3453 2809 aliquando
3464 2744 3811 2801 mentiri.Non-

2249 2820 2379 2876 nulli
2407 2823 2552 2878 enim
2581 2839 2649 2880 eo
2670 2842 2838 2897 usque
2876 2830 3307 2902 progrediuntur,
3333 2843 3391 2889 ut
3416 2844 3475 2891 et
3493 2838 3748 2909 pejerare,
3770 2847 3813 2893 et

2248 2912 2317 2969 de
2342 2913 2502 2970 rebus
2528 2915 2597 2972 ad
2614 2918 2708 2972 Dei
2734 2921 2935 2976 cultum
2963 2924 3355 2993 pertinentibus
3383 2943 3452 2985 ac
3472 2928 3557 2986 de
3595 2930 3702 3002 ipsa
3736 2931 3810 2986 Dei

2251 3014 2440 3062 natura
2471 3008 2664 3065 falsum
2694 3011 2893 3083 aliquid
2942 3014 3143 3083 dicere,
3199 3033 3595 3091 nonnunquam
3645 3023 3810 3078 bonum

2249 3099 2510 3171 piumque
2536 3117 2671 3173 opus
2698 3119 2820 3160 esse
2845 3106 3173 3163 contendant
3203 3109 3301 3182 (a).
3325 3110 3455 3168 Mihi
3479 3123 3663 3171 autem
3690 3114 3807 3171 vide

2250 3198 2338 3246 tur
2367 3202 2645 3261 peccatum
2685 3195 2905 3275 quidem
2950 3213 3072 3255 esse
3117 3216 3280 3259 omne
3331 3204 3697 3275 mendacium,
3736 3206 3810 3263 sed

2250 3282 2476 3338 multum
2505 3285 2765 3342 interesse
2790 3303 2897 3358 quo
2923 3290 3104 3347 animo
3131 3300 3186 3348 et
3209 3293 3403 3364 quibus
3426 3296 3496 3353 de
3517 3298 3813 3370 rebusquis-

2250 3389 2355 3443 que
2390 3377 2702 3433 mentiatur.
2732 3378 2851 3436 Non
2893 3383 3038 3438 enim
3067 3385 3147 3441 sic
3184 3396 3372 3457 peccat
3395 3388 3489 3446 ille
3514 3392 3611 3463 qui
3645 3407 3814 3449 consa-

2250 3464 2416 3535 lendi,
2442 3470 2714 3539 quomodo
2738 3471 2830 3529 ille
2854 3474 2947 3545 qui
2976 3469 3207 3533 nocendi
3242 3480 3519 3538 voluntate
3544 3486 3810 3541 mentitur:

2248 3567 2341 3614 aut
2364 3574 2492 3615 vero
2523 3562 2541 3593 ί
2571 3570 2774 3620 tantum
2796 3577 2957 3623 nocet
2982 3570 3075 3639 qui
3114 3571 3375 3629 viatorem
3424 3578 3732 3636 mentiendo
3770 3579 3813 3633 ia

2248 3651 2524 3710 diversum
2554 3655 2655 3712 iter
2684 3658 2869 3727 mittit,
2900 3672 3160 3732 quantum
3176 3666 3223 3721 is
3245 3668 3497 3738 qui‘viam
3532 3674 3658 3730 vita:
3682 3688 3811 3730 men-

2249 3745 2403 3839 dacio
2421 3747 2640 3806 fallente
2656 3750 2934 3822 depravat.
2956 3754 3124 3813 Nemo
3151 3774 3283 3817 sane
3303 3764 3579 3823 mentiens
3598 3765 3814 3839 judican-

2249 3838 2349 3893 dus
2374 3848 2479 3907 est,
2508 3842 2599 3912 qui
2626 3842 2758 3900 dicit
2775 3846 2968 3905 falsum
2994 3851 3140 3921 quod
3165 3863 3316 3925 putat
3335 3871 3527 3915 verum
3557 3878 3572 3916 :
3594 3862 3815 3934 quoniam

2247 3942 2505 4003 quantum
2527 3936 2581 3991 in
2608 3938 2726 4009 ipso
2749 3950 2851 4009 est,
2881 3958 2989 4000 non
3013 3945 3155 4003 fallit
3177 3948 3313 4020 ipse,
3346 3951 3445 4009 sed
3471 3953 3695 4013 fallitur.
3716 3957 3815 4012 Non

2247 4026 2427 4097 itaque
2451 4032 2739 4099 mendacii,
2767 4036 2864 4091 sed
2904 4037 3195 4109 aliquando
3243 4047 3569 4105 temeritatis
3609 4066 3815 4123 arguen-

2246 4119 2346 4176 dus
2371 4131 2473 4190 est,
2505 4124 2595 4195 qui
2623 4125 2757 4181 falsa
2786 4127 3051 4188 incautius
3086 4136 3291 4192 credita
3330 4154 3430 4210 pro
3477 4145 3627 4200 veris
3660 4119 3815 4200 liabet.

2246 4209 2536 4286 Potiusque
2564 4233 2597 4274 e
2616 4223 2908 4291 contrario,
2930 4235 3187 4295 quantum
3215 4230 3270 4285 in
3300 4209 3418 4302 ipso
3441 4244 3547 4303 est,
3577 4238 3664 4295 ille
3690 4254 3820 4293 men-

2247 4306 2397 4376 titur,
2426 4308 2520 4379 qui
2563 4310 2693 4366 dicit
2728 4328 2913 4370 verum
2938 4319 3082 4388 quod
3121 4331 3273 4391 putat
3312 4324 3525 4383 falsum.
3574 4331 3817 4400 Quantum

2245 4400 2391 4492 enim
2404 4401 2470 4457 ad
2491 4404 2730 4461 animum
2745 4409 2863 4479 ejus
2874 4412 3085 4480 attinet,
3114 4417 3236 4486 quia
3264 4433 3371 4475 non
3383 4422 3527 4492 quod
3550 4426 3711 4482 sentit
3733 4426 3818 4480 hoc

2246 4488 2393 4558 dicit,
2432 4507 2544 4549 non
2570 4510 2754 4553 verum
2798 4501 2951 4571 dicit,
3006 4508 3250 4576 quamvis
3303 4488 3491 4569 verum
3535 4516 3821 4576 inveniatur

2244 4596 2366 4640 esse
2392 4586 2535 4655 quod
2554 4587 2684 4646 dicit
2717 4609 2730 4646 :
2755 4607 2856 4649 nec
2880 4595 2990 4651 ullo
3017 4599 3180 4656 modo
3210 4601 3347 4660 liber
3371 4617 3456 4663 est
3479 4622 3511 4663 a
3531 4611 3817 4677 mendacio,

2244 4678 2336 4748 qui
2361 4692 2457 4733 ore
2476 4681 2725 4738 nesciens
2764 4699 2951 4741 verum
3004 4689 3263 4763 loquitur,
3291 4696 3472 4757 sciens
3516 4712 3701 4760 autem
3741 4720 3821 4759 vo-

2244 4766 2448 4868 luntate
2476 4772 2752 4830 mentitur.
2782 4777 2901 4835 Non
2922 4785 3279 4844 consideratis
3318 4790 3500 4863 itaque
3516 4796 3682 4853 rebus
3700 4797 3817 4868 ipsis

2243 4860 2313 4916 de
2336 4863 2529 4931 quibus
2556 4866 2757 4938 aliquid
2775 4870 2991 4942 dicitur,
3019 4878 3117 4933 sed
3153 4880 3269 4937 sola
3299 4860 3603 4945 intentione
3652 4860 3821 4945 dicen-

2244 4953 2332 5022 tis,
2356 4955 2549 5012 melior
2570 4968 2655 5016 est
2671 4963 2763 5033 qui
2791 4967 3038 5025 nesciens
3064 4970 3257 5030 falsum
3305 4976 3453 5044 dicit,
3477 4983 3735 5051 quoniam
3776 4981 3821 5036 id

2242 5059 2429 5102 verum
2466 5059 2637 5121 putat,
2691 5070 2851 5127 quam
2876 5059 2967 5130 qui
3023 5065 3319 5123 mentiendi
3369 5070 3611 5129 animum
3658 5074 3821 5131 sciens

2239 5138 2398 5209 gerit,
2424 5144 2670 5202 nesciens
2696 5162 2884 5205 verum
2918 5166 3039 5209 esse
3076 5157 3222 5226 quod
3266 5158 3415 5217 dicit.
3456 5162 3554 5220 llle
3593 5180 3820 5235 namque

2239 5247 2347 5289 non
2368 5234 2511 5289 aliud
2536 5238 2697 5295 habet
2714 5240 2770 5295 in
2794 5242 2995 5311 animo,
3031 5246 3175 5304 aliud
3224 5251 3281 5306 in
3308 5254 3512 5311 verbo:
3537 5255 3671 5314 huic
3705 5234 3822 5314 vero

2239 5326 2629 5401 qualecumque
2655 5346 2755 5403 per
2778 5348 2838 5390 se
2866 5335 3038 5405 ipsum
3081 5339 3154 5396 sit
3200 5343 3343 5415 quod
3387 5347 3454 5404 ab
3488 5362 3556 5405 eo
3607 5349 3819 5417 dicitur,

2302 5551 2320 5582 ί
2344 5558 2447 5601 Am.
2472 5557 2546 5624 Er.
2570 5558 2679 5624 Lor.
2706 5560 2758 5605 et
2778 5561 2927 5625 pan,
2955 5560 3102 5625 Haud
3116 5573 3244 5625 uero.
3280 5570 3338 5615 At
3367 5570 3474 5617 llas.
3499 5571 3553 5617 et
3586 5573 3723 5625 ωτι,
3748 5572 3825 5616 aut

2234 5625 2347 5689 uero
2371 5626 2387 5662 :
2411 5616 2689 5689 concinnius
2708 5616 2921 5689 quidem,
2945 5620 3036 5669 sed
3052 5624 3226 5674 eodem
3246 5639 3425 5689 sensu;
3448 5640 3557 5678 nam
3578 5640 3615 5678 ι
3629 5616 3826 5678 senten-

2234 5675 2648 5754 tiaﬂ‘praecedente
2706 5675 2776 5727 vis
2813 5675 2916 5729 huc
2950 5695 3108 5745 usque
3153 5675 3424 5753 mugitui!
3449 5675 3822 5754 patienia};

2230 5748 2755 5858 g“iligsi’riscillianistae
2777 5804 3147 5865 redarguunuir.
