3896 6382
190 390 281 457 ω
630 319 635 329 ’
1064 321 1069 325 ’
1509 363 1711 423 LIBER

1838 358 1945 419 'US.

198 509 320 569 aliud
356 517 505 565 tamen
559 502 801 559 clausum
848 497 903 551 in
956 501 1194 566 pectore,
1235 485 1377 543 aliud
1432 484 1487 540 in
1528 482 1706 551 lingua

197 610 448 679 proruptum
470 604 587 661 est;
617 590 763 666 quod
791 588 991 645 malum
1016 592 1102 679 est
1126 579 1394 653 proprium
1420 574 1707 679 'mentien-f

292 664 565 763 lnipsamm
615 664 798 740 autem
842 694 963 750 qua:
1000 677 1247 732 dicuntur
1287 664 1714 763 consideratione

193 799 336 841 rerum
357 753 541 835 tantum
567 776 813 838 interest,
834 784 938 841 qua
963 766 1019 822 in
1042 780 1102 822 re
1130 764 1351 834 quisque
1372 757 1585 813 fallatur
1601 753 1715 809 sive

193 874 445 938 mentiatur,
470 878 528 925 ut
544 882 669 924 cum
692 863 807 919 falli
826 875 985 933 quam
1016 855 1227 913 mentiri
1264 852 1444 908 minus
1487 849 1557 904 sit
1595 858 1712 901 ma-

193 968 297 1030 lum,
322 971 545 1035 quantum
576 956 810 1029 pertinet
862 951 931 1008 ad
967 946 1199 1004 hominis
1244 943 1605 1035 voluntatem;
1630 945 1714 992 ta-

197 1071 296 1112 men
314 1033 437 1125 longe
460 1048 786 1107 tolerabilius
807 1045 877 1101 sit
907 1043 962 1098 in
980 1042 1065 1097 his
1091 1053 1211 1110 quae
1252 1053 1284 1092 a
1308 1033 1566 1125 religione
1591 1035 1716 1125 sunt

197 1119 659 1215 scjuncta,mentiri,
688 1152 850 1210 quam
880 1135 935 1189 in
960 1134 1025 1188 iis
1050 1132 1166 1187 sine
1205 1141 1434 1199 quorum
1481 1122 1585 1178 fide
1627 1119 1716 1176 vel

195 1238 341 1292 notitia
364 1236 487 1290 Dens
512 1232 620 1288 coli
645 1245 755 1285 non
778 1234 970 1299 potest,
1002 1224 1113 1278 falli
1144 1223 1183 1275 ί.
1214 1218 1369 1288 Quod
1389 1224 1449 1272 ut
1484 1216 1716 1270 illustre-

192 1341 259 1383 tur
280 1326 523 1396 exemplis,
551 1324 859 1379 intueamur
879 1317 1036 1389 quale
1062 1312 1150 1380 sit,
1194 1311 1240 1366 si
1285 1308 1545 1380 quispiam
1591 1303 1718 1396 dum

188 1394 425 1484 mentitur,
441 1418 620 1472 vivere
644 1412 854 1469 nuntiet
892 1408 1122 1478 aliquem
1165 1408 1455 1465 mortuum;
1486 1404 1542 1454 et
1581 1394 1718 1449 alius

188 1512 291 1567 dum
309 1510 502 1576 fallitur,
531 1506 718 1563 credat
744 1506 936 1560 iterum
980 1497 1248 1555 Christum
1278 1501 1403 1565 post
1428 1489 1719 1563 quamlibet

189 1604 314 1671 longa
337 1611 556 1672 tempora
586 1596 944 1652 moriturum:
974 1602 1153 1645 nonne
1176 1586 1269 1641 illo
1308 1582 1467 1639 modo
1505 1578 1719 1635 mentiri

188 1711 318 1764 quam
336 1695 426 1749 isto
451 1691 609 1747 modo
639 1688 749 1744 falli
786 1678 1292 1754 imcomparabiliter
1318 1682 1553 1748 praestat,
1576 1672 1719 1727 mul-

190 1794 321 1855 toque
342 1784 543 1839 minoris
561 1780 687 1836 mali
714 1786 797 1835 est
822 1778 876 1831 in
906 1775 1055 1831 illum
1094 1784 1336 1828 errorem
1375 1767 1609 1837 aliquem
1640 1764 1723 1819 in-

189 1876 375 1943 ducere,
400 1890 546 1945 quam
572 1874 627 1928 in
654 1872 815 1927 istum
839 1867 905 1923 ab
924 1866 1106 1936 aliquo
1129 1862 1340 1918 induci?

251 1967 447 2023 CAPUT
464 1965 605 2022 XIX.
627 1992 698 2004 --
718 1961 880 2017 Error
930 1959 1062 2013 alius
1101 1955 1301 2027 quidem
1344 1952 1446 2008 alio
1470 1948 1722 2023 pernicio-

196 2058 309 2123 sior,
344 2059 419 2111 sed
442 2072 625 2127 semper
643 2063 711 2108 est
732 2052 910 2107 malus.
958 2048 1017 2105 In
1041 2045 1357 2120 quibusdam
1402 2058 1527 2114 ergo
1556 2041 1720 2098 rebus

198 2166 385 2221 magno,
439 2152 488 2206 in
519 2148 811 2221 quibusdam
861 2158 1050 2217 parvo,
1100 2141 1153 2197 in
1201 2138 1516 2211 quibusdam
1571 2134 1721 2191 nullo

192 2244 330 2311 malo,
357 2245 405 2300 in
451 2242 751 2315 quibusdam
789 2237 1049 2295 nonnullo
1073 2234 1232 2291 etiam
1276 2233 1418 2288 bono
1469 2229 1719 2285 fallimur.

190 2335 301 2389 Nam
319 2350 495 2407 magno
517 2335 655 2389 malo
681 2332 881 2387 fallitur
900 2330 1081 2393 homo,
1110 2342 1233 2383 cum
1266 2326 1371 2382 hoc
1396 2339 1505 2380 non
1553 2320 1727 2378 credit

188 2426 304 2498 quod
323 2427 382 2482 ad
401 2428 556 2482 vitam
577 2425 725 2482 ducit
744 2433 1021 2488 aeternam,
1044 2419 1128 2477 vel
1152 2418 1255 2474 hoc
1282 2416 1454 2474 credit
1494 2413 1635 2485 quod
1656 2412 1725 2467 ad

190 2519 542 2576 mortemducit
560 2526 840 2573 aeternam.
880 2515 1051 2569 Parvo
1090 2518 1269 2568 autem
1304 2508 1449 2564 malo
1497 2506 1720 2573 fallitur,

189 2614 260 2683 qui
293 2613 461 2668 falsum
488 2626 588 2682 pro
628 2623 757 2666 vero
792 2605 1135 2678 approbando
1184 2603 1374 2659 incidit
1421 2600 1475 2656 in
1522 2598 1727 2669 aliquas

189 2705 417 2761 molestias
438 2703 788 2773 temporales,
817 2699 1008 2771 quibus
1029 2706 1207 2752 tamen
1247 2693 1484 2749 adhibita
1513 2689 1727 2746 ﬁdelis'

189 2796 396 2866 patientia
436 2793 703 2852 convertit
760 2805 853 2847 eas
904 2791 959 2845 in
1010 2802 1166 2844 usum
1201 2788 1419 2843 bonum.
1473 2782 1633 2838 Velut
1681 2780 1729 2837 si

190 2887 425 2958 quisquam
459 2888 663 2943 bonum
688 2883 964 2939 hominem
1014 2877 1250 2950 putando
1284 2876 1376 2947 qui
1405 2874 1582 2930 malus
1622 2880 1724 2939 est,

191 2978 356 3049 aliquid
381 2980 444 3034 ab
466 2993 528 3035 eo
558 2978 794 3049 patiatur
817 2973 962 3030 mali.
995 2971 1097 3039 Qui
1146 2984 1277 3026 vero
1319 2967 1518 3023 malum
1556 2964 1730 3020 homi-

191 3071 377 3125 nemita
400 3070 591 3126 bonum
610 3067 806 3133 credit,
828 3074 889 3123 ut
917 3064 1051 3121 nihil
1078 3064 1145 3120 ab
1188 3078 1253 3119 eo
1290 3061 1520 3132 patiatur
1559 3056 1726 3124 mali,

190 3161 313 3217 nullo
332 3162 466 3217 malo
500 3162 522 3194 ⁸
556 3160 759 3216 fallitur
788 3177 802 3213 :
832 3172 932 3214 nec
959 3157 1014 3213 in
1056 3170 1176 3211 eum
1205 3153 1347 3209 cadit
1379 3151 1467 3205 illa
1492 3150 1729 3222 prophe-

188 3254 570 3320 liadetestatio,
608 3251 698 3307 Va:
724 3251 789 3307 iis
814 3251 899 3322 qui
939 3250 1113 3303 dicunt
1154 3246 1289 3318 quod
1328 3245 1522 3300 malum
1547 3251 1619 3297 est
1644 3243 1731 3297 bo-

187 3362 303 3401 um.
332 3346 407 3402 De
425 3346 549 3416 ipsis
575 3345 720 3401 enim
739 3343 900 3399 rebus
915 3342 1108 3412 quibus
1132 3339 1378 3395 homines
1422 3337 1551 3392 mali
1584 3343 1729 3402 sunt,

187 3452 277 3493 non
296 3438 364 3492 de
377 3436 673 3492 hominibus
700 3434 900 3490 dictum
916 3430 1317 3504 intelligendum
1340 3436 1443 3487 est.
1469 3428 1623 3485 Unde
1642 3429 1734 3500 qui

186 3529 476 3585 adulterium
501 3528 627 3585 dicit
646 3529 870 3592 bonum,
902 3535 1049 3582 recte
1073 3524 1311 3596 arguitur
1335 3523 1425 3578 illa
1453 3536 1584 3577 voce
1601 3535 1732 3591 pro-

188 3621 395 3689 phetica.
417 3619 510 3689 Qui
535 3634 665 3676 vero
684 3619 861 3690 ipsum
879 3616 1148 3672 hominem
1177 3614 1306 3670 dicit
1331 3613 1551 3680 bonum,
1575 3626 1734 3683 quem

188 3722 328 3783 putat
346 3726 551 3781 castum,
576 3711 749 3768 nescit
776 3709 1097 3776 adulterum,
1130 3723 1235 3764 non
1278 3708 1332 3762 in
1363 3706 1607 3762 doctrina
1651 3719 1732 3761 re.

182 3814 291 3857 run
306 3802 547 3859 bonarum
567 3809 623 3859 et
641 3800 924 3867 malarum,
942 3798 1038 3855 sed
1058 3799 1112 3853 in
1130 3798 1354 3855 occultis
1375 3796 1731 3857 humanorum

187 3893 366 3949 fallitur
382 3910 614 3961 morum;
647 3907 845 3948 vocans
868 3891 1143 3947 hominem
1172 3892 1397 3956 bonum,
1426 3889 1479 3944 in
1500 3903 1607 3960 quo
1634 3903 1736 3959 pu-

187 3994 386 4044 tatesse
425 3986 563 4059 quod
582 4002 706 4044 esse
753 4002 862 4042 non
908 3986 1115 4041 dubitat
1161 3985 1360 4040 bonum
1388 3981 1432 4049 ⁸,
1454 3990 1509 4038 ει
1551 3981 1738 4037 dicens

189 4078 362 4132 malum
386 4079 684 4134 adulterum
722 4087 777 4134 et
811 4078 1007 4133 bonum
1036 4084 1277 4134 castum:
1312 4074 1408 4130 sed
1454 4075 1597 4129 hunc
1641 4074 1740 4128 bo-

188 4182 297 4221 num
312 4169 501 4237 dicens,
529 4168 817 4224 nesciendo
832 4168 1127 4223 adulterum
1158 4180 1296 4234 esse,
1332 4180 1437 4221 non
1467 4171 1671 4219 castum
1692 4164 1735 4217 ⁸.

190 4257 337 4315 Porro
362 4262 405 4315 si
426 4276 521 4332 per
553 4275 793 4316 errorem
834 4260 1009 4316 evadit
1036 4259 1261 4329 quisque
1290 4257 1603 4327 perniciem,
1630 4257 1737 4312 sic-

193 4361 242 4405 ut
280 4354 507 4423 superius
549 4354 658 4409 dixi
710 4352 863 4409 nobis
902 4352 957 4407 in
996 4353 1184 4407 itinere
1229 4352 1539 4421 contigisse,
1578 4351 1739 4405 etiam

189 4443 298 4500 boni
323 4447 510 4519 aliquid
532 4447 738 4503 homini
764 4462 947 4502 errore
990 4444 1281 4501 confertur.
1328 4444 1436 4500 Sed
1472 4459 1592 4499 cum
1620 4442 1740 4499 dico

193 4539 241 4594 in
261 4542 559 4612 quibusdam
613 4541 776 4597 rebus
810 4539 954 4595 nullo
1006 4540 1145 4594 malo
1184 4538 1436 4608 aliquem,
1482 4537 1566 4593 vel
1615 4552 1743 4592 non-

193 4629 320 4684 nullo
336 4630 488 4686 etiam
511 4630 655 4685 bono
683 4628 829 4694 falli;
860 4643 970 4683 non
997 4629 1169 4697 ipsum
1204 4641 1441 4682 errorem
1470 4626 1593 4682 dico
1622 4625 1742 4681 nul—

192 4718 287 4775 lum
303 4722 486 4778 malum
516 4723 603 4778 vel
628 4721 945 4777 nonnullum
975 4720 1205 4785 bonum;
1246 4718 1343 4775 sed
1388 4718 1585 4773 malum
1633 4732 1741 4789 quo

195 4827 284 4868 non
306 4816 524 4883 venitur,
556 4815 647 4870 vel
672 4814 869 4871 bonum
894 4829 999 4885 quo
1030 4813 1238 4869 venitur
1269 4810 1521 4879 errando,
1554 4810 1607 4866 id
1636 4820 1736 4878 est,

196 4920 252 4960 ex
282 4906 388 4978 ipso
415 4923 598 4964 errore
617 4908 745 4979 quid
768 4922 873 4962 non
898 4907 1106 4963 eveniat
1151 4906 1234 4960 vel
1261 4904 1389 4975 quid
1437 4903 1738 4974 proveniat.

196 4992 311 5051 Nam
350 4998 457 5069 ipse
502 5014 687 5071 perse
734 4998 907 5069 ipsum
962 5012 1113 5053 error
1152 5006 1244 5053 aut
1295 5011 1542 5067 magnum
1579 4996 1631 5050 in
1682 5010 1741 5054 re

199 5101 382 5159 magna,
406 5100 497 5148 aut
534 5107 761 5163 parvum
796 5093 849 5147 in
892 5106 951 5147 re
980 5106 1161 5161 parva,
1214 5099 1393 5146 tamen
1418 5104 1631 5158 semper
1658 5082 1750 5145 est

206 5181 393 5239 malum.
420 5184 549 5254 Quis
573 5185 717 5241 enim
734 5184 836 5240 nisi
861 5198 1047 5241 ermns
1075 5182 1276 5237 malum
1325 5189 1501 5252 neget,
1553 5194 1748 5250 appro-

596 5352 698 5418 iam.
721 5349 795 5393 Er.
820 5350 876 5418 et
892 5339 1253 5418 DanLadditur,
1282 5342 1333 5390 ut
1367 5337 1421 5390 in
1456 5335 1673 5403 ριανίιηκ
1714 5350 1750 5392 ⁸

1475 5460 1631 5555 fee“;

247 5524 468 5580 'Sicnan.
492 5539 600 5581 Arn.
628 5539 681 5583 et
698 5524 879 5597 aliquot
902 5524 1021 5578 Mss.
1049 5534 1102 5575 At
1135 5524 1233 5574 Ani.
1257 5532 1331 5575 Er.
1372 5532 1425 5576 et
1444 5524 1577 5589 Lov.,
1615 5524 1748 5579 nullo

194 5588 313 5637 Indo
331 5594 613 5644 :mendose.

239 5652 263 5680 δ
828 5655 844 5668 σ
891 5652 1075 5704 annum

236 5712 255 5743 Ι
929 5724 1035 5743 ma
1052 5684 1279 5743 “impallva
1298 5724 1323 5743 η
1350 5711 1636 5743 almnmnlo
1674 5712 1716 5743 εἰ

274 5718 410 5768 lactis
430 5708 645 5771 νεωιῖιιίῃ
666 5719 902 5772 librorum
929 5724 1037 5775 ope
1052 5708 1281 5775 liberatus
1298 5724 1329 5775 a_
1348 5711 1653 5773 glossemate.
1674 5712 1747 5762 sic

183 5771 353 5843 uane
374 5782 510 5833 eam.
542 5771 896 5836 ωυεωιέεεα
924 5771 1067 5824 hiate
1089 5772 1255 5843 bonum
1277 5771 1457 5843 dicens,
1495 5775 1747 5833 nesciendo

180 5836 538 5901 κατα-ητα
552 5860 575 5913 ί
739 5833 974 5903 Μ,
998 5833 1253 5887 nesciendo
1272 5840 1471 5886 casumi.

3283 363 3394 423 ΞΩ

1820 475 1947 530 bare
1972 472 2101 528 falsa
2131 486 2228 544 pro
2264 473 2407 528 veris
2440 480 2530 527 aut
2555 473 2854 543 improbare
2892 488 3017 530 vera
3066 488 3162 546 pro
3211 475 3384 544 falsis,

1818 575 1910 623 aut
1932 566 2128 622 habere
2148 567 2347 622 incerta
2379 580 2477 637 pro
2508 567 2688 635 certis,
2717 568 2802 623 vel
2827 577 2972 624 certa
3008 583 3103 640 pro
3131 570 3390 626 incertis?

1819 656 1925 712 Sed
1951 656 2093 712 aliud
2113 664 2196 711 est
2221 656 2420 712 bonum
2448 655 2717 712 hominem
2746 667 2931 728 putare
2952 660 3043 729 qui
3072 660 3242 715 malus
3276 668 3382 726 est,

1819 749 1963 820 quod
1979 758 2061 805 εει
2079 750 2313 815 erroris;
2340 757 2396 805 et
2419 749 2562 804 aliud
2590 758 2675 805 est
2697 765 2763 805 ex
2800 750 2902 805 hoc
2932 752 3073 806 malo
3113 752 3259 807 aliud
3280 766 3398 807 ma-

1820 840 1930 895 lum
1968 855 2073 895 non
2103 841 2232 910 pati,
2276 839 2324 895 si
2363 840 2497 895 nihil
2521 848 2712 896 noceat
2751 840 2911 896 homo
2941 842 3137 909 malus,
3184 844 3276 912 qui
3309 851 3396 898 εει

1820 940 2036 1003 putatus
2054 930 2246 987 bonus.
2276 931 2514 1002 Itemque
2538 930 2683 986 aliud
2707 939 2791 987 est
2816 932 2987 1001 ipsam
3012 933 3151 986 viam
3177 942 3386 1003 putare,

1822 1038 1940 1095 qua:
1965 1039 2074 1079 non
2091 1032 2175 1079 est
2202 1023 2352 1092 ipsa;
2386 1032 2441 1079 et
2464 1021 2611 1077 aliud
2645 1031 2822 1079 estex
2869 1022 2974 1079 hoc
3007 1025 3206 1079 erroris
3250 1025 3395 1081 malo

1822 1117 2021 1188 aliquid
2040 1115 2169 1172 boni
2195 1116 2473 1187 consequi,
2495 1115 2643 1172 velut
2668 1125 2751 1174 est
2771 1117 2839 1173 ab
2879 1116 3088 1173 insidiis
3127 1116 3397 1173 malorum

1822 1208 2097 1265 hominum
2115 1209 2349 1265 liberari.

1894 1301 2119 1359 CAPUT
2148 1301 2344 1358 XX.—-
2354 1304 2408 1359 7.
2427 1302 2551 1360 Non
2562 1321 2706 1361 omne
2726 1322 2884 1377 genus
2899 1306 3080 1361 erroris
3098 1321 3205 1361 esse
3217 1321 3402 1376 pecca-

1825 1405 1950 1451 tum.
1981 1395 2304 1452 Academicos
2348 1398 2549 1468 refellit,
2576 1400 2663 1469 qui
2697 1409 2752 1453 ut
2793 1415 2933 1454 error
2955 1400 3157 1467 vitetur,
3195 1415 3395 1454 omnem

1825 1489 2162 1544 ascensionem
2205 1491 2446 1560 suspendi
2459 1490 2652 1546 uolunt.
2679 1491 2873 1548 Nescio
2889 1507 3018 1548 sane
3040 1502 3217 1548 utrum
3240 1492 3401 1548 etiam

1824 1579 2127 1650 huiusmodi
2176 1596 2389 1638 errores
2420 1583 2437 1614 ¹
2469 1598 2631 1638 :cum
2676 1584 2841 1640 homo
2882 1584 2951 1640 de
2994 1584 3136 1640 malo
3186 1584 3404 1639 homine

1826 1672 1964 1729 bene
1984 1675 2166 1743 sentit,
2196 1675 2368 1746 qualis
2398 1677 2468 1733 sit
2497 1679 2777 1745 nesciens;
2809 1687 2902 1733 aut
2921 1693 3018 1748 pro
3052 1679 3133 1734 eis
3163 1694 3282 1748 qure
3309 1693 3406 1748 per

1825 1778 2016 1819 sensus
2043 1767 2284 1836 corporis
2299 1767 2559 1838 capimus,
2589 1769 3113 1837 oecurruntsimilia,
3137 1785 3257 1839 qua:
3294 1770 3409 1838 spi-

1825 1858 1931 1913 ritu
1953 1867 2203 1929 tanquam
2226 1875 2472 1931 eorpore,
2521 1870 2615 1917 aut
2649 1876 2873 1933 corpore
2930 1871 3182 1933 tanquam
3219 1862 3410 1931 spiritu

1826 1952 2163 2020 sentiuntur;
2209 1954 2365 2024 quale
2410 1956 2632 2025 putabat
2706 1970 2826 2012 esse
2870 1957 3146 2027 apostolus
3191 1954 3406 2019 Petrus,

1826 2048 2039 2117 quando
2065 2048 2403 2105 existimabat
2419 2064 2477 2105 se
2494 2049 2670 2105 visum
2692 2050 2893 2115 videre,
2917 2059 3139 2121 repente
3167 2049 3237 2105 de
3264 2050 3411 2104 clau-

1827 2139 1953 2195 stris
1975 2148 2031 2196 et
2048 2140 2271 2197 vinculis
2287 2156 2380 2212 per
2398 2141 2643 2215 angelum
2674 2143 2930 2199 liberatus
2954 2145 3090 2213 (Act.
3103 2159 3196 2210 xu,
3216 2144 3299 2212 9):
3319 2151 3413 2198 aut

1828 2231 1883 2285 in
1904 2230 2033 2303 ipsis
2056 2231 2217 2288 rebus
2257 2233 2531 2304 corporeis
2560 2233 2681 2289 lene
2705 2242 2923 2304 putatur
2949 2249 3069 2290 esse
3096 2234 3235 2304 quod
3258 2248 3412 2303 ηερε-

1828 2338 1949 2378 rum
1975 2331 2079 2391 est,
2105 2332 2196 2379 aut
2218 2323 2375 2380 dulce
2401 2324 2543 2395 quod
2572 2340 2813 2379 amarum
2840 2334 2941 2390 est,
2969 2332 3061 2379 aut
3092 2325 3229 2381 bene
3255 2324 3405 2379 olere

1828 2413 1972 2483 quod
1992 2413 2233 2482 putidum
2257 2423 2360 2481 est,
2386 2423 2481 2469 aut
2517 2422 2704 2471 tonare
2732 2429 2856 2470 cum
2876 2414 3043 2470 rheda
3067 2415 3276 2480 transit,
3315 2422 3410 2469 aut

1830 2504 1978 2562 illum
1995 2520 2116 2563 esse
2126 2506 2396 2563 hominem
2408 2522 2528 2563 cum
2544 2507 2680 2562 alius
2694 2508 2781 2573 sit,
2799 2506 3013 2578 quando
3024 2504 3132 2560 duo
3151 2504 3414 2561 simillimi

1830 2596 1933 2652 sibi
1974 2606 2119 2666 sunt,
2172 2597 2314 2668 quod
2374 2598 2430 2655 in
2473 2598 2701 2670 geminis
2748 2613 2892 2669 smpc
2937 2578 3231 2669 contingit;
3274 2595 3418 2652 unde

1830 2689 1904 2746 ait
1928 2689 2041 2757 ille,

2016 2803 2582 2874 στειυδαιέεέΡπέηίίῙέυδ
2594 2814 2737 2874 ρετρς
2758 2815 2771 2852 ⁵

2233 2862 2448 2931 (γεγρα,
2474 2862 2659 2918 me.
2684 2863 2768 2916 lib.
2792 2863 2871 2926 io,
2893 2875 2936 2915 υ.
2961 2862 3096 2927 sea.)

1832 2975 1888 3022 et
1913 2974 2107 3024 caetera
2127 2968 2252 3024 talia
2279 2970 2439 3024 etiam
2464 2977 2683 3041 peccata
2712 2968 2939 3024 dicenda
2962 2968 3090 3025 sint.
3121 2966 3233 3023 Nec
3261 2980 3415 3038 qum-

1834 3058 1939 3113 stio
1962 3058 2336 3127 nodosissima,
2381 3076 2502 3131 quae
2535 3060 2779 3117 homines
2819 3061 3173 3128 acutissimus,
3213 3058 3418 3115 Acade-

1834 3149 2008 3205 micos
2064 3151 2238 3217 torsit,
2299 3166 2442 3206 nunc
2490 3151 2622 3206 mihi
2691 3151 2971 3208 enodanda
3026 3160 3273 3224 suscepta
3314 3157 3419 3217 est;

1835 3252 2013 3299 utrum
2035 3242 2235 3313 aliquid
2256 3242 2451 3299 debeat
2489 3244 2713 3313 sapiens
2751 3246 3071 3315 approbare,
3119 3261 3188 3301 ne
3213 3243 3416 3301 incidat

1837 3335 1894 3391 in
1936 3349 2175 3391 errorem
2199 3376 2216 3403 ,
2260 3335 2307 3391 si
2357 3350 2456 3405 pro
2497 3336 2641 3392 veris
2683 3337 3057 3407 approbavcrit
3099 3338 3252 3407 falsa,
3295 3353 3422 3394 cum

1837 3430 2047 3498 omnia,
2076 3429 2214 3485 sicut
2242 3427 2532 3497 afﬁrmant,
2564 3430 2649 3488 vel
2675 3431 2887 3487 occulta
2912 3432 3042 3499 sint,
3069 3432 3157 3487 vel
3193 3431 3420 3487 incerta.

1817 3522 1994 3581 'Unde
2038 3523 2137 3578 tria
2200 3522 2408 3579 confeci
2451 3523 2724 3581 volumina
2768 3525 2823 3580 in
2862 3524 3014 3580 initio
3054 3524 3423 3583 conversionis

1839 3632 1994 3684 mem,
2032 3633 2102 3672 ne
2134 3617 2520 3688 impedimento
2556 3618 2711 3674 nobis
2750 3626 2953 3687 essent,
3000 3636 3120 3691 quae
3170 3628 3425 3691 tanquam

1845 3707 1902 3763 in
1930 3708 2069 3764 ostio
2085 3708 2520 3765 contradicebant
2541 3711 2585 3763 ².
2614 3711 2681 3765 Ει
2703 3710 2885 3781 utique
2906 3710 3078 3767 fuerat
3097 3711 3424 3767 removenda

1839 3800 2175 3856 invenienda:
2197 3800 2503 3871 desperatio
2526 3801 2794 3870 veritatis,
2812 3817 2931 3872 quae
2970 3801 3183 3858 illorum
3210 3802 3425 3859 videtur

1841 3893 2389 3963 argumentationibus
2423 3893 2686 3950 roborari.
2741 3894 2898 3966 Apud
2937 3895 3058 3952 illos
3102 3911 3232 3968 ergo
3269 3911 3426 3953 error

1842 3986 2015 4040 omnis
2044 3994 2258 4057 putatur
2281 4001 2405 4043 esse
2445 3996 2744 4057 peccatum,
2774 3987 3101 4057 quodvitari
3131 4005 3237 4044 non
3264 4004 3427 4060 posse

1842 4079 2190 4147 contendunt,
2220 4077 2323 4134 nisi
2351 4079 2528 4135 omnis
2553 4080 2912 4150 suspendatur
2931 4082 3194 4137 assensio.
3225 4082 3426 4140 Errare

1843 4169 2034 4238 quippe
2058 4169 2240 4224 dicunt
2279 4183 2401 4225 eum
2434 4170 2675 4240 quisquis
2720 4173 3012 4228 assentitur
3062 4174 3282 4229 incertis
3313 4194 3326 4230 :
3352 4174 3428 4231 ui-

1844 4261 2024 4330 hilque
2068 4272 2272 4315 certum
2302 4275 2422 4317 esse
2448 4263 2501 4316 in
2524 4263 2797 4319 hominum
2839 4264 2971 4319 visis
3004 4265 3045 4331 ³,
3076 4275 3294 4335 propter
3338 4268 3424 4321 in-

1842 4352 2131 4407 discretam
2152 4352 2557 4408 similitudinem
2581 4355 2717 4422 falsi,
2754 4356 2967 4439 etiamsi
2998 4355 3141 4426 quod
3182 4357 3423 4425 videtur,

1844 4442 1981 4498 forte
2007 4442 2077 4497 sit
2123 4458 2328 4510 verum,
2373 4445 2700 4500 acutissimis
2743 4445 2979 4516 quidem,
3020 4447 3113 4502 sed
3144 4447 3428 4519 impuden-

1846 4536 2062 4591 tissimis
2082 4536 2563 4592 conﬂictationibus
2591 4536 2883 4607 diSputant.
2912 4539 3067 4610 Apud
3086 4554 3183 4597 nos
3211 4549 3416 4611 autem,

1844 4624 2024 4681 Justus
2048 4642 2110 4680 ex
2158 4627 2260 4695 ﬁde
2282 4627 2399 4682 vivit
2451 4628 2640 4699 (Rom.
2673 4645 2711 4696 ι,
2750 4628 2859 4702 17).
2910 4634 2980 4686 At
3026 4632 3074 4687 si
3108 4631 3321 4689 tollatur
3346 4649 3426 4691 as-

1846 4719 2048 4783 sensio,
2076 4718 2207 4775 fides
2229 4720 2465 4787 tollitur;
2489 4716 2631 4792 qui!
2649 4723 2764 4779 sine
2802 4724 3114 4781 assensione
3144 4726 3275 4782 nihil
3306 4742 3432 4783 cre-

1846 4809 2005 4865 ditur.
2031 4810 2098 4864 Et
2116 4818 2240 4866 sunt
2269 4826 2395 4866 vera
2436 4814 2678 4883 quamvis
2704 4830 2811 4869 non
2838 4814 3142 4883 videantur,
3167 4834 3285 4889 quae
3324 4820 3429 4876 nisi

1847 4904 2150 4970 credantur,
2178 4904 2248 4959 ad
2278 4905 2439 4960 vitam
2475 4906 2707 4973 beatam,
2751 4923 2870 4978 qua:
2923 4924 3033 4963 non
3076 4910 3178 4964 nisi
3225 4920 3428 4967 aeterna

1846 5005 1949 5061 est,
1983 5010 2087 5051 non
2117 5004 2293 5067 potest
2311 4998 2596 5067 perveniri.
2617 4999 2749 5055 Cum
2776 4999 2888 5055 istis
2910 5016 3039 5056 vero
3069 5010 3247 5057 utrum
3277 5003 3422 5074 loqui

1848 5088 2138 5145 debeamus
2152 5088 2359 5160 ignoro,
2383 5090 2492 5161 qui,
2528 5104 2635 5145 non
2666 5091 2903 5148 victuros
2928 5093 2983 5148 in
3011 5102 3291 5159 aeternum,
3331 5095 3429 5151 sed

1848 5182 1902 5236 in
1931 5181 2215 5252 praesentia
2252 5197 2312 5238 se
2342 5182 2522 5239 vivere
2548 5185 2791 5240 nesciunt
2818 5203 2831 5239 :
2861 5186 2969 5242 imo
2999 5187 3205 5242 nescire
3253 5202 3314 5243 se
3340 5186 3427 5242 di-

1846 5282 1996 5342 cunt,
2037 5273 2181 5345 quod
2226 5276 2435 5332 nescire
2471 5291 2577 5331 non
2625 5286 2867 5347 possunt.
2895 5276 3079 5349 Neque
3099 5279 3242 5335 enim
3277 5280 3427 5351 quis-

1848 5382 2008 5438 quam
2045 5367 2240 5423 sinitur
2291 5368 2501 5424 nescire
2550 5384 2609 5425 se
2647 5370 2870 5426 vivere:
2900 5371 3327 5443 quandoquidem
3380 5372 3429 5429 si

1914 5530 1929 5561 ί
1961 5536 2056 5578 Am.
2078 5534 2151 5577 Er.
2176 5535 2312 5591 nam,
2354 5528 2627 5591 huiusmodi
2648 5542 2786 5580 error
2822 5535 2909 5579 est.
2934 5537 3042 5579 Mss.
3061 5529 3176 5591 duo,
3208 5527 3433 5591 hujussa

1849 5591 2019 5642 nwdus
2041 5590 2239 5642 erroris.
2256 5589 2423 5653 Melius
2444 5598 2572 5652 Lov.,
2589 5591 2819 5653 ejusmodi
2837 5603 3045 5640 errores.
3070 5590 3211 5640 Refer
3225 5589 3286 5641 ad
3307 5589 3431 5642 illud

1851 5654 1996 5716 infra,
2022 5659 2217 5716 peccata
2241 5651 2451 5703 dicenda
2470 5651 2579 5703 sint.

1913 5710 2122 5781 _’_Pltir_i}s
2138 5722 2262 5774 Mss,
2288 5720 2423 5781 esset,
2445 5728 2555 5778 qua:
2578 5722 2803 5777 (meum
2824 5711 2874 5763 in
2891 5711 3009 5766 ostio
3028 5710 3383 5769 contradiceboz
3407 5724 3434 5781 ε

1847 5774 2178 5839 subintellige,
2201 5779 2420 5839 quaestio.

1916 5840 1936 5873 ³
1957 5839 2028 5889 sic
2048 5837 2231 5902 aliquot
2243 5845 2349 5888 Mss.
2374 5838 2491 5890 Fditi
2515 5846 2695 5904 autem,
2720 5838 2840 5892 vim.
