3896 6382
515 324 625 382 243

519 413 627 496 non
649 441 798 508 vivit,
833 455 939 494 non
961 447 1138 508 potest
1174 436 1480 512 aliquidch
1517 434 1725 512 nescire
1751 433 1791 512 ‘_;
1838 430 2089 512 quoniam

519 528 627 569 non
657 507 849 567 "solum
896 511 1055 575 scire,
1089 525 1273 563 verum
1308 509 1468 562 etiam
1495 507 1704 562 nescire
1733 507 1957 557 viventis
1992 508 2096 554 est.

517 606 627 662 Sed
658 605 900 660 videlicet
943 618 1048 658 non
1101 600 1445 658 assentiendo
1481 598 1624 670 quod
1662 597 1863 661 vivant,
1911 606 2104 648 cavere

517 698 619 758 sibi
645 696 888 750 videntur
928 708 1206 749 errorem:
1232 709 1353 748 cum
1396 693 1557 771 etiam
1604 689 1835 745 errando
1881 688 2105 743 convin-

517 795 706 844 cantur
742 787 954 850 vivere;
983 786 1236 856 quoniam
1265 800 1373 838 non
1401 790 1576 853 potest
1601 783 1690 852 qui
1714 798 1818 836 non
1853 780 1982 836 vivit
2018 793 2106 833 er-

517 893 658 933 rare.
690 876 841 932 Sicut
859 892 989 947 ergo
1019 892 1118 931 nos
1162 877 1344 931 vivere
1393 889 1498 929 non
1538 875 1716 929 solum
1755 888 1962 934 verum,
2009 870 2104 926 sed

519 969 678 1025 etiam
719 978 925 1024 certum
953 979 1070 1032 est;
1095 970 1163 1023 ita
1187 984 1314 1024 vera
1339 977 1394 1021 et
1429 976 1579 1022 certa
1611 977 1735 1020 sunt
1760 967 1926 1020 multa
1945 1006 1959 1030 ,
1987 964 2107 1033 qui-

516 1064 620 1121 bus
647 1079 752 1119 non
779 1063 1045 1128 assentiri,
1078 1064 1219 1118 absit
1240 1073 1294 1117 ut
1318 1062 1578 1132 sapientia
1597 1061 1776 1131 potius
1804 1074 1966 1130 quam
2011 1058 2106 1124 de-

520 1158 717 1214 mentia
749 1157 1067 1212 nominanda
1095 1159 1184 1211 sit.

591 1241 816 1298 CAPUT
855 1242 996 1296 XXI.
1027 1272 1098 1282 —
1127 1240 1287 1295 Error
1325 1257 1424 1295 non
1466 1256 1661 1309 semper
1698 1246 1990 1309 peccatum,
2020 1236 2109 1292 sed

520 1351 718 1404 semper
742 1334 950 1387 malum.
984 1334 1040 1388 In
1068 1333 1259 1404 quibus
1280 1334 1300 1363 ²
1327 1340 1502 1386 autem
1536 1332 1696 1386 rebus
1725 1329 1855 1384 nihil
1887 1329 2111 1382 interest

520 1426 590 1482 ad
621 1427 1009 1497 capessendum
1052 1427 1146 1482 Dei
1193 1442 1444 1496 regnum,
1477 1436 1653 1480 utrum
1695 1424 2011 1490 credantur,
2039 1437 2106 1476 an

518 1535 627 1575 non
650 1535 664 1584 ;
695 1520 775 1574 vel
795 1528 970 1574 utrum
994 1533 1115 1574 vera
1139 1518 1251 1571 sive
1288 1516 1398 1572 sint
1425 1517 1536 1572 sive
1557 1525 1830 1587 putentur,
1854 1529 1920 1567 au
1945 1513 2104 1568 falsa:

520 1611 575 1666 in
605 1610 687 1664 his
712 1625 921 1676 errare,
954 1609 1005 1664 id
1033 1619 1133 1676 est,
1161 1608 1304 1666 aliud
1335 1625 1429 1678 pro
1458 1609 1565 1664 alio
1596 1616 1803 1677 putare,
1834 1623 1939 1660 non
1969 1605 2110 1661 arbi-

521 1700 766 1755 trantium
795 1709 876 1755 est
900 1715 1021 1756 esse
1047 1710 1354 1770 peccatum;
1379 1707 1471 1754 aut
1498 1700 1544 1754 si
1568 1707 1668 1766 est,
1695 1699 1967 1753 minimum
1990 1711 2110 1752 esse

520 1803 679 1865 atque
717 1794 1066 1850 levissimum.
1113 1794 1426 1859 Postremo,
1471 1793 1856 1862 qualecumque
1895 1791 2022 1846 illud
2057 1799 2112 1847 et

519 1893 1008 1957 quantumcumque
1039 1887 1127 1953 sit,
1155 1886 1222 1941 ad
1246 1886 1390 1940 illam
1419 1885 1559 1940 viam
1590 1901 1694 1940 non
1723 1885 1976 1954 pertinet,
2009 1899 2109 1954 qua

517 1976 662 2032 imus
700 1977 765 2032 ad
807 1977 974 2034 Deum
1005 1996 1019 2032 :
1049 1993 1168 2048 quae
1197 1979 1280 2032 via
1310 1977 1447 2032 tides
1475 1986 1556 2031 est
1585 1977 1813 2044 Christi,
1859 1992 1977 2046 quae
2019 1992 2112 2045 per

519 2068 859 2124 dilectionem
909 2079 1158 2140 operatur
1201 2068 1396 2138 (Gatat.
1426 2085 1482 2135 v,
1515 2073 1592 2142 6).
1637 2070 1820 2140 Neque
1861 2071 2001 2124 enim
2045 2070 2112 2124 ab

501 2158 624 2215 'hac
646 2159 729 2212 via
756 2159 1000 2215 deviabat
1033 2161 1085 2214 in
1121 2160 1346 2230 geminis
1380 2159 1502 2215 filiis
1537 2170 1719 2232 gratus
1757 2160 1845 2215 ille
1880 2160 2116 2230 parenti-

520 2250 623 2305 bus
650 2265 802 2306 error
830 2269 842 2306 :
874 2261 966 2306 aut
994 2252 1061 2322 ab
1089 2251 1188 2307 hac
1211 2252 1293 2306 via
1324 2239 1570 2308 deviabat
1597 2253 1868 2323 apostolus
1897 2251 2108 2316 Petrus,

521 2343 737 2414 quando
762 2357 820 2398 se
849 2344 1160 2399 existimans
1190 2344 1359 2399 visum
1388 2344 1587 2410 videre,
1615 2344 1755 2398 aliud
1785 2359 1882 2414 pro
1905 2345 2010 2399 alio
2037 2346 2114 2400 sic

522 2436 766 2508 putabat,
798 2445 855 2490 ut
879 2451 908 2489 a
934 2451 1219 2506 corporum
1249 2437 1586 2505 imaginibus,
1617 2437 1668 2490 in
1687 2437 1886 2506 quibus
1911 2451 1970 2491 se
1994 2452 2114 2492 esse

523 2528 904 2594 arbitrabatur,
933 2545 1058 2584 vera
1089 2531 1142 2584 in
1172 2530 1363 2599 quibus
1391 2538 1507 2584 erat
1534 2543 1758 2598 corpora
1787 2544 1892 2584 non
1925 2530 2113 2600 digno-

523 2628 727 2686 sceret,
771 2620 872 2674 nisi
914 2625 1035 2675 Cum
1079 2621 1146 2677 ab
1188 2621 1278 2675 illo
1321 2621 1568 2692 angelus,
1602 2636 1697 2689 per
1737 2636 1898 2690 quem
1944 2621 2115 2676 fuerat

524 2709 812 2780 liberatus,
843 2711 1101 2766 abscessit
1142 2730 1155 2765 :
1197 2723 1287 2765 aut
1321 2713 1387 2767 ab
1426 2711 1526 2766 hac
1561 2712 1646 2766 via
1675 2712 1923 2768 deviabat
1948 2711 2115 2768 Iacob

525 2801 850 2872 patriarcha,
879 2803 1092 2873 quando
1117 2803 1383 2858 viventem
1413 2804 1577 2858 tilium
1609 2818 1638 2856 a
1665 2803 1834 2859 bestia
1864 2804 2116 2860 credebat

526 2895 764 2949 occisum
803 2892 956 2967 (Gen.
988 2911 1211 2964 xxxvii,
1241 2896 1355 2965 55).
1397 2895 1453 2951 In
1494 2896 1577 2951 his
1613 2904 1772 2967 atque
1810 2897 2115 2968 huiusmodi

527 2982 884 3053 falsitatibus,
912 2985 1057 3041 salva
1085 2985 1209 3054 fide,
1241 3002 1360 3058 quae
1387 2986 1441 3041 in
1469 2987 1636 3042 Deum
1665 2987 1817 3044 nobis
1842 2997 1944 3052 est,
1977 2989 2114 3044 falli-

528 3090 672 3144 mur,
702 3084 756 3130 et
781 3077 864 3131 via
893 3092 998 3132 non
1023 3077 1208 3133 relicta
1234 3093 1354 3148 quae
1382 3077 1447 3133 ad
1477 3078 1624 3134 illum
1647 3078 1815 3146 ducit,
1838 3094 2114 3138 erramus:

528 3167 618 3238 qui
649 3182 862 3244 errores
891 3170 1098 3244 etiamsi
1128 3179 1341 3242 peccata
1369 3186 1475 3226 non
1505 3181 1650 3238 sunt,
1679 3180 1855 3238 tamen
1884 3173 1938 3228 in
1962 3173 2116 3230 malis

527 3256 688 3329 hujus
716 3260 837 3314 vitae
861 3259 1149 3330 deputandi
1176 3270 1335 3329 sunt,
1361 3277 1482 3332 quae
1506 3263 1578 3318 ita
1602 3262 1842 3332 subjecta
1863 3272 1946 3318 est
1967 3264 2119 3320 vani-

526 3351 657 3426 tati,
692 3360 750 3406 ut
786 3352 1146 3422 approbentur
1185 3352 1273 3408 hic
1305 3352 1436 3408 falsa
1477 3368 1573 3430 pro
1595 3355 1772 3421 veris,
1799 3364 2117 3424 respuantur

527 3455 653 3495 vera
681 3456 778 3511 pro
797 3441 966 3509 falsis,
998 3451 1279 3499 teneantur
1304 3444 1506 3500 incerta
1536 3459 1635 3516 pro
1657 3445 1839 3501 certis.
1865 3445 2115 3513 Quamvis

525 3531 669 3616 enim
698 3529 813 3587 haec
842 3531 908 3588 ab
932 3547 994 3588 ea
1022 3533 1124 3589 fide
1146 3534 1344 3604 absint,
1374 3550 1468 3606 per
1494 3549 1656 3610 quam
1684 3551 1864 3591 veram
1888 3545 2118 3631 certam-

527 3637 632 3692 que
660 3622 726 3677 ad
755 3633 1008 3680 aeternam
1041 3624 1422 3681 beatitudinem
1452 3626 1719 3704 tendimus
1743 3626 1799 3695 ³;
1838 3629 1906 3684 ab
1928 3622 2002 3684 'ea
2033 3636 2113 3684 ta-

527 3728 651 3768 men
680 3714 893 3769 miseria
925 3717 1031 3770 neu
1059 3717 1285 3785 absunt,
1314 3716 1366 3794 in
1391 3732 1495 3790 qua
1523 3717 1696 3794 adhuc
1723 3734 1928 3776 sumus.
1958 3720 2117 3778 Nullo

527 3803 693 3884 modo
716 3805 913 3875 quippe
941 3795 1249 3862 falleremur
1285 3793 1349 3863 in.
1375 3808 1555 3882 aliquo
1583 3793 1666 3865 vel
1691 3810 1855 3868 animi
1883 3811 1969 3866 vel
1995 3826 2117 3868 cor-

523 3894 675 3967 poris
705 3912 864 3953 sensu
881 3937 901 3967 ,
930 3897 977 3954 si
1000 3897 1111 3970 jam
1139 3913 1266 3978 vera
1294 3899 1383 3978 illa
1408 3910 1568 3978 atque
1594 3900 1827 3974 perfecta
1865 3902 2117 3961 felicitate

525 3981 845 4065 fruerentur.
1247 3975 1250 3980 ’
1377 3975 1380 3980 ’

536 4079 538 4082 ’
596 4069 827 4137 CAPUT
860 4079 1030 4138 XXII.
1053 4111 1127 4128 —-
1152 4082 1317 4142 Omne
1350 4087 1672 4142 mendacium
1700 4105 1805 4145 esse
1831 4099 2112 4162 peccatum.

525 4174 694 4231 Porro
738 4185 917 4233 autem
957 4163 1118 4234 omne
1161 4180 1495 4238 mendacium
1537 4181 1660 4239 ideo
1702 4182 1983 4240 dicendum
2033 4195 2117 4243 est

526 4267 647 4325 esse
686 4281 995 4342 peccatum,
1026 4274 1146 4344 quia
1190 4273 1352 4330 homo
1393 4291 1500 4332 non
1547 4277 1720 4333 solum
1761 4281 1974 4350 quando
2015 4282 2117 4339 scit

525 4361 640 4432 ipse
682 4363 826 4434 quod
858 4380 1046 4422 verum
1085 4367 1182 4433 sit,
1223 4368 1316 4423 sed
1356 4370 1514 4425 etiam
1554 4373 1599 4426 si
1638 4373 1851 4443 quando
1889 4383 2036 4430 errat
2060 4383 2116 4432 et

527 4451 730 4536 fallitur
749 4455 887 4511 sicut
906 4455 1091 4527 homo,
1116 4457 1221 4515 hoc
1239 4460 1398 4516 debet
1417 4461 1561 4533 loqui
1582 4464 1721 4533 quod
1743 4466 1922 4521 animo
1940 4467 2110 4537 gerit;

525 4545 638 4600 sive
682 4541 809 4601 illud
848 4563 1032 4604 verum
1073 4551 1176 4618 sit,
1212 4553 1325 4626 sive
1352 4563 1567 4623 putetur
1593 4565 1647 4610 et
1676 4571 1784 4612 non
1807 4557 1899 4614 sit.
1927 4559 2114 4615 Omnis

526 4643 706 4716 autem
734 4637 824 4708 qui
852 4641 1106 4695 mentitur
1123 4683 1138 4708 ,
1166 4652 1352 4698 contra
1383 4644 1436 4700 id
1463 4646 1601 4716 quod
1636 4650 1813 4703 animo
1838 4650 2001 4706 sentit
2028 4651 2111 4707 lo-

527 4717 708 4794 quitur
735 4725 1008 4784 voluntate
1048 4729 1385 4790 fallendi.£t
1411 4736 1594 4807 utique
1625 4738 1788 4794 verba
1830 4728 2111 4811 propterea

525 4819 654 4869 s‘un‘t
694 4817 964 4886 instituta,
992 4834 1098 4874 non
1125 4835 1222 4891 per
1248 4838 1367 4894 qua:
1396 4840 1456 4880 se
1485 4826 1729 4884 homines
1757 4830 1982 4886 invicem
2011 4831 2110 4886 fal-

522 4903 664 4972 lant,
698 4907 792 4963 sed
823 4924 920 4982 per
946 4926 1066 4982 quae
1096 4912 1148 4967 in
1177 4914 1397 4970 alterius
1424 4919 1647 4989 quisque
1683 4922 1924 4977 notitiam
1962 4925 2111 4994 cogi-

523 5001 752 5058 tationes
780 5017 906 5057 suas
935 5002 1226 5073 perferat‘.
1255 5005 1445 5063 Verbis
1472 5024 1601 5080 ergo
1627 5012 1699 5065 uti
1728 5012 1794 5067 ad
1823 5011 2109 5084 fallaciam,

523 5107 633 5148 non
660 5091 727 5148 ad
764 5091 908 5165 quod
943 5093 1181 5150 instituta
1209 5106 1367 5165 sunt,
1397 5111 1672 5170 peccatum
1709 5111 1810 5159 est.
1849 5103 1961 5160 Nec
1988 5105 2110 5162 ideo

524 5185 686 5241 ullum
723 5183 1058 5243 mendacium
1097 5190 1386 5257 putandum
1418 5201 1500 5247 est
1528 5208 1632 5249 non
1662 5210 1782 5250 esse
1807 5204 2105 5267 peccatum,

525 5279 645 5367 quia
677 5295 962 5362 possumus
991 5281 1286 5353 aliquando
1311 5286 1467 5341 alicui
1507 5288 1759 5358 prodesse
1774 5291 2104 5349 mentiendo.

586 5393 603 5470 ξ
631 5392 773 5470 quiti,
789 5392 934 5470 scite,
957 5394 1035 5470 vet
1050 5396 1343 5470 nescire-Et
1364 5402 1508 5463 paulo
1529 5411 1652 5466 post,
1689 5405 1878 5458 nonnisi
1912 5406 2110 5462 viventis

519 5459 607 5520 est.
633 5455 798 5514 Abest.
820 5455 965 5516 scire,
991 5465 1061 5516 et,
1076 5459 1288 5520 me,
1319 5476 1346 5511 a
1367 5455 1471 5513 Stss.

582 5519 962 5602 :A'l‘ﬁﬂt;
982 5523 1975 5602 £9339;'raﬁbectmmsﬁsastur.ex
1997 5539 2106 5585 Mss-

517 5579 698 5674 q‘libus
717 5582 963 5632 consentit
982 5588 1150 5658 textus
1163 5585 1196 5634 '5
1216 5579 1369 5644 Sent.,
1393 5587 1504 5638 dist.
1529 5588 1608 5650 38,
1634 5579 1750 5653 αιιῖ
1759 5579 1975 5644 aliud.“
1997 5579 2105 5585 iw“

520 5642 1343 5724 1-31M:.éiPs‘E'gpqraztam
1379 5648 1445 5698 ad
1483 5663 1645 5724 rerum
1667 5665 1941 5720 certamque
1965 5667 2106 5724 atque

517 5707 749 5768 uterum:
773 5705 1114 5758 beatitudinem
1134 5710 1374 5763 tendimus
1400 5724 1419 5762 :
1451 5715 1611 5764 minus
1633 5717 1779 5768 bene.

523 5779 534 5808 ε
566 5764 859 5828 maiorique
879 5777 1006 5832 totum,
1029 5772 1272 5835 profer-at-

1006 319 1467 385 ENCIIIRIDION,
1510 315 1664 374 SIVE
1703 316 1791 371 DE
1831 313 2019 378 FIDE,
2223 310 2310 366 ET
2347 312 2761 384 CIIA-RITATE,
2803 315 2861 371 S.
2905 317 3269 375 AUGUSTINI

2209 425 2497 486 Possumus
2522 435 2662 490 enim
2692 447 2746 493 ct
2768 438 2991 498 furando
3011 446 3051 507 ί,
3082 445 3125 499 si
3157 459 3354 514 pauper
3379 443 3461 499 cui
3489 445 3662 513 palam
3685 427 3766 500 da-

2209 528 2312 588 tur,
2340 525 2500 580 sentit
2521 532 2882 599 commodum,
2912 537 2966 589 et
2991 537 3136 591 dives
3162 537 3245 591 cui
3270 537 3406 591 clam
3429 537 3648 605 tollitur,
3671 553 3765 596 non

2207 615 2371 668 sentit
2405 617 2798 678 incommodum
2831 644 2843 679 :
2873 643 2972 682 nec
2998 628 3116 683 ideo
3147 630 3250 684 tale
3277 630 3474 684 furtum
3507 632 3765 700 quisquam

2206 704 2403 763 dixerit
2427 725 2530 765 non
2558 729 2677 770 esse
2705 731 3000 786 peccatum.
3033 721 3320 776 Possumus
3346 729 3399 776 et
3424 713 3764 791 adulterando,

2209 801 2252 855 si
2280 803 2476 874 aliqua,
2506 807 2608 863 nisi
2635 810 2701 865 ad
2723 811 2825 867 hoc
2851 813 2897 868 ei
2926 815 3310 881 consentiatur,
3337 823 3586 885 appareat
3605 829 3769 870 aman-

2208 893 2279 950 do
2305 899 2580 968 moritura,
2612 905 2739 959 etsi
2764 906 2984 974 vixerit,
3015 907 3322 978 paenitendo
3351 907 3614 977 purganda
3644 924 3656 961 :
3684 922 3770 964 nec

2209 985 2330 1044 ideo
2365 991 2648 1062 peccatum
2693 1000 2973 1070 negabitur
3009 1001 3116 1057 tale
3155 1001 3490 1056 adulterium.
3533 1000 3587 1055 Si
3616 1012 3769 1058 autem

2211 1083 2401 1136 merito
2428 1087 2581 1143 nobis
2612 1089 2784 1158 placet
2807 1093 3050 1162 castitas,
3088 1093 3214 1164 quid
3240 1091 3458 1149 offendit
3488 1095 3696 1159 veritas,
3724 1103 3770 1151 ut

2212 1185 2428 1243 propter
2468 1177 2692 1235 alienam
2741 1184 3024 1240 utilitatem
3065 1185 3151 1240 illa
3195 1201 3301 1242 non
3333 1186 3560 1240 violetur
3584 1186 3766 1244 adulte-

2211 1265 2397 1331 rando,
2423 1271 2722 1326 ct'viol'etur
2740 1274 2839 1328 ista
2861 1275 3170 1332 mentiendo
3191 1276 3246 1330 ’ἵ
3269 1269 3563 1332 Plurimum
3584 1276 3772 1346 quidem

2212 1355 2280 1410 ad
2309 1357 2502 1413 bonum
2532 1363 2819 1430 profecisse
2843 1366 3109 1434 homines,
3131 1367 3221 1438 qui
3246 1382 3355 1423 non
3380 1367 3478 1423 nisi
3497 1364 3604 1438 pro
3627 1366 3774 1424 salute

2213 1446 2444 1504 hominis
2477 1451 2840 1523 mentiuntur,
2875 1473 2981 1512 non
3011 1468 3093 1514 est
3121 1458 3419 1531 negandum
3451 1477 3465 1513 :
3495 1453 3591 1514 s‘ed
3619 1458 3669 1512 in
3696 1472 3772 1514 eo-

2213 1555 2332 1595 rum
2365 1543 2452 1598 tali
2481 1545 2717 1614 profectu
2753 1552 2942 1605 merito
2975 1551 3246 1618 laudatur,
3275 1551 3360 1608 vel
3386 1551 3560 1608 etiam
3589 1559 3772 1623 tempo-

2214 1633 2396 1687 raliter
2421 1647 2794 1695 remuneratur
2831 1642 3196 1699 benevolentia
3218 1686 3234 1713 ,
3265 1659 3370 1699 non
3411 1642 3620 1699 fallacia
3638 1685 3653 1709 ,
3677 1659 3775 1714 qua:

2215 1734 2269 1778 ut
2295 1725 2598 1794 ignoscatur
2621 1741 2702 1786 sat
2723 1743 2837 1799 est,
2867 1750 2973 1790 non
3010 1743 3066 1790 ut
3100 1737 3258 1791 etiam
3293 1735 3646 1807 prmdicetur,
3680 1751 3775 1790 ma-

2212 1816 2354 1873 xime
2391 1819 2442 1873 in
2484 1820 2782 1880 ltaaredibus
2811 1826 3135 1883 Testamenti
3160 1828 3322 1894 Novi,
3350 1829 3548 1900 quibus
3586 1827 3775 1897 dicitur,

2216 1908 2297 1963 Sit
2324 1912 2375 1965 in
2404 1929 2490 1966 ore
2518 1925 2706 1984 vestro,
2734 1917 2847 1986 Est,
2877 1931 2947 1975 est
2964 1939 2983 1986 ;
3014 1920 3134 1976 Non
3153 1964 3169 1989 ,
3198 1940 3300 1976 non
3329 1938 3347 1978 :
3375 1921 3511 1996 quod
3537 1923 3665 1977 enim
3689 1940 3778 1976 αηιο

2216 2001 2350 2071 ptius
2376 2014 2465 2072 est,
2494 2023 2525 2058 a
2549 2006 2683 2062 male
2708 2019 2780 2063 est
2805 2011 3017 2081 (Matth.
3048 2029 3101 2079 v,
3129 2014 3240 2085 '57).
3273 2014 3495 2086 Propter
3523 2014 3663 2086 quod
3684 2029 3776 2068 ma-

2217 2092 2324 2148 lum
2347 2138 2361 2163 ,
2395 2099 2516 2166 quia
2549 2100 2835 2170 subrepere
2865 2103 2916 2157 in
2959 2104 3058 2159 hac
3095 2106 3416 2161 mortalitate
3447 2123 3559 2161 non
3591 2105 3776 2171 desinit,

2215 2186 2374 2239 etiam
2421 2187 2518 2257 ipsi
2567 2190 2886 2250 cohacrcdes
2917 2194 3110 2251 Christi
3159 2189 3383 2265 dicunt,
3416 2196 3626 2252 Dimitte
3664 2197 3780 2254 nobis

2217 2268 2382 2331 debita
2411 2289 2581 2335 nostra
2610 2282 2719 2353 (Id.
2747 2301 2797 2340 Vl
2819 2329 2833 2351 ,
2869 2287 2981 2358 12).

2287 2367 2512 2427 CAPUT
2553 2373 2742 2430 XXIII.
2762 2409 2830 2417 —
2849 2380 2900 2434 8.
2931 2378 3097 2436 Causa
3115 2398 3284 2436 rerum
3320 2381 3590 2452 bonarum,
3613 2383 3781 2438 bonitas

2217 2461 2351 2530 Dei;
2390 2466 2674 2533 malorum,
2705 2469 2940 2525 voluntas
2977 2473 3212 2542 deﬁciens
3252 2473 3368 2527 boni
3404 2475 3679 2529 mutabilis.
3709 2473 3784 2530 liis

2218 2553 2396 2625 itaque
2421 2574 2520 2628 pro
2547 2559 2702 2630 hujus
2727 2561 3002 2619 brevitatis
3029 2568 3348 2622 necessitate
3380 2568 3640 2637 tractatis,
3669 2584 3781 2640 quo-

2218 2647 2360 2730 niam
2409 2667 2586 2708 causaa
2629 2659 3013 2726 cognoscenda:
3057 2667 3179 2714 sunt
3225 2676 3404 2715 rerum
3448 2659 3706 2716 bonarum
3743 2670 3785 2718 et

2219 2744 2499 2813 malarum,
2527 2758 2780 2818 quantum
2809 2753 2908 2805 via:
2935 2752 3065 2806 satis
3088 2761 3174 2809 est
3198 2769 3314 2824 qum
3337 2769 3437 2809 nos
3463 2755 3711 2825 perducat
3731 2753 3784 2810 ad

2219 2851 2461 2907 regnum,
2493 2841 2579 2895 ubi
2608 2843 2709 2897 erit
2738 2843 2842 2899 vita
2869 2844 2987 2902 sine
3009 2854 3199 2911 morte,
3231 2845 3347 2902 sine
3373 2863 3563 2903 errore
3593 2850 3783 2915 veritas,

2219 2928 2334 2985 sine
2365 2934 2760 2998 perturbatione
2786 2937 3008 2994 felicitas
3038 2957 3051 2992 :
3081 2945 3413 3010 nequaquam
3439 2941 3684 2997 dubitare
3709 2941 3786 2997 de-

2217 3021 2426 3091 bemus,
2456 3042 2633 3082 rerum
2658 3045 2774 3100 quae
2803 3031 2870 3085 ad
2897 3046 2994 3085 nos
3022 3033 3287 3102 pertinent
3311 3031 3576 3088 bonarum
3596 3048 3787 3090 causam

2221 3129 2325 3169 non
2361 3132 2479 3172 esse
2523 3119 2622 3174 nisi
2663 3119 2950 3177 bonitatem
2979 3123 3113 3189 Dei;
3148 3124 3405 3178 malarum
3441 3140 3576 3180 vero
3613 3123 3677 3182 ab
3704 3127 3786 3179 im-

2220 3207 2462 3263 mutabili
2490 3210 2630 3265 bono
2655 3211 2989 3268 deiicientem
3017 3213 3140 3269 boni
3165 3215 3435 3271 mutabilis
3460 3217 3786 3282 voluntatem,

2219 3299 2366 3369 prius
2395 3302 2588 3370 angeli,
2622 3303 2850 3359 hominis
2877 3313 3100 3375 postea.‘
3235 3299 3242 3310 ’
3291 3307 3294 3312 ’
3404 3315 3408 3318 ’
3529 3296 3536 3304 ’
3606 3299 3608 3306 ’

2176 3412 2178 3415 ·
2261 3387 2264 3390 ’
2289 3393 2517 3451 CAPUT
2551 3395 2746 3452 XXIV.
2773 3427 2846 3438 —
2873 3397 3126 3480 Sectmcfa:
3154 3401 3405 3488 malorum
3433 3418 3636 3471 cause,
3666 3402 3791 3475 igno-

2217 3489 2386 3540 rantia
2432 3496 2479 3542 et
2517 3490 2939 3561 concupiscentia.
2991 3475 3122 3550 Hoc
3149 3475 3394 3566 primum
3430 3506 3512 3550 est
3556 3507 3792 3552 creaturae

2217 3578 2494 3635 rationalis
2517 3581 2737 3649 malum,
2766 3584 2818 3638 id
2846 3593 2946 3652 est,
2976 3588 3143 3656 prima
3171 3575 3395 3656 privatio
3420 3588 3549 3643 boni
3580 3607 3593 3642 :
3621 3584 3791 3644 deinde

2213 3664 2324 3740 jam
2366 3672 2525 3726 etiam
2569 3673 2875 3731 nolentibus
2923 3677 3240 3734 subintravit
3286 3665 3588 3751 ignorantia
3633 3697 3792 3738 rerum

2219 3759 2542 3830 agendarum
2562 3806 2577 3831 ,
2610 3775 2665 3819 et
2689 3766 3115 3838 concupiscentia
3147 3769 3460 3837 noxiarum;
3488 3773 3686 3843 quibus
3711 3787 3791 3827 co-

2217 3853 2375 3909 mites
2419 3855 2821 3914 subinferuntur
2861 3875 3014 3916 error
3047 3869 3102 3916 et
3129 3861 3282 3917 dolor
3311 3855 3476 3933 aqua:
3501 3853 3632 3919 'duo
3659 3853 3793 3920 “seu
3862 3877 3868 3884 '

2218 3943 2430 4017 quando
2475 3948 2809 4006 imminentia
2859 3953 3191 4022 sentiuntur,
3235 3969 3297 4009 ea
3336 3952 3615 4026 fugitantis
3649 3955 3793 4010 animi

2219 4031 2397 4092 motus
2425 4048 2647 4096 vocatur
2675 4053 2869 4099 metus.
2903 4044 3069 4099 Porro
3099 4045 3308 4100 animus
3347 4061 3468 4100 cum
3498 4046 3797 4119 adipiscitur

2218 4133 2518 4202 concupita,
2548 4136 2790 4205 quamvis
2815 4138 3112 4207 perniciosa
3139 4138 3223 4194 vel
3247 4139 3446 4204 inania,
3477 4143 3728 4210 quoniam
3753 4139 3794 4193 id

2218 4213 2402 4278 errore
2431 4241 2536 4280 non
2567 4227 2760 4293 sentit,
2794 4229 2878 4283 vel
2908 4228 3260 4285 delectatione
3289 4229 3534 4286 morbida
3558 4229 3792 4296 vincitur,

2217 4314 2299 4370 vel
2321 4315 2343 4347 ⁸
2366 4331 2502 4371 vana
2531 4319 2690 4374 etiam
2717 4319 2896 4374 lzetitia
2925 4322 3230 4375 ventilatur.
3254 4321 3331 4377 Ex
3363 4321 3446 4377 his
3471 4309 3792 4386 morborum,

2217 4420 2325 4462 non
2350 4409 2630 4476 ubertatis,
2658 4411 2752 4466 sed
2781 4410 3083 4481 indigentia:
3107 4423 3354 4483 tanquam
3379 4413 3621 4473 fontibus
3640 4415 3797 4473 cumis

2215 4501 2433 4555 miseria
2465 4511 2666 4556 naturae
2695 4503 2967 4558 rationalis
2992 4514 3225 4558 emanat.

2287 4591 2514 4649 CAPUT
2541 4593 2707 4649 XXV.
2737 4624 2808 4634 —
2832 4593 3006 4648 Poena:
3037 4596 3251 4663 peccatis
3278 4595 3537 4669 irrogata.
3572 4600 3706 4670 Quae
3732 4607 3799 4654 ta-

2216 4699 2338 4740 men
2378 4693 2562 4738 natura
2603 4685 2655 4738 in
2686 4685 2842 4739 malis
2869 4687 2980 4740 suis
3009 4702 3113 4741 non
3147 4688 3316 4758 potuit
3357 4691 3606 4748 amittere
3648 4693 3799 4749 beati-

2215 4773 2413 4829 tudinis
2442 4775 2755 4844 appetitum.
2799 4774 2995 4831 Verum
3025 4776 3140 4833 haec
3167 4780 3468 4834 communia
3503 4784 3651 4838 mala
3692 4793 3799 4839 sunt

2213 4875 2268 4922 et
2289 4865 2565 4921 hominum
2597 4875 2651 4922 et
2677 4868 2985 4938 angelorum
3016 4885 3112 4940 pro
3137 4885 3230 4925 sua
3261 4855 3458 4928 malitia
3489 4874 3705 4931 Domini
3726 4876 3800 4946 Ῑιιο

2213 4957 2358 5014 stitia
2397 4957 2788 5015 damnatorum.
2829 4959 2933 5017 Sed
2964 4962 3125 5017 homo
3153 4963 3314 5020 habet
3353 4975 3406 5019 et
3441 4980 3660 5035 pmnam
3690 4983 3803 5039 pro-

2212 5051 2414 5122 priam,
2445 5067 2546 5123 qua
2577 5053 2736 5108 etiam
2775 5055 3016 5124 corporis
3045 5065 3216 5112 morte
3256 5059 3468 5128 punitus
3490 5069 3595 5115 est.
3626 5057 3802 5130 Mortis

2211 5143 2262 5198 ei
2287 5143 2482 5215 quippe
2507 5141 2821 5216 supplicium
2851 5147 2991 5202 Deus
3019 5149 3372 5205 comminatus
3396 5147 3591 5217 fuerat,
3619 5154 3666 5207 si
3688 5168 3802 5224 pec.

2213 5247 2402 5294 caret:
2434 5239 2513 5294 sic
2548 5255 2670 5295 eum
2703 5255 2990 5294 munerans
3028 5241 3194 5295 libero
3237 5245 3486 5311 arbitrio,
3529 5255 3586 5298 ut
3630 5255 3798 5300 tamen

2275 5351 2295 5384 ί
2318 5349 2437 5417 Editi
2456 5354 2624 5417 ι,ροβῐη
2669 5362 2921 5417 possumus
2952 5350 3087 5417 enim
3120 5359 3168 5403 ct
3203 5354 3427 5416 Iurando,
3469 5355 3676 5417 addunt,
3715 5355 3800 5407 ali-

3469 5384 3491 5489 ‘f

2275 5476 2295 5506 '
2315 5484 2410 5525 Hoc
2427 5473 2535 5526 loco
2557 5473 2608 5524 in
2625 5475 2770 5525 editis
2789 5475 2975 5526 inserta
2999 5473 3104 5527 haec
3128 5485 3302 5528 erant:
3340 5487 3441 5528 Non
3472 5478 3580 5530 ideo
3605 5483 3799 5530 utenda-

2208 5535 2340 5604 cium
2361 5535 2531 5600 poterit
2553 5535 2814 5604 aliquando
2837 5536 3050 5599 laudari,
3085 5538 3199 5602 ostia
3232 5553 3566 5604 nomnqumm
3592 5554 3688 5604 pro
3717 5555 3799 5604 sa-

2210 5597 2306 5650 lute
2328 5597 2936 5665 quamndmnmentimur.
2964 5597 3221 5665 I’eccutum
3236 5614 3356 5665 ergo
3373 5597 3461 5662 est,
3480 5604 3562 5654 sed

2209 5659 2350 5730 quod
2375 5659 2694 5730 benevolentia
2729 5668 2948 5722 excusat,
2983 5661 3159 5730 etideo
3192 5659 3389 5725 fallacia
3420 5659 3620 5716 deruunt
3648 5679 3668 5714 :
3689 5659 3798 5730 quae

2209 5725 2357 5787 verba
2377 5725 2439 5772 ab
2459 5724 2682 5775 omnibus
2706 5737 2855 5787 prope
2876 5730 2984 5775 Mss.
3009 5724 3199 5787 absunt.
3708 5724 3742 5752 ’-

2273 5786 2293 5820 ⁸
2316 5787 2400 5837 Hic
2421 5797 2522 5837 sm.
2540 5792 2613 5837 lar.
2638 5792 2754 5838 Dan.
2777 5785 2890 5837 Arn.
2917 5793 2969 5838 et
2987 5785 3168 5852 aliquot
3190 5794 3293 5838 Mss.
3314 5791 3553 5851 omittunt,
3577 5787 3676 5841 vel.
