3896 6382
501 403 605 460 247

499 516 648 573 Sicut
674 514 815 571 enim
842 512 932 583 qui
968 526 1026 567 se
1058 510 1268 575 occidit,
1302 509 1479 578 utique
1516 504 1743 561 vivendo
1772 517 1832 559 se
1860 501 2074 569 occidit,

500 605 598 662 sed
625 620 685 661 se
707 602 998 660 occidendo
1037 617 1147 657 non
1176 600 1323 666 vivit,
1354 614 1454 654 nec
1480 612 1539 653 se
1564 598 1737 667 ipsum
1766 594 1962 666 poterit
1988 608 2076 649 re-

502 698 758 753 suscitare
784 710 905 751 cum
950 694 1243 750 occiderit:
1277 693 1348 747 ita
1387 706 1510 747 cum
1552 690 1720 747 libero
1768 695 2078 760 peccaretur

502 787 743 852 arbitrio,
767 787 969 841 victore
998 793 1214 856 peccato
1237 783 1492 839 amissum
1536 791 1619 839 est
1658 781 1887 837 liberum
1930 779 2077 834 arbi-

501 879 696 943 trium;
722 878 765 931 A
787 892 887 949 quo
912 876 1045 931 enim
1069 877 1178 946 quis
1207 876 1425 930 devictus
1447 883 1541 941 est,
1568 874 1686 929 huic
1712 881 1757 928 et
1781 889 1951 928 servus
1978 872 2076 925 ad-

505 970 666 1023 dictus
692 976 764 1023 est
790 965 867 1040 (II
889 966 1033 1022 Petr.
1057 983 1115 1035 ιι,
1144 968 1253 1037 19).
1283 966 1429 1024 Petri
1448 976 1593 1023 certe
1614 965 1839 1036 apostoli
1867 973 1952 1021 est
1977 964 2079 1019 ista

501 1060 806 1114 sententia:
833 1073 952 1129 quas
984 1072 1106 1114 cum
1147 1074 1273 1114 vera
1316 1059 1404 1123 sit,
1453 1058 1644 1128 qualis,
1670 1072 1877 1128 quaeso,
1905 1064 2084 1126 potest

502 1151 643 1207 servi
665 1150 863 1207 addicti
898 1165 1018 1207 esse
1052 1149 1289 1218 libertas,
1322 1150 1422 1205 nisi
1459 1148 1670 1220 quando
1706 1164 1829 1204 eum
1857 1162 2082 1218 peccare

502 1244 767 1299 delectat?
793 1242 1106 1300 Liberaliter
1152 1243 1296 1299 enim
1323 1243 1508 1309 servit,
1538 1240 1627 1311 qui
1654 1240 1737 1294 sui
1756 1239 1959 1295 domini
1985 1253 2082 1294 vo-

502 1333 765 1389 luntatem
785 1334 1013 1390 libenter
1027 1333 1172 1389 facit.
1190 1335 1269 1389 Ac
1286 1348 1380 1403 per
1398 1333 1498 1387 hoc
1514 1332 1581 1387 ad
1606 1331 1930 1402 peccandum
1944 1331 2080 1387 liber

505 1435 609 1493 est,
635 1427 727 1498 qui
769 1427 970 1497 peccati
994 1440 1179 1482 servus
1204 1432 1303 1481 est.
1334 1424 1484 1481 Unde
1508 1424 1574 1479 ad
1594 1423 1739 1494 juste
1782 1421 2080 1477 faciendum

502 1517 641 1573 liber
665 1532 772 1576 non
796 1518 916 1585 erit,
940 1518 1043 1572 nisi
1077 1533 1109 1572 a
1151 1524 1370 1587 peccato
1418 1515 1672 1571 liberatus
1700 1528 1820 1570 esse
1856 1512 2079 1585 iustitiae

509 1608 733 1678 coeperit
760 1623 965 1664 servus.
997 1608 1115 1677 Ipsa
1154 1615 1237 1662 est
1263 1621 1387 1661 vera
1431 1605 1650 1661 libertas
1692 1611 1909 1675 propter
1947 1602 2082 1658 recti

504 1696 632 1752 facti
676 1698 968 1763 laetitiam‘,
997 1698 1153 1753 simul
1203 1706 1257 1752 et
1294 1699 1380 1768 pia
1422 1696 1649 1752 servitus
1696 1703 1912 1765 prepter
1938 1709 2081 1765 pras-

503 1790 641 1859 cepti
667 1790 1043 1846 obedientiam.
1074 1790 1181 1846 Sed
1208 1790 1275 1844 ad
1297 1790 1435 1845 bene
1462 1788 1759 1844 faciendum
1788 1787 1888 1843 ista
1916 1786 2081 1842 liber-

505 1889 586 1935 tas
623 1880 763 1937 unde
788 1881 892 1936 erit
914 1881 1115 1936 homini
1141 1880 1351 1936 addicto
1377 1888 1431 1935 et
1458 1878 1694 1945 vendito,
1722 1878 1825 1933 nisi
1852 1877 2082 1933 redimat

440 2036 441 2039 η
506 1972 658 2041 cujus
697 1972 786 2026 illa
818 1987 921 2028 vox
949 1980 1049 2041 est,
1078 1972 1143 2029 Si
1184 1989 1271 2027 vos
1292 1972 1459 2027 Filius
1498 1972 1798 2037 liberaverit,
1826 1979 1945 2025 tunc
1968 1986 2081 2025 vere

504 2063 648 2118 liberi
669 2063 807 2118 eritis
850 2062 1030 2137 (Joan.
1062 2079 1169 2130 vni,
1203 2064 1330 2133 36)?
1354 2062 1508 2131 Quod
1552 2071 1837 2132 antequam
1881 2060 1996 2117 ﬁeri
2026 2061 2080 2116 in

503 2152 718 2208 homine
762 2153 995 2224 incipiat,
1028 2153 1294 2225 quomodo
1317 2154 1595 2225 quisquam
1633 2154 1701 2209 de
1740 2153 1910 2209 libero
1934 2152 2081 2208 arbi-

504 2246 606 2300 trio
631 2245 686 2300 in
712 2245 852 2303 bono
876 2246 1140 2314 gloriatur
1158 2260 1339 2316 opere,
1362 2247 1451 2317 qui
1478 2245 1713 2301 nondum
1743 2252 1825 2301 est
1844 2244 1981 2299 liber
2014 2242 2082 2298 ad

503 2334 830 2405 Operandum
873 2334 1032 2401 bene,
1074 2336 1175 2391 nisi
1204 2351 1265 2392 se
1289 2351 1422 2390 vana
1462 2335 1707 2405 superbia
1746 2334 1958 2389 inﬁattts
1984 2348 2082 2388 cx-

504 2425 693 2480 tollat?
720 2440 879 2495 quam
924 2425 1139 2481 cohibet
1171 2426 1460 2496 Apostolus
1499 2425 1704 2493 dicens,
1733 2422 1910 2479 Gratia
1954 2421 2083 2477 salvi

503 2517 628 2587 {acti
653 2517 768 2571 estis
795 2533 883 2585 per
907 2516 1079 2584 ﬁdem.

570 2604 796 2661 CAPUT
818 2604 1012 2661 XXXI.
1060 2636 1131 2647 —
1178 2606 1336 2662 Fides
1388 2615 1437 2662 et
1492 2622 1648 2679 opera
1688 2608 1822 2662 bona
1870 2623 1935 2663 ea:
1982 2606 2083 2664 Dei

502 2698 656 2751 dono.
684 2696 751 2751 Et
777 2712 845 2752 ne
885 2697 1054 2767 ipsam
1079 2698 1180 2753 sibi
1230 2700 1423 2755 saltem
1448 2699 1616 2756 ﬁdem
1645 2700 1723 2755 sic
1746 2708 2078 2771 arrogarent,

504 2797 561 2844 ut
598 2804 704 2843 non
742 2788 1104 2860 intelligerent
1145 2789 1401 2846 divinitus
1448 2806 1569 2848 esse
1614 2792 1903 2861 donatam,
1946 2793 2082 2849 sicut

501 2880 641 2935 idem
684 2882 954 2950 apostolus
984 2882 1089 2937 alio
1114 2883 1233 2938 loco
1257 2882 1406 2949 dicit,
1433 2898 1493 2940 se
1519 2892 1581 2938 ut
1621 2884 1793 2940 ﬁdelis
1813 2893 1958 2941 esset
1980 2885 2084 2941 mi-

501 2972 847 3028 sericordiam
882 2983 1225 3029 consecutum
1259 2974 1311 3047 (I
1340 2974 1457 3029 Cor.
1486 2990 1579 3042 vn,
1602 2975 1727 3047 9.5);
1759 2976 1846 3032 hic
1871 2991 2082 3048 quoque

501 3063 760 3133 adjunxit,
775 3072 933 3135 atque
958 3065 1053 3132 ait,
1072 3065 1140 3119 Et
1165 3066 1260 3120 hoc
1286 3082 1387 3120 non
1412 3083 1475 3121 ea:
1493 3066 1649 3135 vobis,
1667 3066 1756 3121 sed
1773 3066 1871 3122 Dei
1890 3068 2082 3121 donum

501 3166 607 3223 est;
637 3173 738 3211 non
766 3174 829 3212 ea:
855 3159 1108 3229 operibus,
1135 3176 1198 3213 ne
1233 3163 1362 3231 forte
1403 3160 1516 3230 quis
1562 3160 1851 3215 eaztollatur.
1899 3161 1968 3216 Et
2012 3177 2082 3218 ne

503 3256 811 3317 putarentur
844 3249 1087 3306 ﬁdelibus
1120 3250 1259 3305 bona
1278 3265 1441 3321 opera
1464 3249 1727 3319 defutura,
1755 3267 1942 3308 rursus
1980 3253 2080 3308 ad-

496 3339 662 3408 jecit:
705 3337 880 3410 Ipsius
919 3340 1053 3394 enim
1090 3357 1265 3395 suntus
1294 3341 1589 3412 ﬁgmentum
1628 3343 1781 3396 creati
1806 3343 1860 3397 in
1883 3341 2082 3397 Christo

498 3429 625 3485 Iesu
666 3432 720 3485 in
768 3432 999 3503 operibus
1044 3433 1206 3499 bonis,
1242 3448 1358 3503 qua:
1392 3432 1696 3502 praeparavit
1737 3433 1895 3501 Deus,
1926 3443 1982 3487 ut
2027 3436 2084 3489 in

500 3522 603 3577 illis
629 3522 937 3579 ambulemus
965 3523 1182 3594 (Ephes.
1204 3540 1262 3591 tt,
1291 3524 1467 3593 8-10).
1489 3523 1639 3579 Tunc
1667 3540 1795 3595 ergo
1820 3524 2086 3582 efﬁcimur

499 3628 626 3668 vere
666 3614 839 3680 liberi,
872 3630 994 3669 cum
1038 3615 1176 3670 Deus
1219 3628 1318 3668 nos
1360 3614 1525 3683 lingit,
1558 3613 1613 3667 id
1653 3621 1755 3679 est,
1788 3614 1983 3671 format
2028 3624 2084 3671 et

499 3713 664 3771 creat,
698 3720 801 3759 non
827 3713 884 3758 ut
911 3704 1178 3771 homines,
1210 3704 1348 3774 quod
1385 3705 1495 3774 jam
1528 3704 1683 3772 fecit;
1723 3705 1819 3761 sed
1859 3715 1916 3761 ut
1956 3707 2083 3763 boni

502 3793 778 3850 homines”
801 3794 989 3861 simus,
1009 3794 1150 3865 quod
1176 3810 1319 3849 nunc
1336 3796 1504 3865 gratia
1530 3810 1623 3850 sua
1651 3794 1812 3852 facit:
1840 3806 1899 3852 ut
1917 3798 2083 3855 simus

503 3886 556 3939 in
587 3885 799 3941 Christo
818 3883 945 3940 Jesu
983 3899 1117 3939 nova
1142 3893 1383 3940 creatura
1416 3884 1612 3957 (Galat.
1639 3903 1713 3956 vt,
1741 3888 1858 3960 15),
1888 3902 2083 3945 secun-

501 3975 626 4029 dum
679 3975 821 4046 quod
868 3975 1067 4030 dictum
1108 3985 1224 4041 est,
1278 3976 1376 4031 Cor
1420 3978 1663 4032 mundum
1713 3995 1829 4034 creo
1878 3980 1933 4034 in
1980 3997 2083 4049 me,

500 4066 640 4122 Deus
686 4066 705 4136 (
742 4066 886 4122 Psal.
912 4082 965 4135 ι,
1001 4066 1070 4121 12
1095 4066 1136 4138 ).
1164 4066 1348 4138 Neque
1372 4069 1514 4124 enim
1538 4084 1633 4125 cor
1661 4070 1796 4141 ejus,
1819 4079 2077 4143 quantum

502 4160 733 4229 pertinet
754 4157 822 4214 ad
836 4166 1077 4214 naturam
1094 4158 1269 4215 cordis
1298 4159 1538 4229 humani,
1568 4160 1791 4232 nonjam
1807 4171 2086 4219 creaverat

501 4250 643 4307 Deus
670 4252 713 4305 ³.
2026 4272 2031 4273 ί

573 4341 801 4400 CAPUT
837 4341 1059 4398 XXXII.
1099 4372 1172 4385 ——
1208 4343 1352 4399 Bona
1375 4345 1608 4400 voluntas
1631 4362 1663 4400 a
1689 4345 1816 4401 Deo.
1845 4346 1975 4402 Item
2014 4361 2083 4404 ne

503 4433 802 4505 quisquam,
830 4433 931 4489 etsi
959 4449 1067 4490 non
1102 4434 1170 4491 de
1194 4436 1467 4507 operibus,
1494 4435 1562 4491 de
1592 4436 1708 4507 ipso
1739 4436 1997 4508 glorietur
2020 4438 2086 4493 li-

502 4523 634 4581 bero
682 4524 903 4581 arbitrio
954 4525 1258 4593 voluntatis,
1305 4535 1556 4598 tanquam
1602 4527 1671 4582 ab
1707 4527 1822 4597 ipso
1869 4529 2086 4599 incipiat

503 4617 783 4682 meritum,
822 4616 908 4671 cui
942 4624 1190 4687 tanquam
1215 4618 1451 4673 debitum
1488 4616 1743 4672 reddatur
1784 4618 2082 4687 praemium,

504 4707 641 4762 bene
665 4706 920 4777 operandi
958 4709 1071 4776 ipsa
1098 4708 1350 4773 libertas;
1392 4707 1574 4762 audiat
1613 4708 1859 4764 eumdem
1901 4710 2086 4779 gratiae

506 4811 805 4867 praeconem
844 4795 1131 4863 dicentem,
1162 4796 1301 4851 Deus
1344 4806 1417 4851 est
1459 4798 1592 4851 enim
1636 4798 1726 4869 qui
1753 4808 1990 4870 operatur
2030 4800 2087 4854 in

507 4886 642 4940 vobis
669 4896 716 4940 et
749 4884 874 4941 velle
900 4894 947 4940 et
982 4887 1203 4957 operari,
1235 4904 1327 4957 pro
1357 4887 1488 4942 bona
1524 4888 1783 4944 voluntate
1823 4889 2081 4963 (Philipp.

506 4991 564 5041 ιι,
605 4976 718 5047 15).
750 4975 818 5029 Ει
846 4976 951 5030 alio
976 4977 1094 5031 Ioco
1121 4994 1135 5031 :
1166 4974 1334 5046 Igitur
1370 4993 1473 5031 non
1510 4977 1742 5043 volentis,
1785 4995 1941 5049 neque
1966 4997 2086 5034 cur-

506 5068 683 5133 rentis,
711 5065 799 5120 sed
822 5066 1101 5121 miserentis
1120 5075 1192 5121 est
1224 5066 1321 5121 Dei
1362 5066 1536 5139 (Rom.
1564 5084 1645 5134 ιι,
1675 5068 1786 5139 16).
1805 5068 1939 5125 Cum
1964 5085 2088 5140 pro-

508 5159 594 5214 eul
636 5156 817 5226 dubio,
845 5157 890 5213 si
931 5157 1094 5214 homo
1119 5158 1235 5229 ejus
1279 5161 1452 5217 artatis
1491 5168 1574 5217 est
1619 5170 1676 5216 ut
1722 5162 1929 5217 ratione
1976 5165 2086 5233 jam

512 5258 711 5318 utatur,
739 5264 843 5306 non
871 5251 1041 5321 possit
1065 5251 1308 5321 credere,
1338 5266 1574 5323 sperare,
1600 5254 1840 5326 diligere,
1865 5255 1966 5311 nisi
1997 5272 2089 5314 ve-

573 5383 591 5415 ⁸
626 5383 700 5434 sic
724 5389 826 5453 Am.
848 5389 923 5434 Er.
949 5391 1273 5453 Dan..Arn._et
1289 5384 1471 5453 aliquot
1495 5395 1599 5437 Mss.
1625 5387 1709 5453 alii
1734 5388 1959 5453 plerique
1976 5404 2086 5443 cum

507 5450 640 5515 t_.ov_.,
661 5451 857 5515 propter
890 5452 1023 5515 recte
1065 5445 1182 5510 facti
1205 5445 1461 5515 licentiam.
1486 5450 1721 5512 Nonnulli,
1734 5445 1935 5515 propter
1956 5459 2086 5515 recte

1049 5505 1329 5572 Legendum
1350 5511 1571 5573 videtur,
1607 5505 1801 5575 propter
1825 5505 1952 5565 recte
1974 5514 2090 5578 facti

529 5581 769 5618 wenumn.

571 5634 592 5696 ξ
630 5640 746 5696 vox,
764 5629 1125 5696 homineghinc
1139 5633 1279 5683 abest
1295 5634 1343 5681 in
1367 5632 1550 5696 aliquot
1583 5637 1932 5696 manuscriptis.

574 5693 595 5724 ³
619 5694 750 5755 Apud
771 5700 884 5756 Lov.
904 5693 1110 5756 additur,
1128 5697 1213 5745 sed
1234 5693 1580 5745 renovationem
1612 5696 1785 5747 emittite
1801 5693 2093 5750 demorantis

507 5765 560 5802 in
577 5757 722 5823 corde
739 5755 976 5818 Propheta
998 5756 1219 5823 postulat.
1242 5757 1540 5823 Manifestum
1568 5757 1829 5820 glossema,
1853 5763 1981 5823 quod
2007 5775 2095 5811 ex-

511 5816 1008 5930 ἓὲιηόἔῐὲιιιᾟῖξιθωιῐι
1030 5819 1245 5874 codicum
1266 5816 1594 5884 auctoritate;
1605 5828 1657 5873 et
1693 5816 1955 5874 editionum
1991 5831 2090 5874 Am.

995 393 1445 459 ENCIIIRIDION,
1488 390 1645 449 SIVE
1678 390 1768 446 DE
1806 351 1987 457 FIDE,
2027 384 2152 443 SPE
2189 384 2279 442 ET
2318 385 2814 455 CIIARITATE,S.
2855 383 3218 443 AUGUSTINI
3358 417 3369 426 -
3422 402 3423 405 η
3638 380 3728 443 248
3757 414 3770 423 ρ

2187 499 2269 567 lit,
2316 515 2415 556 nec
2465 501 2743 569 pervenire
2779 500 2845 555 ad
2898 500 3126 569 palmam
3171 510 3414 567 supernae
3464 497 3731 556 vocationis

2185 591 2305 659 Dei,
2333 592 2437 647 nisi
2462 593 2734 648 voluntate
2753 593 3047 648 cucurrerit
3075 589 3330 662 (Philipp.
3360 607 3439 656 ιιι,
3473 590 3582 664 Il).
3605 592 3732 658 Quo-

2134 695 2137 701 '
2185 683 2346 739 modo
2370 699 2497 756 ergo
2522 702 2623 739 non
2647 673 2876 751 volentis,
2900 700 3055 749 neque
3083 683 3348 749 currentis,
3369 682 3456 735 sed
3480 682 3733 740 miserentis

2185 784 2258 830 est
2287 774 2404 842 Dei,
2436 775 2535 831 nisi
2565 776 2682 846 quia
2706 785 2760 831 et
2785 776 2895 845 ipsa
2936 775 3190 841 voluntas,
3214 774 3350 829 sicut
3372 773 3621 843 scriptum
3646 784 3734 841 est,

2186 882 2219 919 a
2266 866 2487 920 Domino
2514 876 2827 939 praeparatur
2872 865 3052 940 (Prov.
3099 881 3211 931 vttt,
3260 865 3350 933 35,
3398 881 3501 921 sec.
3550 864 3737 935 LXX)?

2187 955 2435 1026 Alioquin
2462 957 2506 1011 si
2535 964 2818 1026 pr0pterea
2847 956 3043 1011 dictum
3073 963 3178 1023 est,
3204 954 3325 1009 Non
3355 955 3582 1022 volentis,
3603 972 3739 1026 neque

2189 1048 2454 1115 canentis,
2474 1047 2564 1103 sed
2589 1048 2867 1102 miserentis
2909 1056 2983 1101 est
3022 1047 3139 1114 Dei,
3172 1047 3294 1117 quia
3322 1062 3390 1101 ex
3418 1053 3638 1115 utroque
3671 1045 3737 1112 ﬁt,

2188 1137 2242 1192 id
2282 1146 2386 1204 est,
2413 1146 2468 1192 et
2497 1137 2764 1193 voluntate
2789 1137 3040 1203 hominis,
3072 1144 3126 1191 et
3152 1137 3521 1193 misericordia
3550 1136 3670 1201 Dei;
3697 1145 3742 1191 ut

2187 1229 2266 1285 sic
2294 1230 2490 1285 dictum
2530 1231 2868 1301 accipiamus,
2893 1230 3015 1285 Non
3042 1229 3273 1297 volentis,
3303 1246 3459 1300 neque
3500 1231 3740 1295 currentis,

2188 1322 2277 1377 sed
2307 1323 2585 1378 miserentis
2602 1332 2679 1379 est
2700 1323 2817 1389 Dei,
2840 1332 3088 1394 tanquam
3112 1322 3399 1391 diceretur,
3425 1321 3545 1377 Non
3574 1321 3745 1378 sufﬁcit

2188 1413 2301 1468 sola
2329 1414 2572 1469 voluntas
2602 1413 2851 1479 hominis,
2877 1414 2922 1469 si
2963 1429 3069 1469 non
3096 1414 3165 1468 sit
3194 1414 3356 1470 etiam
3399 1413 3746 1469 misericordia

2189 1502 2329 1558 Dei:
2361 1518 2467 1560 non
2509 1517 2637 1574 ergo
2678 1503 2873 1559 sufﬁcit
2903 1511 2957 1559 et
2993 1503 3107 1560 sola
3155 1503 3522 1559 misericordia
3564 1503 3672 1570 Dei,
3709 1503 3747 1559 si

2188 1607 2298 1648 non
2326 1592 2396 1648 sit
2423 1592 2582 1648 etiam
2604 1593 2855 1649 voluntas
2888 1592 3121 1649 hominis
3150 1610 3163 1647 ε
3191 1608 3254 1648 ac
3282 1609 3379 1663 per
3406 1593 3515 1649 hoc
3536 1594 3581 1648 si
3622 1604 3748 1650 recte

2188 1682 2390 1739 dictum
2419 1693 2521 1751 est,
2553 1683 2674 1739 Non
2712 1686 2920 1740 volentis
2968 1684 3219 1751 hominis,
3260 1685 3350 1740 sed
3387 1686 3661 1741 miserentis
3689 1692 3750 1740 est

2188 1774 2301 1842 Dei,
2335 1776 2457 1846 quia
2484 1776 2536 1830 id
2566 1777 2812 1832 voluntas
2842 1778 3072 1833 hominis
3110 1777 3223 1832 sola
3261 1793 3369 1834 non
3407 1778 3628 1848 implet;
3669 1792 3750 1833 cur

2187 1880 2295 1921 non
2314 1874 2370 1922 et
2383 1881 2414 1923 e
2433 1869 2699 1923 contrario
2712 1877 2854 1924 recte
2868 1867 3079 1935 dicitur,
3098 1868 3211 1923 Non
3230 1869 3459 1924 miseren
3467 1870 3536 1923 tis
3550 1876 3631 1925 est
3648 1868 3749 1937 Dei,

2188 1958 2281 2014 sed
2307 1959 2534 2015 volentis
2570 1969 2653 2016 est
2696 1960 2947 2027 hominis,
2993 1962 3116 2031 quia
3168 1962 3220 2015 id
3268 1961 3629 2017 misericordia
3670 1960 3751 2016 Dei

2187 2048 2301 2104 sola
2328 2064 2433 2105 non
2474 2050 2699 2121 implet?
2726 2051 2895 2107 Porro
2934 2054 2979 2106 si
3025 2051 3201 2107 nullus
3232 2051 3413 2107 dicere
3450 2051 3751 2108 cbristianus

2188 2140 2422 2210 audebit,
2450 2142 2567 2197 Non
2596 2144 2897 2199 miserentis
2926 2152 3009 2198 est
3035 2143 3150 2211 Dei,
3176 2142 3271 2198 sed
3309 2144 3538 2199 volentis
3568 2153 3649 2200 est
3670 2143 3753 2198 ho-

2183 2233 2363 2299 minis,
2405 2249 2475 2289 ne
2516 2236 2775 2304 Apostolo
2816 2234 3149 2305 apertissime
3194 2237 3555 2304 contradicat;
3605 2245 3754 2293 restat

2188 2333 2246 2376 ut
2271 2333 2551 2393 propterea
2596 2334 2739 2381 recte
2780 2326 2980 2381 dictum
3017 2327 3359 2397 intelligatur,
3388 2329 3511 2383 Non
3535 2328 3753 2392 volentis,

2184 2430 2345 2484 neque
2362 2415 2626 2482 currentis,
2658 2416 2748 2471 sed
2773 2417 3052 2472 miserentis
3091 2427 3162 2473 est
3187 2417 3304 2486 Dei,
3346 2428 3405 2475 ut
3441 2428 3617 2475 totum
3660 2419 3756 2473 Deo

2187 2503 2362 2571 detur,
2396 2505 2484 2574 qui
2535 2504 2767 2561 hominis
2794 2507 3122 2563 voluntatem
3170 2508 3363 2563 bonam
3413 2516 3469 2567 et
3506 2516 3760 2579 praeparat

2186 2594 2559 2665 adjuvandam,
2583 2606 2640 2651 et
2674 2596 2888 2667 adjuvat
2918 2607 3291 2669 praeparatam.
3333 2600 3600 2656 Praecedit
3635 2604 3761 2656 enim

2185 2686 2325 2743 bona
2374 2686 2618 2742 voluntas
2665 2687 2896 2744 hominis
2946 2688 3112 2744 multa
3160 2688 3256 2745 Dei
3305 2689 3473 2758 dona,
3521 2691 3623 2746 sed
3670 2705 3761 2746 non

2187 2781 2364 2837 omnia
2389 2798 2402 2834 :
2432 2795 2550 2851 qua:
2593 2788 2772 2836 autem
2801 2795 2907 2837 non
2937 2780 3197 2853 przecedit
3225 2782 3361 2852 ipsa,
3395 2782 3451 2836 in
3490 2781 3574 2837 eis
3603 2791 3692 2841 est
3719 2788 3761 2837 et

2186 2874 2319 2944 ipsa.
2349 2872 2481 2928 Nam
2510 2882 2795 2944 utrumque
2833 2873 3026 2944 legitur
3067 2875 3119 2928 in
3161 2874 3359 2929 sanctis
3396 2872 3662 2943 eloquiis;
3691 2881 3757 2940 et,

2186 2964 2538 3021 Misericordia
2575 2966 2684 3034 ejus
2719 2965 2983 3035 praeveniet
3008 2980 3087 3019 me
3122 2963 3297 3036 (Psal.
3343 2980 3493 3033 Lvm,
3526 2966 3652 3037 il);
3692 2973 3755 3030 et,

2134 3074 2139 3079 ν
2186 3056 2539 3111 Misericordia
2576 3057 2687 3126 ejus
2713 3056 3038 3125 subsequetur
3083 3072 3162 3109 me
3188 3054 3358 3126 (Psal.
3387 3072 3525 3123 χχιι,
3549 3058 3628 3131 6).
3662 3057 3757 3115 Νο-

2187 3150 2384 3205 lentem
2414 3148 2691 3219 praevenit,
2723 3158 2783 3203 ut
2812 3148 2969 3213 velit;
3001 3147 3270 3203 volentem
3308 3148 3668 3220 subsequitur,
3698 3168 3755 3208 ne

2186 3240 2381 3295 frustm
2401 3238 2546 3295 velit.
2567 3236 2672 3294 Cur
2693 3239 2837 3295 enim
2865 3238 3217 3295 admonemur
3240 3253 3397 3296 orare
3416 3257 3513 3311 pro
3536 3242 3749 3301 inimicis

2187 3334 2383 3388 nostris
2410 3330 2620 3405 (Matth.
2648 3348 2702 3400 ν,
2732 3332 2848 3403 44),
2879 3333 3059 3402 utique
3097 3333 3401 3389 nolentibus
3442 3335 3532 3405 pie
3568 3338 3754 3407 vivere,

2187 3424 2291 3479 nisi
2316 3431 2374 3479 ut
2406 3424 2547 3479 Deus
2572 3425 2626 3478 in
2652 3423 2758 3479 illis
2783 3433 3034 3494 operetur
3057 3433 3113 3481 et
3146 3426 3361 3483 velle“?
3400 3427 3641 3502 Itemque
3672 3446 3755 3488 cur

2187 3516 2536 3573 admonemur
2559 3525 2743 3586 petere
2769 3525 2825 3572 ut
2852 3518 3173 3589 accipiamus
3202 3518 3313 3591 (Id.
3343 3536 3436 3587 vn,
3476 3523 3561 3596 7),
3593 3525 3685 3579 nisi
3706 3532 3758 3580 ut

2188 3609 2255 3664 ab
2280 3609 2371 3664 illo
2415 3609 2505 3663 ﬁat
2528 3608 2668 3678 quod
2695 3610 2958 3679 volumus,
2986 3626 3018 3666 a
3054 3627 3159 3682 quo
3195 3613 3389 3670 factum
3430 3625 3517 3671 est
3560 3627 3619 3673 ut
3644 3617 3757 3673 veli-

2188 3700 2348 3754 mus?
2372 3699 2597 3754 Oramus
2642 3716 2769 3772 ergo
2811 3717 2908 3772 pro
2946 3701 3174 3759 inimicis
3214 3705 3432 3775 nostris,
3456 3716 3522 3763 ut
3552 3710 3753 3769 (miseri-

2188 3792 2368 3849 cordia
2396 3792 2490 3848 Dei
2519 3794 2810 3863 praeveniat
2835 3809 2949 3861 eos,
2978 3795 3115 3851 sicut
3134 3797 3391 3866 praevenit
3414 3808 3471 3855 et
3498 3816 3597 3857 nos
3617 3820 3630 3855 :
3652 3816 3755 3857 ora-

2189 3898 2308 3939 mus
2332 3892 2508 3939 autem
2539 3900 2637 3956 pro
2662 3885 2837 3954 nobis,
2860 3896 2918 3941 ut
2944 3886 3311 3943 misericordia
3335 3888 3448 3960 ejus
3469 3893 3754 3965 subsequa-

2190 3976 2276 4023 llll'
2306 3982 2426 4024 nos.

2258 4059 2485 4115 CAPUT
2522 4060 2762 4115 XXXIII.
2802 4090 2874 4102 —
2910 4060 2998 4118 I0.
3044 4061 3289 4120 Homines
3316 4074 3462 4121 natos
3489 4083 3658 4123 omnes
3678 4067 3755 4121 ira

2189 4151 2325 4221 ﬁlios
2352 4152 2547 4223 eguisse
2572 4153 2949 4209 reconciliatore
2972 4152 3196 4212 Christo.
3240 4155 3333 4212 Ira
3360 4156 3458 4213 Dei
3499 4161 3639 4233 quid.
3666 4159 3754 4215 Tc-

2188 4244 2418 4300 nebatur
2455 4246 2634 4317 itaque
2670 4245 2813 4316 justa
2856 4245 3197 4306 damnatione
3245 4264 3412 4320 genus
3456 4251 3751 4317 humanum,

2189 4342 2245 4392 et
2273 4350 2460 4392 omnes
2496 4344 2648 4392 erant
2692 4338 2786 4393 irae
2834 4338 2946 4394 ﬁlii.
2992 4339 3070 4396 De
3110 4356 3215 4411 qua
3242 4340 3321 4397 ira
3349 4342 3605 4413 scriptum
3646 4350 3749 4399 est:

2193 4429 2444 4495 Quoniam
2469 4445 2640 4485 omnes
2660 4430 2766 4485 dies
2792 4430 2952 4486 nostri
2975 4431 3284 4505 defecerunt,
3306 4444 3354 4488 et
3391 4435 3443 4488 in
3469 4437 3551 4491 ira
3575 4446 3655 4491 tua
3677 4434 3752 4488 de-

2192 4525 2435 4593 fecimus;
2472 4522 2595 4575 anni
2630 4523 2788 4577 nostri
2812 4523 2942 4577 sicut
2978 4539 3169 4578 aranea
3195 4525 3572 4582 meditabantur
3598 4524 3750 4601 (Psal.

2192 4629 2424 4681 LXXXIX,
2447 4613 2529 4684 9).
2553 4614 2628 4669 De
2671 4629 2774 4685 qua
2800 4614 2879 4669 ira
2929 4615 3060 4673 dicit
3093 4618 3251 4674 etiam
3282 4618 3415 4676 Job:
3443 4619 3613 4676 Homo
3636 4620 3751 4674 enim

2191 4711 2425 4791 natus.”
2444 4704 2671 4771 muliere,
2689 4704 2848 4760 brevis
2876 4707 2989 4761 vitae
3015 4716 3061 4761 et
3089 4708 3267 4778 plenus
3291 4709 3383 4764 ira
3408 4709 3465 4781 (1
3468 4712 3531 4766 ob
3556 4727 3660 4777 xw,
3682 4707 3748 4779 1).

2194 4793 2271 4848 De
2299 4807 2403 4863 qua
2432 4792 2509 4848 ira
2537 4793 2667 4849 dicit
2693 4803 2743 4851 et
2772 4795 3027 4853 Dominus
3058 4797 3251 4855 Jesus:
3283 4799 3381 4866 Qui
3406 4804 3568 4857 credit
3595 4803 3645 4855 in
3672 4798 3752 4853 Fi-

2193 4883 2340 4949 lium,
2372 4882 2517 4938 habet
2549 4885 2701 4939 vitam
2742 4895 3018 4955 wternam;
3061 4891 3148 4960 qui
3174 4899 3341 4945 autem
3384 4908 3485 4947 non
3529 4892 3676 4947 credit
3706 4890 3750 4943 in

2194 4974 2410 5044 Filium,
2454 4993 2554 5031 non
2596 4977 2740 5033 habet
2787 4979 2991 5047 vitam’,
3031 4980 3120 5036 sed
3157 4982 3235 5035 ira
3274 4980 3373 5039 Dei
3414 4993 3583 5039 manet
3620 4993 3754 5051 super

2195 5085 2308 5124 eum
2359 5069 2540 5138 (Joan.
2591 5085 2670 5138 ιιι,
2696 5071 2785 5143 56)
2833 5090 2848 5128 :
2890 5088 2997 5128 non
3024 5074 3120 5141 ait,
3159 5075 3369 5142 veniet;
3417 5076 3532 5143 sed,
3583 5080 3748 5129 ntanu.

2194 5155 2326 5214 Cum
2349 5160 2448 5215 hac
2474 5161 2867 5231 quippeomnis
2894 5163 3054 5220 homo
3081 5166 3335 5223 nascitur.
3376 5167 3602 5238 Propter
3626 5159 3752 5236 quod

2196 5248 2323 5306 dicit
2360 5251 2682 5320 Apostolus:
2715 5251 2932 5309 Fuimus
2955 5256 3087 5310 enim
3111 5265 3158 5310 et
3182 5274 3275 5312 nos
3311 5267 3495 5312 natura
3533 5257 3627 5327 ﬁlii
3655 5256 3749 5319 ira,

2196 5342 2323 5396 sicut
2351 5349 2398 5397 et
2425 5344 2592 5399 caeteri
2620 5344 2835 5416 (Ephes.
2878 5362 2938 5416 ιι,
2968 5349 3044 5418 5).
3091 5349 3147 5404 1η
3189 5350 3291 5406 hac
3327 5351 3404 5406 ira
3445 5365 3566 5406 cum
3592 5352 3752 5404 essent

2197 5432 2441 5490 homines
2486 5450 2582 5505 per
2627 5436 2882 5506 originale
2928 5448 3227 5509 peccatum,
3264 5448 3417 5497 tanto
3466 5440 3671 5512 gravius
3709 5442 3755 5491 ct

2198 5526 2566 5596 perniciosius,
2594 5538 2792 5599 quanto
2827 5529 3030 5600 majora
3060 5533 3142 5588 vel
3172 5533 3327 5603 plura
3357 5533 3574 5607 insuper
3614 5528 3750 5586 addi-

2204 5642 2279 5712 ,ηε
2304 5644 2377 5691 sic
2393 5650 2493 5712 Am.
2525 5649 2602 5691 Er.
2626 5649 2741 5712 Dan.
2769 5651 2822 5694 et
2840 5651 2947 5695 Mss.
2974 5652 3030 5696 At
3059 5654 3167 5697 Lov.
3193 5655 3245 5699 et
3262 5657 3396 5711 Arn.,
3435 5649 3527 5700 nis:
3558 5655 3680 5697 Deus
3712 5650 3753 5691 τι

2196 5700 2295 5753 illis
2315 5711 2533 5766 operetur
2557 5712 2608 5754 ut
2630 5704 2785 5755 velint.

2263 5766 2437 5839 '_I~_:diti,
2470 5778 2563 5815 non
2586 5766 2889 5839 habetvitam
2911 5774 3157 5839 ademerit.
3184 5778 3240 5821 at
3261 5780 3369 5822 Mss.
3391 5768 3645 5839 Evangelio
3658 5776 3757 5839 conj

2263 5786 2282 5795 -
2300 5786 2437 5825 nutu,
2470 5786 2563 5815 nun
2586 5786 2724 5817 navet
2745 5786 2889 5818 vuum
2911 5786 3157 5821 a'tcrmnn.
3184 5786 3240 5821 At
3262 5786 3369 5822 MSS.
3392 5786 3514 5823 evan
3552 5786 3645 5821 eno
3658 5786 3757 5819 COII‘

2200 5828 2568 5891 sentiunt,_nec
2604 5838 2837 5891 repetunt
2868 5831 2957 5879 hoc
2981 5831 3100 5890 loco,
3126 5839 3393 5884 retentam:
3419 5848 3483 5882 ex
3628 5832 3758 5884 etiam

2207 5889 2419 5939 nonnulli
2440 5888 2595 5944 futuro
2620 5888 2839 5955 tempore
2860 5892 3040 5957 ferunt,
3066 5888 3157 5946 non
3178 5894 3545 5972 habebtt‘ritam.
3749 5930 3769 5989 ἐ

2407 6032 2495 6055 ..καφ
