3896 6382
280 360 385 423 249

282 482 494 542 derant.
526 474 880 533 necessarius
922 476 1041 530 erat
1080 470 1355 537 mediator,
1388 469 1490 525 hoc
1526 476 1607 525 est
1634 471 1878 528 reconci-

276 575 463 640 liator,
487 572 587 643 qui
615 570 761 625 hanc
799 571 937 623 iram
966 564 1209 621 sacriﬁcii
1249 563 1550 635 singularis,
1579 564 1732 633 cujus
1757 579 1881 618 um-

271 666 390 721 bra:
411 663 605 720 omnia
631 660 898 718 sacriﬁcia
926 659 1082 729 Legis
1105 666 1162 712 et
1185 654 1592 724 Prophetarum,
1614 654 1881 711 oblatione

267 759 546 830 placaret.
580 752 735 810 Unde
759 751 891 807 dicit
917 748 1240 820 Apostolus:
1276 747 1337 803 Si
1366 747 1499 802 enim
1545 762 1660 800 cum
1686 745 1881 800 inimici

264 863 529 911 essemus,
557 843 875 900 reconciliati
902 857 1076 896 sumus
1102 840 1212 893 Deo
1241 855 1331 908 per
1351 845 1559 892 mortem
1588 835 1714 890 Filii
1744 836 1876 907 ejus,

263 942 439 995 multo
469 938 643 1008 magis
686 931 994 989 reconciliati
1041 947 1176 985 nunc
1218 930 1271 984 in
1316 929 1562 1001 sanguine
1597 929 1705 998 ejus
1754 927 1879 981 salvi

267 1034 470 1087 erimus
499 1031 567 1084 ab
591 1031 671 1082 ira
700 1043 788 1098 per
822 1026 990 1095 ipsum
1020 1023 1196 1096 (Rom.
1227 1038 1281 1090 ν,
1311 1021 1399 1086 10,
1426 1020 1504 1093 9).
1543 1020 1673 1075 Cum
1700 1028 1876 1075 autem

269 1123 429 1179 Deus
452 1120 619 1176 irasci
646 1116 856 1184 dicitur,
883 1131 988 1172 non
1016 1116 1137 1185 ejus
1171 1115 1498 1185 signiﬁcatur
1529 1112 1874 1184 perturbatio,

267 1212 455 1283 qualis
482 1210 654 1266 estin
682 1208 860 1263 animo
903 1207 1183 1263 irascentis
1227 1205 1495 1269 hominis;
1544 1202 1637 1259 sed
1666 1218 1732 1258 ex
1774 1203 1876 1257 hu-

263 1306 457 1361 manis
484 1303 723 1359 motibus
751 1302 1005 1358 translato
1030 1300 1308 1368 vocabulo,
1334 1299 1568 1356 vindicta
1596 1298 1730 1369 ejus,
1755 1312 1874 1368 qum

263 1416 384 1456 non
417 1399 530 1454 nisi
554 1397 697 1467 justa
721 1404 823 1461 est,
850 1395 944 1450 ine
975 1408 1170 1449 nomen
1188 1392 1415 1464 accepit.
1442 1391 1595 1459 Quod
1624 1405 1752 1461 ergo
1780 1403 1878 1459 per

265 1490 644 1548 mediatorem
692 1487 1096 1544 reconciliamnr
1126 1486 1255 1553 Deo,
1282 1493 1336 1541 et
1377 1484 1667 1552 accipimus
1703 1481 1874 1551 Spiri-

266 1592 393 1638 tum
441 1591 711 1648 sanctum,
742 1589 800 1635 ut
836 1596 900 1637 ex
944 1579 1172 1635 inimicis
1215 1577 1509 1634 efﬁciamur
1547 1575 1675 1631 ﬁlii:
1710 1574 1874 1641 Quot-

268 1687 401 1746 quot
434 1677 573 1731 enim
612 1675 813 1745 Spiritu
855 1672 955 1728 Dei
1002 1681 1243 1743 aguntur,
1266 1672 1319 1725 Iri
1358 1670 1455 1740 ﬁlii
1474 1677 1590 1723 sunt
1618 1666 1716 1721 Dei
1761 1665 1870 1736 (Id.

268 1785 401 1835 vin,
435 1768 529 1839 14)
557 1785 570 1821 :
603 1768 719 1821 haec
756 1773 841 1821 est
866 1765 1037 1836 gratia
1084 1764 1177 1820 Dei
1230 1777 1328 1835 per
1373 1762 1556 1817 Jesum
1602 1758 1873 1815 Christum

274 1861 578 1915 Dominum
606 1866 868 1913 nostrum.

356 1947 591 2004 CAPUT
650 1945 888 2002 XXXIV.
944 1976 1015 1986 —
1060 1942 1287 2001 Christus
1335 1943 1582 1998 mediator
1629 1940 1874 2007 ine/fabili

291 2040 460 2096 Verbi
489 2039 823 2093 incarnatione
865 2047 1012 2092 natus
1040 2053 1103 2091 ea:
1148 2035 1337 2090 Maria.
1370 2034 1557 2090 Contra
1600 2031 1873 2102 Apollina-

287 2132 477 2185 ristas.
507 2130 584 2184 De
608 2144 713 2199 quo
738 2128 1021 2183 mediatore
1059 2128 1275 2197 longum
1318 2134 1421 2192 est,
1452 2134 1511 2180 ut
1551 2135 1743 2195 quanta
1789 2122 1872 2177 di-

278 2236 460 2293 gnum
501 2228 615 2285 est,
659 2227 797 2274 tanta
834 2219 1094 2286 dicantur,
1130 2218 1370 2288 quamvis
1411 2216 1478 2270 ah
1525 2216 1741 2270 homine
1768 2214 1873 2269 dici

274 2313 448 2381 digne
476 2313 493 2344 ¹
511 2328 621 2365 non
647 2311 868 2383 possint.
898 2311 1026 2380 Quis
1070 2311 1212 2366 enim
1242 2310 1345 2364 hoc
1369 2308 1542 2363 solum
1571 2321 1871 2377 congruen-

274 2403 431 2459 tibus
470 2402 705 2472 explicet
728 2400 924 2468 verbis,
958 2401 1098 2471 quod
1133 2399 1350 2455 Verbum
1386 2415 1504 2452 cara
1546 2401 1737 2470 factum
1778 2405 1870 2464 est,

272 2504 325 2549 et
366 2493 617 2547 habitavit
643 2493 697 2546 in
727 2493 869 2545 nobis
902 2491 1079 2563 (Joan.
1110 2507 1149 2559 ι,
1193 2493 1303 2562 14),
1342 2498 1403 2545 ιιι
1442 2489 1781 2545 crederemus
1818 2488 1873 2544 in

274 2588 377 2643 Dei
427 2587 602 2642 Patris
653 2587 1035 2656 omnipotentis
1080 2587 1295 2642 unicum
1341 2585 1531 2642 Filium
1584 2594 1765 2640 natum
1804 2585 1872 2641 de

274 2680 486 2751 Spiritu
525 2690 712 2735 sancto
738 2688 793 2735 et
836 2679 1001 2735 Maria
1027 2678 1363 2749 virgine?Ita
1400 2680 1597 2751 quippe
1636 2679 1870 2735 Verbum

272 2787 409 2828 caro
437 2772 638 2827 factum
666 2779 769 2839 est,
806 2786 837 2825 a
863 2771 1138 2827 divinitate
1176 2786 1337 2827 carne
1376 2780 1645 2841 suscepta,
1683 2786 1787 2825 non
1818 2771 1872 2826 in

274 2877 502 2918 carnem
529 2862 809 2918 divinitate
848 2873 1071 2919 mutata.
1103 2864 1333 2920 Carnem
1374 2879 1536 2935 porro
1565 2863 1652 2918 hic
1695 2865 1869 2919 homi-

279 2968 413 3009 nem
452 2954 708 3009 debemus
754 2956 1017 3026 accipere,
1061 2971 1089 3010 a
1128 2964 1279 3027 parte
1323 2964 1490 3011 totum
1537 2956 1871 3027 signiﬁcante

275 3047 596 3103 locutione:
627 3048 767 3103 sicut
813 3048 1012 3103 dictum
1073 3058 1173 3114 est,
1222 3048 1475 3115 Quoniam
1532 3065 1596 3103 ex
1636 3050 1871 3119 operibus

273 3138 436 3209 Legis
464 3156 566 3193 non
586 3140 950 3210 justi/imbitur
990 3140 1153 3195 omnis
1180 3157 1298 3195 caro
1338 3140 1511 3213 (Rom.
1552 3146 1630 3208 ιιι,
1669 3141 1784 3213 20),
1816 3141 1871 3197 id

274 3239 369 3286 est
398 3231 572 3285 omnis
600 3231 783 3286 homo.
828 3230 960 3285 Nam
988 3232 1118 3285 nihil
1159 3240 1363 3286 natura:
1410 3232 1657 3288 humanae
1687 3234 1739 3287 in
1782 3226 1871 3289 illa

272 3322 633 3391 susceptione
672 3321 751 3377 fas
784 3331 868 3377 est
894 3322 1072 3378 dicere
1109 3321 1376 3389 defuisse;
1424 3323 1517 3379 sed
1559 3334 1762 3380 naturae
1804 3326 1872 3381 ab

276 3414 435 3469 omni
463 3417 667 3485 peemti
694 3429 834 3470 nexu
864 3416 1010 3470 omni
1040 3415 1198 3470 modo
1224 3416 1406 3471 liberte
1437 3434 1451 3471 :
1482 3432 1587 3473 non
1614 3418 1786 3489 qualis
1804 3417 1872 3476 de

275 3514 517 3576 utroque
558 3521 691 3561 sexu
748 3508 981 3561 nascitur
1026 3523 1123 3577 per
1166 3509 1649 3579 concupiscentiam
1697 3511 1871 3566 carnis

277 3612 412 3652 cum
458 3597 777 3668 obligatione
812 3598 1017 3667 delicti,
1050 3600 1203 3671 cujus
1245 3610 1425 3657 reatus
1466 3603 1873 3673 regeneratione

276 3688 544 3755 diluitur;
597 3689 691 3744 sed
739 3690 947 3761 qualem
998 3692 1065 3746 de
1112 3692 1317 3763 virgine
1363 3692 1511 3748 nasci
1559 3694 1869 3764 oportebat,

271 3783 487 3853 quem’
532 3782 661 3838 ﬁdes
697 3785 900 3851 matris,
944 3800 1050 3840 non
1092 3785 1256 3842 libido
1295 3796 1649 3857 conceperat:
1681 3804 1787 3859 quo
1826 3788 1871 3844 si

269 3874 366 3929 vel
393 3884 647 3930 nascente
682 3885 1116 3947 corrumperetur
1140 3876 1257 3947 ejus
1295 3878 1590 3948 integritas,
1619 3894 1725 3935 non
1761 3880 1871 3950 jam

275 3966 375 4021 ille
398 3966 468 4021 de
495 3967 697 4036 virgine
726 3977 1064 4035 nasceretur;
1104 3984 1334 4040 eumque
1358 3970 1514 4038 falso,
1542 3971 1681 4042 quod
1709 3971 1866 4038 absit,

276 4066 468 4112 natum
495 4058 563 4113 de
592 4058 798 4129 virgine
840 4058 1004 4115 Maria
1051 4068 1163 4116 tota
1206 4059 1549 4117 conﬁteretur
1594 4062 1869 4129 Ecclesia;

278 4164 406 4219 quae
449 4149 666 4205 imitans
717 4150 834 4220 ejus
883 4159 1107 4207 matrem
1157 4153 1390 4224 quotidie
1447 4154 1582 4224 parit
1631 4156 1871 4211 membra

275 4239 422 4309 ejus,
469 4249 528 4296 et
569 4241 723 4312 virgo
767 4250 869 4297 cst.
921 4243 1079 4314 Lege,
1125 4244 1170 4299 si
1221 4244 1413 4315 placet,
1453 4245 1522 4302 de
1570 4248 1873 4318 virginitate

277 4339 488 4385 sancta:
537 4330 716 4387 Maria:
763 4348 911 4389 meas
958 4334 1195 4390 litteras'
1247 4336 1316 4391 ad
1366 4336 1627 4393 illustrem
1673 4339 1869 4407 virum,

276 4436 447 4491 quem
472 4436 597 4477 cum
637 4422 843 4481 honore
864 4439 929 4480 ae
961 4424 1245 4484 dilectione
1280 4429 1499 4486 nomino
1521 4429 1869 4488 Volusianum

280 4512 486 4586 (ερίει.
518 4514 667 4584 1⁵57).

353 4604 587 4661 CAPUT
626 4604 844 4662 XXXV.
882 4637 955 4649 —-
992 4607 1223 4665 Christus
1264 4610 1402 4667 Deus
1446 4613 1598 4668 simul
1626 4623 1674 4669 et
1698 4614 1871 4672 homo.

280 4695 479 4753 Contra
515 4715 735 4754 errorem
777 4701 865 4771 qui
891 4698 1114 4770 Leporii,
1143 4709 1190 4757 et
1235 4712 1406 4774 postea
1449 4703 1874 4762 Nestorianorum

280 4792 405 4862 fuit.
438 4791 671 4848 Proinde
698 4792 942 4849 Christus
977 4794 1134 4851 Jesus
1180 4796 1275 4852 Dei
1320 4795 1505 4864 Filius,
1533 4807 1616 4854 est
1638 4806 1695 4854 et
1732 4800 1874 4855 Deus

278 4894 338 4941 et
367 4885 591 4942 homo“.
636 4888 775 4945 Deus
802 4898 927 4946 ante
954 4891 1132 4946 omnia
1170 4891 1388 4960 saecula,
1421 4891 1582 4948 homo
1609 4893 1662 4949 in
1688 4902 1874 4950 nostro

279 4978 506 5033 saeculo.
553 4978 715 5046 Deus,
757 4981 880 5052 quia
932 4982 1026 5037 Dei
1067 4982 1337 5051 Verbum;
1387 4982 1526 5039 Deus
1574 4986 1718 5042 enim
1767 4996 1876 5041 erat

290 5066 517 5125 Verbum
565 5070 743 5143 (Joan.
775 5088 814 5139 ι,
845 5074 901 5144 1)
941 5091 956 5130 :
991 5074 1152 5130 homo
1196 5084 1393 5143 autem,
1425 5077 1548 5147 quia
1591 5079 1646 5133 in
1695 5078 1874 5134 unita-

281 5162 433 5216 tem“
452 5176 696 5232 persona:
721 5165 947 5222 accessit
962 5167 1138 5223 Verbo
1163 5168 1340 5224 anima
1362 5169 1637 5225 rationalis
1654 5179 1706 5228 ct
1726 5186 1873 5227 caro.

353 5272 373 5343 ξ
397 5279 448 5343 tn
462 5274 713 5338 plerisque
728 5282 858 5331 Mss.
874 5276 1039 5343 digna.

351 5335 374 5365 ³
397 5342 507 5406 hev.
533 5335 733 5406 etaim,
760 5335 997 5406 qu_am.'At
1012 5345 1144 5406 Mss,
1170 5354 1327 5406 quem.
1348 5344 1428 5393 His
1444 5343 1679 5395 accedunt
1700 5357 1762 5394 eo
1782 5343 1875 5397 loci

283 5404 390 5470 sm.
416 5404 491 5470 Er.
512 5405 566 5448 et
586 5404 722 5470 Βαιιά
864 5414 977 5470 mox
998 5400 1237 5454 recedunt
1269 5418 1298 5454 a
1328 5412 1435 5455 Mss.
1461 5406 1741 5470 habentque
1767 5422 1877 5459 cum

282 5462 623 5532 ωτι-(ειμι,
798 5460 841 5513 si
862 5461 936 5513 vel
958 5476 1044 5532 per
1066 5470 1352 5532 nascentem.

352 5520 374 5590 ξ
394 5521 532 5582 mm,
549 5520 683 5572 uaeas
705 5520 890 5574 litteras
1114 5527 1276 5587 Abest,
1300 5527 1486 5590 niissas,
1503 5541 1532 5579 a
1549 5536 1656 5580 Mss.

350 5582 375 5655 ξ
394 5590 496 5632 Am.
517 5591 727 5655 Earlier.
752 5595 863 5655 Arn.
891 5585 985 5636 Dei
1002 5586 1154 5638 Filius
1174 5595 1244 5655 est
1260 5582 1345 5655 λοι
1367 5582 1512 5655 Deus,
1552 5599 1598 5645 et
1614 5594 1752 5644 homo
1787 5600 1874 5646 est.

281 5649 985 5723 sititanmsAinterpunetionem
1006 5662 1180 5723 vocum
1207 5649 1375 5704 deleto
1396 5649 1570 5717 altero,
1602 5662 1689 5718 est,
1716 5666 1875 5709 aucto-

347 5719 430 5757 ate
452 5719 774 5771 quorumdam
790 5719 1237 5773 manuscriptorum.

347 5769 373 5841 ξ
394 5765 587 5841 Aliquot
602 5775 714 5841 pse.
734 5770 821 5841 hic
838 5778 891 5822 et
912 5773 1057 5836 infra,
1087 5772 1140 5825 in
1161 5776 1353 5829 unitate.
1369 5778 1463 5830 Sed
1479 5781 1753 5833 concinnior
1773 5782 1876 5834 vul-

278 5835 398 5900 (ab
432 5835 915 5896 muneratam.

1715 349 1918 409 LIBER
1956 349 2159 410 UNUS.
2736 332 2739 335 ’
2826 332 2831 337 ’
2928 353 3007 415 ιτς
3032 312 3065 337 ”

3452 358 3565 421 250

1986 469 2243 539 Quocirca
2273 460 2328 526 in
2366 478 2621 541 quantum
2666 473 2806 531 Deus
2837 482 2944 543 est,
2982 475 3100 548 ipse
3122 484 3177 534 et
3217 476 3376 536 Pater
3398 494 3565 539 unum

1983 571 2109 618 sunt
2132 562 2312 633 (Joan.
2336 580 2390 629 χ,
2414 563 2505 635 50)
2524 583 2538 620 :
2560 566 2613 621 in
2630 576 2881 637 quantum
2902 579 3091 627 autem
3109 570 3272 627 homo
3288 580 3387 640 est,
3409 573 3565 629 Pater

1982 654 2155 724 major
2182 662 2263 709 est
2305 655 2397 711 illo
2424 654 2533 726 (Id.
2571 672 2687 724 xrv,
2716 657 2831 731 28).
2860 659 2997 716 Cum
3026 662 3169 717 enim
3204 672 3349 720 esset
3378 665 3563 722 unicus

1983 745 2078 801 Dei
2122 745 2303 813 Filius,
2352 763 2458 804 non
2501 751 2690 820 gratia,
2738 752 2835 808 sed
2877 760 3087 821 natura,
3116 764 3176 811 ut
3211 765 3354 813 esset
3399 759 3560 815 etiam

1982 837 2174 908 plenus
2216 840 2407 910 gratia,
2438 840 2608 897 factus
2635 850 2720 898 est
2744 852 2800 899 et
2835 843 3067 901 hominis
3110 846 3285 903 ﬁlius:
3318 847 3564 919 idemque

1981 928 2096 999 ipse
2123 939 2411 1001 utrumque
2439 948 2505 988 ex
2530 943 2756 1005 utroque
2795 949 2931 991 unus
2965 936 3230 992 Christus.
3281 939 3412 1006 Quia
3444 956 3564 995 cum

1980 1020 2035 1075 in
2060 1021 2225 1091 forma
2262 1021 2359 1077 Dei
2387 1033 2532 1091 esset,
2560 1041 2663 1080 non
2704 1027 2941 1097 rapinam
2984 1026 3260 1083 arbitratus
3289 1038 3384 1095 est,
3414 1031 3553 1100 quod

1980 1124 2165 1170 natura
2193 1124 2326 1180 erat,
2355 1116 2409 1170 id
2437 1126 2539 1182 est,
2570 1133 2676 1172 esse
2713 1119 2923 1189 aequalis
2963 1119 3094 1175 Deo.
3125 1118 3423 1177 Exinanivit
3464 1136 3562 1176 au-

1980 1216 2089 1263 tem
2111 1224 2183 1276 se,
2211 1210 2462 1280 accipiens
2490 1211 2706 1280 formam
2734 1212 2862 1267 serui
2887 1211 3145 1284 (Philipp.
3166 1229 3222 1281 ιι,
3248 1213 3337 1269 6et
3350 1212 3431 1286 7),
3453 1228 3562 1270 non

1980 1300 2230 1356 amittens
2250 1301 2336 1356 vel
2360 1303 2610 1358 minuens
2636 1303 2862 1358 formam
2889 1303 3005 1358 Dei.
3033 1304 3111 1359 Ac
3141 1319 3239 1374 per
3258 1304 3359 1360 hoc
3384 1311 3437 1361 et
3464 1304 3564 1361 mi-

1979 1405 2079 1445 nor
2114 1401 2196 1447 est
2238 1391 2428 1461 factus,
2470 1402 2525 1449 et
2562 1394 2758 1450 mansit
2799 1395 3036 1465 aequalis,
3082 1402 3366 1466 utrumque
3396 1410 3558 1460 unus,

1980 1483 2115 1538 sicut
2148 1483 2348 1539 dictum
2387 1494 2469 1541 est
2500 1504 2514 1540 :
2554 1487 2649 1543 sed
2694 1487 2836 1542 aliud
2883 1496 3101 1560 propter
3122 1488 3377 1555 Verbum,
3416 1487 3563 1544 aliud

1978 1582 2198 1643 propter
2239 1575 2551 1631 hominem:
2584 1586 2800 1648 propter
2840 1578 3076 1635 Verbum
3122 1581 3340 1651 aequalis
3387 1580 3559 1649 Patri,

1978 1674 2194 1734 propter
2223 1665 2494 1722 hominem
2541 1668 2735 1725 minor.
2764 1669 2913 1726 Unus
2942 1671 3038 1727 Dei
3080 1670 3270 1740 Filius,
3313 1672 3562 1743 idemque

1978 1754 2210 1812 hominis
2238 1756 2411 1825 ﬁlius;
2439 1775 2577 1816 unus
2606 1760 2836 1816 hominis
2867 1761 3026 1829 ﬁlius,
3063 1762 3311 1833 idemque
3340 1764 3435 1819 Dei
3468 1763 3561 1818 Fi-

1977 1849 2077 1904 lius
2107 1867 2120 1904 :
2147 1866 2252 1905 non
2280 1851 2387 1907 duo
2429 1852 2522 1907 ﬁlii
2551 1854 2644 1909 Dei
2693 1854 2835 1909 Deus
2864 1862 2919 1909 et
2946 1854 3129 1920 homo,
3158 1855 3255 1911 sed
3293 1869 3433 1909 unus
3458 1854 3556 1911 Dei

1977 1943 2177 2010 Filius;
2211 1945 2351 2000 Deus
2380 1947 2496 2002 sine
2521 1947 2693 2015 initio,
2733 1948 2893 2003 homo
2929 1962 2961 2002 a
2989 1956 3138 2004 certo
3177 1947 3350 2016 initio,
3381 1948 3551 2004 Domi-

1977 2049 2079 2090 nus
2102 2044 2285 2091 noster
2310 2036 2466 2093 Jesns
2487 2039 2748 2094 Christus.

2047 2125 2271 2183 CAPUT
2299 2128 2540 2183 XXXVI.
2568 2160 2639 2170 -—
2664 2131 2752 2185 li.
2794 2130 2972 2185 Gratia
2996 2133 3344 2187 commendata
3378 2133 3433 2187 in
3463 2132 3560 2186 lio-

1977 2219 2111 2273 mine
2153 2219 2351 2275 Christo
2401 2220 2470 2275 ἁά
2513 2223 2806 2292 dignitatem
2848 2222 2975 2278 Filii
3020 2224 3117 2279 Dei
3161 2226 3315 2280 nullis
3370 2226 3560 2282 meritis

1977 2321 2156 2363 euecto.
2189 2310 2287 2365 Hic
2322 2312 2539 2367 omnino
2567 2313 2836 2383 granditer
2877 2323 2931 2370 et
2959 2314 3233 2371 evidenter
3267 2316 3361 2371 Dei
3390 2317 3559 2387 gratia

1977 2403 2397 2458 commendatur.
2430 2403 2566 2471 Quid
2609 2404 2751 2460 enim
2782 2413 2971 2461 natura
2998 2405 3229 2462 humana
3260 2406 3313 2461 in
3343 2405 3560 2462 homine

1976 2490 2190 2547 Christo
2233 2494 2443 2561 meruit,
2488 2505 2545 2550 ut
2582 2496 2638 2551 in
2670 2496 2924 2552 unitatem
2966 2512 3210 2568 personas
3252 2498 3399 2559 unici
3439 2497 3559 2553 Filii

1978 2568 2074 2639 Dei
2100 2584 2438 2655 singulariter
2462 2596 2606 2643 esset
2630 2590 2943 2660 assumpta?
2969 2590 3097 2658 Quae
3121 2590 3261 2645 bona
3290 2590 3558 2657 voluntas,

1976 2674 2127 2744 cujus
2154 2676 2279 2732 boni
2318 2679 2575 2748 propositi
2603 2679 2866 2747 studium,
2893 2696 3012 2750 quce
3050 2680 3190 2735 bona
3218 2695 3382 2751 opera
3416 2694 3560 2751 pra:-

1976 2776 2275 2834 cesserunt,
2301 2768 2492 2839 quibus
2519 2779 2817 2826 mereretur
2843 2770 2943 2826 iste
2970 2770 3132 2826 homo
3157 2786 3260 2826 una
3289 2771 3405 2826 ﬁeri
3434 2785 3558 2841 per-

1975 2868 2106 2910 sona
2136 2872 2256 2912 cum
2296 2858 2444 2914 Deo?
2467 2859 2733 2931 Numquid
2773 2869 2930 2916 antea
2959 2859 3059 2917 fuit
3086 2861 3271 2931 homo,
3299 2869 3354 2916 et
3382 2860 3484 2917 hoc
3509 2862 3562 2918 ei

1975 2947 2243 3019 singulare
2269 2949 2585 3007 beneﬁcium
2612 2953 2906 3023 prmstitum
2937 2962 3038 3019 est,
3070 2968 3193 3010 cum
3221 2954 3562 3025 singulariter

1975 3050 2373 3109 promereretur
2414 3042 2581 3097 Deum
2611 3043 2673 3097 ιῖ
2716 3043 2922 3115 Nempe
2971 3060 3039 3100 ex
3082 3059 3188 3115 quo
3231 3060 3352 3101 esse
3401 3045 3563 3101 homo

1977 3132 2159 3202 coepit,
2189 3147 2294 3187 non
2320 3134 2461 3189 aliud
2505 3136 2668 3205 ccepit
2690 3151 2808 3193 esse
2835 3136 2996 3193 homo
3019 3140 3041 3170 '
3063 3153 3221 3208 quam
3243 3138 3338 3194 Dei
3354 3139 3520 3193 Filius
3543 3153 3558 3205 ;

1975 3235 2030 3283 et
2068 3224 2168 3279 hoc
2207 3225 2427 3293 unicus,
2459 3234 2513 3281 et
2538 3236 2756 3297 propter
2793 3230 2962 3284 Deum
2991 3229 3259 3297 Verbum,
3289 3231 3431 3301 quod
3471 3231 3563 3286 illo

1976 3325 2223 3388 suscepto
2250 3331 2373 3372 caro
2401 3317 2598 3373 factum
2626 3326 2709 3374 est
2726 3361 2742 3387 ,
2784 3319 2964 3389 utique
2992 3320 3134 3376 Deus
3159 3338 3172 3374 :
3208 3329 3279 3376 ut
3306 3323 3563 3393 quemad-

1974 3409 2192 3465 modum
2221 3418 2303 3465 est
2329 3425 2432 3465 una
2470 3424 2699 3480 persona
2726 3412 2948 3482 quilibet
2977 3412 3140 3468 homo
3160 3454 3176 3480 ,
3205 3414 3384 3471 anima
3420 3416 3563 3472 scili-

1975 3511 2062 3559 cet
2098 3503 2373 3560 rationalis
2398 3512 2454 3559 et
2493 3520 2641 3573 caro,
2682 3505 2755 3560 ita
2790 3505 2861 3560 sit
2887 3504 3134 3562 Christus
3158 3523 3264 3563 una
3292 3523 3519 3580 persona
3540 3552 3557 3577 ,

1976 3592 2209 3648 Verbum
2226 3602 2281 3649 et
2299 3594 2481 3649 homo.
2504 3593 2657 3652 Unde
2674 3603 2877 3651 natura:
2896 3594 3143 3653 humana:
3164 3606 3309 3654 tanta
3329 3599 3498 3671 gloria
3516 3598 3559 3669 ⁸,

1975 3683 2136 3738 nullis
2156 3684 2580 3753 praecedentibus
2595 3685 2801 3748 meritis
2815 3686 2933 3741 sine
2953 3686 3286 3745 dubitatione
3307 3690 3557 3760 gratuita,

1976 3775 2082 3831 nisi
2110 3778 2233 3846 quia
2260 3793 2449 3849 magna
2480 3779 2565 3834 hic
2593 3788 2648 3835 et
2671 3780 2783 3835 sola
2803 3780 2902 3836 Dei
2927 3781 3096 3852 gratia
3124 3781 3351 3838 ﬁdeliter
3383 3791 3438 3840 et
3462 3798 3563 3840 so-

1974 3868 2091 3924 brie
2113 3868 2575 3926 considerantibus
2601 3871 2878 3928 evidenter
2914 3873 3215 3930 ostenditur
3232 3916 3249 3943 ,
3280 3884 3340 3930 ut
3364 3875 3563 3932 intelli-

1966 3969 2100 4037 gant
2136 3959 2381 4019 homines
2427 3977 2524 4033 per
2567 3964 2809 4021 eamdem
2851 3966 3076 4037 gratiam
3117 3982 3177 4024 se
3208 3967 3489 4039 justiﬁcari
3531 3984 3565 4027 a

1977 4053 2245 4122 peccatis,
2291 4069 2390 4123 per
2431 4069 2590 4125 quam
2632 4056 2829 4112 factum
2876 4066 2959 4114 est
3004 4067 3064 4115 ut
3107 4060 3270 4117 homo
3317 4061 3562 4120 Christus

1977 4144 2182 4199 nullum
2212 4146 2409 4201 habere
2438 4156 2621 4217 posset
2644 4150 2958 4219 peccatum?
2984 4150 3074 4208 Sic
3096 4162 3152 4209 et
3178 4154 3297 4223 ejus
3333 4164 3561 4211 matrem

1976 4236 2198 4305 angelus
2217 4238 2484 4307 salutavit,
2509 4240 2722 4307 quando
2742 4241 2791 4295 ei
2811 4240 3047 4297 futurum
3067 4244 3402 4301 annuntiavit
3422 4246 3564 4303 hunc

1977 4336 2229 4398 partum:
2273 4330 2409 4397 Ave,
2450 4330 2652 4401 inquit,
2691 4336 2859 4404 gratia
2892 4332 3064 4404 plena.
3113 4335 3183 4390 Et
3210 4336 3367 4406 paulo
3398 4346 3562 4407 post:

1975 4417 2251 4487 Invenisti,
2280 4421 2383 4488 ait,
2414 4423 2630 4493 gratiam
2659 4425 2798 4493 apud
2824 4424 2989 4479 Deum
3018 4423 3166 4496 (Luc.
3198 4440 3252 4495 ι,
3280 4426 3353 4482 28
3370 4436 3419 4481 et
3442 4426 3563 4499 30).

1977 4509 2047 4566 Et
2074 4512 2190 4567 haec
2217 4512 2431 4583 quidem
2453 4514 2623 4584 gratia
2647 4514 2824 4584 plena,
2852 4523 2907 4571 et
2933 4514 3201 4573 invenisse
3226 4517 3366 4587 apud
3393 4518 3562 4575 Deum

1975 4602 2197 4673 gratiam
2230 4604 2441 4671 dicitur,
2482 4614 2540 4661 ut
2566 4606 2775 4662 Domini
2800 4607 2919 4676 sui,
2952 4607 3059 4663 imo
3084 4608 3322 4664 omnium
3353 4611 3565 4668 Domini

1978 4701 2147 4747 mater
2162 4702 2322 4750 esset.
2344 4694 2422 4751 De
2442 4694 2558 4765 ipso
2574 4706 2750 4752 autem
2764 4696 2977 4754 Christo
2994 4698 3226 4756 Joannes
3245 4702 3566 4772 evangelista

1978 4796 2097 4837 cum
2123 4782 2371 4853 dixisset,
2400 4783 2470 4839 Et
2502 4784 2719 4841 Verbum
2744 4805 2863 4842 caro
2890 4789 3081 4858 factum
3102 4799 3210 4858 est,
3254 4800 3301 4846 et
3326 4792 3567 4847 habitavit

1977 4876 2031 4930 in
2055 4876 2235 4945 nobis;
2272 4875 2340 4931 Et
2369 4878 2615 4948 vidimus,
2657 4879 2855 4951 inquit,
2883 4880 3099 4952 gloriam
3132 4883 3243 4953 ejus
3265 4885 3409 4956 quasi
3447 4884 3567 4938 uni-

1978 4967 2131 5037 geniti
2158 4983 2191 5021 a
2230 4966 2422 5035 Patre,
2468 4968 2672 5040 plenum
2700 4971 2878 5041 gratia:
2907 4979 2955 5027 et
2978 4972 3219 5028 veritatis.
3261 4974 3414 5042 Quod
3459 4975 3566 5044 ait,

1993 5058 2207 5114 Verbum
2226 5076 2343 5114 caro
2362 5064 2550 5132 factum
2570 5069 2641 5116 est
2658 5079 2677 5127 ;
2704 5061 2808 5118 hoc
2825 5073 2927 5129 est,
2954 5063 3164 5134 plenum
3180 5067 3361 5138 gratiae
3383 5082 3403 5121 :
3425 5066 3568 5136 quod

1978 5152 2078 5218 ait,
2121 5152 2334 5223 gloriam
2359 5153 2603 5224 unigeniti
2638 5171 2671 5208 a
2701 5153 2893 5221 Patre;
2924 5155 3026 5213 hoc
3053 5165 3165 5224 est,
3196 5158 3399 5226 plenum
3433 5158 3567 5212 veri-

1981 5247 2116 5302 tatis.
2146 5245 2355 5301 Veritas
2380 5248 2574 5318 quippe
2600 5247 2712 5319 ipsa
2733 5288 2749 5315 ,
2783 5250 3083 5319 unigenitus
3109 5250 3202 5306 Dei
3230 5251 3392 5308 Filius
3411 5291 3427 5319 ,
3459 5266 3567 5308 non

1979 5338 2181 5409 gratia,
2227 5338 2323 5395 sed
2368 5348 2591 5409 natura,
2634 5340 2805 5412 gratia
2850 5342 3085 5414 suscepit
3122 5341 3390 5401 hominem
3424 5351 3569 5399 tanta

2046 5541 2063 5572 ι
2096 5539 2168 5589 sic
2194 5539 2385 5610 optimm2
2416 5545 2547 5610 notae
2579 5530 2885 5610 Remigia'nus
2917 5538 3071 5592 codex
3098 5546 3149 5610 et
3174 5539 3437 5610 Colhertini
3469 5538 3567 5610 duo

1980 5614 2095 5665 cum
2113 5599 2538 5665 uno_'e_vaticanis.
2566 5601 2649 5651 Alii
2674 5599 2790 5652 νει-ο
2814 5610 2917 5665 Mss.
2942 5615 3051 5653 cum
3071 5606 3186 5650 ante
3205 5600 3347 5651 editis
3360 5599 3568 5665 habent,

1982 5669 2033 5713 ut
2046 5662 2362 5737 singulariter:
2378 5670 2731 5737 promerentur

2046 5728 2066 5757 ³
2093 5722 2176 5775 Hic
2204 5738 2318 5785 vox,
2341 5722 2497 5787 homo,
2532 5739 2629 5775 non
2661 5733 2739 5776 est
2773 5726 2823 5775 in
2844 5734 2945 5775 Am.
2978 5726 3054 5775 Er.
3095 5731 3211 5778 Dan.
3253 5730 3306 5778 et
3347 5722 3573 5789 plurith

1982 5793 2325 5900 nisihttuliensis
2346 5856 2447 5914 Ms,
2475 5853 2608 5901 tanta
2643 5848 2819 5914 gratia.
