3896 6382
409 323 509 378 251

412 402 613 494 unitate
651 450 914 510 personae,
950 445 1009 491 ut
1040 434 1179 490 idem
1219 434 1332 522 ipse
1376 439 1520 487 esset
1562 431 1721 518 etiam
1764 426 1994 522 hominis

411 533 568 588 “ius.
1070 525 1080 536 .
1391 527 1444 532 .,
1854 525 1856 528 .

425 633 428 638 ’
479 621 705 679 CAPUT
735 619 994 676 XXXVII.
1018 646 1088 660 ——
1111 617 1364 672 Nativitas
1388 615 1576 671 Christi
1601 630 1658 670 eo
1683 613 1820 686 quod
1838 622 1910 667 est
1933 613 1996 668 de

412 717 610 787 Spiritu
645 717 836 770 sancto
861 755 874 779 ,
931 701 1146 784 gratiam
1197 707 1525 764 demonstrat.
1575 705 1732 762 ldem'
1767 707 1994 776 namque

407 809 564 863 .le'sus
592 807 837 863 Christus
866 802 1031 860 Fill'us'
1059 804 1152 860 Dei
1178 795 1512 873 unigenitus,
1544 799 1595 854 id
1619 800 1644 831 ’⁸
1675 807 1758 854 est
1781 795 1989 860 unicus,

408 892 664 957 Dominus
688 911 890 965 noster,
916 901 1070 954 natus
1092 907 1174 954 est
1191 895 1261 952 'de
1275 893 1484 967 Spiritu
1512 902 1694 950 saneto
1715 903 1770 948 et
1791 891 1998 970 virgine

406 994 587 1049 Maria.
611 985 678 1049 Et
696 993 880 1062 utique
901 991 1128 1061 Spiritus
1155 997 1370 1044 sanctus
1393 987 1484 1042 Dei
1505 985 1702 1041 donum
1728 985 1828 1052 est,
1851 981 1994 1054 quod

406 1083 631 1156 quidem
655 1093 708 1138 et
737 1084 912 1154 ipsum
941 1088 1019 1138 est
1055 1071 1260 1151 tequale
1301 1079 1558 1134 donanti:
1590 1083 1644 1132 et
1684 1065 1804 1132 ideo
1851 1076 1993 1130 Deus

405 1187 486 1232 est
515 1177 672 1232 etiam
694 1165 926 1247 Spiritus
947 1185 1181 1240 sanctus,
1219 1173 1373 1228 Patre
1397 1171 1640 1240 Filioque
1667 1185 1771 1224 non
1796 1167 1988 1222 minor.

405 1273 482 1326 Ex
528 1271 630 1326 hoc
653 1269 799 1341 ergo
833 1267 972 1340 quod
1018 1256 1084 1323 de
1113 1267 1315 1337 Spiritu
1354 1267 1539 1320 sancto
1578 1271 1660 1318 est
1699 1258 1997 1317 secundum

406 1364 672 1418 hominem
716 1349 959 1418 nativitas
1007 1360 1242 1427 Christi,
1273 1358 1424 1430 quid
1473 1357 1614 1411 aliud
1670 1371 1826 1426 quam
1878 1353 1992 1423 ipsa

403 1453 569 1524 gratia
599 1453 1033 1511 demonstratur?
1061 1452 1191 1508 Cum
1221 1453 1361 1507 enim
1391 1453 1537 1521 virgo
1565 1450 1897 1521 quaesivisset
1927 1447 1994 1500 ab

403 1549 613 1618 angelo,
643 1549 910 1620 quomodo
932 1548 983 1602 id
1012 1546 1160 1603 ﬁeret
1189 1545 1327 1617 quod
1356 1546 1404 1600 ei
1426 1544 1724 1608 nuntiabat,
1749 1540 1992 1612 quando-

403 1640 616 1710 quidem
646 1641 735 1696 illa
767 1641 936 1694 virum
963 1649 1071 1694 non
1099 1631 1478 1713 cognosceret;
1511 1634 1786 1704 respondit
1815 1633 1988 1700 Ange-

405 1734 515 1787 lits:
543 1733 768 1802 Spiritus
793 1715 994 1787 sanctus
1009 1715 1324 1802 superveniet
1345 1730 1396 1783 in
1421 1737 1485 1793 te,
1510 1736 1554 1781 et
1577 1727 1731 1781 virtus
1750 1723 1994 1778 ditissimi

404 1821 714 1878 obumbrabit
735 1823 855 1887 tibi;
879 1825 1088 1896 ideoque
1111 1832 1156 1876 et
1181 1821 1316 1892 quod
1341 1828 1569 1874 nascetur
1593 1834 1656 1872 ea:
1677 1826 1723 1870 te
1742 1825 1989 1880 sanctum,

402 1907 657 1970 vocabitur
675 1915 840 1970 Filius
869 1915 967 1970 Dei
991 1913 1138 1985 (Luc.
1156 1930 1197 1980 ι,
1231 1913 1342 1985 55).
1363 1913 1429 1966 Ει
1453 1909 1649 1981 Joseph
1688 1923 1808 1962 cum
1836 1905 1994 1960 vellet

402 2021 519 2061 eam
567 2005 854 2069 dimittere,
899 2004 1198 2074 suspicatus
1234 2003 1551 2067 adulteram,
1593 2013 1750 2070 quam
1791 1996 1992 2051 sciebat

401 2113 508 2153 non
526 2099 591 2154 de
607 2115 664 2154 se
678 2098 970 2170 gravidam,
996 2098 1100 2152 tale
1121 2111 1435 2167 responsum
1458 2094 1524 2149 ah
1545 2094 1732 2164 angelo
1752 2090 1989 2180 accepit:

403 2189 531 2245 Noli
573 2192 747 2246 timere
786 2192 1012 2263 accipere
1055 2189 1278 2244 Mariam
1325 2189 1588 2269 conjugem
1634 2198 1814 2249 tuam;
1857 2183 1992 2255 quod

400 2289 531 2342 enim
546 2289 600 2343 in
619 2306 677 2343 ea
694 2293 866 2344 natum
884 2294 976 2356 est,
999 2283 1064 2343 de
1084 2283 1284 2354 Spiritu
1303 2291 1476 2340 sancto
1497 2289 1566 2342 est
1585 2277 1797 2349 (Matth.
1818 2295 1856 2345 ι,
1873 2276 1988 2348 20)ε

401 2377 452 2433 id
479 2389 587 2446 est,
610 2378 834 2452 quod'tu
860 2394 979 2434 esse
1006 2378 1073 2433 de
1093 2375 1198 2432 alio
1224 2377 1337 2432 viro
1361 2371 1667 2446 suspicaris,
1699 2368 1767 2428 de
1790 2367 1990 2443 Spiritu

399 2479 586 2524 sancto
616 2479 717 2525 est.
929 2471 931 2474 ⁴

474 2561 700 2619 CAPUT
735 2560 1024 2617 XXXVI".
1048 2593 1118 2604 -—
1138 2560 1227 2617 η.
1259 2558 1486 2616 Christus
1511 2559 1574 2613 de
1600 2557 1797 2629 Spiritu
1815 2563 1991 2610 sancto

399 2670 501 2708 non
547 2663 603 2707 ut
645 2651 708 2708 de
745 2662 887 2724 patre
927 2649 1107 2716 natus,
1154 2652 1244 2706 sed
1287 2650 1349 2704 de
1398 2649 1567 2703 Maria
1614 2658 1670 2702 ut
1710 2648 1772 2702 de
1808 2657 1987 2700 matre.

399 2741 663 2816 Numquid
703 2741 879 2801 tamen
917 2746 1035 2800 ideo
1070 2745 1260 2800 dicturi
1295 2758 1477 2798 smnus
1515 2752 1716 2814 patrem
1761 2740 1991 2796 hominis

400 2835 596 2894 Christi
620 2853 740 2894 esse
766 2833 1018 2908 Spiritum
1042 2847 1307 2902 sanctum,
1334 2829 1389 2890 ut
1415 2835 1553 2890 Deus
1577 2835 1734 2889 Pater
1755 2831 1988 2888 Verbum

399 2917 675 3002 genuerit,
703 2928 935 2998 Spiritus
963 2937 1179 2982 sanctus
1209 2925 1481 2981 hominem
1503 2967 1516 2990 ,
1547 2942 1610 2980 ex
1638 2941 1740 2995 qua
1765 2931 1991 2993 utraque

401 3021 696 3076 substantia
735 3020 978 3075 Christus
1016 3011 1152 3075 unus
1194 3026 1353 3085 esset,
1399 3028 1452 3074 et
1491 3017 1584 3073 Dei
1634 3017 1804 3072 Patris
1851 3015 1990 3071 ﬁlius

400 3113 692 3169 secundum
719 3103 982 3188 Verbum,
1004 3122 1058 3168 et
1079 3099 1307 3182 Spiritus
1334 3113 1500 3166 sancti
1531 3111 1671 3166 ﬁlius
1694 3109 1988 3165 secundum

401 3197 670 3262 hominem
696 3223 711 3272 ;
734 3205 872 3277 quod
895 3223 1016 3261 eum
1039 3205 1263 3276 Spiritus
1285 3213 1498 3260 sanctus
1523 3206 1542 3236 ¹
1567 3213 1815 3275 tanquam
1841 3211 1993 3274 pater

400 3297 515 3370 ejus
541 3299 608 3355 de
634 3291 805 3354 matre
837 3299 1037 3368 virgine
1065 3298 1380 3370 genuisset?
1407 3297 1535 3366 Quis
1567 3298 1666 3353 hoc
1694 3298 1872 3353 dicere
1899 3283 1990 3351 aui

399 3369 714 3446 debit‘lNec
737 3403 870 3460 Opus
898 3399 980 3445 est
1009 3369 1294 3446 ostendere
1325 3389 1642 3458 disputando
1671 3398 1864 3460 quanta
1889 3385 1989 3442 alia

399 3481 690 3551 sequantur
712 3481 938 3537 absurda
960 3524 975 3548 ,
1003 3497 1123 3537 eum
1155 3483 1255 3537 hoc
1282 3482 1453 3551 ipsum
1479 3481 1587 3549 jam
1616 3481 1684 3536 ita
1708 3482 1777 3534 sit
1800 3480 1994 3562 absur;

398 3571 546 3638 dum,
599 3581 656 3627 ut
700 3569 858 3628 nullae
905 3565 1092 3644 ﬁdeles
1139 3588 1296 3628 aures
1340 3571 1392 3626 id
1442 3572 1651 3626 valeant
1703 3571 1986 3626 sustinere.

400 3664 665 3729 Proinde,
711 3659 855 3719 'si'cu't
897 3647 1249 3733 conﬁtemur,
1295 3663 1555 3719 Dominus
1604 3655 1785 3719 noster
1833 3659 1996 3719 Jesus'

399 3753 667 3821 Christus,
699 3749 787 3824 qui
814 3749 881 3838 de
903 3737 1018 3808 Deo
1044 3744 1186 3808 Deus
1203 3797 1218 3822 ,
1249 3754 1410 3809 homo
1436 3744 1611 3808 autem
1635 3759 1792 3838 natus
1815 3763 1895 3809 est
1923 3749 1996 3838 de;

400 3839 602 3922 Spiritu
629 3843 813 3902 saneto
843 3829 901 3902 et
934 3836 1356 3918 virgine'Maria,
1391 3857 1614 3919 utraque
1654 3833 1946 3922 substantia
1971 3891 1987 3917 ,

400 3919 578 3991 divina
622 3931 826 3992 scilicet
863 3921 1302 4008 atque‘humana,
1348 3937 1516 3993 Filius
1554 3946 1636 3994 est
1678 3920 1870 3994 unicus
1894 3935 1988 3994 Dei

401 4028 573 4109 Patris
593 4015 990 4110 omnipotentis,
1022 4023 1214 4102 dequo
1237 4031 1473 4101 procedit
1494 4029 1722 4100 Spiritus
1748 4015 1984 4086 Sanctus.
2027 4067 2031 4070 -

400 4101 681 4190 Quomodo
713 4121 840 4192 ergo
879 4103 1105 4178 dicimus
1128 4101 1404 4178 Christum
1448 4131 1628 4177 natum
1672 4121 1739 4178 de
1790 4117 1990 4192 Spiritu

401 4207 620 4280 sancto,
671 4212 715 4267 si
768 4227 873 4268 non
927 4229 1047 4268 eum
1099 4215 1284 4282 genuit
1331 4212 1561 4283 Spiritus
1608 4214 1862 4269 sanctus?
1906 4215 1989 4270 An

401 4304 523 4374 quia
567 4303 704 4358 l'ecit
754 4304 920 4359 eum?
971 4303 1234 4371 Quoniam
1289 4303 1548 4359 Dominus
1605 4314 1788 4361 noster
1835 4303 1990 4361 Jesus

399 4393 643 4450 Christus
674 4396 727 4451 i'n
755 4405 1007 4472 quantum
1033 4395 1172 4450 Deus
1199 4404 1300 4462 est,
1329 4395 1499 4450 omnia
1529 4411 1618 4468 per
1644 4387 1812 4466 ipsum
1855 4385 1992 4469 facta

399 4497 517 4542 sunt
543 4475 721 4558 (Jom't'.
753 4491 804 4553 t',
837 4485 891 4558 3)
917 4505 932 4542 :
963 4486 1015 4541 in
1054 4496 1310 4558 quantum
1351 4498 1527 4543 autem
1561 4481 1734 4545 homo
1774 4497 1891 4556 est,
1936 4499 1992 4552 et

401 4577 516 4647 ipse
554 4575 720 4634 factus
762 4579 864 4646 est,
891 4579 1029 4634 sicut
1055 4580 1344 4650 Apostolus
1384 4581 1550 4638 dicit:
1599 4581 1792 4638 Factus
1816 4566 1894 4638 est
1927 4601 1994 4640 ea:

400 4671 589 4725 sentiae
618 4667 786 4724 Dauid
806 4669 1080 4726 secundum
1103 4689 1308 4751 carnem
1338 4674 1514 4746 (Rom.
1544 4693 1598 4743 ι,
1626 4679 1703 4748 5).
1733 4676 1838 4733 Sed
1868 4694 1989 4734 cum

401 4761 547 4818 illam
593 4761 892 4817 creaturam
932 4759 1092 4834 quam
1138 4763 1302 4837 Virgo
1354 4763 1602 4839 concepit
1643 4777 1699 4825 et
1746 4761 1987 4841 peperit,

402 4853 646 4922 quamvis
670 4849 738 4908 ad
770 4841 1256 4925 solam"personam
1289 4855 1410 4913 Filii
1454 4861 1847 4930 pertinentem,
1881 4871 1989 4918 tota

401 4943 634 5001 Trinitas
661 4939 884 5014 fecerit;
913 4945 1087 5020 neque
1124 4951 1267 5006 enim
1307 4949 1626 5025 separabilia
1661 4967 1785 5012 sunt
1827 4971 1990 5028 opera

401 5037 707 5104 Trinitatis;
739 5053 836 5096 cur
872 5033 1011 5094 inea
1040 5038 1279 5097 facienda
1320 5045 1466 5099 solus
1503 5044 1735 5115 Spiritus
1777 5058 1992 5122 sanctus

401 5131 703 5185 nominatus
743 5130 866 5186 est?
901 5131 984 5186 An
1013 5142 1067 5188 et
1107 5135 1319 5210 quando
1347 5153 1487 5193 unus
1534 5139 1693 5193 trium
1723 5139 1778 5194 in
1815 5140 1993 5211 aliquo

399 5237 564 5291 opere
589 5222 894 5279 nominatur
911 5266 928 5293 ,
956 5225 1202 5283 universa
1227 5229 1439 5298 operari
1473 5221 1708 5285 Trinitas
1734 5231 1989 5304 intelligi-

402 5311 529 5368 tur?
562 5313 634 5369 Ita
662 5331 792 5371 vero
817 5325 918 5383 est,
943 5325 998 5373 et
1025 5319 1286 5390 exemplis
1315 5318 1495 5377 doceri
1526 5331 1718 5392 potest.
1749 5323 1852 5379 Sed
1883 5341 1988 5381 non

401 5405 565 5463 estin
609 5405 712 5465 hoc
753 5407 1402 5470 diutius'immorandum.
1450 5413 1585 5472 illud
1624 5403 1766 5472 enim
1815 5429 1995 5476 movet

399 5611 580 5724 ωὲῃῗίο
607 5608 776 5676 plures
804 5616 912 5684 uss.
950 5626 1062 5666 cum
1085 5621 1186 5664 Am.
1211 5617 1288 5664 Er.
1330 5621 1382 5666 et
1403 5620 1520 5666 Dan.
1545 5624 1602 5668 At
1634 5624 1743 5670 Lov.
1771 5626 1824 5671 et
1860 5629 1993 5684 Arn.,

403 5739 486 5852 es;
996 5751 1110 5794 eum
1127 5736 1334 5806 Spiritus
1347 5744 1558 5797 sanctus.
1576 5751 1698 5810 vox,
1720 5747 1876 5813 quasi,
1900 5761 1996 5800 non

805 376 815 380 _
907 313 1364 382 ENCHIRIDION,
1406 311 1558 369 SIVE
1597 311 1685 367 DE
1723 310 1898 398 FIDE,
1938 305 2065 392 SPE
2105 308 2194 398 ET
2232 311 2649 400 CllARlTATE,
2690 318 2749 375 S.
2790 318 3160 379 AUGUSTINI

3571 319 3698 378 Ω.κῖ

2103 429 2368 512 quomodo
2409 431 2609 510 dictum
2649 435 2733 498 sit,
2779 434 2942 510 Natus
2981 437 3048 492 de
3074 437 3271 512 Spiritu
3309 444 3515 503 sancto,
3555 451 3695 492 eum

2101 509 2241 576 ﬁlius
2266 521 2410 577 nullo
2439 523 2598 577 modo
2625 523 2693 578 sit
2713 509 2938 596 Spiritus
2967 524 3153 583 sancti.
3179 509 3526 607 Nequé'enim
3557 517 3700 601 quia

2101 614 2354 670 mundum
2378 615 2538 671 istum
2559 615 2683 672 fecit
2706 617 2866 686 Deus,
2890 617 2992 675 dici
3015 616 3133 675 eum
3162 619 3238 676 fas
3260 619 3343 676 est
3367 621 3462 695 Dei
3485 619 3696 691 ﬁlium,

2100 715 2191 761 aut
2216 723 2340 762 eum
2365 715 2546 764 natum
2572 709 2640 765 de
2660 708 2802 775 Deo;
2833 709 2926 766 sed
2954 710 3172 779 factum,
3199 709 3282 768 vel
3312 722 3575 780 creatum,
3607 709 3707 770 vel

2099 799 2390 868 conditum,
2417 799 2500 856 vel
2521 799 2818 858 institutum
2839 803 2906 858 ab
2928 804 3038 871 illo,
3060 804 3142 859 vel
3165 805 3207 858 si
3229 803 3354 875 quid
3375 802 3703 874 hujusmodt

2099 897 2244 946 recte
2275 907 2557 961 possumus
2597 894 2794 951 dicere.
2836 895 2934 952 Hie
2972 913 3119 967 ergo,
3169 913 3287 952 cum
3333 899 3705 954 conﬁteamur

2100 983 2281 1037 natum
2309 983 2375 1038 de
2406 984 2602 1054 Spiritu
2641 995 2826 1042 sancto
2859 996 2911 1043 et
2948 987 3152 1059 virgine
3193 987 3378 1055 Maria,
3415 990 3706 1061 quomodo

2098 1075 2206 1130 non
2255 1075 2322 1129 sit
2367 1074 2505 1131 ﬁlius
2552 1076 2777 1146 Spiritus
2815 1080 3018 1146 sancti,
3064 1089 3118 1135 et
3168 1079 3237 1136 sit
3281 1080 3421 1136 ﬁlius
3461 1082 3708 1154 virginis

2098 1166 2278 1222 Maria:
2298 1209 2311 1232 ,
2341 1184 2460 1223 eum
2489 1177 2543 1224 et
2572 1169 2639 1225 de
2668 1169 2764 1225 illo
2807 1179 2861 1226 et
2888 1171 2955 1227 de
2980 1173 3067 1227 illa
3097 1174 3166 1227 sit
3194 1183 3349 1229 natus
3370 1169 3390 1242 ,’
3417 1175 3708 1244 explicare

2098 1255 2310 1315 difﬁcile
2333 1268 2434 1315 est.
2459 1261 2649 1316 Procul
2677 1261 2838 1317 dubio
2863 1265 3060 1334 quippe
3088 1281 3193 1319 non
3224 1266 3299 1320 sic
3324 1267 3390 1322 de
3421 1267 3513 1322 illo
3543 1277 3605 1322 ut
3632 1265 3705 1322 de

2097 1359 2268 1421 patre,
2299 1353 2377 1407 sic
2405 1363 2578 1407 autem
2605 1352 2670 1408 de
2696 1354 2782 1409 illa
2810 1363 2868 1409 ut
2898 1355 2964 1410 de
2992 1359 3159 1411 matre
3185 1365 3338 1412 natus
3362 1366 3464 1412 est.

2113 1441 2120 1450 ’
2167 1443 2392 1500 CAPUT
2419 1443 2861 1500 XXXIX.——Non
2885 1447 3131 1518 quidquid
3155 1464 3218 1502 ex
3242 1447 3413 1518 aliqua
3437 1451 3705 1517 nascitur,

2097 1538 2206 1606 ejus
2227 1535 2362 1605 ﬁlius
2390 1537 2649 1591 dicendus.
2677 1537 2790 1592 Non
2821 1536 2979 1608 igitur
3009 1539 3405 1594 concedendum
3427 1549 3512 1596 est
3533 1541 3710 1611 quid-

2096 1627 2222 1696 quid
2271 1627 2339 1683 de
2387 1627 2561 1698 aliqua
2608 1644 2668 1683 re
2713 1629 2968 1696 nascitur,
3019 1631 3273 1685 continuo
3324 1631 3562 1702 ejusdem
3621 1632 3710 1687 rei

2099 1721 2263 1776 lilium
2296 1723 2724 1792 nuncupandum.
2765 1722 2834 1779 Ut
2875 1724 3018 1778 enim
3045 1725 3281 1778 omittam
3309 1725 3464 1781 aliter
3492 1725 3562 1782 de
3599 1725 3713 1781 ho-

2095 1813 2241 1868 mine
2269 1815 2415 1869 nasci
2442 1814 2632 1881 ﬁlium,
2663 1815 2819 1871 aliter
2845 1817 3115 1887 capillum,
3153 1817 3449 1888 pediculum
3475 1821 3514 1887 ¹,
3545 1820 3709 1876 lum-

2095 1905 2320 1971 bricum,
2344 1923 2567 1978 quorum
2590 1909 2719 1963 nihil
2742 1918 2822 1965 est
2848 1910 3024 1965 ﬁlius:
3055 1919 3260 1983 ut'ergo
3282 1913 3394 1969 haec
3418 1915 3707 1984 omittam,

2095 1998 2344 2068 quoniam
2367 2008 2526 2055 tantze
2552 2000 2630 2056 rei
2652 1999 2964 2056 deformiter
2987 1997 3392 2074 comparantur;
3422 2017 3574 2062 certe
3610 2009 3711 2079 qui

2095 2100 2388 2147 nascuntur
2412 2109 2476 2148 ex
2505 2109 2638 2164 aqua
2667 2103 2720 2151 et
2743 2095 2942 2165 Spiritu
2979 2107 3163 2154 sancto
3183 2141 3196 2167 ,
3233 2115 3335 2154 non
3363 2117 3515 2171 aqua)
3547 2103 3710 2160 ﬁlios

2095 2196 2188 2237 eos
2216 2182 2315 2238 rite
2343 2184 2535 2239 dixerit
2560 2185 2819 2256 quispiam
2846 2205 2859 2241 :
2893 2187 2987 2244 sed
3015 2189 3167 2259 plane
3196 2191 3445 2247 dicuntur
3467 2191 3568 2248 ﬁlii
3609 2193 3708 2251 Dei

2095 2272 2269 2330 Patris
2297 2286 2350 2331 et
2379 2277 2563 2332 matris
2592 2279 2865 2334 Ecclesiae.
2897 2279 2985 2336 Sic
3015 2297 3140 2352 ergo
3170 2283 3235 2337 de
3274 2283 3470 2353 Spiritu
3497 2294 3710 2342 sancto

2093 2375 2250 2422 natus
2275 2377 2357 2423 est
2387 2368 2524 2425 ﬁlius
2557 2369 2650 2426 Dei
2679 2369 2868 2438 Patris,
2905 2389 3010 2428 non
3054 2374 3283 2444 Spiritus
3314 2378 3503 2432 sancti.
3551 2379 3708 2436 Nam

2091 2468 2148 2516 et
2175 2457 2299 2517 illud
2325 2461 2469 2534 quod
2493 2461 2560 2520 de
2585 2463 2780 2538 capillo
2806 2464 2946 2520 etde
2972 2467 3183 2522 cieteris
3209 2459 3554 2536 diximus,ad
3593 2471 3711 2531 hoc

2093 2562 2296 2609 tantum
2341 2555 2499 2622 valet,
2537 2566 2596 2612 ut
2640 2558 3024 2614 admoneamur
3070 2575 3175 2617 non
3220 2575 3378 2616 omne
3429 2563 3579 2633 quod
3638 2565 3709 2622 de

2092 2645 2270 2717 aliquo
2310 2649 2577 2717 nascitur,
2619 2653 2777 2706 etiam
2826 2651 2992 2708 ﬁlium
3031 2655 3151 2725 ejus
3189 2655 3257 2712 de
3303 2669 3408 2728 quo
3447 2657 3714 2718 nascitur

2093 2753 2250 2808 posse
2272 2739 2396 2795 dici.
2420 2741 2567 2796 Sicut
2589 2757 2693 2797 non
2717 2757 2904 2801 omnes
2929 2746 3018 2816 qui
3042 2746 3292 2802 dicuntur
3318 2749 3542 2819 alicujus
3570 2751 3706 2822 ﬁlii,

2093 2843 2425 2900 consequens
2455 2840 2620 2886 estut
2660 2831 2726 2887 de
2753 2833 2841 2889 illo
2875 2836 3037 2890 etiam
3082 2837 3191 2891 nati
3235 2853 3353 2893 esse
3396 2839 3706 2911 dicantur;

2093 2919 2229 2975 sicut
2245 2931 2367 2975 sunt
2381 2922 2470 2992 qui
2483 2919 2816 2992 adoptantur.
2839 2926 3094 2983 Dicuntur
3105 2930 3263 2984 etiam
3283 2931 3371 2984 lilii
3388 2933 3707 3006 gehennaa,

2093 3027 2199 3067 non
2221 3028 2282 3067 ex
2313 3014 2401 3068 illa
2424 3015 2553 3084 nati,
2579 3015 2672 3071 sed
2695 3017 2747 3072 in
2771 3011 2916 3074 illam'
2940 3023 3240 3092 przeparati,
3266 3025 3401 3079 sicut
3418 3025 3514 3080 ﬁlii
3539 3029 3712 3101 regni

2094 3107 2182 3178 qui
2212 3109 2232 3140 ³
2257 3120 2620 3178 praeparantur
2646 3111 2698 3165 in
2724 3127 2970 3183 regnum.
3592 3122 3618 3144 ‘

2163 3201 2389 3257 CAPUT
2427 3199 2538 3257 XL.
2569 3233 2641 3243 —
2667 3204 2855 3261 Modus
2892 3225 2990 3277 quo
3031 3221 3177 3266 natus
3224 3221 3295 3267 est
3343 3213 3583 3271 Christus
3643 3219 3712 3275 de

2095 3289 2293 3361 Spiritu
2319 3304 2522 3361 sancto,
2553 3283 2774 3349 insinuat
2815 3299 3030 3367 gratiam
3077 3302 3282 3357 unionis
3332 3303 3710 3376 [typostaticah

2095 3383 2224 3438 Cum
2259 3385 2434 3455 itaque
2471 3385 2538 3442 de
2569 3375 2748 3459 aliquo
2773 3400 3022 3446 nascatur
3050 3393 3251 3464 aliquid
3278 3375 3448 3452 etiam
3482 3415 3604 3456 non
3642 3381 3714 3458 eo

2094 3476 2255 3532 modo
2302 3486 2360 3532 ut
2404 3481 2472 3533 sit
2519 3479 2695 3550 ﬁlius,
2745 3483 2844 3538 nec
2890 3501 3076 3541 rursus
3127 3487 3304 3543 omnis
3351 3489 3438 3567 qui
3491 3491 3716 3551 dicitur

2094 3565 2266 3635 ﬁlius,
2314 3568 2380 3624 de
2425 3569 2517 3625 illo
2566 3573 2636 3626 sit
2680 3583 2836 3629 natus
2880 3576 3031 3646 cujus
3075 3578 3270 3634 dicitur
3320 3565 3500 3652 ﬁlius;
3563 3571 3712 3655 pro;

2094 3662 2231 3719 tecto
2275 3663 2465 3719 modus
2499 3659 2601 3722 iste
2640 3683 2747 3738 quo
2793 3655 2948 3748 natus
2981 3680 3063 3748 est
3095 3671 3336 3731 Christus
3375 3675 3441 3732 de
3484 3675 3715 3748 Spiritu

2093 3763 2279 3828 sancto
2307 3771 2409 3810 non
2432 3757 2569 3812 sicut
2587 3756 2749 3826 ﬁlius,
2777 3745 2831 3816 et
2855 3761 2924 3818 de
2942 3745 3103 3818 Maria
3124 3764 3331 3836 virgine
3355 3766 3496 3823 sicut
3523 3745 3709 3842 ﬁlius,

2093 3845 2326 3901 insinuat
2351 3848 2504 3903 nobis
2532 3845 2757 3918 gratiam
2795 3852 2925 3931 Dei,
2954 3870 3055 3926 qua
3084 3854 3245 3912 homo
3287 3859 3448 3914 nullis
3481 3877 3715 3931 praece-

2093 3936 2340 3994 dentibus
2363 3941 2589 4009 meritis,
2614 3941 2667 3996 in
2690 3943 2807 4014 ipso
2827 3929 3049 4000 exordio
3078 3957 3283 4003 naturae
3305 3965 3415 4006 sure
3436 3929 3550 4023 quo
3577 3970 3714 4012 esse

2093 4029 2273 4098 coepit,
2321 4029 2491 4087 Verbo
2533 4031 2645 4088 Deo
2671 4032 2692 4065 ³
2721 4023 3076 4105 copularetur
3105 4038 3157 4094 in
3199 4045 3396 4095 tantam
3443 4059 3715 4112 personae

2092 4117 2348 4178 unitatem
2371 4166 2386 4190 ,
2408 4136 2467 4180 ut
2487 4115 2626 4182 idem
2650 4127 2763 4199 ipse
2789 4139 2932 4185 esset
2954 4130 3093 4187 ﬁlius
3119 4131 3214 4188 Dei
3234 4134 3321 4204 qui
3349 4133 3488 4190 ﬁlius
3514 4135 3720 4195 homi-

2093 4213 2198 4284 nis,
2229 4227 2282 4273 et
2305 4218 2447 4275 ﬁlius
2474 4219 2704 4277 hominis
2734 4223 2823 4294 qui
2854 4223 2993 4280 ﬁlius
3027 4227 3121 4282 Dei
3147 4246 3160 4282 :
3190 4243 3250 4282 ac
3275 4229 3353 4284 sic
3379 4224 3432 4284 in
3481 4243 3717 4290 natura:

2094 4305 2341 4363 humanm
2377 4312 2714 4381 susceptione
2742 4301 2894 4370 ﬁeret
2919 4317 3150 4387 quodam
3185 4319 3346 4374 modo
3375 4320 3488 4390 ipsa
3517 4327 3714 4393 gratia

2095 4399 2171 4455 illi
2196 4401 2396 4458 homini
2425 4403 2682 4461 naturalis
2705 4447 2719 4473 ,
2751 4421 2870 4478 qua:
2901 4407 2922 4440 ’⁵
2954 4409 3155 4465 nullum
3197 4423 3474 4488 peccatum
3507 4398 3718 4486 posset

2096 4490 2396 4548 admittere.
2420 4495 2549 4561 Quae
2567 4497 2733 4567 gratia
2758 4489 3037 4569 propterea
3059 4491 3152 4571 per
3170 4487 3423 4573 Spiritum
3442 4518 3714 4566 sanctum

2094 4582 2266 4640 fuerat
2313 4587 2657 4670 signiﬁcanda
2677 4630 2692 4656 ,
2741 4592 2863 4661 quia
2893 4593 3006 4664 ipse
3038 4597 3249 4667 pr0prie
3284 4601 3362 4653 sie
3391 4608 3474 4655 est
3503 4601 3666 4660 Deus
3691 4647 3712 4674 ,

2096 4683 2154 4752 ut
2196 4676 2402 4733 dicatur
2443 4680 2608 4734 etiam
2646 4681 2741 4762 Diei
2785 4682 2982 4741 donum
3028 4686 3168 4756 (Act.
3197 4704 3316 4758 vm,
3362 4689 3480 4763 20).
3533 4693 3716 4752 Unde

2095 4769 2424 4825 sufﬁcienter
2465 4763 2610 4843 loqui
2636 4773 2657 4834 β
2688 4772 2770 4846 (si
2803 4785 2979 4862 tamen
3015 4777 3069 4834 id
3107 4777 3223 4836 ﬁeri
3270 4773 3445 4862 potest
3460 4782 3504 4858 )I,
3535 4787 3720 4862 valde

2095 4862 2315 4932 prolixae
2341 4862 2719 4940 disputationis
2735 4867 2842 4923 est.
2869 4861 2874 4866 ’
3551 4857 3562 4872 “

2102 5005 2106 5010 .
2166 4955 2390 5012 CAPUT
2427 4949 2572 5012 XLI.
2594 4989 2666 5001 —
2687 4961 2773 5017 l5.
2815 4960 3044 5052 Christus
3066 4965 3176 5052 sine
3200 4977 3422 5037 peccato,
3449 4971 3544 5024 sed
3570 4991 3716 5044 pec-

2095 5056 2263 5101 catum
2301 5050 2486 5119 factus.
2523 5049 2673 5134 Nulla
2704 5051 2862 5124 igitur
2903 5049 3179 5130 voluptate
3212 5059 3447 5116 carnalis
3488 5078 3722 5122 concu—

2096 5140 2369 5211 piscentiae
2395 5144 2686 5200 seminatus
2723 5147 2835 5202 sive
2874 5156 3164 5220 conceptus
3187 5193 3202 5218 ,
3236 5162 3291 5208 et
3317 5139 3436 5208 ideo
3482 5155 3718 5217 nullum

2098 5241 2374 5305 peccatum
2425 5237 2753 5308 originaliter
2803 5239 3059 5310 trahens;
3115 5243 3210 5300 Dei
3260 5261 3470 5316 quoque
3515 5233 3720 5318 gratia

2099 5326 2276 5383 Verbo
2297 5328 2469 5385 Patris
2499 5331 2791 5403 unigenito,
2823 5349 2928 5390 non
2955 5337 3126 5407 gratia
3155 5335 3310 5406 Filio,
3338 5321 3438 5394 sed.
3461 5350 3674 5400 natura
3697 5385 3719 5415 ,

2163 5441 2181 5510 ξ
2221 5441 2523 5504 Antiquiores
2543 5442 2754 5510 codices,
2781 5445 3095 5510 peducularis.

2161 5504 2182 5572 ξ
2206 5510 2488 5572 Pronomen,
2516 5504 2617 5572 qui,
2651 5504 2795 5558 abest
2828 5520 2857 5559 a
2879 5518 3086 5572 quatuor
3120 5509 3357 5562 Vaticanis
3389 5518 3442 5564 et
3469 5512 3534 5564 ab
3565 5519 3723 5570 anti-

2098 5566 2349 5628 quiorihus
2367 5566 2633 5618 Gallicanis.
2693 5591 2698 5600 ι
2898 5566 2913 5572 “
3347 5589 3352 5594 -
3492 5587 3498 5596 ι
3531 5583 3536 5590 -

2164 5629 2184 5694 ξ
2205 5629 2279 5676 sic
2301 5628 2531 5679 meliores
2551 5637 2657 5680 Mss.
2686 5637 2742 5681 At
2765 5633 2898 5694 editi,
2932 5631 3080 5684 Verbo
3099 5631 3206 5686 Dei.

2161 5690 2184 5762 ξ
2206 5695 2546 5762 nerinanensis
2560 5693 2736 5762 codex,
2761 5695 2860 5758 qui.
2880 5690 2962 5745 Alii
2985 5696 3083 5762 duo
3108 5705 3232 5758 Mss,
3259 5707 3374 5762 trita.

2161 5752 2193 5830 ξ
2205 5753 2304 5830 pie
2321 5763 2432 5830 ain:
2461 5760 2539 5830 Er.
2571 5761 2681 5805 ων.
2719 5752 2784 5808 et'
2811 5765 2919 5809 Arn.
2959 5758 3158 5825 addunt,
3189 5752 3478 5830 ῥείιαιῃισπ
3511 5767 3670 5820 an:
3694 5777 3726 5825 .-
