3896 6382
330 319 426 377 25:
1280 327 1288 336 ·
1770 322 1983 428 erant;
2014 320 2215 418 unus.

323 440 376 496 In
396 439 603 495 unitate
631 451 887 510 personae
909 438 932 471 ¹
960 438 1124 496 modo
1151 439 1373 496 mirabili
1394 447 1448 497 et
1470 439 1719 496 ineffabili
1745 443 1934 513 adjun-

320 543 437 587 ctus
463 529 633 602 atque
653 525 972 601 concretus,
997 541 1053 587 et
1077 531 1200 588 ideo
1219 525 1418 587 nullum
1447 525 1718 603 peccatum
1743 541 1796 589 et
1817 534 1932 606 ipse

313 624 711 689 committens;
735 621 924 678 tamen
941 635 1160 695 propter
1183 621 1583 681 similitudinem
1611 617 1788 710 carnis
1810 641 1933 697 pec-

308 719 411 773 cati
444 719 504 772 in
539 721 652 789 qua
679 718 906 773 venerat
931 717 1109 788 (Rom.
1141 735 1263 786 vnt,
1295 718 1351 792 3)
1373 761 1388 787 ,
1419 717 1594 774 dictus
1619 729 1701 776 est
1738 728 1791 775 et
1818 721 1932 791 ipse

303 819 632 879 peccatum,
657 809 1038 865 sacriﬁeandus
1059 808 1125 865 ad
1141 808 1392 866 diluenda
1414 819 1651 882 peccata.
1673 809 1733 866 In
1751 822 1932 868 vetere

300 904 514 973 quippe
542 903 677 975 lege
701 895 915 973 peccata
941 903 1271 959 vocabantur
1291 903 1552 959 sacrificia
1579 919 1675 974 pro
1688 884 1930 974 'peccatis

302 996 468 1064 (Osee
498 1012 590 1062 tv,
626 997 690 1066 8)
727 1013 744 1050 :
775 995 915 1066 quod
941 1011 1065 1051 vere
1090 995 1188 1051 iste
1218 994 1391 1051 factus
1419 1006 1504 1051 est
1532 996 1683 1065 cujus
1729 991 1929 1052 umbra:

305 1099 468 1143 erant
499 1089 622 1142 illa.
660 1087 798 1142 Hinc
825 1087 1108 1157 Apostolus
1137 1103 1258 1142 cum
1288 1087 1548 1150 dixisset,
1597 1083 1930 1141 Obsecramus

308 1197 400 1250 pro
431 1181 656 1235 Christo
684 1180 1000 1234 reconciliari
1025 1177 1174 1244 Deo;
1199 1178 1454 1234 continuo
1477 1177 1748 1248 s'ubjunxit
1769 1180 1928 1249 atque

301 1274 370 1326 ait.
396 1292 412 1325 :
451 1273 606 1326 Eum
637 1274 724 1342 qui
754 1289 852 1326 non
878 1281 1079 1326 nouerat
1114 1279 1378 1339 peccatum
1399 1314 1414 1340 ,
1448 1269 1541 1343 pro
1572 1270 1712 1325 nobis
1751 1287 1929 1344 pecca-

303 1373 414 1417 tum
448 1367 614 1435 fecit,
643 1374 698 1418 ut
722 1381 814 1418 nos
839 1365 994 1417 simus
1009 1363 1214 1434 justitia
1255 1361 1353 1416 Dei
1392 1363 1445 1417 in
1470 1363 1581 1432 ipso
1612 1361 1677 1436 (Il
1707 1361 1825 1417 Cor.
1857 1359 1925 1432 v,

302 1453 404 1521 20,
441 1456 571 1524 21).
618 1455 738 1510 Non
767 1456 874 1522 ait,
903 1464 960 1509 ut
989 1455 1040 1509 in
1070 1441 1386 1525 quibusdam
1413 1441 1686 1511 mendosis
1724 1454 1927 1510 codici-

303 1548 409 1603 bus
440 1549 683 1618 legitur,
729 1547 774 1602 ls
803 1549 891 1618 qui
923 1563 1027 1602 non
1073 1555 1293 1602 noverat
1334 1555 1640 1618 peccatum,
1683 1563 1780 1618 pro
1825 1563 1927 1602 no-

304 1640 392 1696 bis
447 1648 740 1711 peccatum
794 1638 954 1704 fecit;
1010 1647 1262 1709 tanquam
1319 1653 1418 1709 pro
1475 1637 1629 1693 nobis
1683 1637 1927 1695 Christus

303 1733 430 1803 ipse
469 1731 818 1802 peccaverit:
863 1729 957 1786 sed
995 1731 1100 1798 ait,
1135 1730 1267 1784 Eum
1309 1731 1394 1801 qui
1421 1746 1521 1784 non
1563 1739 1770 1784 noverat
1807 1747 1926 1800 pec-

308 1834 534 1890 catum,
580 1824 634 1879 id
685 1833 767 1880 est
812 1823 1111 1890 Christum,
1163 1839 1256 1893 pro
1305 1822 1447 1876 nobis
1501 1834 1758 1891 peccatum
1808 1824 1927 1895 fecit

313 1917 508 1983 Deus,
555 1916 642 1970 cui
692 1914 1067 1970 reconciliandi
1110 1929 1330 1981 sumus,
1380 1914 1481 1970 hoc
1537 1913 1670 1980 est,
1715 1913 1923 1970 sacrit]-

315 2008 477 2063 cium
507 2022 604 2076 pro
641 2007 897 2076 peccatis,
930 2010 1024 2075 per
1061 2003 1205 2076 quod
1234 2005 1567 2061 reconciliari
1594 2007 1919 2062 valeremus.

323 2097 460 2167 Ipse
497 2113 625 2168 ergo
652 2111 938 2168 peccatum,
967 2104 1027 2152 ut
1052 2113 1150 2152 nos
1179 2097 1378 2167 iustitia
1404 2113 1418 2163 ;
1451 2113 1552 2153 nec
1577 2109 1758 2153 nostra
1779 2140 1794 2166 ,
1825 2098 1922 2155 sed

325 2189 435 2245 Dei
462 2206 478 2255 ;
508 2204 608 2244 nec
635 2189 686 2244 in
712 2189 878 2255 nobis,
905 2190 995 2244 sed
1027 2189 1081 2244 in
1106 2190 1224 2260 ipso
1252 2209 1261 2240 :
1298 2191 1433 2245 Sicut
1459 2190 1572 2260 ipse
1603 2200 1881 2262 peccatum
1903 2235 1920 2263 ,

317 2295 438 2336 non
485 2295 664 2348 suum,
703 2280 796 2336 sed
837 2287 1109 2346 nostrum;
1160 2296 1258 2336 nec
1305 2281 1358 2336 iu
1403 2286 1482 2350 se,
1525 2283 1619 2338 sed
1666 2283 1720 2338 in
1767 2281 1924 2339 nobis

312 2374 704 2439 constitutum,
737 2373 1088 2439 similitudine
1115 2373 1294 2428 carnis
1325 2361 1548 2444 peccati,
1583 2375 1634 2429 in
1662 2390 1765 2445 qua
1793 2391 1921 2431 cru-

309 2466 515 2521 ciﬁxus
555 2474 669 2532 est,
713 2465 1136 2521 demonstravit:
1169 2473 1227 2520 ut
1269 2467 1520 2537 quoniam
1551 2477 1826 2538 peccatum
1871 2470 1922 2525 ei

314 2573 427 2612 non
450 2558 642 2620 inerat,
667 2558 740 2612 ita
761 2559 989 2628 quodam
1017 2557 1177 2613 modo
1205 2569 1421 2630 peccato
1449 2561 1768 2628 moreretur,
1793 2560 1922 2618 dum

311 2651 549 2706 moritur
589 2651 810 2719 carni',
857 2652 909 2706 in
949 2667 1053 2723 qua
1095 2661 1211 2709 erat
1255 2653 1545 2710 similitudo
1593 2657 1834 2726 peccati;
1867 2665 1923 2713 et

310 2757 441 2797 cum
496 2743 791 2799 secundum
851 2752 1167 2800 vetustatem
1219 2746 1422 2815 peccati
1477 2761 1748 2818 nunquam
1806 2749 1921 2818 ipse

313 2836 564 2903 vixisset,
608 2846 850 2892 nostram
892 2852 960 2894 ex
1002 2846 1172 2893 morte
1215 2838 1404 2904 veteri,
1454 2854 1555 2910 qua
1603 2841 1654 2894 in
1701 2852 1922 2911 peccato

319 2928 523 2982 mortui
550 2925 825 2983 fueram‘us
844 2971 858 2993 ,
890 2930 1299 2986 reviviscentem
1327 2931 1491 2987 vitam
1531 2947 1729 2988 novam
1776 2933 1797 2966 ³
1824 2949 1917 2991 sua

324 3021 717 3076 resurrectione
743 3021 1001 3092 signaret.
1399 3029 1402 3032 '
1540 3029 1546 3036 '

398 3111 623 3169 CAPUT
657 3112 820 3169 XLI].
841 3145 915 3155 ——
938 3115 1230 3188 Baptismut
1277 3118 1461 3186 datur,
1501 3129 1557 3174 ut
1600 3121 1876 3176 moriamur
1897 3164 1915 3192 ,

320 3211 375 3256 et
397 3205 767 3261 raioiuamua.
803 3207 982 3276 Ipsum
1011 3214 1095 3264 est
1122 3209 1263 3279 quod
1301 3208 1353 3264 in
1396 3208 1547 3266 nobis
1576 3209 1876 3269 celebratur
1899 3257 1917 3283 ,

316 3312 573 3368 magnum
602 3298 944 3368 Baptismatis
972 3312 1386 3370 sacramentum,
1420 3314 1478 3358 ut
1504 3306 1823 3378 quicumque
1849 3307 1917 3362 ad

310 3397 480 3444 istam
518 3392 790 3460 pertinent
832 3394 1091 3463 gratiam,
1137 3397 1434 3452 moriantbr
1481 3409 1730 3468 peccato,
1781 3402 1921 3458 sicut

314 3484 442 3554 ipse
466 3495 689 3556 peccato
715 3485 958 3543 mortuus
980 3487 1192 3557 dicitur,
1223 3489 1615 3561 quia'mortuus
1640 3499 1722 3548 est
1747 3495 1914 3563 carni,

319 3574 430 3629 hoc
459 3584 561 3643 est,
585 3579 790 3649 peccati
817 3579 1148 3651 similitudini
1181 3598 1196 3634 :
1228 3590 1282 3636 et
1309 3583 1494 3638 vivant
1520 3599 1549 3638 a
1579 3583 1792 3641 lavacro
1831 3601 1920 3642 re-

321 3661 616 3736 nascendo,
637 3671 775 3726 sicut
800 3673 914 3743 ips‘e
931 3671 963 3727 'a
986 3669 1234 3746 sepulcro
1254 3675 1603 3747 resurgendo,
1627 3663 1918 3749 quamlibet

593 3767 803 3820 aetatem
829 3767 1064 3837 geram;
1417 3777 1424 3786 ’
1747 3771 1772 3783 "
1841 3759 1896 3784 Ἠ

388 3852 628 3910 CAPUT
657 3845 1026 3912 ILlll.’—"In
1050 3856 1313 3930 Baptismo
1337 3877 1508 3915 omnes
1536 3869 1740 3930 peccato
1765 3862 1914 3932 mori,

313 3954 366 4000 et
396 3947 668 4015 paruulos,
702 3955 751 4001 et
778 3948 1015 4018 majores.
1047 3949 1092 4003 Ᾱ
1135 3949 1355 4020 parvulo
1383 3951 1524 4006 enim
1562 3951 1752 4007 recens
1794 3939 1919 4009 nato

317 4037 492 4110 usque
519 4039 586 4094 ad
622 4039 952 4110 decrepitum
983 4045 1167 4098 'senem
1187 4085 1201 4110 ,
1232 4043 1371 4098 sicut
1399 4043 1577 4098 nullus
1619 4047 1700 4100 est
1730 4043 1917 4114 prohi-

321 4130 532 4187 bendus
575 4147 603 4185 a
641 4131 948 4202 Baptismo,
982 4132 1051 4188 ita
1082 4135 1258 4190 nullas
1304 4143 1385 4190 est
1419 4136 1509 4206 qui
1550 4152 1653 4192 non
1701 4137 1918 4206 peccato

319 4224 588 4278 moriatur
621 4225 676 4280 in
706 4224 1008 4294 Baptismo:
1038 4229 1131 4282 sed
1164 4219 1367 4298 parvuli
1400 4227 1602 4282 tantum
1633 4228 1915 4298 originali,

319 4318 560 4388 majores
586 4327 762 4374 autem
784 4319 941 4374 etiam
971 4319 1036 4375 iis
1064 4319 1309 4376 omnibus
1338 4322 1636 4376 moriuntur
1663 4321 1914 4392 peccatis,

319 4423 679 4481 quaecumque
717 4410 859 4466 male
884 4411 1109 4468 vivendo
1152 4411 1474 4468 addiderunt
1498 4413 1564 4467 ad
1612 4411 1740 4468 illud
1777 4411 1918 4483 quod

324 4501 604 4558 nascendo
625 4510 915 4559 traxerunt.

387 4593 620 4650 CAPUT
637 4594 1118 4666 XLIV.—Figura,
1131 4603 1362 4668 mpm“,
1382 4613 1478 4666 qua
1491 4612 1728 4650 numerus
1739 4595 1916 4665 accipi-

326 4697 414 4740 tur
445 4705 539 4758 pro
559 4705 788 4742 numero.
816 4688 924 4744 Sed
952 4688 1073 4745 ideo
1095 4690 1254 4743 etiam
1279 4690 1377 4759 ipsi
1399 4699 1622 4760 peccato
1645 4689 1780 4743 mori
1810 4689 1920 4758 ple-

327 4781 559 4849 rumque
568 4775 836 4847 dicuntur,
851 4785 970 4837 cum
985 4781 1172 4852 procul
1191 4781 1354 4836 dubio
1371 4779 1477 4836 non
1503 4779 1612 4845 uni,
1633 4781 1725 4836 sed
1739 4781 1920 4836 multis

328 4872 566 4942 peccatis
590 4869 944 4944 omnibusque
966 4875 1278 4939 moriantur,
1303 4890 1649 4945 quaecumque
1660 4873 1768 4944 jam
1791 4889 1916 4944 pro-

331 4962 447 5033 pria
464 4953 975 5033 commiserunt,’iel
1015 4967 1355 5038 cogitatione,
1396 4967 1482 5022 vel
1513 4965 1804 5035 locutione,
1835 4967 1919 5023 vel

332 5059 528 5127 opere;
558 5057 680 5132 quia
707 5058 866 5115 etiam
895 5077 992 5131 per
1027 5061 1348 5131 singularem
1390 5077 1670 5116 numerum
1699 5059 1922 5131 pluralis

332 5165 592 5207 numerus
620 5151 903 5230 significari
933 5154 1114 5210 solet':
1140 5151 1279 5209 sicut
1303 5153 1378 5208 ait
1397 5153 1505 5219 ille,
1545 5172 1565 5207 ‹
1592 5154 1920 5224 Uterumque

335 5231 542 5300 nunan
587 5243 758 5302 milite
802 5243 1072 5318 complent
1105 5266 1125 5300 ι
1153 5245 1366 5319 (Virgil.
1392 5245 1607 5315 Αῖηείά,
1632 5246 1795 5315 no.2,
1842 5247 1917 5318 γ.

332 5333 459 5406 Ii);
498 5335 744 5407 quamvis
777 5337 882 5393 hoc
935 5337 1118 5395 multis
1168 5338 1424 5394 militibus
1471 5339 1714 5395 fecerint.
1747 5340 1813 5394 Et
1864 5339 1918 5396 in

336 5427 532 5482 nostris
550 5427 764 5485 Litteris
790 5428 1002 5500 legitur,
1034 5428 1140 5484 Ora
1160 5445 1278 5501 ergo
1299 5429 1366 5484 ad
1392 5427 1688 5498 Dominum,
1720 5439 1775 5484 ut
1819 5446 1920 5483 au-

399 5555 658 5632 Ξὲρωὲαιίί
682 5561 826 5632 μοι
841 5554 894 5632 δη
1159 5569 1402 5632 Per”??-

397 5607 514 5672 ’ἐκ
543 5607 650 5669 sm.
682 5623 758 5668 Fr.-
795 5607 913 5668 ban.
956 5607 1009 5670 et
1049 5607 1273 5684 plerique
1461 5625 1516 5670 At
1557 5607 1666 5671 Lor.
1706 5626 1759 5670 et
1787 5627 1921 5682 Arn.,

776 5743 949 5818 Itelius
978 5750 1296 5818 assumantur:
1317 5757 1336 5795 :
1354 5743 1625 5818 iungendo,

334 5823 434 5882 quo
453 5817 554 5864 stet
853 5806 913 5858 ad
932 5805 1257 5871 praecedentia
1289 5805 1468 5870 verba;
1493 5819 1559 5860 ea:
1579 5813 1729 5861 morte
1749 5805 1914 5861 veteri;

3512 347 3622 440 ζει

2044 445 2172 537 {erat
2191 460 2223 496 a
2243 442 2384 536 nobis
2405 453 2686 536 sementem
2711 449 2900 522 (Num.
2932 469 3049 537 art,
3081 455 3136 528 7_,
3285 457 3483 537 LXX);
3508 481 3615 537 non

2038 525 2112 589 ait
2138 529 2446 618 serpentes,
2476 555 2610 612 quos
2640 529 2936 626 patiebatur
2953 525 3192 626 populus
3211 525 3236 619 ξ
3256 525 3313 626 ιιι
3343 525 3619 626 ιιίιέδίρὸ-

2037 634 2152 680 ret:
2179 635 2230 723 et
2248 627 2653 724 innumerabilia
2669 634 2810 689 talia.
2832 623 2960 692 Cum
2985 641 3109 696 vero
3124 621 3184 697 et
3210 621 3338 724 illud
3361 623 3618 724 ριλὶεῐιῖειιο

2038 715 2198 770 ununi
2224 717 2413 788 plurali
2442 737 2666 778 numero
2687 726 3039 796 signiﬁcatur,
3071 727 3282 801 quando
3311 715 3538 792 dicimus
3559 717 3617 795 in

2035 817 2374 876 peccatorum
2401 814 2771 871 remissionem
2801 816 3056 889 baptizari
3085 811 3354 894 parvulos,
3387 805 3492 883 nec
3527 829 3614 884 di-

2035 902 2205 988 cimus
2242 903 2296 958 in
2341 907 2706 964 remissionem
2750 911 2987 980 peccati;
3036 909 3123 990 illa
3154 901 3305 992 este
3345 909 3616 992 contrario

2034 983 2256 1062 loeutio,~
2287 1011 2388 1068 qua
2417 1015 2510 1068 per
2541 999 2794 1069 pluralem
2827 1003 2844 1035 ¹
2869 983 3612 1080 εἰςηίῐῑέιιιιιι·ἰιιιιιιεινιιξείιι-

2034 1077 2255 1154 gularis.
2295 1085 2445 1143 Sicut
2476 1090 2527 1145 in
2576 1091 2863 1162 Evangelio
2913 1087 3124 1150 Herode
3161 1073 3370 1170 marino
3399 1089 3610 1158 dictum

2033 1186 2133 1261 est,
2176 1178 2369 1234 Μονιυὶ
2414 1191 2528 1236 sunt
2579 1185 2708 1238 enim
2746 1186 2830 1258 qui
2869 1187 3156 1266 quwrebant
3200 1169 3422 1266 animam
3475 1173 3619 1263 pueri

2038 1259 2246 1338 (Matth.
2291 1287 2346 1335 ιι,
2378 1271 2470 1346 20)
2503 1291 2514 1327 :
2542 1289 2648 1329 non
2688 1276 2886 1331 dictum
2912 1287 3012 1345 est,
3045 1261 3288 1336 mortuus
3318 1292 3418 1348 est.
3459 1259 3524 1338 Et
3561 1284 3617 1340 in

2032 1357 2237 1426 Exodo,
2274 1357 2544 1430 Fecerunt,
2575 1365 2774 1438 inquit,
2796 1366 2890 1422 sibi
2919 1368 3037 1423 deos
3059 1351 3283 1440 aureos;
3309 1357 3431 1446 cum
3453 1389 3617 1430 unum

2035 1443 2257 1505 vitblum
2307 1451 2549 1522 fecerint,
2603 1456 2672 1511 de
2714 1474 2818 1534 quo
2864 1457 3138 1538 dixerunt,
3185 1453 3256 1517 Hi
3284 1443 3400 1536 sunt
3444 1451 3617 1546 dii-tui

2032 1540 2212 1610 Israel,
2243 1545 2332 1615 qui
2350 1545 2628 1602 eduxerunt
2652 1559 2697 1603 te
2717 1545 2781 1604 de
2803 1563 2937 1605 terra
2963 1543 3034 1605 1E
3038 1556 3178 1628 gypti
3201 1541 3397 1628 (Eucti.
3428 1540 3612 1625 x'x'xn,

2031 1633 2121 1720 5i,
2151 1635 2204 1704 lt)
2241 1653 2254 1690 :
2279 1646 2332 1691 ct
2362 1637 2448 1692 hic
2475 1639 2731 1710 pluralem
2761 1643 3018 1720 ponentes
3046 1625 3452 1720 pro‘singulari.
3491 1633 3498 1640 ’
3529 1629 3535 1637 δ

2087 1713 2328 1785 CAPUT
2366 1729 2526 1786 XLV.
2553 1763 2625 1773 —
2647 1731 2715 1788 In
2758 1735 2920 1805 primo
2955 1713 3405 1809 Ιιδιὶιίήίε“ρεὲεάιδ
3443 1740 3618 1810 plures

2030 1809 2224 1891 peccati
2263 1823 2469 1894 species.
2499 1823 2750 1892 Quamvis
2781 1835 2833 1882 et
2861 1827 2914 1906 iu
2945 1827 3034 1884 illo
3064 1821 3283 1906 peccato
3314 1809 3615 1904 uno,]quod

2031 1929 2125 1985 per
2155 1932 2314 1970 unum
2344 1916 2609 1974 hominem
2639 1907 2852 1976 intravit
2884 1903 2934 1976 in
2964 1903 3240 1990 mundum,
3269 1925 3396 1980 etin
3425 1941 3614 1984 omnes

2029 2003 2272 2062 homines
2301 2012 2603 2076 pertransiit
2629 2008 2804 2085 (Rom.
2826 2029 2889 2080 ν,
2915 2011 3022 2090 12),
3059 2003 3272 2086 propter
3287 1997 3428 2087 quod
3453 1999 3613 2072 etiam

2028 2095 2232 2166 parvuli
2262 2097 2615 2166 baptizantur,
2639 2103 2843 2172 possint
2872 2103 3095 2174 intelligi
3126 2105 3272 2175 plura
3304 2115 3541 2178 peccata,
3565 2107 3612 2162 si

2028 2203 2191 2242 unum
2225 2188 2396 2259 ipsum
2434 2190 2483 2243 iu
2512 2206 2605 2244 sua
2633 2193 2783 2262 quasi
2815 2195 3051 2248 membra
3091 2196 3292 2265 singula
3327 2181 3611 2253 dividatur.

2025 2265 2158 2334 Nam
2188 2290 2241 2335 et
2264 2281 2510 2352 superbia
2531 2282 2875 2355 estillic,quia
2900 2285 3058 2339 homo
3077 2286 3128 2340 in
3150 2279 3244 2340 sua
3269 2287 3442 2356 potius
3467 2302 3610 2355 esse,

2027 2389 2184 2444 quam
2219 2374 2268 2427 iu
2310 2374 2401 2429 Dei
2436 2385 2696 2446 potestate
2735 2371 3044 2443 dilexit.;'et
3080 2377 3445 2456 sacrilegium,
3491 2365 3616 2450 quia

2029 2465 2137 2520 Deo
2155 2481 2258 2520 non
2289 2466 2544 2534 credidit;
2569 2476 2621 2522 et
2652 2466 3016 2536 homicidium,
3041 2470 3163 2540 quia
3185 2485 3241 2525 se
3259 2469 3610 2542 praecipitavit

2027 2558 2083 2614 in
2107 2571 2370 2628 mortem;
2419 2571 2473 2615 et
2512 2559 2790 2616 fornicatio
2830 2562 3143 2632 spiritualis,
3184 2563 3308 2633 quia
3341 2564 3616 2634 integritas

2026 2652 2219 2707 mentis
2233 2651 2476 2708 humana:
2489 2655 2792 2724 serpentina
2808 2639 3056 2711 suasione
3071 2639 3318 2726 corrupta
3332 2667 3493 2724 est;et
3510 2657 3615 2714 fur-

2026 2751 2157 2812 tum,
2191 2746 2310 2818 quia
2341 2747 2490 2800 cibus
2513 2746 2813 2819 prohibitus
2832 2757 3117 2818 usurpatus
3143 2757 3225 2804 est
3240 2735 3265 2814 ;’
3288 2760 3342 2804 et
3366 2751 3608 2816 avaritia,

2024 2838 2146 2910 quia
2181 2837 2296 2909 plus
2335 2855 2492 2912 quam
2519 2837 2597 2894 illi
2646 2841 2893 2897 sufficere
2928 2842 3110 2897 debuit
3147 2842 3411 2914 appetivit
3441 2861 3455 2898 :
3487 2851 3541 2900 et
3565 2842 3614 2899 si

2025 2930 2152 3002 quid
2175 2931 2317 2986 aliud
2341 2931 2392 2986 in
2425 2923 2526 2988 hoc
2555 2949 2658 2989 uno
2684 2933 2920 2990 admisso
2945 2934 3188 3016 diligenti
3218 2933 3608 3016 consideratio-

2024 3039 2093 3077 ne
2124 3023 2349 3078 inveniri
2380 3034 2576 3094 potest.
2845 3017 2850 3020 ’
3139 3013 3142 3016 ’

2095 3115 2319 3174 CAPUT
2356 3115 2540 3172 XLVI.
2587 3149 2661 3160 —
2701 3117 2935 3174 Peccatis
2961 3121 3228 3192 parentum
3273 3137 3377 3200 non
3415 3129 3611 3200 tantum

2025 3207 2302 3276 primorum
2323 3207 2534 3279 obligari
2565 3205 2720 3279 ﬁlios,
2755 3201 3013 3281 probabile
3040 3221 3132 3266 est.
3166 3199 3450 3290 Parentum
3480 3229 3613 3285 quo-

2023 3315 2127 3371 quc
2157 3301 2390 3370 peccatis
2414 3301 2659 3372 parvulos
2689 3301 2934 3372 obligari,
2962 3319 3064 3357 non
3111 3304 3284 3360 solum
3315 3305 3612 3376 primorum

2023 3389 2317 3457 hominum,
2349 3392 2442 3448 sed
2467 3391 2627 3447 etiam
2643 3407 2881 3458 suorum,
2901 3394 2967 3449 dc
2996 3395 3188 3465 quibus
3206 3397 3303 3466 ipsi
3331 3399 3439 3452 nati
3462 3406 3610 3465 sunt,

2022 3499 2128 3539 non
2161 3483 2576 3555 improbabiliter
2601 3477 2814 3541 dicitur.
2849 3485 2942 3541 Illa
2966 3473 3162 3558 quippe
3184 3475 3607 3568 divinaseuten-

2023 3577 2128 3645 tia,
2157 3576 2390 3631 Reddam
2430 3587 2634 3647 peccata
2680 3589 2882 3648 patrum
2925 3579 2983 3633 in
3023 3580 3158 3660 ﬁlios
3203 3564 3383 3662 (Deut.
3421 3564 3608 3652 v,'9)';

2023 3676 2170 3744 tenet
2215 3683 2307 3725 eos
2352 3670 2538 3740 utique
2581 3679 2865 3742 antequam
2911 3685 3008 3742 per
3046 3672 3505 3743 regenerationem
3542 3674 3610 3729 ad

2021 3749 2420 3838 Testamentum
2446 3761 2648 3816 Novum
2675 3749 2928 3834 incipiant
2945 3763 3230 3838 pertinere.
3253 3762 3408 3834 Quod
3427 3764 3612 3822 Testa-

2022 3831 2258 3928 mentum
2276 3835 2714 3936 prophetabatur,
2735 3831 2855 3938 cum
2872 3835 3138 3938 diceretur
3157 3872 3252 3938 per
3264 3831 3611 3915 Ezechielem

2021 3937 2128 4000 non
2161 3937 2479 4018 accepturos
2523 3929 2664 4003 ﬁlios
2695 3929 2914 4024 peccata
2941 3929 3180 4018 patrum.
3209 3965 3426 4024 suorum
3452 3991 3468 4017 ,
3510 3965 3612 4008 nec

2023 4037 2245 4093 ulterius
2273 4035 2502 4094 futuram
2553 4040 2604 4094 in
2636 4019 2797 4097 lsrael
2845 4041 3152 4118 parabolam.
3203 4019 3348 4118 illam
3383 4061 3396 4097 :
3429 4041 3612 4115 Patres

2021 4131 2449 4186 manducaverunt
2473 4149 2619 4187 uvam
2640 4135 2895 4199 acerbam,
2923 4143 2968 4188 et
2990 4133 3163 4210 dentes
3187 4135 3412 4205 filiorum
3433 4136 3610 4191 obstu-

2024 4225 2276 4296 puerunt’
2303 4222 2514 4298 (Ezech.
2547 4240 2699 4291 xvm,
2731 4225 2902 4296 1-20).
2935 4224 3059 4282 [deo
3084 4226 3225 4281 enim
3254 4227 3478 4299 quisque
3517 4243 3608 4284 re-

2024 4315 2281 4383 nascitur,
2315 4323 2372 4370 ut
2402 4315 2642 4386 solvatur
2677 4317 2728 4370 in
2753 4331 2820 4372 eo
2840 4316 3094 4388 quidquid
3122 4319 3327 4388 peccati
3353 4328 3437 4375 est
3482 4335 3607 4375 cum

2022 4422 2129 4483 quo
2157 4407 2414 4463 nascitur.
2450 4407 2582 4462 Nam
2630 4417 2843 4478 peccata
2882 4423 3004 4479 qua:
3037 4409 3175 4463 male
3199 4409 3404 4482 agendo
3423 4420 3609 4481 postea

2023 4501 2446 4568 committuntur,
2491 4509 2716 4570 possunt
2760 4509 2814 4554 et
2860 4499 3169 4570 paenitendo
3215 4501 3414 4568 sanari,
3469 4503 3611 4558 sicut

2022 4575 2182 4649 etiam
2213 4576 2670 4664 postBaptismum
2695 4591 2808 4647 ﬁeri
2829 4591 3091 4647 videmus.
3118 4591 3197 4647 Ac
3224 4607 3316 4664 per
3339 4591 3444 4648 hoc
3463 4608 3570 4649 non
3586 4593 3608 4625 ³

2021 4693 2107 4754 est
2133 4675 2371 4739 instituta
2410 4683 2774 4756 regeneratio,
2833 4683 2934 4738 nisi
2965 4683 3088 4756 quia
3114 4673 3305 4757 vitiosa
3333 4693 3416 4739 est
3439 4700 3604 4756 gene-

2023 4777 2188 4841 ratio;
2220 4790 2384 4846 usque
2411 4774 2547 4831 adeo
2593 4784 2651 4830 ut
2693 4775 2854 4830 etiam
2879 4775 2946 4830 de
2977 4775 3216 4846 legitimo
3265 4777 3609 4832 matrimonio

2024 4853 2332 4939 procreatus
2360 4867 2520 4933 dicat,
2553 4867 2619 4921 In
2640 4868 2986 4938 iniquitatibus
3010 4876 3280 4938 conceptus
3309 4885 3442 4942 sunt,
3483 4879 3531 4924 et
3555 4869 3609 4925 in

2025 4962 2242 5034 peccatis
2270 4971 2429 5016 mater
2461 4977 2569 5015 mea
2609 4978 2686 5015 me
2710 4962 2764 5014 in
2793 4970 2932 5016 utero
2953 4961 3082 5015 aluit
3116 4959 3372 5040 (Ρδαιὰυ
3400 4961 3477 5035 7).
3507 4961 3613 5019 Ne-

2025 5068 2127 5124 que
2156 5051 2242 5107 hic
2265 5051 2416 5118 dixit,
2450 5052 2506 5107 lu
2539 5052 2835 5122 iniquitate,
2876 5052 2963 5108 vel
2990 5060 3233 5125 peccato,
3261 5068 3382 5109 cum
3423 5055 3613 5110 ethoc

2025 5155 2171 5203 recte
2197 5146 2302 5202 dici
2345 5152 2567 5216 posset:
2601 5145 2697 5202 sed
2745 5147 3047 5216 iniquitates
3087 5156 3141 5204 et
3178 5156 3392 5220 peccata
3431 5149 3613 5204 dicere

2025 5221 2233 5295 maluit.
2262 5237 2395 5305 Quia
2435 5246 2487 5293 et
2529 5239 2583 5293 in
2621 5237 2714 5295 illo
2742 5253 2868 5304 uno,
2900 5240 3042 5310 quod
3068 5240 3121 5295 in
3148 5255 3336 5295 omnes
3366 5239 3613 5298 homines

2029 5335 2353 5408 pertransiit,
2378 5342 2541 5406 atque
2567 5342 2674 5388 tam
2704 5349 2953 5405 magnum
2983 5342 3086 5404 est,
3113 5342 3170 5390 ut
3194 5332 3295 5390 eo‘
3317 5343 3615 5392 mutaretur

2091 5517 2108 5550 ί
2146 5524 2243 5565 Am.
2268 5521 2342 5564 Er.
2366 5521 2478 5565 Lov.
2514 5521 2566 5566 et
2587 5522 2695 5565 Arn.
2719 5515 2811 5566 hoc
2833 5513 2940 5565 loco
2961 5513 3157 5576 addunt,
3184 5514 3465 5566 locutionem
3493 5526 3512 5564 :
3533 5527 3614 5564 su-

2027 5579 2247 5642 perﬂuo;
2272 5591 2383 5642 nam
2404 5579 2453 5627 in
2472 5584 2580 5627 Mss.
2604 5577 2781 5642 melius
2801 5577 3105 5642 subauditur,
3131 5591 3405 5642 numerum.

2063 5644 2112 5716 Μ·
2144 5641 2452 5704 Antiquiores
2472 5649 2599 5701 Mss,
2623 5639 2946 5705 obstipuerunt
2973 5652 2990 5689 :
3012 5640 3208 5690 ductum
3229 5640 3435 5689 verbum
3457 5649 3486 5687 a
3524 5641 3614 5690 sti-

2027 5711 2284 5837 pnituit.
2308 5774 2480 5837 Asper
2503 5765 2590 5837 hoe
2613 5777 2708 5837 ηρη
2728 5763 2783 5834 ρο
2807 5762 2960 5837 αιξτξάο
2984 5769 3090 5814 κεδ-
3114 5763 3361 5825 omnm"
3382 5758 3611 5818 οθαίίιιά·

2093 5829 2116 5860 δ
2147 5828 2514 5902 r.diti,utiueo.
2535 5829 2698 5891 Abest,
2720 5828 2967 5891 ut,attss.
3589 5861 3592 5866 -

3643 5417 3654 5446 l
