3896 6382
476 498 535 547 et
552 497 947 548 converteretur
961 492 1015 548 in
1040 495 1410 551 necessitatem
1431 495 1619 551 mortis
1641 496 1871 551 humana
1887 505 2044 554 natu-

477 594 561 650 ra,
599 582 957 652 reperiuntur,
992 584 1131 638 sicut
1165 600 1326 655 supra
1361 585 1609 652 disserui,
1635 588 1787 657 plura
1809 597 2049 658 peccata,

475 681 529 727 et
558 672 661 727 alia
700 682 1000 742 parentum,
1036 690 1157 745 qua:
1200 677 1304 732 etsi
1345 692 1452 733 non
1489 677 1561 733 ita
1594 686 1817 747 possunt
1843 687 2052 736 mutare

474 768 736 827 naturam,
769 770 921 819 reatu
974 772 1151 821 tamen
1202 764 1438 838 obligant
1486 767 1642 836 ﬁlios,
1682 769 1784 825 nisi
1820 769 2052 840 gratuita

476 851 642 920 gratia
658 860 713 907 et
730 852 1094 910 misericordia
1119 856 1304 911 divina
1325 858 1623 914 subveniat.

540 939 769 999 CAPUT
792 942 1077 1000 XLVll.-—-
1104 947 1373 1019 Quousque
1401 958 1667 1019 parentum
1691 958 1896 1021 peccata
1924 967 2047 1022 pro-

434 1030 443 1111 λ
467 1040 716 1102 pagentur
740 1033 793 1087 in
819 1034 972 1102 ﬁlios,
992 1051 1103 1091 non
1120 1044 1301 1093 temere
1324 1039 1681 1108 deﬁniendum.
1705 1040 1813 1098 Sed
1833 1041 1901 1098 de
1924 1056 2051 1113 pec-

440 1110 602 1177 ;catis
640 1122 865 1181 aliorum
894 1138 1196 1198 parentum,
1219 1131 1413 1200 quibus
1450 1132 1517 1187 ab
1546 1133 1660 1203 ipso
1684 1134 1855 1189 Adam
1880 1149 2050 1206 usque

464 1212 532 1268 ad
559 1224 763 1285 patrem
779 1232 932 1273 suum
958 1223 1457 1291 progeneratoribus
1474 1224 1584 1279 suis
1608 1225 1833 1295 quisque
1858 1240 2049 1282 succe-

463 1305 559 1373 dit,
594 1321 703 1363 non
739 1308 1004 1367 immerito
1036 1312 1326 1384 disceptari
1362 1323 1573 1385 potest:
1608 1326 1781 1373 utrum
1810 1319 2048 1376 omnium

470 1396 628 1451 malis
656 1398 863 1455 actibus
887 1408 941 1456 et
969 1403 1331 1473 multiplicatis
1354 1407 1559 1462 delictis
1587 1409 1937 1480 originalibus
1954 1412 2047 1483 qui

463 1487 700 1544 nascitur
729 1489 1049 1560 implicetur,
1097 1503 1155 1549 ut
1193 1504 1339 1551 tanto
1379 1498 1530 1568 pejus
1553 1508 1753 1569 quanto
1786 1503 2047 1571 posterius

461 1577 686 1649 quisque
730 1591 1015 1651 nascatur;
1046 1600 1114 1640 an
1157 1596 1440 1657 propterea
1477 1590 1619 1646 Deus
1647 1592 1701 1646 in
1745 1594 1954 1649 tertiam
1992 1605 2046 1652 et

460 1679 703 1739 quartam
742 1675 1137 1743 generationem
1176 1678 1243 1734 de
1284 1682 1511 1750 peccatis
1555 1692 1830 1753 parentum
1859 1701 2043 1743 eorum

458 1762 689 1828 posteris
733 1766 1107 1836 comminetur,
1149 1770 1275 1841 quia
1321 1772 1457 1828 iram
1495 1787 1645 1829 suam
1674 1785 1931 1844 quantum
1976 1778 2045 1835 ad

459 1864 933 1921 progeneratorum
977 1860 1161 1930 culpas
1208 1876 1314 1917 non
1344 1864 1585 1920 extendit
1608 1866 1826 1923 ulterius
1855 1870 2044 1927 mode-

459 1944 670 2002 ratione
702 1948 1061 2007 miserationis
1101 1967 1249 2021 suae;
1280 1971 1346 2011 ne
1381 1955 1456 2011 illi
1481 1958 1670 2029 quibus
1686 1963 2044 2033 regeneratio-

455 2034 539 2089 nis
579 2039 748 2107 gralia
791 2056 897 2097 non
926 2044 1217 2111 confertur,
1270 2047 1435 2102 nimia
1462 2051 1670 2105 sarcina
1712 2051 1765 2106 in
1806 2052 1918 2122 ipsa
1946 2068 2041 2109 sua

455 2135 653 2183 acterna
705 2130 1045 2190 damnatione
1102 2148 1487 2206 premerentur,
1537 2141 1582 2195 si
1628 2154 1948 2213 cogerentur
1972 2147 2041 2204 ab

454 2217 606 2275 initio
633 2224 844 2292 generis
870 2225 1086 2281 humani
1118 2228 1354 2284 omnium
1394 2232 1809 2301 praecedentium
1848 2251 2041 2307 paren-

430 2314 562 2365 tum
591 2325 807 2368 suorum
829 2315 1156 2386 originaliter
1177 2330 1391 2389 peccata
1416 2325 1755 2395 contrahere,
1778 2336 1832 2383 et
1851 2344 2039 2399 pinnas

449 2415 547 2471 pro
566 2402 645 2457 eis
672 2402 878 2460 debitas
906 2406 1136 2477 pendere
1168 2427 1183 2463 :
1207 2425 1275 2465 an
1293 2411 1439 2468 aliud
1470 2414 1667 2486 aliquid
1696 2416 1762 2473 de
1782 2434 1841 2475 re
1869 2429 2033 2491 tanta,

447 2491 734 2564 Scripturis
758 2498 955 2555 sanctis
979 2498 1283 2573 diligentius
1308 2508 1651 2574 perscrutatis
1664 2517 1824 2582 atque
1842 2521 2037 2570 tracta-

448 2583 538 2651 tis,
565 2586 735 2642 valeat
760 2588 847 2644 vel
885 2604 995 2647 non
1024 2593 1201 2650 valeat
1237 2597 1486 2668 reperiri,
1518 2606 1718 2658 temere
1764 2603 2035 2665 affirmare

447 2690 555 2731 non
584 2677 776 2736 audeo.

516 2769 741 2830 CAPUT
762 2772 991 2831 XLVIII.
1007 2778 1181 2834 ~14.
1201 2777 1472 2836 Peccatum
1482 2783 1727 2856 originale
1746 2804 1848 2843 non
1872 2788 2033 2846 abole-

444 2868 528 2915 tur
541 2862 639 2917 nisi
662 2880 750 2933 per
767 2863 1041 2922 Christum.
1056 2869 1185 2925 illud
1199 2878 1377 2929 tamen
1402 2890 1563 2931 unum
1580 2887 1875 2948 peccatum,
1889 2882 2030 2953 quod

444 2959 553 3007 tam
577 2969 823 3025 magnum
845 2957 901 3012 in
924 2958 1043 3014 loco
1070 2969 1123 3015 et
1152 2960 1338 3018 habitu
1358 2972 1519 3021 tantm
1538 2965 1805 3027 fclicitatis
1833 2971 2032 3029 admis-

442 3058 559 3099 sum
589 3055 702 3114 est,
734 3058 791 3103 ut
819 3049 871 3103 in
907 3066 1015 3106 uno
1041 3052 1254 3110 homine
1280 3055 1631 3128 originaliter,
1661 3069 1842 3133 atque,
1871 3072 1929 3119 ut
1955 3065 2029 3122 ita

441 3135 695 3208 dixerim,
722 3141 1026 3200 radicaliter
1051 3151 1217 3201 totum
1240 3163 1406 3218 genus
1430 3147 1719 3208 humanum
1749 3154 2028 3213 damnare-

442 3238 548 3299 tur,
571 3246 677 3288 non
702 3233 927 3290 solvitur
940 3250 1003 3292 ac
1017 3236 1236 3295 diluitur
1254 3240 1356 3296 nisi
1378 3257 1473 3312 per
1490 3259 1653 3300 unum
1676 3247 2026 3307 mediatorcm

441 3322 537 3379 Dei
559 3333 612 3379 et
637 3324 913 3383 hominum
946 3329 1215 3387 hominem
1244 3332 1513 3390 Christum
1529 3334 1711 3394 Iesum
1738 3340 1779 3412 (Ι
1804 3340 1935 3397 Tim.
1962 3358 2022 3411 ιι,

440 3415 520 3487 5),
573 3418 662 3489 qui
693 3419 839 3477 solus
882 3422 1053 3492 potuit
1077 3424 1151 3480 ita
1180 3426 1348 3496 nasci,
1397 3435 1459 3484 ut
1484 3429 1536 3485 ei
1576 3446 1683 3487 non
1724 3448 1857 3504 opus
1883 3445 2025 3493 esset

422 3509 666 3564 renasci.

509 3597 739 3656 CAPUT
777 3600 962 3659 XLIX.
993 3605 1343 3679 -—Baptismo
1370 3608 1589 3667 Joannis
1609 3629 1711 3669 non
1749 3615 1900 3685 ﬁebat
1937 3634 2022 3673 re-

437 3693 713 3760 generatio.
744 3692 976 3752 Christus
999 3714 1091 3752 cur
1127 3699 1377 3770 baptizari
1418 3719 1451 3757 a
1471 3702 1674 3760 Joanne
1696 3708 1872 3762 voluit.
1903 3706 2021 3767 Non

437 3780 578 3835 enim
617 3784 1050 3855 renascebantur,
1082 3788 1173 3859 qui
1201 3790 1519 3862 baptismate
1532 3793 1752 3853 Joannis
1780 3799 2021 3870 baptiza-

434 3870 628 3928 bantur
664 3872 874 3946 (Matth.
908 3894 986 3944 ui,
1020 3878 1134 3952 l5),
1164 3896 1195 3936 a
1225 3898 1331 3953 quo
1355 3892 1409 3940 et
1432 3885 1546 3957 ipse
1578 3887 1874 3957 baptizatus
1896 3898 2019 3948 est:

438 3961 532 4017 sed
560 3963 786 4033 quodam
805 3971 1157 4037 praecursorio
1188 3972 1327 4029 illius
1351 3974 1647 4031 ministerio
1669 3979 1759 4048 qui
1784 3979 2016 4048 dicebat,

436 4049 627 4107 Parate
644 4055 776 4109 viam
800 4056 1022 4114 Domino
1048 4059 1199 4130 (Luc.
1224 4077 1305 4130 ιιι,
1335 4062 1412 4133 4),
1432 4063 1554 4119 huic
1583 4066 1670 4121 uni
1694 4067 1747 4123 in
1768 4084 1875 4140 quo
1901 4072 2018 4128 solo

434 4145 643 4200 renasci
669 4156 915 4217 poterant
953 4151 1297 4220 parabantur.
1337 4152 1504 4224 Hujus
1531 4158 1676 4211 enim
1721 4159 2017 4229 baptismus

431 4243 514 4289 est
561 4251 665 4291 nou
709 4238 765 4293 in
816 4254 951 4311 aqua
982 4248 1206 4309 tantum,
1252 4243 1390 4299 sicut
1432 4243 1529 4300 fuit
1567 4246 1806 4315 Joannis,
1828 4266 2015 4310 verum

422 4327 589 4383 etiam
621 4329 673 4383 in
704 4329 903 4401 Spiritu
929 4341 1114 4390 sancto
1143 4333 1336 4400 (Marc.
1365 4353 1403 4405 ι,
1435 4337 1521 4409 8);
1553 4350 1613 4395 ιιι
1632 4340 1699 4397 de
1728 4342 1821 4398 illo
1848 4344 2016 4415 Spiri-

429 4426 484 4472 tu
536 4432 880 4492 regeneretur
934 4424 1174 4496 quisquis
1217 4426 1270 4481 in
1298 4426 1566 4485 Christum
1594 4431 1785 4501 credit,
1815 4433 1882 4489 de
1906 4451 2013 4506 quo

428 4509 674 4566 Christus
702 4524 986 4583 generatus
1015 4518 1031 4548 ¹
1064 4519 1466 4588 rcgencratione
1520 4536 1625 4577 non
1668 4523 1831 4593 eguit.
1855 4524 2011 4583 Unde

428 4619 528 4659 vox
544 4606 632 4660 illa
652 4605 821 4662 Patris
833 4624 950 4679 quae
963 4625 1123 4679 super
1140 4611 1455 4680 baptizatum
1476 4614 1608 4670 facta
1630 4614 1850 4688 est,Ego
1863 4618 2012 4675 hodie

425 4695 575 4764 genui
595 4696 670 4747 ιε’
690 4694 859 4766 (Psal.
886 4698 1003 4763 11,7;
1028 4697 1183 4753 Hebr.
1205 4716 1259 4767 ν,
1277 4701 1364 4770 5);
1391 4719 1495 4757 non
1523 4720 1684 4761 unum
1706 4707 1851 4764 illum
1871 4718 2009 4767 tem-

424 4786 569 4855 poris
586 4786 728 4842 diem
747 4803 851 4859 quo
876 4789 1170 4860 baptizatus
1187 4804 1286 4860 est,
1308 4796 1400 4851 sed
1422 4797 1763 4857 immutabilis
1790 4806 2007 4861 aeterni-

425 4878 549 4932 tatis
575 4879 829 4947 ostendit,
859 4890 913 4936 ut
950 4882 1097 4938 illum
1124 4883 1394 4943 hominem
1425 4890 1491 4945 ad
1522 4891 1783 4964 Unigeniti
1816 4912 2003 4965 perso-

423 4983 545 5023 nam
578 4970 845 5039 pertinere
875 4982 1212 5032 monstraret.
1247 4977 1344 5033 Ubi
1384 4983 1524 5037 enim
1553 4983 1667 5039 dies
1686 5000 1785 5040 nec
1800 4986 2006 5044 hester-

422 5057 477 5113 ni
534 5058 639 5114 line
686 5061 998 5134 inchoatur,
1040 5081 1140 5121 nec
1187 5068 1338 5124 initio
1379 5072 1597 5127 crastini
1649 5077 2000 5150 terminatur,

420 5164 634 5224 semper
659 5152 950 5212 hodiernus
964 5166 1065 5214 est.
1098 5158 1155 5214 in
1184 5176 1319 5232 aqua
1336 5177 1463 5234 ergo
1492 5164 1745 5236 baptizari
1776 5170 1943 5228 voluit
1970 5187 2001 5230 a

420 5243 644 5312 Joanne,
676 5262 785 5304 non
825 5258 883 5305 ut
917 5250 1031 5321 ejus
1061 5252 1308 5324 iniquitas
1336 5256 1443 5311 ulla
1487 5255 1800 5328 dilucretur,
1826 5264 1919 5318 scd
1942 5274 2003 5322 ut

418 5348 607 5405 magna
634 5341 1101 5398 commendaretur
1124 5343 1414 5403 humilitas.
1444 5347 1520 5404 lta
1556 5350 1752 5422 quippe
1780 5353 1913 5409 nihil
1942 5357 1997 5413 in

414 5439 482 5482 eo
521 5425 813 5499 baptismus
846 5434 989 5505 quod
1028 5436 1289 5507 ablueret,
1317 5438 1453 5496 sicut
1487 5456 1633 5499 mors
1676 5445 1806 5501 nihil
1855 5449 1999 5520 quod

411 5644 660 5765 gat”
682 5656 1007 5715 regeneratus.
1025 5655 1197 5705 verius
1214 5661 1313 5706 Am.
1333 5662 1409 5709 Er.
1433 5665 1550 5710 Dan.
1568 5668 1621 5714 et
1636 5666 1850 5728 potiores
1860 5675 1989 5735 Mss,

412 5767 1567 5858 mi.191§?.39n539§e}£°i.“99¢91939630!“
1588 5794 1790 5843 Damus
1807 5792 1994 5858 absque

413 5825 626 5880 codicum
644 5825 938 5888 amtoritaté'
964 5825 1630 5903 τιάᾱίιξᾶῖῖἇὶπῖιῖιῖξνῆιὲιᾶξ

1625 6010 1675 6023 ⁷ο..

983 373 1441 448 ENCHIRIDION,
1481 378 1635 437 SIVE
1674 381 1762 438 DE
1800 382 1974 453 FIDE,
2015 372 2142 444 SPE
2182 380 2274 444 ΕΤ
2309 387 2731 464 CHARITATE,
2769 395 2827 453 S.
2867 396 3235 461 AUGUSTINI

3633 409 3751 471 256

2161 501 2398 571 puniret,
2448 505 2690 574 invenit;
2734 518 2794 566 ut
2824 510 3066 573 diabolus
3099 519 3322 579 veritate
3356 522 3599 597 justitiie,
3630 544 3748 587 non

2158 593 2411 650 violentia
2461 600 2738 667 potestatis
2779 617 3066 674 oppressus
3110 618 3168 666 et
3213 593 3385 669 victus
3407 654 3426 683 ,
3480 593 3746 689 quoniam

2157 683 2330 753 ipsum
2355 685 2471 741 sine
2496 688 2604 744 ullo
2633 686 2833 759 peccati
2862 695 3056 752 merito
3084 699 3416 773 iniquissime
3437 683 3743 780 occiderat,

2159 788 2256 843 per
2298 774 2469 845 ipsum
2516 777 2806 848 iustissime
2830 787 3097 845 amitteret
3139 807 3271 863 quos
3306 798 3507 864 peccati
3538 774 3745 858 merito

2161 873 2451 935 detinebat.
2470 879 2765 955 Utrumque
2779 886 3014 957 igiturab
3032 890 3146 960 illo,
3179 891 3232 949 id
3250 904 3350 961 est,
3368 905 3424 953 et
3437 898 3743 971 baptismus

2157 976 2214 1024 et
2233 984 2403 1041 mors,
2433 984 2591 1032 certa:
2629 978 3039 1049 dispensationis
3076 1000 3255 1055 causa,
3287 1004 3393 1047 non
3427 992 3740 1052 miseranda

2154 1059 2487 1131 necessitate,
2511 1066 2605 1122 sed
2624 1069 2909 1130 miserante
2929 1076 3103 1144 potius
3126 1079 3395 1138 voluntate
3421 1095 3740 1157 susceptum

2152 1159 2272 1217 est;
2300 1161 2361 1208 ut
2408 1170 2545 1212 unus
2582 1170 2857 1229 peccatum
2903 1166 3113 1224 tolleret
3159 1172 3365 1239 mundi,
3415 1176 3553 1233 sicut
3592 1195 3741 1239 unus

2153 1254 2427 1312 peccatum
2454 1246 2599 1304 misit
2620 1252 2673 1306 in
2695 1254 2972 1324 mundum,
2988 1257 3091 1316 hoc
3114 1269 3216 1331 est,
3235 1263 3289 1319 in
3310 1266 3617 1325 universum
3643 1285 3739 1342 ge-

2152 1349 2251 1392 nus
2274 1337 2584 1397 humanum.

2221 1427 2445 1486 CAPUT
2482 1431 2546 1488 L.
2572 1464 2644 1475 —
2667 1434 2772 1492 Per
2799 1438 3052 1496 Christum
3079 1443 3192 1499 tolli
3217 1462 3318 1502 non
3347 1456 3540 1505 tantum
3564 1452 3737 1525 erigi.

2118 1517 2264 1581 gnate
2292 1530 2568 1589 peccatum,
2596 1526 2686 1579 sed
2721 1537 2769 1581 et
2806 1539 2985 1585 ccetera
3024 1536 3369 1605 superaddita.
3424 1540 3534 1595 Nisi
3579 1517 3736 1613 quod

2150 1607 2243 1664 ille
2268 1625 2404 1667 unus
2429 1629 2594 1669 unum
2616 1628 2890 1687 peccatum
2912 1624 3055 1680 misit
3082 1626 3135 1680 in
3163 1630 3437 1701 mundum,
3467 1632 3566 1689 iste
3594 1652 3736 1693 vero

2150 1714 2285 1755 unus
2311 1716 2421 1757 non
2441 1705 2613 1760 solum
2641 1707 2770 1763 illud
2796 1727 2979 1781 unum,
3011 1716 3104 1771 sed
3147 1728 3333 1774 cuncta
3359 1723 3513 1778 simul
3541 1725 3737 1782 abstu-

2148 1793 2210 1848 lit
2237 1810 2356 1864 quae
2383 1797 2560 1853 addita
2607 1802 2828 1859 invenit.
2860 1806 3011 1863 Unde
3058 1809 3188 1865 dicit
3236 1814 3519 1883 Apostolus
3552 1835 3566 1870 :
3596 1817 3734 1874 Non

2146 1885 2275 1937 sicut
2293 1902 2383 1956 per
2405 1904 2560 1943 unum
2574 1903 2859 1961 peccantem
2873 1898 2912 1962 ⁸,
2938 1899 3012 1951 ita
3031 1907 3103 1953 est
3117 1909 3164 1954 et
3197 1901 3385 1957 donum
3397 1921 3416 1958 :
3435 1923 3553 1960 nam
3565 1908 3732 1977 judi-

2146 1976 2277 2030 cium
2312 1980 2510 2047 quidem
2540 1999 2603 2037 επ
2638 2000 2740 2038 uno
2766 1986 2820 2039 in
2847 1989 3332 2061 condemnationem,
3362 2000 3526 2067 gratia
3552 2009 3733 2055 autem

2145 2084 2207 2122 ea:
2243 2072 2413 2126 multis
2441 2072 2635 2131 delictis
2662 2075 2715 2130 in
2731 2078 3169 2148 justiﬁcationem.
3196 2084 3332 2152 Quia
3361 2088 3544 2160 utique
3586 2091 3731 2149 illud

2143 2179 2308 2220 unum
2335 2168 2477 2236 quod
2513 2168 2841 2240 originaliter
2863 2174 3108 2246 trahitur,
3136 2179 3295 2234 etiam
3344 2180 3389 2236 si
3426 2182 3600 2238 solum
3630 2185 3727 2252 sit,

2143 2258 2405 2315 obnoxios
2431 2261 2756 2319 damnationi
2792 2264 2920 2321 facit
2943 2281 2956 2321 :
2979 2269 3150 2339 gratia
3178 2286 3307 2327 vero
3333 2287 3395 2327 ex
3424 2274 3607 2331 multis
3628 2276 3730 2333 de-

2140 2348 2283 2405 lictis
2302 2350 2555 2421 justilicat
2576 2352 2868 2425 hominem,
2896 2358 2985 2427 qui
3006 2369 3199 2430 praeter
3224 2361 3351 2417 illud
3379 2379 3542 2420 unum
3570 2367 3731 2436 quod

2140 2444 2498 2499 communiter
2538 2459 2659 2501 cum
2709 2448 2959 2504 omnibus
3007 2451 3336 2522 originaliter
3374 2456 3565 2523 traxit,
3621 2472 3730 2517 sua

2138 2550 2349 2606 quoque
2372 2537 2584 2607 propria
2613 2538 2776 2594 multa
2799 2541 3084 2597 commisit.

2206 2625 2434 2684 CAPUT
2472 2628 2558 2684 LI.
2607 2659 2681 2673 —
2723 2631 2766 2685 A
2797 2632 3122 2690 damnatione
3170 2635 3297 2691 Ade:
3334 2653 3480 2694 nemo
3526 2639 3727 2697 libera-
3795 2676 3799 2680 -

2136 2727 2215 2772 tus
2240 2719 2337 2773 nisi
2379 2720 2432 2775 in
2462 2720 2661 2777 Christo
2705 2732 2928 2782 renatus.
2977 2726 3351 2786 Verumtamen
3379 2733 3519 2803 quod
3550 2736 3727 2804 paulo

2134 2819 2255 2879 post
2283 2810 2430 2880 dicit,
2463 2812 2612 2869 Sicut
2639 2831 2730 2885 per
2769 2817 2918 2872 unius
2946 2819 3183 2874 delictum
3208 2821 3261 2875 in
3288 2838 3456 2879 omnes
3484 2826 3726 2882 homines

2133 2902 2201 2955 ad
2229 2902 2717 2975 condemnationem,
2741 2910 2813 2962 ita
2838 2919 2885 2964 et
2910 2927 3000 2981 per
3023 2912 3173 2968 unius
3194 2914 3448 2984 justitiam
3463 2919 3514 2972 in
3539 2935 3725 2977 omnes

2134 2994 2357 3051 homines
2377 2997 2447 3050 ad
2462 2997 2882 3068 justiﬁcationem
2908 3003 3021 3058 vita:
3049 3006 3222 3077 (Rom.
3244 3023 3298 3075 v,
3314 3008 3401 3077 l6,
3426 3010 3551 3080 48);
3580 3013 3725 3071 satis

2131 3085 2350 3155 indicat,
2381 3105 2447 3145 ex
2488 3091 2658 3147 Adam
2711 3095 2979 3152 neminem
3006 3107 3187 3154 natum
3241 3102 3341 3156 nisi
3367 3101 3723 3162 damnatione
3794 3104 3808 3120 ‘

2129 3178 2375 3249 detineri,
2407 3192 2463 3239 et
2485 3186 2751 3244 neminem
2787 3189 2889 3246 nisi
2927 3190 2981 3245 in
3018 3190 3232 3250 Christo
3253 3203 3493 3253 renatum
3539 3213 3574 3254 a
3620 3200 3721 3257 da-

2129 3272 2400 3329 mnatione
2419 3274 2652 3333 liberari.

2197 3363 2425 3422 CAPUT
2463 3365 2575 3423 LII.
2602 3399 2674 3411 —
2697 3369 2994 3442 Baptismus
3034 3378 3211 3432 mortis
3235 3394 3297 3433 ac
3330 3382 3721 3441 resurrectionis

2128 3453 2313 3510 Christi
2341 3457 2618 3516 similitudo
2655 3462 2709 3517 in
2735 3467 2958 3534 parvulis
2998 3469 3206 3539 perinde
3233 3487 3294 3526 ac
3318 3472 3371 3528 in
3401 3475 3714 3546 majoribus.

2129 3547 2207 3604 De
2234 3564 2338 3620 qua
2365 3565 2461 3620 per
2491 3568 2654 3610 unum
2684 3555 2953 3615 hominem
2972 3576 3131 3632 poena
3150 3570 3205 3619 et
3225 3578 3322 3635 per
3349 3581 3510 3622 unum
3536 3566 3719 3628 homi-

2124 3652 2248 3695 nem
2276 3642 2448 3712 gratia
2475 3659 2597 3700 cum
2612 3646 2822 3705 locutus
2839 3644 3041 3720 fuisset,
3060 3665 3316 3723 quantum
3346 3657 3423 3713 illi
3444 3658 3715 3729 Epistola

2123 3745 2234 3787 suae
2247 3730 2365 3787 loco
2378 3733 2625 3792 sufﬁcere
2636 3737 2890 3808 judicavit
2905 3784 2921 3811 ,
2938 3742 3131 3802 deinde
3144 3748 3282 3803 sacri
3297 3748 3635 3820 baptismatis
3656 3755 3714 3811 in

2123 3837 2280 3879 cruce
2293 3824 2485 3881 Christi
2499 3829 2698 3899 grande
2713 3834 3024 3904 mysterium
3036 3839 3425 3897 commendavit
3437 3857 3505 3899 eo
3514 3845 3710 3915 modo,

2123 3921 2180 3967 ut
2208 3915 2558 3988 intelligamus
2588 3921 2718 3976 nihil
2737 3922 2879 3980 aliud
2906 3940 3028 3983 esse
3042 3928 3098 3983 in
3122 3928 3333 3987 Christo
3352 3932 3707 4007 baptismum,

2123 4008 2223 4063 nisi
2252 4011 2440 4066 mortis
2477 4010 2673 4070 Christi
2707 4017 3145 4090 similitudinem;
3191 4024 3323 4081 nihil
3348 4034 3526 4083 autem
3551 4031 3711 4087 aliud

2120 4110 2347 4158 mortem
2367 4103 2563 4161 Christi
2586 4108 2847 4175 cruciﬁxi,
2872 4112 2972 4168 nisi
2988 4114 3316 4183 remissionis
3331 4120 3532 4189 peccati
3550 4121 3709 4177 simi-

2120 4190 2391 4249 litudinem
2422 4213 2437 4250 :
2468 4205 2526 4251 ut
2551 4199 2996 4267 quemadmodum
3020 4204 3073 4259 in
3100 4206 3193 4262 illo
3212 4222 3336 4264 vera
3368 4224 3517 4266 mors
3560 4213 3707 4271 facta

2118 4293 2217 4348 est,
2238 4285 2313 4340 sic
2335 4286 2389 4341 in
2410 4287 2567 4343 nobis
2584 4304 2706 4346 vera
2726 4293 2968 4351 remissio
2985 4306 3349 4367 peccatorum;
3368 4306 3705 4372 etquemad-

2116 4375 2331 4431 modum
2348 4376 2400 4432 in
2422 4378 2513 4433 illo
2530 4395 2653 4436 vera
2670 4384 3010 4453 resurrectio,
3030 4386 3101 4442 ita
3118 4388 3170 4443 in
3190 4389 3342 4446 nobis
3358 4406 3479 4447 vera
3499 4394 3704 4462 justiti-

2115 4464 2384 4526 catiofAit
2407 4474 2570 4541 enim,
2605 4474 2740 4540 Quid
2757 4493 2875 4549 ergo
2895 4478 3115 4537 dicemus
3135 4482 3162 4536 γ
3190 4481 3607 4542 Permanebimus
3640 4489 3701 4545 in

2113 4573 2336 4634 peccato,
2353 4576 2407 4619 ut
2426 4568 2590 4637 gratia
2611 4570 2869 4626 abundet?
2892 4572 3104 4630 Dixerat
3124 4574 3266 4632 enim
3290 4579 3552 4648 superius,
3571 4580 3698 4652 Ubi,

2113 4657 2246 4711 enim
2286 4657 2558 4715 abundavit
2581 4674 2859 4732 peccatum,
2888 4667 3311 4738 superabundavit
3335 4672 3500 4742 gratia
3524 4672 3697 4743 (Ibid.

2110 4745 2224 4818 20).
2256 4747 2325 4804 Et
2351 4746 2476 4804 ideo
2501 4752 2848 4820 quaestionem
2877 4756 2979 4811 sibi
3022 4756 3137 4828 ipse
3162 4761 3466 4831 proposuit,
3512 4772 3700 4821 utrum

2110 4846 2327 4909 propter
2344 4838 2718 4898 abundantiam
2748 4847 2932 4914 gratiae
2956 4849 3378 4919 consequendam
3396 4853 3449 4907 in
3471 4864 3700 4923 peccato

2109 4929 2179 4983 sit
2198 4931 2632 4999 permanendum.
2647 4932 2751 4990 Sed
2766 4938 3061 5008 respondit,
3076 4939 3252 4996 Absit:
3267 4952 3424 5013 atque
3438 4944 3694 5015 subjecit,

2110 5020 2171 5075 Si
2188 5024 2369 5076 mortui
2385 5041 2558 5080 sumus
2580 5038 2800 5096 peccato,
2814 5033 3063 5101 quomodo
3082 5034 3299 5091 vivemus
3321 5037 3375 5092 in
3402 5054 3461 5093 eo
3482 5040 3509 5093 .’
3531 5039 3699 5096 Dein-

2108 5115 2175 5171 de
2192 5128 2248 5172 ut
2274 5121 2579 5178 ostenderet
2604 5139 2702 5182 nos
2725 5136 2962 5185 mortuos
2986 5145 3107 5186 esse
3132 5141 3347 5202 peccato
3367 5134 3473 5188 :An
3490 5136 3699 5205 ignora-

2106 5208 2187 5276 tis,
2219 5211 2405 5281 inquit,
2428 5215 2663 5285 quoniam
2683 5218 2979 5289 quicumque
3005 5222 3244 5292 baptismi
3267 5239 3440 5279 sumus
3459 5225 3514 5279 in
3537 5226 3699 5281 Chri-

2107 5311 2184 5355 sto
2211 5300 2357 5371 Jesu,
2388 5306 2441 5359 in
2466 5316 2624 5363 morte
2637 5310 2793 5380 ipsius
2820 5312 3060 5382 baptisati
3083 5317 3298 5370 sumus?
3322 5315 3379 5372 Si
3403 5331 3532 5389 ergo
3561 5317 3695 5376 hinc

2106 5394 2438 5450 ostciidimur
2466 5399 2659 5454 mortui
2680 5415 2799 5456 esse
2825 5412 3062 5471 peccato,
3097 5407 3218 5475 quia
3255 5408 3308 5462 in
3329 5417 3502 5465 morte
3519 5408 3691 5466 Chri-

2105 5484 2173 5539 sti
2194 5485 2442 5556 baptizati
2467 5504 2683 5559 sumus;
2715 5492 2954 5562 proiecto
2979 5505 3034 5552 et
3063 5498 3266 5568 parvuli
3296 5500 3384 5569 qui
3408 5500 3690 5571 baptizan-

2103 5577 2254 5633 turin
2278 5576 2511 5650 Christo,
2529 5594 2745 5652 peccato
2767 5587 3084 5657 moriuntur,
3101 5590 3223 5661 quia
3248 5592 3300 5647 in
3315 5601 3490 5648 morte
3516 5593 3693 5664 ipsius

2166 5756 2313 5831 frtri).
2341 5765 2393 5831 et
2413 5771 2504 5809 sex
2527 5766 2654 5822 Mss,
2680 5776 2766 5831 per
2788 5778 2936 5816 unam:
2956 5776 3219 5831 peccatum.
3245 5773 3539 5822 Betinuimus
3562 5776 3700 5824 actio

2099 5829 2244 5899 quam
2266 5816 2528 5896 lectionem
2549 5816 2926 5899 respondentem
2950 5816 3697 5899 assighrmiiizﬁiirm

2103 5886 2193 5944 tos,
2215 5892 2360 5944 quam
2381 5886 2521 5948 sequi
2544 5885 2670 5940 solet
2693 5885 2999 5954 Augustinus.
