3896 6382
205 315 513 389 baptizatum.
532 309 684 369 Nullo
711 311 859 373 enim
880 319 1117 384 excepto
1138 310 1331 368 dictum
1357 314 1461 376 est,
1492 308 1737 378 Quicum-

1575 184 1778 246 LlBER
1812 184 2014 246 UNUS.

1813 94 1844 128 ιε

3437 204 3449 226 ἑ

3437 214 3447 226 .

3318 211 3457 275 ςὸϐι

1847 324 1958 364 ram
1984 308 2084 366 Dei
2107 313 2319 381 sedens;
2341 333 2455 390 qua:
2476 336 2675 378 sursum
2710 334 2829 383 sunt
2854 328 3033 401 sapite,
3064 344 3167 386 non
3188 345 3306 395 aute
3328 349 3425 390 su-

206 427 289 482 que
320 408 528 480 toptizati
568 423 745 461 sumus
778 408 835 461 in
879 405 1087 462 Christo
1113 405 1255 473 Iesu,
1296 405 1351 460 in
1374 412 1534 459 morte
1575 404 1739 474 ipsius
1848 417 1938 471 per
1965 413 2148 459 terram
2174 422 2194 461 :
2220 414 2403 465 mortui
2419 414 2550 468 enim
2578 417 2715 488 estis,
2740 430 2788 474 et
2817 422 2916 476 vita
2942 431 3107 479 vestra
3130 424 3426 483 abscondita

204 501 411 572 baptizari
442 515 622 555 um.
668 498 738 554 Et
779 498 905 555 ideo
946 498 1147 555 dictum
1189 507 1293 567 est,
1334 507 1395 553 ut
1421 497 1738 569 probaretur

200 601 405 649 mortuos
439 606 527 646 nos
571 605 694 648 esse
735 600 979 662 peccato.
1022 589 1118 647 Cui
1157 599 1332 647 autem
1362 599 1582 687 peccato
1607 605 1734 663 par-

199 683 293 739 vuli
314 682 616 741 renascde
642 682 946 739 moriuntur
964 724 980 750 ,
1004 683 1108 739 nisi
1134 683 1281 756 quod
1306 682 1575 740 nascendo
1620 691 1734 739 tra-

194 777 386 832 xerunt?
412 777 485 833 Ac
514 792 613 848 per
638 778 742 833 hoc
774 777 936 832 etiam
961 776 1029 833 ad
1052 778 1198 849 ipsos
1226 778 1459 849 pertinet
1479 777 1623 850 quod
1642 792 1732 834 se-

190 871 344 942 quitur
366 870 535 928 dicens
565 888 582 925 :
608 868 904 940 Consepulti
923 888 1097 929 sumus
1123 873 1273 943 ergo‘
1299 872 1381 925 illi
1406 888 1496 943 per
1516 871 1728 943 Baptis-

190 980 305 1018 m
337 964 385 1018 in
409 973 633 1031 mortem,
669 974 726 1020 ut
743 964 1162 1036 quenadmodum
1185 965 1402 1021 surrexit
1430 963 1661 1020 Christus
1697 980 1730 1020 a

188 1056 365 1110 mortuis
388 1072 470 1126 ρσ
505 1057 726 1130 gloriam
770 1055 963 1123 Patris,
989 1056 1061 1111 ita
1089 1065 1137 1111 et
1171 1073 1266 1112 nos
1297 1056 1352 1111 in
1371 1057 1591 1111 novitate
1612 1057 1731 1112 vita:

186 1146 473 1202 «Meritus.
496 1145 559 1203 Si
580 1147 720 1202 enim
739 1145 1070 1218 complantati
1093 1147 1219 1219 facti
1236 1163 1410 1203 sumus
1431 1147 1726 1203 similitudi-

181 1239 230 1293 ni
258 1240 415 1294 mortis
463 1240 569 1313 ejus
589 1281 606 1309 ,
652 1240 809 1295 simul
847 1248 895 1296 et
941 1241 1322 1296 resurrectionis
1367 1242 1557 1296 erimus
1585 1256 1606 1296 :
1632 1240 1726 1295 hoc

176 1332 378 1401 scientes,
407 1334 517 1402 quia
546 1342 686 1390 uetus
713 1334 865 1390 homo
890 1342 1061 1391 noster
1078 1334 1232 1390 simul
1259 1335 1534 1405 cruciﬁxus
1554 1342 1645 1401 est,
1669 1342 1726 1387 ut

174 1435 413 1479 "nentur
435 1442 615 1497 corpus
640 1428 852 1499 peccati,
878 1436 935 1482 ut
953 1427 1091 1481 ultra
1118 1444 1222 1483 non
1248 1427 1523 1484 serviamus
1547 1443 1725 1499 pecca-

172 1524 234 1571 to.
265 1516 355 1583 Qui
382 1517 503 1571 enim
530 1528 764 1574 mortuus
792 1528 884 1588 est,
909 1519 1225 1591 justiﬁcatus
1244 1529 1316 1576 est
1341 1537 1374 1574 a
1398 1526 1628 1591 peccato.
1659 1518 1725 1575 Si

170 1618 320 1663 autem
344 1612 516 1666 mortui
540 1628 719 1667 sumus
742 1629 859 1667 cum
887 1611 1087 1669 Christo
1104 1654 1120 1682 ,
1146 1613 1396 1668 credimus
1423 1613 1544 1685 quia
1570 1613 1723 1669 simul

168 1705 302 1758 etiam
325 1705 527 1761 nivarius
547 1723 664 1761 cum
690 1707 782 1761 illo
798 1722 817 1761 :
839 1706 1048 1762 scientes
1067 1708 1185 1778 quia
1205 1708 1432 1763 Christus
1456 1724 1722 1780 resurgens

167 1813 197 1851 ι
215 1800 430 1867 mortuis,
450 1800 555 1871 jam
579 1817 684 1854 non
712 1799 944 1866 moritur,
976 1817 1111 1855 mors
1136 1800 1216 1855 illi
1242 1799 1385 1854 ultra
1424 1816 1525 1854 non
1557 1800 1721 1855 domi-

167 1891 367 1945 nabitur.
410 1891 550 1960 Quod
590 1893 723 1947 enim
760 1901 991 1947 mortuus
1015 1901 1089 1948 est
1125 1902 1351 1965 peccato,
1398 1903 1626 1948 mortuus
1647 1904 1720 1949 est

168 1984 311 2037 semel
338 1985 500 2056 :quod
525 1996 682 2040 autem
704 1985 840 2053 vivit,
871 1985 989 2041 vivit
1009 1984 1134 2040 Deo.
1156 1984 1243 2040 Ita
1266 1996 1315 2040 et
1336 2002 1421 2040 vos
1440 1986 1719 2042 existimate

169 2084 385 2131 mortuos
407 2077 594 2147 quidem
616 2094 700 2133 vos
723 2095 823 2135 esse
847 2088 1074 2150 peccato,
1097 2078 1291 2134 vivere’
1320 2088 1485 2134 autem
1515 2079 1620 2134 Deo
1662 2081 1718 2135 in

170 2166 360 2224 Christo
380 2168 501 2225 Iesu
530 2170 699 2243 (Rom.
728 2186 796 2241 vr,
828 2170 1158 2243 l-il).Hinc
1177 2172 1321 2228 enim
1346 2172 1575 2244 probare
1603 2187 1717 2230 caa-

162 2271 303 2332 perat
341 2278 445 2319 non
474 2279 588 2321 esse
624 2265 777 2321 nobis
801 2264 1221 2336 permanendum
1254 2266 1309 2322 in
1355 2274 1612 2337 peccato,
1658 2276 1718 2323 ut

160 2354 307 2425 gratia
330 2354 586 2422 abundet;
625 2366 679 2414 et
726 2357 954 2424 dixerat,
982 2357 1046 2415 Si
1074 2360 1258 2415 mortui
1285 2377 1457 2416 sumus
1486 2370 1710 2431 peccato,

158 2448 383 2517 quomodo
404 2450 619 2506 circinus
644 2452 700 2505 in
728 2467 787 2507 eo
806 2452 834 2506 2
856 2452 1029 2523 Atque
1058 2462 1116 2507 ut
1139 2453 1448 2510 ostenderet
1473 2464 1715 2511 mortuos

158 2552 246 2592 nos
269 2553 378 2595 esse
401 2549 641 2612 peccato,
673 2542 979 2613 subjecerat
998 2543 1045 2611 ³,
1072 2543 1151 2597 Αη
1176 2544 1441 2615 ignoratis,
1475 2547 1713 2618 quoniam

158 2632 424 2705 quicumque
459 2635 706 2707 baptizati
745 2653 919 2691 sumus
956 2637 1011 2691 in
1054 2636 1255 2693 Christo
1279 2638 1428 2707 Iesu,
1474 2641 1525 2694 in
1557 2649 1714 2695 morte

157 2725 295 2794 ipsius
318 2729 547 2798 baptizari
572 2730 792 2785 sumus?
816 2729 907 2787 Sic
930 2731 1108 2801 itaque
1133 2740 1305 2787 tetum
1344 2732 1521 2788 locum
1553 2734 1712 2789 istum

154 2818 341 2888 clausit,
372 2829 425 2876 ut
448 2822 640 2894 erepit.
669 2821 894 2878 Mortem
924 2823 1119 2896 quippe
1142 2823 1340 2880 Christi
1366 2826 1445 2882 sic
1469 2826 1711 2884 insinua-

156 2910 244 2976 vit,
271 2919 324 2965 ut
359 2914 507 2970 etiam
556 2915 738 2986 ipsum
774 2925 1043 2971 mortuum
1087 2917 1291 2974 diceret
1322 2934 1443 2975 esse
1467 2930 1709 2990 peccato.

152 2996 243 3056 Cui
267 3014 475 3072 peccato,
504 3006 613 3062 nisi
651 3006 803 3062 carni
821 3007 864 3077 ⁸,
904 3008 957 3063 in
984 3023 1087 3081 qua
1116 3018 1253 3078 erat,
1279 3025 1385 3065 non
1409 3020 1709 3081 peccatum,

152 3093 241 3148 sed
273 3096 541 3155 similitudo
566 3100 805 3171 peccati,
850 3107 904 3155 et
931 3100 1053 3157 ideo
1084 3102 1303 3159 nomine
1337 3104 1603 3174 appellata
1627 3114 1712 3162 est

150 3191 367 3258 peccati?
396 3192 687 3266 Baptizatis
735 3196 915 3266 itaque
954 3197 1008 3251 in
1051 3207 1226 3254 morte
1273 3198 1489 3265 Christi,
1523 3198 1577 3254 in
1609 3215 1712 3271 qua

149 3294 242 3335 non
268 3284 428 3339 solum
452 3286 716 3356 majores,
739 3301 926 3342 verum
952 3289 1113 3344 etiam
1130 3290 1337 3360 parvuli
1356 3291 1710 3362 baptizantur,

146 3372 229 3440 ait,
258 3373 341 3430 Sic
357 3386 401 3430 et
428 3394 537 3447 vos,
594 3376 650 3432 id
678 3386 763 3433 est
787 3379 1235 3449 quemadmodum
1266 3380 1531 3451 Christus,
1566 3384 1638 3438 sic
1664 3394 1714 3440 et

144 3480 222 3518 vos
244 3467 505 3525 existimate
534 3486 630 3524 vos
654 3480 879 3525 mortuos
925 3488 1030 3527 esse
1058 3482 1263 3544 peccato
1286 3515 1301 3542 ,
1349 3474 1513 3529 vivere
1540 3487 1713 3530 autem

143 3552 244 3610 Deo
261 3556 309 3611 in
324 3556 515 3616 Christo
540 3561 694 3617 Iesu.

209 3646 417 3707 CAPUT
452 3653 591 3711 Llll.
622 3684 697 3695 —
721 3653 863 3711 Crua:
899 3655 1109 3723 Christi,
1157 3656 1439 3729 sepultura,
1486 3676 1714 3716 resurre-

138 3741 245 3811 ctio,
282 3753 404 3811 εις..
444 3748 617 3819 ﬁgura
641 3748 759 3803 vitta
799 3748 1107 3803 christianaz.
1141 3750 1405 3822 Quidquid
1437 3753 1597 3824 igitur
1624 3771 1715 3825 ge-

140 3846 263 3892 stum
288 3848 367 3895 est
392 3840 446 3895 in
478 3857 653 3898 cruce
677 3840 898 3909 Christi,
938 3841 994 3897 in
1027 3844 1324 3914 sepultura,
1369 3845 1423 3900 in
1469 3861 1715 3903 resurre-

139 3929 297 3988 ctione
321 3935 471 3990 tertio
502 3934 622 4000 die,
646 3933 703 3989 in
732 3934 1047 3991 ascensione
1070 3935 1125 3991 in
1154 3937 1371 4005 caelum,
1410 3937 1465 3992 in
1493 3938 1620 3994 sede
1648 3940 1715 3995 ad

141 4022 383 4080 dexteram
421 4028 646 4093 Patris;
688 4026 761 4082 ita
801 4039 1008 4098 gestum
1047 4038 1151 4097 est,
1197 4038 1255 4084 ut
1283 4030 1367 4085 his
1404 4032 1564 4086 rebus
1608 4047 1715 4087 non

139 4118 338 4187 mystice
363 4128 581 4175 tantum
605 4118 784 4186 dictis,
808 4119 903 4175 sed
928 4120 1085 4175 etiam
1110 4121 1276 4190 gestis
1294 4121 1717 4193 eonﬁguraretur

138 4209 230 4263 vita
264 4212 557 4269 christiana
603 4228 724 4283 qua:
766 4211 855 4269 hic
901 4214 1122 4285 geritur.
1166 4214 1301 4270 Nam
1346 4225 1562 4286 pmpter
1597 4218 1717 4289 ejus

138 4313 325 4359 crucem
345 4304 559 4362 dictum
591 4314 714 4360 est:
743 4303 844 4370 Qui
878 4315 1047 4359 autem
1070 4302 1197 4361 Iesu
1217 4304 1403 4362 Christi
1437 4318 1575 4375 sunt,
1605 4326 1719 4363 car-

138 4409 237 4449 m
271 4414 411 4453 suam
448 4396 832 4467 eruciﬁurunt
850 4414 965 4452 cum
1002 4399 1360 4471 passionibus,‘
1395 4410 1442 4454 et
1480 4402 1719 4473 concupi-

135 4491 317 4547 scentiis
334 4492 546 4565 (Calas.
578 4508 636 4559 γ,
656 4490 775 4563 24).
799 4493 1022 4563 Propter
1041 4495 1371 4565 sepulturam
1392 4514 1407 4550 :
1425 4495 1720 4569 Consepulti

137 4599 292 4641 suum
311 4587 519 4643 Christo
553 4602 648 4657 per
678 4583 999 4657 Baptismum
1025 4587 1080 4641 in
1108 4596 1339 4645 mortem.
1377 4588 1606 4658 Propter
1630 4604 1719 4645 re-

136 4681 504 4737 sanectionem
537 4698 555 4735 :
592 4678 661 4735 Ut
689 4680 1110 4751 quemadmodum
1138 4679 1367 4736 Christus
1391 4684 1663 4738 resurrexit
1690 4701 1723 4739 a

137 4778 326 4828 mortuis
352 4791 446 4844 per
473 4773 709 4847 gloriam
737 4770 932 4841 Patris,
963 4775 1034 4827 ita
1059 4782 1107 4827 et
1133 4788 1225 4827 nos
1264 4773 1319 4827 in
1349 4776 1565 4830 novitate
1608 4777 1723 4832 vita:

137 4862 448 4921 ambulantis.
476 4866 720 4934 Propter
745 4864 1113 4920 ascensionem
1138 4864 1194 4920 in
1216 4865 1410 4921 caelum
1432 4868 1723 4939 sedemque

137 4955 195 5011 ad
218 4957 491 5016 dexteram
518 4958 702 5015 Patris
728 4975 743 5014 :
769 4957 832 5014 Si
867 4969 1036 5014 autem
1060 4961 1402 5015 resurrexistis
1426 4975 1538 5015 cum
1569 4960 1721 5016 Chri-

134 5057 222 5119 sto,
248 5067 359 5123 qua
382 5066 598 5109 sursum
616 5058 733 5105 sunt
757 5051 983 5121 querito,
1010 5050 1096 5105 ubi
1126 5050 1355 5107 Christus
1376 5061 1449 5107 est
1469 5053 1538 5107 ad
1562 5052 1725 5107 dexte-

192 5255 209 5321 ξ
231 5255 303 5306 sic
322 5255 640 5321 antiquiores
659 5259 768 5306 Uss.
785 5254 930 5318 juxta
948 5264 1181 5317 gruum.
1202 5259 1260 5304 Αι
1281 5251 1421 5315 editi,
1452 5250 1726 5318 consepulti

132 5318 461 5372 etiam:

190 5380 434 5455 ἶ
454 5388 590 5455 ³1⁸92
882 5441 895 5455 .

191 5447 213 5478 ³
242 5449 309 5493 tta
328 5439 441 5494 itas.
467 5443 593 5494 aditi
616 5455 755 5499 vero,
786 5439 1005 5499 subjecit.

190 5507 213 5539 ⁸
240 5506 377 5564 miti,
399 5504 584 5555 carnis.
616 5512 671 5554 At
695 5512 799 5555 Mss.
824 5501 1009 5565 plures,
1044 5501 1195 5555 ctu-ni.
1218 5502 1437 5555 Nonnulli
1465 5514 1584 5553 vero
1619 5515 1727 5554 eam

136 5579 294 5618 vocan
316 5572 646 5629 (ramum.

191 5628 367 5688 'Editi,
392 5643 511 5679 cum
702 5630 933 5693 precipui
961 5635 1091 5689 Mss,
1110 5642 1218 5680 cum
1239 5628 1535 5693 passionibus
1550 5640 1567 5691 ,'
1582 5628 1725 5691 juxta

940 5813 1015 5828 σέ..

1845 502 1918 548 est
1940 510 2055 550 cum
2080 497 2280 555 Christo
2298 501 2352 556 in
2370 501 2500 559 Deo.

1923 584 2150 647 CAPUT
2193 591 2328 649 LIV.
2365 626 2437 638 —
2469 596 2730 657 Iudicium
2774 604 3007 661 ultimum
3052 610 3306 682 pertinens
3348 612 3419 667 ad

1840 695 1921 735 res
1946 682 2000 736 in
2029 683 2132 752 ﬁne
2156 686 2330 742 steculi
2353 692 2617 761 gerendas.
2642 693 2758 751 Jam
2788 712 2913 754 vero
2941 702 3083 773 quod
3110 702 3179 760 de
3202 702 3419 761 Christo

1841 775 2161 866 conﬁtemur
2179 778 2441 853 futurum,
2480 788 2729 857 quoniam
2760 789 2827 845 de
2852 792 2993 848 caelo
3024 803 3276 853 venturus
3308 805 3413 866 est,

1837 864 1985 923 vivos
2005 869 2338 939 judicaturus
2374 891 2437 932 ac
2472 888 2732 950 mortuos,
2768 896 2876 938 non
2904 886 3131 955 pertinet
3157 887 3225 943 ad
3254 864 3417 946 vitam

1835 969 2073 1018 nostram
2115 980 2233 1035 quae
2276 966 2363 1024 hic
2392 969 2634 1041 'geritur;
2664 974 2785 1045 quia
2826 990 2925 1033 nec
2965 977 3019 1033 in
3055 979 3215 1034 rebus
3253 980 3417 1050 gestis
3494 978 3499 981 λ

1834 1053 1953 1124 ejus
1976 1064 2079 1122 est,
2110 1058 2204 1113 sed
2232 1058 2290 1115 in
2319 1062 2427 1118 line
2453 1065 2635 1119 saeculi
2657 1066 2923 1136 gerendis.
2952 1067 3034 1124 Ad
3062 1068 3165 1126 hoc
3182 1071 3416 1141 pertinet

1836 1144 1980 1215 quod
2008 1146 2297 1217 Apostolus
2335 1162 2549 1211 secutus
2586 1155 2828 1227 adjunxit
2855 1176 2869 1213 :
2895 1156 3021 1215 Cum
3060 1159 3287 1217 Christus
3314 1178 3416 1233 ap-

1834 1239 2059 1307 paruerit
2084 1241 2186 1296 vita
2213 1253 2396 1313 vestra,
2426 1255 2544 1302 tunc
2568 1258 2615 1304 et
2646 1265 2731 1306 vos
2759 1252 3066 1323 apparebitis
3097 1272 3213 1311 cum
3239 1256 3330 1312 illo
3358 1257 3413 1314 in

1830 1328 1994 1399 gloria
2015 1330 2233 1401 (Coloss.
2265 1351 2345 1404 nt,
2376 1338 2520 1411 1-4).

1900 1420 2127 1481 CAPUT
2165 1426 2276 1483 LV.
2302 1431 2643 1489 —Iudicare
2679 1437 2815 1492 vivos
2853 1448 2903 1494 et
2944 1449 3189 1507 mortuos,
3222 1442 3416 1512 duplici

1830 1514 1980 1569 modo
2008 1515 2337 1575 intellectum.
2367 1522 2581 1579 Duobus
2609 1535 2787 1583 autem
2831 1530 3006 1586 modis
3043 1532 3210 1603 accipi
3237 1541 3413 1604 potest

1827 1606 1970 1675 quod
1995 1607 2146 1665 vivos
2171 1619 2226 1667 et
2252 1622 2489 1670 mortuos
2511 1615 2770 1686 judicabit
2797 1637 2811 1674 :
2840 1621 2954 1677 sive
2983 1632 3042 1677 ut
3066 1623 3215 1679 vivos
3244 1623 3407 1680 intel-

1827 1697 2070 1770 ligamus,
2104 1718 2238 1773 quos
2279 1705 2366 1761 hic
2412 1707 2648 1764 nondum
2691 1719 2951 1781 mortuos,
2994 1713 3089 1770 sed
3133 1714 3310 1771 adhuc
3351 1715 3407 1772 in

1825 1790 1926 1848 ista
1968 1808 2129 1852 carne
2174 1798 2414 1856 viventes
2458 1802 2773 1859 inventurus
2819 1815 2902 1861 est
2946 1806 3063 1878 ejus
3112 1807 3406 1877 adventus;

1825 1895 2085 1957 mortuos,
2111 1899 2287 1946 autem
2332 1893 2423 1964 qui
2462 1894 2530 1949 de
2559 1910 2805 1967 corpore,
2834 1899 2981 1969 prius
3009 1914 3167 1970 quam
3206 1900 3405 1969 veniat,

1825 1977 2070 2033 exierunt
2101 1980 2186 2035 vel
2220 1982 2412 2038 exituri
2437 1993 2599 2040 sunt:
2622 1986 2736 2042 sive
2759 1988 2908 2044 vivos
2929 1988 3125 2060 justos,
3169 1999 3407 2047 mortuos

1824 2066 1999 2122 autem
2038 2068 2300 2139 injustas;
2332 2074 2582 2143 quoniam
2609 2075 2739 2145 justi
2767 2092 2981 2149 quoque
3002 2079 3413 2148 judicabuntur.

1822 2156 2125 2228 Aliquando
2152 2162 2295 2217 enim
2316 2162 2573 2234 judicium
2610 2166 2705 2221 Dei
2730 2168 2944 2236 ponitur
2967 2169 3021 2224 in
3051 2170 3224 2237 malo;
3266 2172 3407 2228 unde

1821 2250 1951 2307 illud
1980 2262 2084 2320 est,
2116 2253 2215 2321 Qui
2248 2265 2420 2311 autem
2466 2259 2599 2313 male
2639 2269 2867 2331 egerunt,
2898 2261 2953 2315 in
2990 2263 3406 2318 resurrectionem

1810 2342 2001 2415 judicii
2029 2343 2207 2417 (Ioan.
2237 2362 2291 2415 v,
2318 2347 2410 2420 29)
2454 2366 2471 2405 :
2506 2350 2793 2422 aliquando
2833 2360 2887 2407 et
2929 2353 2984 2407 in
3013 2352 3176 2421 bono,
3208 2369 3403 2411 secun-

1821 2433 1947 2489 dum
1978 2435 2121 2505 quod
2151 2436 2353 2494 dictum
2384 2448 2486 2508 est,
2513 2439 2669 2510 Deus,
2692 2443 2747 2497 in
2776 2444 2979 2499 nomine
3005 2453 3091 2500 tuo
3113 2446 3307 2501 salvum
3326 2463 3406 2504 me

1819 2528 1926 2598 fac,
1953 2535 2002 2581 et
2023 2527 2076 2581 in
2104 2528 2288 2585 virtute
2314 2539 2401 2584 tua
2420 2532 2605 2605 judico
2632 2549 2713 2587 me
2740 2532 2911 2606 (Psal.
2948 2550 3059 2605 mn,
3081 2536 3161 2609 5).
3191 2537 3296 2594 Per
3317 2539 3404 2609 ju-

1818 2616 2014 2673 dicium
2038 2620 2233 2692 quippe
2259 2620 2357 2678 Dei
2380 2622 2441 2678 ﬁt
2456 2624 2570 2696 ipsa
2602 2624 2867 2682 bonorum
2894 2627 3261 2700 malorumque
3288 2630 3398 2687 diss

1818 2711 2006 2776 cretio,
2040 2720 2101 2767 ut
2136 2712 2393 2770 liberandi
2433 2732 2463 2769 a
2491 2716 2651 2783 malo,
2681 2733 2787 2773 non
2810 2719 3064 2790 perdendi
3084 2734 3206 2776 cum
3226 2723 3401 2791 malis,

1819 2803 1948 2860 boni
1976 2806 2044 2861 ad
2074 2806 2351 2864 dexteram
2376 2820 2728 2882 segregentur
2755 2810 2973 2884 (Matth.
3001 2829 3134 2881 xxv,
3166 2815 3254 2882 32,
3284 2815 3399 2888 35).

1817 2899 2045 2971 Propter
2089 2903 2233 2974 quod
2285 2904 2377 2961 ille
2417 2905 2699 2973 clamabat,
2744 2906 2933 2962 Indica
2980 2925 3079 2976 me,
3129 2908 3266 2964 Deus
3302 2926 3324 2965 :
3351 2919 3406 2967 et

1818 2993 1943 3063 quid
1969 2993 2176 3050 dixerat
2192 2994 2337 3050 velut
2363 3010 2658 3067 exponens,
2687 2996 2758 3052 Et
2778 2998 3027 3067 discerne,
3058 3000 3248 3071 inquit,
3277 3016 3403 3055 cau-

1817 3100 1928 3140 sam
1943 3097 2107 3139 meam
2126 3086 2189 3141 de
2211 3095 2355 3159 gente
2379 3104 2481 3142 non
2505 3098 2680 3144 sancta
2709 3088 2881 3162 (Psal.
2904 3106 3034 3159 χιιι,
3062 3092 3141 3163 1).

1890 3177 2114 3233 CAPUT
2156 3178 2290 3234 LVI.
2312 3180 2491 3236 —i5.
2530 3180 2611 3234 De
2647 3179 2848 3251 Spiritu
2883 3192 3058 3238 sancto
3088 3192 3137 3237 et
3172 3182 3406 3239 Ecclesia

1818 3280 1953 3327 recto
1981 3274 2157 3327 ordine
2183 3273 2374 3327 dictum
2408 3274 2459 3327 in
2487 3272 2754 3344 Symbolo.
2796 3272 3029 3329 Ecclesia
3066 3276 3276 3330 ctelestis
3301 3285 3404 3330 ter-

1819 3380 1955 3419 rente
1981 3364 2282 3435 cpitulatur.
2303 3361 2440 3418 Cum
2468 3373 2649 3419 autem
2670 3364 2739 3420 de
2764 3364 2892 3421 Jesn
2915 3364 3126 3421 Christo
3156 3366 3291 3421 Filio
3311 3366 3404 3421 Dei

1820 3457 1978 3511 unico
2003 3456 2230 3511 Domino
2254 3463 2459 3525 nostro,
2491 3456 2632 3526 quod
2663 3457 2729 3511 ad
2754 3456 3072 3513 brevitatem
3098 3455 3407 3513 Confessioo

1820 3548 1905 3603 nis
1924 3548 2173 3617 pertinet,
2203 3547 2516 3616 dixerimus,
2548 3549 2885 3621 adjungimus
2909 3548 2987 3605 sic
3023 3549 3245 3605 credere
3267 3563 3367 3606 nos
3384 3550 3404 3583 ⁸

1820 3646 1877 3695 et
1904 3639 1956 3693 in
1982 3637 2237 3709 Spiritum
2281 3649 2546 3708 sanctum,
2572 3651 2630 3696 ut
2656 3642 2748 3697 illa
2789 3641 3022 3698 Trinitas
3049 3643 3401 3714 compleatur,

1821 3747 1942 3803 quas
1966 3732 2107 3787 Deus
2142 3740 2226 3788 est
2255 3750 2269 3787 :
2291 3731 2488 3788 deinde
2514 3742 2699 3788 sancta
2736 3742 3187 3790 commemoratur
3212 3733 3404 3791 Eccleo

1821 3824 1922 3879 sia.
1964 3822 2117 3879 Unde
2169 3822 2326 3879 datur
2368 3823 2593 3896 intelligi
2635 3825 2952 3881 rationalem
2994 3835 3296 3882 creaturam
3339 3827 3405 3883 ad

1821 3914 2119 3972 Jerusalem
2148 3915 2370 3973 liberam
2412 3917 2771 3987 pertinentem
2799 3916 2994 3990 (Colat.
3034 3935 3106 3987 ιν,
3135 3919 3253 3991 26),
3285 3929 3408 3991 post

1822 4001 2386 4067 commemorationem
2439 4010 2728 4077 Creatoris,
2774 4012 2829 4067 id
2877 4021 2961 4069 est
3004 4028 3229 4069 summa:
3263 4013 3409 4069 illius

1822 4103 2121 4171 Trinitatis,
2153 4102 2317 4158 fuisse
2358 4102 2711 4159 subdendam.
2751 4104 3013 4172 Quoniam
3043 4104 3298 4177 quidquid
3339 4105 3410 4162 de

1824 4193 2042 4249 homine
2084 4194 2298 4248 Christo
2338 4192 2539 4248 dictum
2585 4202 2688 4259 est,
2736 4195 2802 4249 ad
2858 4196 3117 4251 unitatem
3162 4211 3409 4267 persona:

1826 4284 2099 4355 linigeniti
2135 4284 2387 4354 pertinet.
2428 4284 2628 4341 Rectus
2656 4286 2836 4355 itaque
2874 4284 3241 4342 Conlessionis
3275 4288 3411 4343 ordo

1825 4375 2099 4448 poscebat,
2141 4383 2202 4430 ut
2240 4373 2487 4430 Trinitati
2528 4374 2938 4446 subjungeretur
2979 4375 3240 4442 Ecclesia,
3292 4384 3410 4431 tan-

1825 4483 1986 4539 quam
2015 4466 2299 4523 habitatori
2327 4466 2521 4522 domus
2546 4481 2668 4535 sua,
2699 4475 2753 4523 et
2790 4467 2903 4523 Deo
2947 4468 3200 4539 templum
3230 4481 3407 4535 suum,

1826 4568 1882 4615 et
1899 4558 2163 4616 conditori
2189 4558 2378 4615 civitas
2400 4572 2518 4613 sua.
2551 4557 2682 4627 Quae
2706 4565 2815 4614 tota
2842 4558 2931 4613 hic
2966 4558 3275 4630 accipienda
3300 4567 3406 4625 est,

1827 4666 1936 4706 non
1968 4650 2141 4706 solum
2179 4665 2249 4706 ex
2291 4657 2442 4721 parte
2479 4652 2616 4720 qua”
2646 4651 3015 4721 peregrinatur
3064 4650 3119 4706 in
3157 4652 3334 4716 terris,
3376 4666 3409 4707 a

1827 4743 1959 4800 solis
1986 4753 2106 4800 ortu
2134 4758 2303 4813 usque
2328 4742 2397 4798 ad
2425 4756 2676 4799 occasum
2711 4742 2934 4799 laudans
2970 4757 3165 4799 nomen
3196 4742 3413 4800 Domini

1831 4838 2005 4909 (Psat.
2033 4853 2174 4905 exn,
2205 4837 2285 4906 5),
2330 4845 2385 4893 et
2421 4844 2540 4908 post
2580 4837 2939 4907 captivitatem
2970 4836 3251 4892 vetustatis
3284 4851 3414 4892 can-

1830 4939 1953 4988 tans
1982 4931 2247 4986 canticum
2282 4945 2525 4996 novum;
2564 4944 2751 4985 verum
2790 4930 2952 4985 etiam
2980 4944 3047 4985 ex
3092 4928 3182 4984 illa
3209 4944 3329 5001 qua:
3354 4929 3412 4985 in

1829 5024 1980 5081 caelis
2008 5037 2244 5093 semper,
2272 5037 2337 5078 ex
2365 5036 2471 5093 quo
2511 5020 2728 5076 condita
2766 5029 2869 5088 est,
2898 5019 3120 5076 cohaesit
3149 5020 3280 5087 Deo,
3312 5035 3415 5076 nec

1830 5117 1997 5173 ullum
2033 5114 2236 5170 malum
2264 5113 2347 5169 sui
2376 5128 2533 5169 casus
2571 5120 2791 5182 experta
2829 5119 2931 5167 est.
2962 5110 3089 5167 Haec
3126 5110 3180 5165 in
3215 5110 3415 5167 sanctis

1830 5208 2049 5280 Angelis
2093 5207 2249 5262 beata
2298 5204 2555 5275 persistit,
2604 5211 2660 5259 et
2704 5218 2816 5259 suae
2867 5204 3002 5274 parti
3049 5203 3413 5274 peregrinanti

1830 5302 1969 5357 sicut
2000 5306 2212 5370 oportet
2242 5296 2559 5368 opitulatur;
2600 5295 2721 5365 quia
2753 5302 2977 5366 utraque
3007 5309 3114 5350 una
3152 5294 3255 5350 erit
3279 5308 3413 5350 con-

1898 5503 1916 5565 t
1940 5501 2108 5565 Plures
2126 5507 2252 5560 Mss,
2267 5496 2576 5565 adjrmgimus
2598 5492 2673 5546 his
2694 5494 2896 5565 credere
2917 5506 3017 5565 nos.
3033 5491 3261 5565 nonnulli
3275 5502 3416 5563 yero,

1831 5564 2156 5627 adjtmgimus,
2184 5553 2583 5627 ut'coriveriithsic
2608 5558 2807 5607 credere
2836 5569 2947 5626 nos:
2961 5553 3158 5627 Quidam
3176 5553 3412 5618 denique,

1832 5578 1896 5615 aa
1920 5578 2156 5627 tangimus,
2184 5578 2234 5611 ια
2257 5578 2489 5618 conuemt,
2513 5578 2583 5609 διε
2608 5578 2807 5607 creuere
2836 5578 3158 5626 numquam
3176 5578 3212 5601 α

1832 5578 2159 5688 adiungimus,
2184 5630 2235 5672 ut
2255 5620 2368 5679 scis,
2393 5620 2592 5669 credere
2615 5631 2698 5668 nos
2725 5630 2743 5667 :
2768 5632 2864 5668 non
2885 5628 3042 5666 minus
3063 5616 3212 5666 bene.

1899 5691 1921 5721 ³
1942 5699 2045 5738 am.
2069 5694 2143 5736 Er.
2169 5692 2283 5735 Dan.
2311 5691 2363 5734 et
2384 5681 2552 5745 plures
2572 5687 2699 5742 uss,
2726 5692 2851 5743 qua.

2033 5722 2045 5736 ο
2071 5714 2143 5736 u.
2169 5714 2283 5735 mu.
2311 5714 2363 5734 σι
2384 5714 2552 5742 νιιιινσ
2572 5714 2699 5742 simu,
2726 5714 2851 5742 l'uwo
