3940 6546
546 527 713 589 tertio
738 523 1066 588 mternilatis,
1092 529 1147 576 et
1174 533 1313 575 nunc
1342 532 1446 572 una
1485 524 1566 570 est
1589 513 1799 568 vinculo
1822 507 2117 573 charitatis,

551 635 666 690 quae
690 627 795 672 tota
820 616 1050 669 instituta
1074 620 1156 666 est
1174 610 1240 665 ad
1269 606 1549 663 colendum
1571 620 1733 662 unum
1755 603 1942 658 Deum.
1972 597 2124 654 Unde

548 728 646 767 nec
677 720 928 773 tota,,nec
950 707 1053 767 ulla
1084 720 1205 774 pars
1240 704 1355 772 ejus
1386 702 1499 756 vult
1521 716 1580 755 sc
1605 698 1707 755 coli
1735 712 1833 768 pro
1863 696 1989 760 Deo,
2022 706 2123 747 nec

546 802 790 869 cuiquam
817 776 937 853 esse
972 798 1115 852 Deus
1146 791 1428 865 pertinenti
1457 789 1523 845 ad
1548 789 1802 859 templum
1834 785 1951 855 Dei,
1982 782 2125 855 quod

543 894 838 949 aediﬁcatur
863 906 927 946 cx
954 890 1057 944 diis
1084 902 1221 958 quos
1251 885 1374 940 facit
1403 900 1509 959 non
1539 885 1707 939 lactus
1732 882 1894 937 Deus.
1922 880 2002 933 Ac
2028 891 2123 947 per

546 986 645 1053 hoc
670 984 897 1056 Spiritus
944 990 1162 1038 sanctus
1199 979 1244 1033 si
1266 987 1530 1043 creatura,
1566 990 1673 1030 non
1688 974 1918 1037 creator,
1958 976 2132 1036 esset,

544 1074 782 1145 profemo
842 1080 1085 1127 creatura
1135 1066 1414 1124 rationalis
1456 1074 1627 1131 esset;
1686 1063 1801 1133 ipsa
1856 1070 1938 1117 est
1981 1059 2129 1115 enim

547 1183 751 1224 summa
777 1165 1077 1231 creatura‘.
1109 1164 1173 1219 Et
1208 1163 1327 1218 ideo
1359 1163 1409 1215 in
1440 1160 1640 1230 Regula
1677 1157 1799 1219 ﬁdei
1826 1172 1930 1212 non
1960 1170 2129 1226 pone-

544 1268 691 1315 retur
724 1242 1194 1323 anteEcclesiam,
1226 1256 1347 1325 quia
1372 1261 1427 1308 et
1454 1254 1568 1322 ipse
1589 1251 1654 1307 ad
1686 1250 1974 1306 Ecclesium
1997 1258 2125 1319 per-

546 1332 739 1419 tineret
772 1351 825 1403 in
858 1349 947 1407 illa
992 1349 1107 1419 ejus
1134 1356 1280 1418 parte
1316 1361 1433 1416 qua:
1475 1344 1528 1398 in
1555 1344 1705 1400 cmlis
1746 1350 1848 1396 est.
1880 1340 1989 1395 Nec
2025 1339 2126 1401 har

546 1442 694 1497 heret
725 1443 999 1511 templum,
1028 1439 1122 1495 sed
1148 1439 1308 1510 etiam
1340 1439 1451 1507 ipse
1476 1435 1729 1503 templum
1764 1440 1927 1487 esset.
1969 1430 2131 1485 Tem-

546 1535 691 1607 plum
727 1544 907 1590 autem
934 1532 1116 1597 habet,
1156 1530 1224 1585 de
1257 1543 1363 1597 quo
1388 1527 1516 1582 dicit
1545 1524 1869 1594 Apostolus:
1901 1520 2121 1576 Nescitis

546 1628 665 1697 quia
691 1643 904 1696 corpora
928 1633 1090 1679 vestra
1108 1621 1347 1692 templum
1369 1628 1481 1672 sunt
1508 1618 1735 1684 Spiritus
1762 1615 1943 1679 sancti,
1975 1614 2059 1684 qui
2075 1614 2127 1666 in

544 1718 680 1773 vobis
714 1698 808 1783 est,
842 1722 988 1785 quem
1029 1713 1220 1767 habetis
1268 1728 1299 1765 a
1336 1709 1485 1764 Deo?
1528 1710 1601 1763 De
1630 1707 1821 1778 quibus
1864 1705 1971 1760 alio
2008 1704 2126 1759 loco

544 1808 673 1879 dicit
701 1825 715 1862 :
745 1806 965 1861 Nescitis
988 1805 1105 1876 quia
1130 1819 1344 1873 corpora
1386 1810 1551 1856 vestra
1575 1799 1798 1854 membra
1825 1806 1941 1853 sunt
1981 1795 2129 1855 Chri-

545 1900 607 1953 sti
633 1897 672 1971 (1
696 1897 813 1954 Cor.
838 1913 923 1964 (vr,
950 1896 1036 1963 i9,
1070 1895 1199 1967 15)?
1226 1893 1504 1963 Quomodo
1540 1906 1669 1962 ergo
1696 1892 1835 1946 Deus
1872 1903 1977 1944 non
2023 1894 2124 1952 cst,

546 1997 636 2068 qui
685 1995 937 2065 templum
981 1992 1178 2049 habet?
1216 2000 1307 2046 aut
1350 1991 1522 2045 minor
1570 1987 1782 2042 Christo
1824 1994 1925 2051 est,
1977 1981 2127 2052 cujus

545 2087 783 2145 membra
813 2087 1067 2157 templum
1105 2084 1294 2140 habet?
1321 2082 1505 2153 Neque
1528 2082 1671 2139 enim
1698 2078 1838 2134 aliud
1872 2077 2126 2145 templum

544 2179 683 2249 ejus,
710 2176 852 2232 aliud
880 2176 1131 2245 templum
1177 2174 1268 2229 Dei
1312 2182 1416 2238 est,
1454 2186 1574 2227 cum
1626 2169 1766 2224 idem
1810 2168 1952 2223 dicat
1982 2168 2127 2236 Apo-

542 2272 730 2337 stolus,
763 2269 1127 2338 Nescitisguia
1152 2268 1392 2338 templum
1430 2265 1525 2321 Dei
1561 2266 1719 2320 estis:
1744 2263 1885 2334 quod
1916 2272 1972 2317 ut
2003 2277 2128 2332 pro-

542 2363 713 2428 baret,
735 2362 948 2432 adjecit,
986 2360 1052 2414 Et
1083 2360 1310 2430 Spiritus
1332 2358 1428 2414 Dei
1458 2356 1646 2411 habitat
1672 2357 1726 2410 in
1752 2355 1888 2410 vobis
1914 2352 2026 2425 (Id.
2047 2366 2125 2418 Ill,

544 2454 658 2525 I6).
694 2456 833 2510 Deus
873 2468 1001 2523 ergo
1042 2452 1244 2507 habitat
1293 2453 1344 2507 in
1389 2450 1588 2519 templo
1635 2463 1754 2513 suo,
1801 2463 1909 2503 non
1956 2447 2127 2501 solum

541 2547 772 2617 Spiritus
805 2554 1040 2613 sanctus,
1062 2544 1156 2601 sed
1180 2545 1339 2599 etiam
1366 2543 1526 2597 Pater
1554 2550 1609 2597 et
1632 2541 1816 2605 Filius,
1854 2539 2129 2610 quietiam

542 2638 613 2697 de
642 2652 869 2709 corpore
898 2652 1014 2711 suo,
1043 2650 1136 2706 per
1161 2634 1304 2706 quod
1337 2632 1509 2688 factus
1546 2640 1631 2688 est
1662 2640 1822 2701 caput
1851 2630 2125 2696 Ecclesim,

541 2747 662 2802 qua:
680 2730 1077 2789 .inhominibus
1095 2737 1198 2797 est,
1229 2736 1285 2783 ut
1310 2728 1374 2783 sit
1393 2728 1502 2799 ipse
1520 2727 1574 2783 in
1608 2724 1837 2781 omnibus
1858 2725 2130 2794 primatum

545 2832 714 2879 tenens
753 2822 967 2895 (Coloss.
996 2837 1035 2889 ι,
1064 2821 1173 2895 I8),
1206 2820 1299 2883 ait,
1343 2818 1535 2874 Solvite
1563 2816 1803 2887 templum
1833 2816 1945 2881 hoc,
1988 2823 2036 2870 et
2074 2816 2130 2871 in

543 2914 711 2978 triduo
756 2912 1004 2977 suscitabo
1040 2910 1171 2967 illud
1206 2909 1382 2984 (Joan.
1421 2925 1477 2975 ιι,
1528 2906 1639 2980 19).
1680 2907 1962 2975 Templum
2001 2921 2129 2976 ergo

544 3005 673 3074 Dei,
697 3004 798 3060 hoc
830 3012 912 3059 est
936 3004 1101 3069 totius
1125 3017 1349 3058 summa:
1373 3000 1668 3065 Trinitatis,
1700 3007 1883 3054 sancta
1921 3005 2004 3053 est
2028 2998 2129 3053 Ec-

541 3098 727 3164 clesia,
752 3098 956 3154 scilicet
977 3096 1222 3152 universa
1252 3094 1304 3149 in
1327 3095 1466 3151 cmlo
1493 3102 1547 3151 et
1572 3094 1625 3147 in
1647 3100 1809 3149 terra.

613 3190 847 3253 CAPUT
874 3189 1031 3246 LVII.
1063 3218 1137 3251 -έ
1160 3187 1425 3245 Stabilitas
1469 3186 1714 3242 Ecclesiae
1744 3184 1976 3240 caelestis.
2022 3183 2131 3241 Sed

541 3281 610 3341 de
648 3282 738 3337 illa
781 3264 899 3351 quae
940 3283 1002 3337 in
1039 3281 1179 3341 coelo
1214 3288 1317 3347 est,
1356 3280 1622 3335 afﬁrmare
1649 3279 1775 3349 quid
1821 3292 2125 3349 possumus,

543 3376 650 3431 nisi
678 3374 818 3446 quod
848 3375 1024 3432 nullus
1049 3375 1102 3429 in
1132 3388 1195 3429 ea
1226 3375 1393 3431 malus
1410 3381 1509 3439 est,
1539 3388 1638 3429 nec
1666 3373 1945 3444 quisquam
1973 3373 2127 3429 dein-

541 3484 669 3541 ceps
711 3469 836 3529 inde
877 3467 1069 3527 cecidit
1106 3476 1199 3526 aut
1243 3482 1465 3528 casurus
1496 3474 1602 3537 est,
1634 3479 1699 3524 ex
1727 3482 1833 3540 quo
1862 3467 2002 3522 Deus
2031 3483 2127 3520 an-

540 3564 664 3632 gelis
691 3562 1007 3632 peccantibus
1046 3578 1148 3617 non
1186 3562 1427 3633 pepercit,
1471 3561 1607 3615 sicut
1646 3560 1832 3616 scribit
1856 3561 2128 3630 apostolus

540 3656 730 3711 Petrus
757 3672 770 3719 ;
815 3656 903 3711 sed
927 3656 1209 3711 carceribus
1236 3654 1466 3726 caliginis
1498 3654 1651 3724 inferi
1678 3654 1941 3709 retrudens
1964 3653 2127 3708 tradi-

540 3747 615 3803 dit
640 3746 693 3809 iu
704 3747 910 3815 judicio
939 3747 1481 3816 puniendos‘reservari
1500 3745 1565 3817 (II
1593 3744 1738 3800 Petr.
1765 3762 1822 3810 ιι,
1851 3745 1948 3817 4)?

611 3839 839 3895 CAPUT
878 3840 1058 3895 LVIII.
1081 3839 1485 3911 ——Angelorum
1526 3856 1638 3909 quia
1677 3841 1778 3894 sint
1805 3839 2124 3907 iii/ferentia,

542 3939 590 3987 et
615 3948 682 3986 an
718 3931 899 4003 Angeli
926 3934 1025 3987 sint
1050 3933 1238 4000 sidera,
1267 3934 1533 3987 incertum.
1561 3933 1841 4000 Quomodo
1866 3943 2041 3989 autem
2066 3951 2130 3991 se

544 4023 736 4078 habeat
754 4023 1066 4080 beatissima
1104 4024 1192 4078 illa
1232 4031 1287 4079 et
1327 4038 1558 4093 superna
1608 4025 1856 4093 societas,
1896 4041 2016 4096 qua
2054 4027 2128 4081 ibi

546 4116 653 4173 sint
675 4116 988 4175 dilferentia:
1016 4117 1480 4187 praepositurarum
1497 4117 1539 4185 ³,
1564 4124 1623 4172 ιιι
1640 4132 1761 4173 cum
1791 4132 1978 4173 omnes
2007 4127 2125 4174 tan-

543 4223 700 4277 quam
726 4208 962 4279 generali
991 4208 1205 4263 nominc
1250 4209 1433 4279 Angeli
1476 4219 1848 4280 nuncupentur
1876 4210 2037 4280 (sicut
2072 4211 2127 4265 in

545 4299 779 4372 Epistola
819 4302 886 4357 ad
928 4301 1178 4358 Hebraeos
1221 4301 1447 4372 legimus
1475 4321 1490 4359 :
1515 4303 1609 4357 Cui
1652 4304 1783 4359 enim
1822 4303 2129 4376 Angelorum

545 4395 673 4455 dixit
712 4394 1005 4467 aliquando.
1050 4394 1187 4450 Sede
1216 4412 1261 4467 ἶιι
1304 4395 1494 4451 dextris
1534 4397 1659 4452 meis
1690 4396 1871 4468 (Hebr.
1914 4413 1953 4464 ι,
2000 4398 2127 4469 15)ἳ

543 4488 645 4543 hoc
666 4490 863 4559 quippe
884 4487 1045 4545 modo
1068 4488 1384 4559 signiﬁcavit
1411 4504 1598 4545 omnes
1628 4489 2001 4546 universalitcr
2020 4492 2131 4544 An-

542 4580 691 4649 gelos
733 4578 881 4649 dici),
910 4579 1036 4650 (sint
1089 4588 1269 4635 tamen
1310 4580 1421 4635 illic
1455 4580 1776 4649 Archangeli
1806 4599 1819 4632 :
1848 4590 1904 4636 et
1949 4590 2129 4636 utrum

545 4669 701 4725 iidem
730 4668 1045 4738 Archangeli
1076 4671 1414 4739 appellentur
1446 4670 1679 4725 Virtutes
1704 4687 1718 4731 ;
1746 4680 1907 4741 atque
1946 4672 2015 4725 ita
2041 4672 2126 4726 di-

542 4767 690 4813 ctum
734 4759 821 4822 sit,
865 4757 1097 4812 Laudate
1142 4776 1276 4826 eum,
1323 4775 1494 4813 omnes
1531 4760 1712 4831 Ληρειὶ
1740 4764 1886 4833 ejus;
1922 4763 2131 4818 laudate

543 4866 677 4917 eum,
707 4865 878 4904 omnes
916 4848 1134 4903 Virtutes
1161 4850 1270 4920 ejus
1308 4849 1481 4921 (Psal.
1518 4866 1738 4917 CXLVIII,
1766 4852 1856 4923 2);
1880 4869 1944 4909 ac
1970 4855 2015 4909 si
2042 4855 2128 4909 di-

543 4948 775 5006 ceretur,
822 4939 1057 4995 Laudato
1096 4955 1219 4997 eum
1269 4954 1461 4996 omnes
1506 4943 1692 5013 Angeli
1738 4943 1873 5012 ejus,
1920 4946 2128 5002 laudate

544 5048 665 5088 eum
694 5046 879 5087 omnes
909 5031 1225 5103 Archangeli
1260 5032 1379 5102 ejus
1403 5050 1416 5085 :
1440 5040 1494 5089 et
1517 5034 1642 5103 quid
1673 5035 1815 5091 inter
1837 5052 1895 5091 se
1929 5038 2132 5093 distent

545 5132 771 5195 quatuor
813 5122 898 5177 illa
923 5123 1197 5190 vocabula,
1238 5124 1432 5193 quibus
1462 5125 1760 5181 miiversam
1806 5128 1970 5198 ipsam
2012 5144 2124 5183 cm-

547 5217 734 5272 lestem
756 5216 1067 5271 societatem
1099 5215 1308 5271 videtur
1330 5218 1617 5288 Apostolus
1643 5234 1764 5274 esse
1790 5220 2122 5289 complexus,

544 5296 790 5375 dicendo,
832 5306 949 5363 Sive
994 5305 1170 5371 Sedes,
1207 5310 1309 5362 sine
1336 5307 1742 5375 Dominationes,
1785 5310 1886 5366 sive
1926 5310 2129 5366 Princi-

546 5407 710 5467 patus,
757 5401 859 5454 sive
885 5398 1164 5465 Potestates
1191 5399 1410 5468 (Coloss.
1443 5418 1480 5467 I,
1510 5399 1622 5473 16),
1670 5401 1852 5457 dicant
1888 5404 1977 5473 qui
2005 5419 2127 5473 pos-

546 5500 692 5561 sunt,
724 5492 767 5548 si
801 5501 977 5547 tamen
1006 5480 1227 5563 possunt
1249 5494 1471 5564 probare
1501 5495 1640 5565 quod
1662 5495 1845 5552 dicunt
1869 5516 1880 5549 :
1909 5512 2009 5569 ego
2037 5514 2124 5554 me

607 5736 624 5766 ⁸
650 5736 722 5798 sic
745 5744 848 5784 Mss.
875 5740 929 5783 At
952 5734 1087 5793 editi,
1117 5743 1220 5798 Ipse
1241 5735 1369 5786 enim
1387 5742 1505 5787 esset
1519 5751 1705 5787 summa
1728 5746 1968 5790 creatura.

607 5799 627 5828 ι
650 5796 783 5849 Editi.
797 5796 1146 5910 gemmarum.
1162 5804 1219 5847 Αι
1238 5806 1344 5850 uss.
1371 5798 1612 5864 plerique,
1639 5803 2069 5867 prcepositurarwu
2105 5816 2125 5857 :

616 5858 796 5909 nouunt
832 5892 849 5910 .
869 5864 1247 5910 armatorum.

545 5863 598 5907 et
616 5858 849 5920 nonnulli,
869 5858 1247 5922 prepositonms.

1042 398 1489 466 ENCHIRIDION,
1530 395 1684 455 sws
1723 395 1810 451 DE
1849 390 2023 456 FIDE,
2068 386 2194 443 ser:
2228 344 2323 438 iter
2358 344 2775 451 CllARITATE,
2819 383 2877 440 s.
2923 380 3303 463 AUGUSTINI
3422 462 3469 467 η
3684 338 3775 445 iii

2233 502 2333 559 ista
2371 501 2614 571 ignorare
2647 502 2925 561 conﬁteor.
2968 502 3071 558 Sed
3102 518 3169 558 ne
3197 503 3325 558 illud
3352 501 3568 574 quidem
3599 513 3777 562 catum

2230 591 2425 658 habeo,
2451 601 2627 647 utrum
2656 592 2722 647 ad
2753 593 2995 649 eamdem
3017 594 3321 649 societatem
3340 595 3631 663 pertineant
3646 595 3773 652 solet

2230 686 2351 740 luna
2382 694 2437 740 et
2462 693 2651 739 cuncta
2676 684 2848 740 sidera
2878 703 2891 739 ι
2920 686 3161 755 quamvis
3189 686 3460 749 nonnullis
3488 686 3651 743 lucida
3676 703 3777 744 eor-

2231 792 2357 847 pora
2398 792 2538 846 esse,
2570 770 2677 832 lion
2709 792 2833 834 cum
2872 793 3035 834 sensu
3065 778 3151 833 vel
3179 778 3547 848 intelligentia,
3584 779 3775 835 videam

2231 877 2317 929 tur
2345 869 2441 941 (α).
2842 918 2853 938 τ
2886 944 2891 949 Δ
2950 924 2975 933 _,
3444 940 3447 945 i
3600 890 3605 895 ν

2300 960 2524 1034 CAPUT
2563 960 2699 1018 LIX.
2726 992 2797 1002 —
2822 961 3133 1031 Angelorum
3178 960 3352 1032 qualia
3397 961 3500 1016 sint
3542 963 3594 1017 in
3627 961 3776 1032 quibus

2231 1062 2577 1125 apparuerunt
2603 1069 2839 1124 corpora,
2868 1054 3070 1125 dificile
3110 1055 3412 1129 explicatur.
3448 1054 3674 1125 Itemque
3703 1072 3779 1111 an-

2230 1144 2332 1217 geli
2363 1146 2481 1216 quis
2507 1146 2736 1215 explicet
2762 1161 2883 1200 cum
2920 1145 3165 1216 qualibus
3205 1146 3522 1229 corporibus
3548 1163 3779 1216 apparue-

2231 1236 2340 1311 rint
2376 1236 2704 1303 bominibus,
2752 1246 2812 1292 ut
2863 1253 2969 1291 non
3014 1238 3187 1292 solum
3230 1250 3595 1303 cernerentur,
3626 1255 3780 1295 verum

2231 1330 2389 1399 etiam
2412 1337 2790 1400 tangerentur;
2820 1338 2875 1384 et
2912 1345 3097 1391 rursus
3130 1345 3235 1387 non
3262 1330 3433 1395 solida
3459 1331 3776 1402 corpulentia,

2231 1420 2325 1477 sed
2352 1422 2611 1492 spirituali
2648 1423 2885 1492 potentia
2908 1422 3163 1493 quasdam
3193 1423 3444 1489 visiones,
3494 1439 3601 1479 non
3646 1426 3783 1480 oculis

2233 1516 2527 1585 corporeis,
2577 1516 2672 1572 sed
2713 1516 3098 1586 spiritualibus,
3132 1517 3216 1572 vel
3249 1516 3521 1573 mentibus
3548 1519 3779 1587 ingeram,

2233 1607 2316 1677 vel
2337 1607 2518 1664 dicant
2540 1608 2735 1679 aliquid
2764 1624 2869 1665 non
2898 1609 2966 1664 ad
2995 1624 3178 1665 aurem
3210 1609 3524 1677 forinsecus,
3548 1611 3644 1666 sed
3668 1613 3783 1667 intus

2234 1699 2286 1755 in
2346 1702 2525 1757 animo
2570 1701 2859 1769 bominis‘,
2906 1706 3067 1759 etiam
3117 1704 3218 1774 ipsi
3257 1704 3455 1760 ibidem
3503 1706 3782 1761 constituti:

2234 1793 2371 1848 sicut
2410 1796 2666 1865 scriptum
2714 1806 2801 1853 est
2844 1798 2897 1852 in
2939 1798 3325 1868 Prophetarum
3367 1800 3525 1867 libro,
3580 1799 3650 1855 Et
3684 1800 3785 1854 dixit

2235 1886 2358 1939 milii
2392 1888 2601 1959 angelus
2640 1889 2727 1959 qui
2764 1888 3057 1961 loquebatur
3085 1891 3139 1944 in
3180 1907 3259 1945 me
3298 1890 3485 1962 (Zach.
3513 1908 3549 1957 ι,
3586 1892 3784 1961 9):non

2235 1979 2377 2033 enim
2420 1982 2514 2047 ait,
2559 1982 2647 2051 qui
2694 1982 3007 2059 loquebatur
3053 1984 3119 2038 ad
3161 1999 3283 2047 me;
3332 1984 3447 2048 sed,
3486 1966 3540 2039 in
3590 2003 3679 2039 me.
3712 1985 3784 2039 Vel

2235 2083 2525 2143 appareant
2548 2082 2602 2130 et
2621 2075 2675 2130 in
2697 2076 2920 2142 somnis,
2944 2086 2999 2131 et
3021 2077 3393 2147 colloquantur
3415 2092 3563 2133 more
3592 2080 3787 2133 somnio-

2236 2180 2393 2218 rum:
2422 2166 2681 2223 habemus
2725 2169 2919 2238 quippe
2962 2168 3015 2223 in
3068 2169 3373 2239 Evangelio,
3429 2170 3562 2229 Ecce
3612 2172 3787 2244 Angelus

2236 2254 2444 2311 Domini
2468 2260 2709 2331 apparuit
2735 2258 2814 2314 illi
2851 2261 2905 2314 in
2940 2261 3149 2325 somnis,
3186 2261 3354 2317 dicens
3386 2261 3621 2336 (Matth.
3644 2281 3677 2330 ι,
3699 2264 3785 2331 20).

2239 2346 2334 2401 His
2384 2349 2526 2403 enim
2570 2350 2743 2406 modis
2770 2352 2914 2406 velut
2944 2352 3178 2407 indicant
3221 2368 3280 2409 se
3307 2354 3483 2424 angeli
3522 2366 3789 2419 contrecta-

2236 2435 2361 2491 bilia
2390 2454 2633 2511 corpora
2676 2455 2784 2495 non
2830 2440 3071 2497 habere:
3100 2443 3406 2515 faciuntque
3451 2444 3789 2501 difﬁcillhnuu

2236 2520 2620 2601 quaestionem,
2684 2534 2954 2607 quomodo
3006 2546 3184 2609 patres
3241 2536 3320 2591 eis
3364 2536 3541 2605 pedes
3604 2538 3791 2593 laverint

2236 2619 2387 2691 (Gen.
2438 2639 2586 2691 xvnl,
2619 2625 2673 2691 4,
2718 2632 2770 2678 et
2794 2640 2905 2693 xxx,
2938 2624 3029 2699 2),
3057 2627 3325 2696 quomodo
3361 2626 3527 2697 Jacob
3567 2644 3684 2683 cum
3720 2644 3792 2681 an-

2237 2716 2356 2784 gelo
2384 2725 2489 2771 tam
2516 2717 2686 2772 solida
2713 2719 3133 2773 contrectatione
3159 2719 3387 2774 luctatus
3411 2720 3481 2775 sit
3512 2719 3630 2791 (Id.
3649 2735 3789 2781 suo,

2234 2806 2351 2878 24).
2384 2807 2517 2862 Cum
2556 2796 2655 2862 ista
2686 2820 3017 2879 quaeruntur,
3049 2819 3103 2865 et
3126 2825 3189 2866 ea
3217 2811 3353 2867 sicut
3379 2821 3577 2883 potest,
3609 2813 3793 2883 quisque

2236 2900 2520 2969 conjectat,
2572 2914 2676 2953 non
2721 2900 2979 2956 inutiliter
3017 2911 3337 2958 exercentur
3375 2903 3615 2975 ingenia,
3656 2905 3696 2959 si
3722 2904 3792 2958 ad-

2237 2988 2483 3044 hibeatur
2529 2990 2844 3061 disceptatio
2884 2978 3177 3059 moderata,
3224 3002 3279 3049 et
3328 2994 3468 3049 absit
3510 3011 3667 3052 error
3702 2996 3794 3066 opi-

2236 3083 2476 3137 nantium
2506 3098 2577 3164 ¹(δε
2609 3085 2746 3161 scire
2773 3085 2913 3154 quod
2946 3086 3210 3142 nesciunt.
3244 3085 3385 3155 Quid
3409 3087 3551 3142 enim
3585 3101 3710 3161 opus
3733 3096 3795 3141 est

2235 3184 2294 3229 ut
2323 3175 2440 3233 haec
2480 3186 2640 3253 atque
2685 3178 2992 3247 hujusmodi
3020 3164 3379 3246 afﬁrmantur,
3411 3182 3494 3237 vel
3539 3192 3794 3254 negentur,

2234 3271 2320 3325 vel
2342 3270 2666 3327 dcﬁniantur
2690 3286 2813 3327 cum
2843 3272 3173 3343 discrimine,
3195 3273 3410 3345 quando
3449 3276 3570 3335 sine
3607 3275 3797 3332 crimine

2235 3354 2581 3419 nesciuntur?
3268 3439 3275 3445 _

2307 3456 2534 3513 CAPUT
2572 3456 2685 3513 LX.
2712 3488 2784 3498 —
2810 3458 2895 3513 16.
2936 3458 3083 3537 Artes
3112 3466 3305 3515 satana
3333 3460 3733 3534 transﬁgitrantis
3757 3475 3800 3515 se

2235 3560 2290 3608 ut
2314 3551 2550 3625 angelum
2578 3552 2728 3631 lucis,
2758 3553 2932 3629 utilius
2960 3553 3347 3624 dignoscantur.
3390 3554 3561 3626 Magis
3596 3571 3711 3627 opus
3731 3562 3803 3608 est

2234 3646 2528 3715 dijudicare
2562 3655 2723 3716 atque
2751 3647 3084 3717 dignoscere,
3125 3661 3247 3703 cum
3274 3661 3332 3702 se
3361 3655 3583 3704 satanas
3615 3646 3802 3704 transﬁ-

2234 3746 2388 3808 gurat
2423 3738 2569 3794 velut
2614 3740 2860 3815 angelum
2900 3741 3039 3815 [lucis
3088 3740 3295 3814 (llCor.
3339 3741 3569 3817 3:1,”),
3622 3756 3686 3801 ne
3725 3739 3802 3798 Ial-

2235 3829 2394 3884 lcndo
2420 3830 2484 3885 ad
2510 3818 2679 3901 aliqua
2711 3832 3006 3900 perniciosa
3034 3833 3273 3889 seducat.
3302 3833 3435 3890 Nam
3467 3838 3685 3907 quando
3705 3851 3803 3891 sen-

2236 3935 2326 3991 sus
2352 3923 2590 3991 corporis
2629 3924 2778 3991 fallit,
2820 3932 3053 3979 mentem
3082 3941 3210 3981 vero
3256 3944 3361 3981 non
3405 3939 3596 3985 movet
3632 3945 3662 3985 a
3698 3942 3806 3985 vera

2234 4024 2484 4097 rectaque
2510 4018 2795 4101 sententia,
2827 4034 2929 4090 qua
2969 4021 3195 4093 quisque
3221 4022 3384 4078 vitam
3425 4024 3646 4082 ﬁdelem
3670 4026 3805 4098 gerit.

2234 4110 2439 4164 nullum
2467 4118 2550 4165 est
2596 4112 2649 4165 in
2691 4113 2947 4183 religione
2976 4116 3271 4186 periculum
3298 4135 3312 4171 :
3339 4117 3423 4173 vel
3454 4132 3586 4174 cum
3629 4134 3687 4176 se
3724 4118 3807 4173 bo-

2235 4216 2362 4255 num
2396 4200 2622 4272 ﬁngens,
2666 4218 2727 4258 ea
2769 4204 2898 4260 facit
2935 4206 3047 4261 sive
3085 4207 3233 4272 dicit,
3276 4224 3396 4278 quae
3424 4209 3589 4266 bonis
3629 4208 3810 4283 angelis

2234 4304 2552 4375 congruunt,
2594 4297 2752 4352 etiam
2799 4298 2843 4352 si
2888 4299 3138 4355 credatur
3167 4301 3357 4369 bonus,
3408 4319 3513 4359 non
3550 4315 3641 4360 est
3680 4318 3810 4359 error

2234 4384 2538 4461 christiana:
2564 4387 2686 4443 ﬁdei
2716 4390 3047 4460 periculosus
3084 4400 3177 4447 aut
3203 4393 3498 4463 morbidus.
3531 4398 3672 4453 Cum
3702 4410 3812 4450 vero

2238 4492 2333 4547 per
2358 4476 2473 4533 btec
2501 4479 2672 4557 aliena
2716 4480 2781 4535 ad
2811 4495 2904 4537 sua
2943 4482 3130 4554 incipit
3167 4470 3385 4550 ducere,
3418 4494 3544 4541 tunc
3591 4503 3712 4544 eum
3739 4486 3811 4541 di-

2234 4586 2514 4641 gnoscere,
2544 4588 2668 4647 nec
2698 4575 2785 4631 ire
2824 4584 2943 4647 post
2978 4594 3134 4651 (eum,
3182 4594 3374 4653 magna
3422 4591 3478 4638 et
3522 4582 3815 4639 necessaria

2236 4663 2505 4734 vigilantia
2533 4674 2635 4718 est.
2678 4664 2783 4720 Sed
2820 4656 3242 4740 quotusquisque
3289 4670 3572 4730 hominum
3605 4673 3816 4730 idoneus

2236 4762 2319 4809 est
2346 4769 2532 4808 omnes
2576 4755 2882 4813 mortiferas
2910 4758 3024 4830 ejus
3050 4761 3202 4817 dolos
3246 4763 3494 4832 evadere,
3536 4766 3647 4821 nisi
3684 4773 3821 4836 regat

2236 4854 2394 4914 atque
2432 4853 2638 4900 tueatur
2667 4847 2843 4903 Deus?
2873 4849 2938 4904 Et
2969 4852 3080 4921 ipsa
3118 4854 3273 4923 hujus
3320 4857 3396 4911 rei
3429 4855 3720 4913 difﬁcultas
3758 4859 3817 4911 ad

2236 4936 2337 4991 hoc
2363 4946 2445 4992 cst
2470 4940 2632 5005 utilis,
2663 4958 2727 4993 nc
2750 4944 2818 4997 sit
2843 4958 2965 5014 spes
2987 4945 3087 4999 sibi
3117 4947 3362 5019 quisque,
3391 4959 3484 5005 aut
3506 4952 3675 5015 homo
3696 4953 3821 5007 alter

2234 5028 2409 5092 alteri.
2439 5030 2531 5084 scd
2564 5032 2702 5086 Deus
2746 5034 2855 5087 suis
2885 5036 3153 5092 omnibus.
3185 5037 3239 5093 Id
3277 5041 3421 5095 enim
3462 5042 3625 5099 nobis
3652 5044 3821 5115 ponus

2234 5121 2485 5189 expedire
2513 5139 2732 5194 prorsus
2759 5127 2963 5195 piorum
2996 5130 3211 5200 ambigit
3245 5147 3425 5189 nemo.

2304 5211 2531 5269 CAPUT
2582 5215 2713 5269 LXI.
2742 5246 2812 5255 —
2837 5216 3070 5275 Ecclesia
3112 5222 3165 5274 in
3207 5222 3416 5295 Angelis
3459 5234 3508 5280 et
3548 5228 3608 5282 in
3660 5229 3824 5281 homi-

2235 5307 2399 5361 nibus.
2441 5305 2673 5361 Christus
2713 5326 2805 5377 pro
2832 5312 3023 5382 angelis
3067 5324 3269 5368 nonest
3299 5328 3545 5372 mortuus.
3607 5306 3849 5393 Angelos

2233 5402 2482 5470 quomodo
2512 5410 2701 5469 spectat
2732 5401 2997 5456 hominum
3026 5403 3327 5476 redemptio.
3384 5408 3510 5465 Haec
3535 5427 3680 5479 ergo
3716 5428 3830 5483 qua:

2234 5492 2285 5545 in
2331 5494 2529 5547 sanctis
2576 5494 2792 5563 Angelis
2837 5504 2891 5549 et
2934 5495 3233 5555 Virtutibus
3281 5501 3377 5555 Dei
3424 5512 3506 5558 est
3552 5502 3827 5566 Ecclesia.

2236 5590 2361 5640 tunc
2405 5584 2557 5640 nobis
2604 5587 2757 5640 siculi
2798 5597 2881 5641 est
2928 5588 3246 5656 inuotescct,
3288 5607 3407 5645 cum
3452 5592 3500 5647 ci
3545 5597 3832 5666 conjuncti

2296 5804 2310 5833 ¹
2340 5809 2445 5851 Mss.
2466 5802 2549 5851 sed
2572 5798 2699 5850 intus
2719 5799 2893 5851 anima:
2914 5802 3134 5857 hominis.

2295 5865 2367 5928 (α)
2401 5864 2500 5914 vid.
2525 5863 2611 5916 lib.
2635 5863 2695 5915 ad
2716 5866 2935 5919 Orosium
2955 5876 3121 5924 contra
3136 5868 3529 5935 Priscitlianistas,
3545 5882 3676 5938 cap.
3698 5874 3787 5929 lt.
