3896 6382
200 388 413 472 luerimus
449 410 496 464 in
518 408 700 474 ﬁnem,
733 406 813 463 ad
847 406 1006 463 simul
1036 406 1320 463 habendam
1347 405 1733 465 beatitudinem

200 509 542 576 sempiternam.
580 502 689 557 Ista
738 518 885 557 vero
914 518 1031 571 qua:
1072 502 1136 555 ab
1161 501 1244 555 illa
1277 500 1650 571 peregrinatur
1676 500 1731 555 in

202 603 344 667 terris,
381 598 607 653 eonobis
637 597 830 652 notior
871 605 971 661 est,
1016 595 1155 665 quod
1200 597 1253 650 in
1302 597 1387 650 illa
1437 611 1644 662 sumus,
1676 603 1732 652 et

193 694 293 763 quia
334 691 581 749 hominum
609 695 729 754 est,
769 688 915 758 quod
950 695 1007 744 et
1049 703 1147 757 nos
1182 703 1385 757 sumus.
1438 689 1563 745 Haec
1607 704 1732 743 san-

188 784 317 859 guine
338 780 626 837 Hediatoris
649 780 860 834 nullum
894 779 1136 835 habentis
1162 788 1462 849 peccatum,
1491 780 1557 835 ab
1584 781 1731 837 omni

190 877 418 946 redempta
457 884 539 933 est
567 884 810 946 peccato,
843 874 1064 945 ejusque
1094 890 1197 930 vox
1226 883 1328 943 est,
1375 875 1436 930 Si
1462 874 1602 930 Deus
1633 891 1727 945 pro

190 972 320 1037 vobis,
339 971 639 1039 quiscontra
665 986 757 1023 nos
779 969 805 1023 ?
835 969 935 1035 Qui
958 967 1094 1022 Filio
1123 969 1333 1038 proprio
1354 985 1453 1023 non
1481 971 1721 1041 pepercit;

192 1067 264 1121 sed
289 1081 363 1134 pro
385 1065 523 1119 nobis
552 1064 788 1119 omnibus
833 1062 1044 1117 tradidit
1081 1062 1231 1116 illum
1271 1063 1451 1135 (Rom.
1481 1080 1596 1131 vui,
1629 1065 1720 1131 51,

192 1158 285 1225 32).
327 1157 428 1213 Non
452 1157 612 1227 enim
656 1171 754 1226 pro
782 1156 1001 1226 Angelis
1044 1163 1287 1209 mortuus
1328 1164 1413 1210 est
1454 1155 1722 1212 Christus.

183 1250 265 1306 Sed
296 1251 400 1305 ideo
420 1252 582 1306 etiam
632 1265 728 1319 pro
757 1249 975 1318 Angelis
1023 1248 1100 1314 ﬁt,
1151 1248 1409 1319 quidquid
1444 1249 1719 1306 hominum

181 1359 257 1413 per
280 1345 383 1412 ejus
406 1353 635 1398 mortem
661 1342 947 1407 redimitur,
968 1350 1023 1396 et
1049 1341 1306 1396 liberatur
1329 1357 1358 1396 a
1387 1344 1549 1408 malo,
1582 1358 1721 1412 quo~

178 1436 295 1490 niam
334 1451 449 1491 cum
475 1437 554 1491 eis
599 1434 991 1504 quodammodo
1030 1434 1167 1489 redit
1213 1434 1265 1488 in
1307 1436 1550 1504 gratiam,
1598 1444 1724 1504 post

174 1525 439 1583 iniuiicitias
484 1543 616 1598 quas
656 1529 798 1581 inter
837 1527 1081 1582 homines
1129 1536 1185 1582 et
1228 1536 1442 1582 sanctos
1485 1528 1721 1597 Angelos

176 1632 356 1692 peccata
391 1622 653 1685 iecerunt,
694 1629 748 1676 et
774 1636 842 1676 ex
882 1621 996 1690 ipsa
1044 1619 1319 1676 hominum
1349 1620 1721 1691 redemptione

175 1716 317 1771 ntinze
337 1717 471 1773 illius
494 1715 746 1786 angelica:
770 1713 1090 1769 detrimenta
1121 1722 1457 1783 reparantur.

228 1807 431 1864 CAPUT
456 1807 615 1862 LXII.
638 1836 711 1847 —
739 1805 1005 1871 Quomodo
1040 1806 1094 1860 in
1133 1806 1331 1859 Christo
1370 1807 1723 1860 instaurantur

172 1905 337 1967 sautio,
378 1913 423 1956 et
464 1900 810 1971 paciﬁcantur.
868 1902 935 1954 Et
980 1901 1163 1971 utique
1213 1909 1477 1955 noverunt
1529 1899 1718 1970 Angeli

176 1994 327 2047 sancti
358 1995 493 2048 docti
518 1994 583 2049 de
619 1996 740 2061 Deo,
770 1995 925 2064 cujus
964 1994 1202 2048 veritatis
1231 2002 1430 2048 aeterna
1472 2003 1718 2048 contem-

180 2085 392 2152 platione
428 2085 561 2139 beati
588 2095 723 2152 sunt,
747 2086 930 2155 quanti
960 2085 1167 2140 numeri
1192 2085 1621 2155 supplementum
1648 2085 1717 2141 de

174 2190 352 2245 genere
390 2177 615 2232 humano
655 2178 920 2248 integritas
966 2176 1108 2231 illius
1144 2177 1375 2232 civitatis
1418 2186 1712 2247 exspectet.

167 2268 371 2339 Propter
393 2268 491 2325 hoc
508 2273 582 2324 ait
604 2272 888 2341 Apostolus
910 2272 1187 2325 instaurari
1214 2271 1384 2324 omnia
1410 2272 1466 2324 in
1494 2270 1709 2337 Christo,

167 2364 325 2430 quain
348 2364 482 2417 satis
504 2373 640 2429 sunt,
686 2373 733 2417 et
764 2378 882 2433 qua!
914 2365 968 2417 in
995 2364 1162 2430 terris,
1190 2364 1246 2416 in
1270 2364 1381 2433 ipso
1427 2361 1640 2434 (Ephes.
1673 2378 1711 2427 ι,

167 2454 259 2527 ω).
307 2456 661 2511 Iustaurantur
696 2455 896 2527 quippe
923 2470 1040 2526 quae
1067 2455 1117 2510 in
1145 2456 1296 2511 caelis
1337 2464 1480 2518 sunt,
1513 2470 1633 2510 cum
1664 2455 1715 2509 id

166 2550 280 2619 quod
303 2552 413 2607 inde
438 2552 489 2605 in
514 2552 720 2622 angelis
739 2550 947 2621 lapsum
974 2559 1072 2616 est,
1106 2565 1176 2604 ex
1208 2550 1512 2605 hominibus
1535 2548 1715 2604 reddi-

168 2652 237 2697 tur
259 2661 273 2699 :
294 2644 643 2699 instaurantur
666 2654 845 2700 autem
872 2658 992 2714 quae
1022 2644 1074 2697 in
1108 2644 1265 2698 terris
1286 2654 1430 2709 sunt,
1456 2658 1581 2697 cum
1612 2641 1713 2713 ipsi

166 2732 371 2793 homines
396 2738 481 2808 qui
510 2738 877 2808 praedestinati
918 2746 1040 2792 sunt
1080 2737 1147 2792 ad
1191 2746 1446 2791 aeternam
1473 2736 1655 2801 vitam,
1684 2751 1713 2788 a

165 2829 474 2898 eormptionis
510 2837 783 2885 vetustate
825 2838 1165 2884 renovantur.
1224 2830 1299 2882 Ac
1345 2828 1421 2881 sic
1450 2840 1547 2898 per
1587 2824 1715 2880 illud
1764 2900 1775 2911 γ’

168 2920 394 2990 singulare
427 2924 750 2978 sacriﬁcium
779 2922 833 2977 in
861 2938 967 2992 quo
993 2920 1249 2977 Mediator
1277 2932 1360 2976 est
1387 2921 1713 2985 immolatus,

167 3012 289 3081 quod
329 3030 470 3068 unum
508 3016 700 3070 multa:
731 3016 784 3069 in
815 3014 954 3084 Lege
996 3014 1223 3069 victimae
1269 3012 1586 3083 ﬁgurabant,
1619 3028 1716 3082 pa-

166 3102 403 3159 cilicantur
422 3107 658 3161 emlestia
680 3121 805 3160 cum
837 3105 1195 3170 terrestribus,
1219 3113 1273 3159 et
1296 3104 1565 3159 terrestria
1591 3119 1713 3159 cum

501 3198 775 3265 Quoniam
808 3198 948 3252 sicut
976 3197 1115 3252 idem
1157 3197 1430 3267 apostolus
1468 3196 1618 3261 dicit,
1648 3195 1716 3250 In

164 3288 256 3357 ipso
293 3291 575 3362 complacuit
618 3307 825 3345 omnem
870 3291 1229 3360 plenitudinem
1269 3292 1284 3322 ¹
1330 3289 1632 3354 inhabitare,
1669 3299 1719 3342 et

164 3398 237 3450 per
274 3400 379 3437 eum
404 3386 719 3440 reconciliari
756 3386 928 3439 omnia
977 3385 1029 3437 in
1068 3385 1264 3461 ipsum,
1306 3384 1583 3471 paciﬁca‘ns
1628 3400 1719 3453 per

161 3476 423 3545 sanguinem
442 3478 601 3531 crucis
624 3479 757 3548 ejus,
788 3478 890 3531 sive
910 3492 1024 3547 qua:
1052 3478 1102 3530 in
1130 3478 1273 3531 terris
1298 3484 1432 3543 sunt,
1482 3477 1582 3530 sive
1603 3491 1718 3545 qua?

164 3564 213 3617 in
230 3568 572 3637 calis((.'oloss.
601 3586 637 3633 ι,
670 3568 739 3625 19
754 3578 802 3623 et
816 3568 929 3641 20).

228 3656 427 3714 CAPUT
477 3660 659 3715 LXIII.
702 3692 773 3701 —
827 3662 945 3715 Pas:
991 3662 1133 3731 regni
1185 3662 1415 3726 caelestis,
1466 3662 1718 3732 quomodo

161 3751 384 3819 precettit
401 3767 584 3807 omnem
607 3753 1134 3811 intellectum—Pax
1159 3756 1256 3810 ista
1287 3755 1547 3826 prlecellit,
1582 3755 1719 3810 sicut

158 3844 388 3914 wiptum
428 3855 519 3912 est,
573 3864 777 3901 omnem
822 3848 1127 3902 intellectum
1175 3848 1438 3920 (Philipp.
1490 3864 1565 3913 tv,
1616 3847 1714 3925 7);

160 3932 309 4006 neque
334 3939 448 3993 sciri
468 3954 497 3993 a
518 3940 697 4005 nobis,
730 3939 831 3993 nisi
857 3955 980 3994 cum
1001 3939 1064 3993 ad
1086 3956 1147 3994 ea
1169 3942 1491 4006 venerimus,
1522 3948 1717 4009 potest.

160 4024 406 4096 Quomodo
448 4034 591 4088 enim
622 4034 969 4103 paeilicantur
1006 4033 1243 4089 coelestia
1275 4033 1375 4088 nisi
1418 4033 1570 4087 nobis
1594 4034 1635 4098 ³,
1668 4031 1719 4087 id

160 4132 249 4188 est,
288 4127 653 4182 concordando
702 4126 1017 4181 nobiscum?
1071 4124 1205 4183 Nam
1255 4127 1327 4182 ibi
1377 4142 1589 4197 semper
1636 4130 1720 4183 est

160 4228 265 4284 pax,
291 4224 339 4272 et
375 4220 515 4275 inter
538 4234 601 4274 se
651 4216 914 4274 universis
955 4219 1401 4297 intellectualibus
1433 4219 1716 4286 creaturis,

161 4320 207 4364 et
239 4325 349 4367 cum
374 4327 471 4367 suo
504 4311 782 4369 Creatore.
831 4313 964 4381 Qua:
992 4310 1096 4384 patr.
1132 4313 1400 4383 praecellit,
1435 4321 1492 4367 ut
1516 4313 1716 4368 dictum

163 4414 249 4473 est,
287 4422 471 4463 omnem
519 4407 879 4474 intellectum;
928 4406 1019 4463 sed
1070 4406 1252 4479 utique
1297 4419 1560 4473 nostrum,
1612 4423 1719 4462 non

164 4512 323 4555 eorum
345 4502 427 4573 qui
456 4500 675 4574 semper
701 4501 884 4557 vident
909 4502 1096 4557 faciem
1124 4496 1315 4575 Patris.
1373 4501 1481 4557 Nos
1516 4509 1716 4569 autem,

164 4600 586 4666 qmntuscumque
614 4596 688 4649 sit
728 4590 782 4649 in
811 4590 965 4650 nobis
1001 4590 1307 4651 intellectus
1334 4595 1622 4661 humanus,
1657 4609 1722 4647 ex

166 4688 296 4748 parte
311 4683 515 4751 scimus,
546 4684 602 4741 e't
624 4668 867 4740 videmus
895 4700 1034 4741 nunc
1066 4700 1163 4755 per
1197 4686 1470 4756 speculum
1501 4685 1556 4739 in
1592 4684 1722 4739 ceni-

172 4784 480 4841 gmatezcum
509 4792 642 4834 vero
670 4777 903 4849 aequales
931 4776 1147 4849 Angelis
1174 4778 1267 4833 Dei
1286 4776 1540 4831 fuerimus
1572 4775 1719 4848 (Luc.

176 4877 252 4929 xx,
274 4865 351 4939 56)
374 4884 389 4932 ;
420 4879 539 4924 tunc
560 4865 1009 4940 quemadmodum
1040 4876 1097 4923 et
1116 4867 1238 4938 ipsi,
1261 4866 1561 4923 videbimus
1585 4866 1723 4922 facie

176 4953 233 5008 ad
262 4956 424 5014 faciem
455 4960 497 5033 (I
524 4958 645 5017 Cor.
680 4977 796 5027 xm,
827 4960 916 5032 I2)
942 4977 957 5027 ;
998 4970 1305 5031 tantamque
1335 4975 1519 5032 pacem
1555 4961 1720 5016 liabec

178 5044 319 5103 bimus
333 5067 444 5123 erga
465 5069 581 5120 eos,
603 5061 855 5124 quautam
873 5062 927 5108 et
946 5052 1045 5124 ipsi
1066 5068 1192 5123 erga
1215 5067 1314 5107 nos
1334 5069 1347 5117 ;
1372 5054 1493 5123 quia
1518 5061 1720 5106 tantum

183 5140 488 5201 eosdileeturi
518 5160 729 5213 sumus,
752 5156 1003 5216 quantum
1033 5145 1100 5200 ab
1120 5128 1197 5201 eis
1219 5143 1509 5213 diligimur.
1544 5146 1724 5215 Itaque

180 5242 259 5297 Inx
300 5248 464 5291 eorum
503 5234 626 5295 nota
660 5238 814 5294 nobis
859 5238 977 5305 erit,
1012 5238 1135 5309 quia
1183 5248 1235 5294 et
1280 5248 1460 5295 nostra
1516 5239 1634 5293 talis
1663 5254 1725 5293 ac

180 5324 297 5374 tanta
323 5328 427 5393 erit,
468 5328 569 5386 nec
591 5330 865 5401 praecellet
904 5337 1030 5385 tunc
1060 5330 1385 5387 intellectum
1433 5341 1674 5384 nostrum
1709 5350 1721 5385 :

182 5414 257 5471 Dei
283 5435 395 5477 vero
429 5438 525 5494 pax
557 5396 675 5495 qua:
725 5396 835 5478 imo
873 5433 956 5479 est
992 5439 1115 5495 erga
1144 5439 1256 5489 eos,
1300 5434 1353 5479 et
1399 5434 1638 5479 uestrum
1670 5433 1724 5480 et

182 5505 357 5566 illorum
398 5517 714 5572 intellectum
761 5517 880 5571 sine
926 5510 1256 5572 dubitatione
1307 5518 1597 5587 przccellet.
1652 5516 1725 5572 De

178 5662 246 5773 ua;
264 5665 675 5783 ῗξηαέἰῃιξὶῗίῗὴωι,
701 5668 967 5723 diuim'tatis
980 5685 999 5732 ,‘
1020 5652 1147 5733 quod
1184 5672 1404 5738 plerique
1428 5684 1484 5722 ac
1508 5648 1724 5733 [mlieres

322 5756 334 5773 γι
442 5766 449 5779 Α
474 5751 499 5779 κ
520 5754 530 5783 l
555 5773 568 5783 .

322 5751 363 5777 III
385 5751 568 5783 Ulli'llflll.

221 5789 1203 5862 ’ῖωαιιιέἀῡιποωιῶθανῦινεη

1567 248 1772 348 Ι.ιῦΕῆ
1810 288 2010 350 unus.

3328 314 3433 372 26'}

1841 404 1958 475 ipso
1985 408 2181 479 quippe
2216 410 2370 468 beata
2414 422 2496 469 est
2536 418 2830 481 rationalis,
2862 428 3131 492 creatura,
3161 404 3432 497 quaecum-

1840 514 1942 573 que
1970 500 2121 557 beata
2150 513 2252 567 est,
2287 522 2390 560 non
2421 508 2534 577 ipse
2564 510 2629 565 de
2654 512 2763 567 illa.
2823 513 2975 585 Unde
3003 519 3301 589 secundum
3330 520 3432 577 hoc

1838 593 2028 648 melius
2072 596 2328 665 accipitur
2372 600 2823 673 quodscriptum
2864 617 2968 678 est,
3018 609 3138 666 Pax
3180 600 3274 669 Dei
3310 630 3434 687 ,quta

1838 686 2080 752 pra'cellit
2127 704 2325 755 omnem
2368 691 2679 751 intellectum
2716 712 2737 752 :
2784 701 2938 767 utnin
2972 717 3050 771 leo
3099 706 3263 775 quod,
3290 707 3430 773 dixit

1835 790 2052 843 omnem,
2094 794 2194 849 nec
2232 780 2346 850 ipse
2398 782 3050 861 intellectussanctorum
3097 772 3428 871 angelorum

1834 884 1954 929 esse
1984 874 2152 942 possit
2191 886 2444 947 exceptus
2477 880 2492 910 ¹
2521 897 2535 945 ;
2565 881 2660 952 sed
2702 883 2793 937 Dei
2829 874 2996 953 Solius
3029 906 3041 942 :
3076 905 3251 962 neque
3279 893 3426 949 enim

1832 972 1885 1019 et
1914 964 2078 1033 ipsius
2106 966 2435 1029 intellectum
2463 974 2709 1043 paxcjus
2736 977 2989 1049 excellit.)

1900 1056 2129 1114 CAPUT
2156 1060 2337 1121 LXIV.
2362 1066 2537 1145 -17.
2568 1066 2817 1123 Itemissio
2838 1081 3158 1143 peccatorum
3185 1091 3424 1148 expressa

1828 1149 1881 1205 in
1910 1150 2172 1222 Symbolo.
2199 1154 2504 1212 Sanctorum
2522 1161 2622 1214 vita
2647 1162 2756 1216 sine
2777 1165 3015 1233 crimine,
3037 1184 3138 1223 non
3166 1170 3275 1225 sine
3303 1188 3423 1243 pec-

1826 1253 1959 1299 cato.
1987 1244 2327 1304 Concordant
2349 1262 2525 1309 autem
2549 1256 2827 1313 nobiscum
2852 1261 3043 1331 Angeli
3066 1244 3227 1320 etiam
3253 1282 3417 1334 nunc,

1827 1350 1947 1391 cum
1983 1340 2326 1396 remittuntur
2354 1354 2803 1419 nostrapeccata.
2856 1350 2983 1407 Ideo
3029 1364 3150 1424 post
3175 1372 3418 1417 eorume-

1825 1433 2204 1488 morationem'
2225 1448 2423 1494 sanetae
2463 1440 2716 1496 Ecclesia:
2742 1444 2795 1499 in
2822 1445 3011 1502 ordine
3054 1448 3420 1509 Confessiouis

1828 1524 2042 1591 ponitur
2082 1528 2330 1584 remissio
2380 1543 2742 1600 peccatorum.
2798 1539 2901 1594 Per
2944 1539 3080 1596 lianc
3124 1543 3267 1599 enim
3314 1552 3422 1601 stat

1825 1614 2063 1673 Ecclesia
2092 1635 2210 1689 quae
2255 1621 2306 1676 in
2339 1624 2493 1679 terris
2519 1634 2603 1682 est
2631 1645 2646 1681 :
2673 1643 2767 1697 per
2796 1629 2936 1685 hanc
2964 1648 3073 1687 non
3099 1636 3239 1704 perit
3277 1637 3418 1706 quod

1823 1706 2057 1776 perierat
2101 1720 2155 1765 et
2198 1712 2470 1768 inventum
2532 1724 2614 1772 est
2663 1717 2815 1789 (Luc.
2857 1737 2950 1787 xv,
3002 1722 3119 1795 Si).
3175 1725 3414 1797 Excepto

1822 1800 2021 1868 quippe
2054 1800 2393 1870 Baptismatis
2441 1822 2681 1873 munere,
2732 1810 2874 1880 quod
2914 1823 3104 1869 contra
3153 1817 3416 1887 originale

1823 1901 2097 1960 peceatum
2121 1893 2376 1952 donatum
2398 1907 2499 1963 est,
2527 1910 2581 1955 ut
2600 1903 2741 1972 quod
2764 1908 3109 1975 generatione
3132 1917 3417 1967 attractum

1822 1991 1922 2047 est,
1955 1988 2356 2053 regeneratione
2400 1990 2749 2060 detrahatur;
2799 2006 2853 2051 et
2882 2007 3054 2053 tamen
3086 2002 3259 2057 activa
3284 2016 3417 2072 quo-

1822 2091 1923 2143 que
1954 2086 2192 2145 peccata,
2216 2096 2567 2152 quaecumque
2586 2086 2769 2154 corde,
2793 2104 2908 2156 ore,
2932 2102 3095 2161 opere
3125 2095 3414 2151 commissa

1762 2236 1767 2241 1
1822 2168 2100 2236 invenerit,
2133 2172 2303 2226 tollit:
2334 2174 2433 2230 hac
2452 2192 2579 2247 ergo
2601 2190 2821 2251 excepta
2849 2198 3036 2252 magna
3061 2186 3411 2257 indulgentia,

1820 2259 1962 2315 unde
1990 2261 2173 2333 incipit
2200 2264 2430 2320 hominis
2459 2270 2754 2333 renovatio,
2780 2271 2834 2326 in
2861 2289 2964 2343 qua
2988 2275 3212 2331 solvitur
3238 2280 3414 2339 omnis

1820 2361 1999 2407 reatus
2042 2362 2098 2409 et
2144 2355 2483 2425 ingeneratus
2529 2370 2583 2414 et
2625 2360 2879 2429 additus;
2930 2364 3045 2435 ipsa
3094 2368 3255 2424 etiam
3305 2371 3413 2426 vita

1819 2450 2011 2497 caetera
2054 2444 2165 2513 jam
2193 2446 2400 2502 ratione
2446 2451 2643 2505 utentis
2671 2453 2867 2521 aetatis,
2908 2457 3237 2524 quantalibet
3270 2476 3413 2529 pra:-

1819 2534 2015 2603 polleat
2055 2536 2379 2595 fecunditate
2404 2540 2646 2609 justitize,
2693 2544 2807 2601 sine
2837 2557 3176 2616 peccatorum
3216 2553 3412 2609 remis-

1820 2627 1969 2683 sione
2007 2644 2117 2685 non
2145 2632 2337 2702 agitur.
2393 2632 2653 2700 Quoniam
2696 2637 2789 2707 lilii
2838 2640 2929 2695 Dei
2965 2644 3217 2712 quamdiu
3262 2661 3413 2701 mor-

1822 2719 1996 2775 taliter
2035 2722 2237 2787 vivunt,
2265 2738 2387 2777 cum
2417 2735 2588 2783 morte
2617 2728 2928 2799 conﬂigunt.
2980 2733 3049 2787 Et
3077 2737 3321 2804 quamvis
3347 2737 3415 2793 de

1821 2808 1926 2869 illis
1951 2812 2023 2866 sit
2064 2814 2325 2870 veraciter
2348 2814 2572 2885 dictum,
2607 2819 2862 2892 Quotquot
2892 2822 3091 2895 Spiritu
3121 2824 3217 2880 Dei
3251 2844 3415 2898 agun-

1822 2908 1922 2963 tur,
1981 2903 2035 2957 Ιιὶ
2074 2905 2169 2973 [iiii
2217 2915 2336 2960 sum
2384 2906 2479 2961 Dei
2533 2908 2708 2978 (Rom.
2759 2928 2871 2979 vnn,
2924 2915 3052 2985 Il);
3104 2918 3181 2971 sic
3236 2926 3413 2977 tamen

1822 2990 2022 3061 Spiritu
2055 2996 2147 3051 Dei
2169 2999 2490 3066 excitantur,
2518 3011 2571 3056 et
2602 3011 2855 3074 tanquam
2885 3007 2978 3062 lilii
3006 3008 3098 3064 Dei
3126 3011 3411 3081 proficiunt

1820 3090 1887 3145 ad
1921 3091 2106 3154 Deum,
2155 3099 2211 3144 ut
2235 3092 2394 3146 etiam
2425 3094 2617 3162 spiritu
2646 3110 2765 3162 suo,
2808 3101 3040 3156 maxime
3089 3114 3413 3174 aggravante

1821 3183 2152 3252 corruptibili
2193 3199 2419 3253 corpore
2458 3186 2611 3257 (Sap.
2646 3204 2717 3253 lx,
2748 3192 2858 3261 I5),
2889 3201 3141 3263 tanquam
3186 3197 3280 3252 filii
3310 3197 3412 3252 Ito-

1822 3276 2025 3329 minum
2054 3273 2369 3345 quibusdam
2397 3279 2416 3309 ²
2450 3277 2698 3334 humanis
2724 3282 2956 3351 motibus
2981 3284 3231 3342 deﬁciant
3253 3289 3324 3345 ad
3351 3305 3414 3346 se

1823 3368 1986 3439 ipsos,
2034 3375 2089 3422 et
2119 3367 2241 3422 ideo
2282 3378 2521 3438 peccent.
2574 3370 2802 3428 Interest
2845 3375 3062 3447 quidem
3107 3392 3411 3447 quantum:

1822 3476 1997 3531 neque
2035 3460 2176 3515 enim
2219 3462 2342 3532 quia
2381 3471 2656 3531 peccatum
2698 3473 2781 3521 est
2818 3480 2980 3522 omne
3021 3469 3242 3536 crimen,
3291 3471 3416 3528 ideo

1823 3556 2026 3611 crimen
2053 3565 2134 3610 est
2162 3556 2321 3610 etiam
2349 3571 2507 3613 omne
2539 3566 2836 3627 peccatum.
2893 3560 3077 3631 Itaque
3103 3573 3413 3621 sanctorum

1826 3647 2101 3702 hominum
2146 3648 2309 3702 vitam
2353 3648 2608 3718 quamdiu
2651 3650 2707 3705 in
2753 3654 2851 3708 bac
2888 3654 3101 3708 mortali
3132 3654 3414 3724 ’vivitur,

1826 3738 2049 3795 inveniri
2076 3754 2232 3809 posse
2252 3739 2479 3795 dicimus
2499 3742 2614 3796 sine
2639 3741 2863 3800 crimine
2893 3761 2906 3798 :
2936 3743 3214 3801 Peccatum
3233 3757 3413 3805 autem

1824 3833 1867 3889 si
1898 3834 2174 3889 dixerimus
2208 3835 2328 3904 quia
2356 3851 2469 3889 non.
2488 3835 2726 3891 habemus
2746 3878 2761 3905 ,
2796 3845 2856 3892 ut
2884 3839 2962 3893 ait
2989 3847 3169 3911 tantus
3205 3852 3421 3911 aposto-

1826 3927 1908 3982 lus
1930 3927 1971 3995 ⁸,
2002 3930 2329 3998 nosmetipsos
2358 3929 2668 4000 seducimus,
2698 3940 2746 3986 et
2771 3934 2956 3989 ueritas
2973 3934 3030 3989 in
3058 3933 3200 3991 nobis
3227 3952 3327 3991 non
3346 3945 3421 3992 est

1831 4018 1876 4091 (l
1902 4018 2061 4073 Joan.
2092 4035 2130 4085 ι,
2160 4018 2239 4092 8).
2280 4070 2281 4073 η
3024 4074 3027 4077 ,
3086 4078 3089 4081 ,
3206 4076 3209 4077 ν
3400 4088 3401 4091 η

1898 4115 2125 4173 CAPUT
2182 4116 2340 4172 LXV.
2392 4146 2464 4158 --
2512 4118 2739 4175 Crimina
2803 4122 3035 4189 quaelibet
3080 4126 3134 4179 in
3187 4124 3424 4187 Ecclesia

1827 4208 2013 4261 remitti
2041 4225 2130 4278 per
2160 4210 2522 4277 paenitentiam.
2574 4212 2741 4266 Extra
2792 4213 3089 4269 Ecclesium.
3113 4233 3213 4271 non
3243 4221 3421 4273 remit-

1827 4308 2003 4353 tuntur
2029 4310 2252 4369 peccata.
2309 4301 2415 4356 Sed
2444 4316 2617 4373 neque
2643 4303 2711 4359 de
2738 4304 2867 4374 ipsis
2894 4307 3211 4363 criminibus
3228 4325 3423 4379 quam-

1829 4392 1957 4448 libet
2015 4394 2220 4461 magnis
2282 4395 2614 4449 remittendis
2668 4396 2718 4451 in
2770 4406 2957 4451 sancta
3011 4399 3273 4466 Ecclesia,
3326 4401 3422 4463 Dei

1828 4484 2193 4540 misericordia
2231 4485 2564 4557 deSperanda
2604 4496 2688 4543 est
2728 4488 3008 4559 agentibus
3050 4491 3424 4561 pmnitentiam

1829 4578 2123 4634 secundum
2158 4579 2376 4645 modum
2413 4582 2496 4636 sui
2530 4581 2789 4653 cujusque
2831 4585 3055 4653 peccati.
3118 4585 3178 4640 In
3209 4584 3423 4646 actione

1830 4681 2007 4727 autem
2051 4673 2399 4743 paenitentiae,
2448 4674 2535 4728 ubi
2584 4676 2688 4731 tale
2711 4678 3059 4734 commissum
3086 4688 3170 4735 est
3192 4681 3237 4749 ⁸,
3274 4691 3332 4737 ιιι
3379 4684 3426 4740 is

1830 4765 1921 4834 qui
1949 4765 2223 4820 commisit
2250 4781 2279 4820 a
2308 4765 2507 4822 Christi
2537 4768 2698 4823 etiam
2726 4783 2952 4839 corpore
2979 4785 3278 4843 separetur,
3316 4791 3425 4835 non

1830 4863 1941 4914 tam
1961 4859 2345 4915 consideranda
2367 4869 2450 4916 est
2471 4876 2716 4917 mensura
2742 4865 2997 4934 temporis
3017 4882 3177 4937 quam
3200 4869 3423 4927 doloris.

1831 4947 1938 5004 Cor
1960 4951 2105 5005 enim
2131 4953 2420 5009 contritum
2459 4962 2515 5008 et
2540 4954 2878 5011 humiliatum
2910 4957 3050 5014 Deus
3086 4976 3189 5014 non
3222 4963 3427 5031 spernit

1834 5039 2007 5114 (Psal.
2055 5060 2107 5109 ι,
2140 5044 2254 5114 19).
2309 5044 2505 5100 Verum
2538 5047 2660 5117 quia
2688 5047 3001 5117 plerumque
3028 5050 3185 5107 dolor
3206 5052 3427 5109 alterius

1833 5134 2009 5189 cordis
2033 5135 2273 5190 occultus
2301 5146 2383 5191 est
2412 5137 2584 5202 alteri,
2619 5154 2791 5209 neque
2820 5140 2871 5194 in
2904 5140 3130 5196 aliorum
3178 5146 3425 5203 notitiam

1833 5218 1931 5298 per
1956 5226 2116 5283 verba
2144 5227 2228 5284 vel
2268 5245 2615 5302 quacumque
2653 5231 2755 5287 alia
2804 5232 2951 5304 signa
2980 5237 3253 5305 procedit;
3307 5256 3428 5297 cum

1898 5365 1917 5434 ξ
1942 5365 2079 5425 Editi,
2097 5366 2558 5434 exemptusaatelius
2574 5348 2704 5434 uss,
2731 5376 2989 5434 excepttts-

1896 5427 1918 5503 ξ
2104 5426 2438 5503 (lutum/“ii
2459 5429 2665 5503 ’φηιίξὲίε
2679 5430 2730 5482 in
2752 5426 3054 5503 φαίΰμεάωην

1832 5488 1930 5603 vi;
1951 5490 2087 5550 Editi,
2106 5489 2157 5540 in
2178 5488 2272 5542 hac
2293 5488 2459 5542 morte.
2484 5498 2541 5542 At
2582 5500 2711 5556 Mss,
2755 5488 2808 5545 in
2850 5494 2942 5545 hac
2964 5488 3159 5545 νηοὶεωὶ
3186 5508 3206 5545 :
3233 5496 3429 5562 supple.

1848 5588 2078 5679 Trauli,
2102 5622 2294 5665 sanctus
2330 5617 2586 5678 apostolus.
2628 5618 2719 5667 Sed
2757 5596 2863 5679 Mss.
2887 5618 3047 5679 aptius
3080 5616 3139 5665 ad
3171 5632 3281 5670 rem
3319 5596 3428 5676 cum

1836 5678 2059 5743 emphasi
2077 5678 2473 5743 confirmandam,
2489 5685 2647 5729 tantus
2663 5678 2930 5743 apostolus.
3070 5740 3082 5743 _
3132 5716 3137 5719 »
3228 5718 3229 5721 η
3280 5714 3319 5743 τ.
3406 5718 3409 5721 .

1835 5815 1868 5856 a
1884 5743 1991 5854 ἓξ
2003 5742 2166 5803 editis,
2181 5740 2261 5794 ubi
2284 5742 2378 5793 tale
2402 5741 2584 5793 crimen
2606 5740 2909 5794 commissum
2927 5744 3015 5794 est.
3034 5740 3204 5807 Abest,
3227 5742 3421 5802 crimen
