3896 6382
858 208 915 224 ἐι-ι

483 286 595 348 263

487 407 559 465 sit
584 414 767 461 coram
797 397 891 456 illo
917 394 1003 451 cui
1033 391 1244 457 dicitur,
1285 386 1507 443 Gemitus
1544 394 1683 434 meus
1711 393 1742 430 a
1766 384 1813 429 te
1848 388 1950 428 non
1975 381 2049 425 est

490 495 813 556 absconditus
850 488 1020 561 (Psal.
1064 498 1271 548 xxsvu,
1304 479 1395 549 10)
1425 494 1439 531 :
1484 483 1631 531 recte
1669 469 2063 527 constituuntur

492 594 562 650 ab
592 591 659 647 iis
699 586 789 659 qui
827 560 1080 640 Ecclesiis
1110 580 1127 610 ι
1168 581 1405 648 praesunt
1431 560 2066 659 temporagpmnitentiae,

492 691 555 741 ut
590 681 683 737 ﬂat
705 651 835 735 satis
860 674 1021 731 etiam
1049 667 1323 731 Ecclesiae,
1350 665 1409 719 in
1434 675 1535 735 qua
1562 657 1906 715 remittuntur
1951 651 2067 720 ipsa

495 780 743 845 peccata;
796 774 946 824 extra
977 777 1098 820 eam
1143 758 1339 830 quippe
1378 768 1486 811 non
1529 750 1895 807 remittuntur.
1952 742 2071 812 Ipsa

495 834 736 936 namque
780 859 993 933 pr0prie
1032 854 1287 926 Spiritum
1339 856 1581 905 sanctum
1630 843 1822 915 pignus
1872 834 2076 906 accepit

500 960 569 1033 (ll
583 933 699 1015 Cor.
718 973 757 1024 ι,
773 954 864 1025 22)
874 995 890 1022 ,
905 954 1020 1008 sine
1037 964 1142 1021 quo
1152 962 1259 1004 non
1273 943 1612 1002 remittuntur
1631 937 1737 992 ulla
1752 940 1988 1005 peccata,
2003 933 2076 983 Ita

498 1030 557 1107 ut
583 1050 774 1121 quibus
800 1045 1157 1108 remittuntur,
1186 1040 1581 1106 consequantur
1607 1030 1768 1085 vitam
1798 1034 2073 1081 aeternam.

565 1117 796 1199 CAPUT
816 1136 1002 1195 LXVI.
1039 1162 1113 1177 -—
1143 1128 1392 1187 Rcmissio
1418 1132 1737 1198 peccatorum
1778 1117 1835 1187 ﬁt
1876 1121 2079 1185 prapter

500 1239 729 1307 futurum
745 1228 1015 1303 judicium.
1064 1222 1228 1295 Magis
1252 1218 1394 1277 enim
1432 1221 1648 1307 propter
1687 1211 1916 1265 futurum
1940 1202 2081 1305 judi-

501 1294 643 1382 cium
686 1294 761 1378 lit'
793 1318 1038 1377 remissio
1084 1320 1443 1386 peccatorum.
1500 1307 1558 1362 In
1601 1302 1703 1358 hac
1743 1308 1921 1354 autem
1970 1294 2081 1349 vita

501 1386 670 1487 usqile
714 1414 847 1469 adeo
880 1410 1019 1467 valet
1057 1405 1198 1479 quod
1242 1402 1498 1472 scriptum
1542 1404 1647 1460 est,
1695 1390 1858 1487 Graue
1891 1389 2080 1459 jugum

410 1504 415 1507 ⁴
502 1481 654 1581 super
680 1505 813 1576 ﬁlios
839 1502 1021 1566 Adam,
1053 1516 1085 1554 a
1112 1497 1193 1552 die
1217 1494 1378 1550 exitus
1401 1490 1464 1545 de
1492 1496 1664 1543 ventre
1694 1481 1871 1539 matris
1899 1492 2074 1581 eorum

502 1570 662 1669 usque
680 1570 738 1652 in
763 1594 897 1649 diem
925 1591 1195 1664 sepultura
1216 1587 1269 1641 in
1292 1592 1503 1639 matrem
1525 1578 1749 1634 omnium
1777 1570 1963 1646 (Eccli.
1989 1583 2080 1635 ιι,

505 1688 602 1762 l);
646 1698 706 1744 ut
746 1687 904 1743 etiam
930 1681 1187 1754 parvulos
1213 1678 1486 1735 videamus
1524 1680 1646 1744 post
1683 1671 1950 1724 lavacrum
1992 1677 2083 1719 re-

502 1755 858 1851 generationis
876 1776 1207 1831 diversorum
1226 1768 1488 1824 malorum
1509 1761 1799 1818 afﬂictione
1822 1755 2079 1813 cruciari:

504 1847 564 1928 ut
591 1869 962 1940 intelligamus,
990 1872 1161 1920 totum
1186 1860 1327 1932 quod
1351 1854 1673 1915 salutaribus
1697 1850 1869 1921 agitur
1894 1847 2085 1903 Sacra-

505 1963 722 2029 mentis,
761 1959 931 2031 magis
957 1957 1026 2015 ad
1052 1970 1203 2027 spem
1227 1959 1572 2009 venturorum
1605 1947 1892 2007 bonorum,
1923 1952 2084 2009 quam

504 2057 574 2113 ad
598 2054 948 2112 retentionem
967 2050 1050 2107 vel
1070 2046 1408 2118 adeptionem
1429 2037 1771 2113 praesentium
1790 2032 2080 2105 pertinere.

506 2148 666 2205 “ulta
707 2144 868 2203 etiam
896 2143 980 2199 hic
999 2141 1247 2197 videntur
1286 2133 1489 2206 ignosci
1532 2140 1586 2186 et
1627 2127 1785 2184 nullis
1807 2120 2084 2194 suppliciis

505 2240 760 2297 vindicari
783 2255 799 2304 ;
826 2237 921 2293 sed
940 2248 1125 2292 eorum
1146 2243 1319 2302 preme
1344 2229 1686 2283 reservantur
1705 2219 1758 2273 iu
1786 2224 2083 2287 posterum.

504 2334 687 2406 Neque
723 2331 865 2388 enim
891 2328 1087 2384 frustra
1128 2324 1220 2380 ille
1249 2320 1462 2393 proprie
1502 2315 1694 2371 dicitur
1732 2310 1846 2366 dies
1870 2306 2079 2378 judicii,

506 2425 717 2498 quando
735 2431 988 2479 venturus
1007 2426 1091 2475 est
1105 2416 1265 2487 judex
1284 2414 1525 2467 vivorum
1548 2416 1708 2477 atque
1728 2408 2079 2458 mortuorum.

506 2490 656 2574 Sicut
678 2530 708 2571 e
732 2511 999 2570 contrario
1030 2506 1365 2563 vindicantur
1402 2501 1489 2556 hic
1515 2500 1711 2568 aliqua,
1742 2503 1797 2551 et
1823 2502 2001 2548 tamen
2032 2490 2080 2547 si

507 2607 869 2672 remittuntur,
901 2600 1146 2675 profecto
1166 2598 1219 2653 in
1240 2595 1417 2651 futuro
1438 2589 1634 2647 saeculo
1658 2602 1764 2643 non
1792 2586 2081 2641 nocebunt.

506 2700 791 2769 Propterea
833 2694 901 2751 de
939 2689 1252 2764 quibusdam
1296 2682 1677 2756 temporalibus
1720 2679 1916 2750 pmnis,
1964 2690 2085 2746 qua:

507 2794 560 2847 in
590 2792 685 2846 hac
709 2790 817 2845 vita
861 2783 1200 2857 peccantibus
1230 2781 1547 2850 irrogantur,
1575 2776 1655 2832 eis
1694 2788 1918 2845 quorum
1954 2785 2083 2841 pec-

507 2889 626 2937 cata
646 2880 910 2943 delentur,
932 2891 1002 2932 ne
1019 2882 1358 2931 reserventur
1377 2870 1430 2925 in
1453 2869 1636 2936 ﬁnem,
1659 2865 1733 2920 ait
1752 2863 2079 2935 Apostolus:

507 2973 570 3029 Si
594 2971 725 3025 enim
764 2985 855 3024 nos
888 2968 1024 3039 ipsos
1052 2964 1417 3039 judicaremus,
1445 2977 1476 3015 a
1499 2958 1718 3013 Domino
1746 2973 1847 3011 non
1877 2954 2087 3026 judica-

506 3078 714 3119 remur:
741 3078 856 3118 eum
890 3058 1185 3131 judicamur
1231 3064 1399 3109 autem
1426 3070 1459 3107 a
1495 3050 1714 3106 Domino
1758 3047 2082 3118 corripiatur,

507 3172 572 3210 nc
597 3170 712 3210 cum
741 3154 834 3207 hoc
861 3150 1049 3205 mundo
1070 3149 1365 3203 damnemur
1387 3144 1433 3216 (l
1452 3142 1568 3199 Cor.
1602 3137 1954 3208 x1,31et52).

576 3243 803 3302 CAPUT
847 3240 1054 3298 LXVII.
1099 3267 1171 3281 —-
1212 3239 1299 3293 18.
1345 3235 1664 3305 Refelluntur
1707 3234 1793 3303 qui
1844 3231 2087 3303 putabant

507 3338 681 3411 ﬁdeles
750 3351 942 3402 omnes,
985 3329 1345 3405 quantumlibet
1398 3328 1634 3382 scelerate
1674 3325 1933 3388 vixissent,
1976 3323 2086 3378 sal-

508 3431 699 3486 uandos
725 3444 814 3500 per
840 3427 1025 3500 ignem.
1044 3422 1345 3480 Creduutur
1371 3427 1546 3474 autem
1574 3433 1605 3471 a
1634 3414 1944 3487 quibusdam
1965 3415 1986 3445 ¹¹
2008 3412 2086 3485 (a)

507 3522 667 3579 etiam
706 3520 745 3575 ii
785 3518 876 3589 qui
914 3529 1109 3571 nomen
1146 3512 1340 3569 Christi
1368 3526 1473 3566 non
1516 3510 1841 3579 relinquunt,
1880 3515 1935 3563 et
1967 3506 2086 3576 ejus

508 3615 719 3676 lavacro
743 3612 798 3667 in
823 3609 1059 3666 Ecclesia
1084 3608 1437 3678 baptizantur,
1468 3619 1567 3661 nec
1594 3604 1661 3659 ab
1691 3619 1753 3659 ea
1785 3602 1892 3658 ullo
1940 3600 2087 3659 schi-

508 3714 681 3764 smate
724 3704 811 3761 vel
851 3702 1041 3759 hairesi
1065 3700 1443 3773 praecidantur,
1487 3699 1541 3753 in
1581 3695 1927 3768 quantislibet
1968 3709 2088 3750 sce-

508 3800 709 3858 leribus
763 3797 960 3865 vivant,
1015 3811 1134 3867 quae
1184 3808 1285 3850 nec
1333 3792 1537 3848 diluant
1591 3789 1923 3861 pmnitendo,
1984 3802 2084 3843 nec

510 3890 867 3963 eleemosynis
892 3887 1172 3953 redimant,
1195 3884 1287 3941 sed
1314 3885 1368 3938 in
1394 3883 1477 3940 eis
1499 3896 1667 3951 usque
1696 3879 1765 3934 ad
1788 3879 1943 3949 hujus
1966 3878 2091 3933 vita:

509 3986 753 4042 ultimum
775 3982 916 4039 diem
939 3977 1360 4052 pertinacissime
1386 3982 1750 4048 perseverent,
1772 3972 1904 4028 salvi
1926 3970 2088 4026 futuri

511 4093 607 4150 per
633 4076 842 4149 ignem;
870 4074 993 4131 licet
1018 4086 1116 4144 pro
1138 4068 1502 4141 magnitudine
1528 4066 1826 4121 facinorum
1855 4063 2087 4134 ﬂagitio-

511 4182 737 4240 rumque
773 4167 1037 4232 diuturno,
1088 4178 1195 4218 non
1234 4170 1410 4217 tamen
1455 4166 1659 4214 aeterno
1685 4158 1806 4228 igne
1836 4156 2009 4227 puniri
2037 4155 2082 4211 ³.

513 4262 620 4322 Sed
644 4262 731 4333 qui
750 4262 852 4317 hoc
874 4258 1119 4323 crodunt,
1144 4265 1199 4313 et
1222 4265 1400 4311 tamen
1421 4252 1667 4308 catholici
1690 4260 1833 4317 sunt,
1857 4250 2091 4305 humana

513 4357 741 4429 quadam
766 4353 1131 4414 benevolentia
1159 4351 1287 4407 mihi
1316 4349 1425 4406 falli
1465 4348 1711 4404 videntur
1738 4366 1751 4402 :
1782 4361 1904 4401 nam
1950 4344 2093 4400 Scri-

515 4461 672 4524 ptura
699 4449 876 4505 divina
898 4446 1045 4503 aliud
1071 4444 1309 4502 consulta
1335 4441 1640 4514 respondet.
1674 4439 1892 4494 Librum
1912 4445 2091 4491 autem

511 4542 583 4599 de
604 4541 705 4596 hac
748 4540 1041 4611 quaestione
1087 4534 1399 4605 conscripsi,
1448 4531 1601 4603 cujus
1649 4530 1831 4586 titulus
1873 4537 1977 4596 est,
2025 4526 2093 4582 de

513 4633 645 4691 Fide
669 4641 724 4688 et
752 4631 1008 4703 Operibus
1033 4646 1049 4691 ;
1078 4628 1170 4683 ubi
1197 4627 1487 4683 secundum
1523 4624 1829 4695 Scripturas
1858 4629 2089 4689 sanctas,

512 4734 774 4799 quantum
824 4722 934 4778 Deo
984 4720 1268 4789 adjuvante
1323 4720 1489 4789 potui,
1538 4714 1921 4780 demonstravi,
1971 4727 2091 4769 eam

515 4817 677 4873 tidem
717 4813 893 4870 salvos
924 4811 1120 4875 facere,
1163 4824 1321 4881 quam
1348 4809 1479 4865 satis
1526 4807 1801 4863 evidenter
1830 4804 2093 4874 expressit

512 4908 712 4971 Paulus
740 4906 1030 4979 apostolus,
1060 4904 1241 4961 dicens
1271 4921 1284 4959 :
1312 4902 1380 4957 In
1406 4902 1604 4957 Christo
1627 4902 1760 4955 enim
1788 4899 1914 4953 Iesu
1936 4913 2095 4969 neque

514 5000 827 5058 circumcisio
850 4998 1123 5071 quidquam
1140 4994 1290 5062 ualet,
1321 5010 1478 5065 neque
1500 4992 1822 5064 praeputium,
1849 4989 1939 5045 sed
1966 4989 2093 5058 ﬁdes

579 5117 598 5149 ι
623 5116 696 5164 sic
714 5120 822 5163 uss.
841 5112 960 5163 Editi
977 5123 1117 5172 vero,
1141 5107 1384 5172 Ecclesia.

582 5178 605 5211 ⁸
626 5183 755 5237 Mss,
773 5174 1035 5237 creduntur
1058 5185 1090 5221 a
1104 5166 1635 5237 'quibusdam,_omisso,
1655 5172 1828 5218 autem

577 5241 599 5272 ³
620 5227 840 5288 Nonnulli
876 5236 1103 5296 codices,
1122 5227 1366 5298 'pum'turi.
1404 5227 1551 5279 Forte
1596 5227 1929 5292 reponendum
1950 5262 1965 5289 ,
2010 5239 2099 5291 pu-

511 5299 632 5351 niti:
654 5299 754 5351 vel.

616 5314 632 5361 ;
654 5299 754 5361 vel,
776 5297 1023 5362 prodendi.

577 5338 649 5424 ξᾶ)
1113 5369 1246 5424 quos
1257 5352 1859 5424 aliquotiesureprehendit
1879 5352 2100 5424 Augusti:

512 5412 743 5484 nus,'nod
765 5430 952 5472 tantum
970 5412 1183 5484 _de
1203 5416 1315 5465 Fide
1328 5412 1641 5484 étOperibus,
1663 5414 1751 5465 sed
1774 5415 1920 5484 etiam
1941 5412 2024 5463 lib.
2038 5412 2089 5462 2i

512 5488 578 5537 de
594 5476 795 5536 divitate
812 5484 916 5540 Dei,
948 5493 1053 5542 cap.
1076 5480 1153 5537 l7,
1190 5485 1242 5542 et
1274 5476 1865 5542 sequentibus,pepercit
1881 5488 2096 5542 semper.

512 5556 625 5598 nec
648 5560 767 5596 vero
788 5538 910 5595 cum
921 5538 1176 5598 stu-iberet,
1201 5538 1469 5601 intendisse
1492 5539 1543 5587 in
1581 5541 1918 5601 Hieronymum
1939 5538 2098 5588 credi-

514 5617 595 5661 tur
618 5622 645 5657 a
676 5616 858 5658 Joanne
872 5603 1186 5675 ⁸ϐιινιιεξιδὶοιζιι
1200 5600 1473 5675 Appendice
1496 5602 1661 5675 prima,
1684 5600 1971 5675 adhpriorem.
1992 5612 2099 5675 par-

512 5677 620 5721 tem
641 5670 929 5727 Mercatoris,
954 5678 1064 5729 pag.
1098 5665 1207 5729 ll7.
1235 5660 1354 5714 'vide
1388 5660 1531 5726 supra
1560 5660 1938 5715 adutonitionem
1958 5661 2010 5714 in
2040 5660 2098 5710 li-

512 5730 659 5783 brum
678 5730 744 5781 de
759 5730 871 5781 Fide
895 5736 947 5779 et
965 5728 1216 5792 Operibus.

978 265 1437 339 ENCHIBIDION,
1475 261 1631 324 SIVE
1667 257 1756 318 ou
1793 253 1977 324 FIDE,
2008 248 2147 333 ,er
2175 248 2267 308 ΕΤ
2303 248 2724 321 CHARITATE,
2752 250 2811 307 s.
2851 246 3226 309 sucus-nm

2174 382 2286 437 qua:
2318 382 2407 437 per
2442 366 2759 421 dilectionem
2796 377 3033 437 operatur
3059 367 3255 440 (Galat.
3286 383 3342 436 v,
3367 368 3443 440 6).
3482 370 3538 429 Si
3561 350 3715 434 aulam

2173 459 2311 515 male
2334 468 2391 515 et
2430 473 2535 514 non
2559 460 2699 516 bene
2727 469 2994 531 operatur,
3023 464 3208 532 procul
3235 462 3416 530 dubio,
3455 469 3713 528 secundum

2173 551 2471 621 apostolum
2514 550 2787 617 Iacobum,
2844 559 3044 607 mortua
3089 562 3162 608 est
3201 554 3255 607 in
3305 555 3581 626 semetipsa.
3626 559 3710 627 Qui

2176 659 2360 701 ntrsus
2383 645 2457 700 ait
2480 662 2493 698 :
2524 643 2584 699 Si
2613 644 2765 713 ﬁdem
2785 644 2921 699 dicat
2948 661 3003 701 se
3023 647 3137 717 quis
3166 644 3367 713 habere,
3399 662 3546 717 Opera
3575 661 3717 707 autem

2177 751 2280 790 non
2306 736 2504 804 habeat,
2536 736 2779 806 numquid
2800 737 2985 808 poterit
3025 738 3152 806 ﬁdes
3175 737 3371 794 salvare
3398 755 3509 793 eum
3544 740 3741 817 (Iacobij

2178 843 2236 893 ιι,
2262 829 2349 896 l7,
2381 827 2514 899 il)?
2562 830 2730 886 Porro
2750 839 2933 908 autem
2960 832 3005 885 si
3036 831 3196 885 homo
3226 831 3512 887 sceleratus
3537 844 3723 906 propter

2179 920 2340 976 ﬁdem
2361 921 2527 976 solam
2556 937 2649 991 per
2673 922 2845 992 ignem
2872 923 3180 988 salvabitur,
3204 932 3259 979 et
3283 924 3361 979 sic
3380 935 3463 980 eat
3486 927 3720 996 accipien-

2181 1012 2306 1067 dum
2346 1012 2485 1082 quod
2529 1014 2604 1067 ait
2630 1013 2815 1068 beatus
2844 1013 3058 1081 Paulus,
3090 1013 3216 1084 Ipse
3251 1023 3421 1069 autent
3446 1016 3605 1071 saluus
3629 1018 3721 1087 erit,

2180 1102 2253 1158 sic
2278 1111 2444 1157 tamen
2470 1104 2615 1171 quasi
2640 1119 2730 1174 per
2755 1103 2919 1175 ignent
2935 1119 2956 1169 ;
3004 1105 3203 1175 poterit
3240 1120 3369 1176 ergo
3398 1106 3598 1163 salvare
3632 1107 3728 1164 sine

2182 1195 2431 1266 operibus
2466 1194 2617 1262 ﬁdes,
2648 1204 2703 1251 et
2730 1195 2921 1251 falsum
2950 1196 3054 1253 erit
3090 1197 3229 1268 quod
3260 1197 3393 1254 dixit
3420 1200 3534 1270 ejus
3555 1213 3728 1270 coapo-

2182 1286 2352 1342 stolus
2378 1285 2607 1343 Iacobus
2637 1305 2651 1342 :
2680 1286 2873 1343 falsum
2910 1288 3013 1343 erit
3051 1296 3108 1345 et
3134 1289 3264 1345 illud
3292 1290 3436 1360 quod
3479 1290 3610 1347 idem
3638 1293 3732 1363 ipse

2183 1379 2376 1438 Paulus
2425 1380 2578 1449 dixit,
2637 1379 2833 1449 Nolite,
2882 1382 3072 1453 inquit,
3129 1399 3338 1451 errare;
3398 1401 3557 1456 neque
3598 1386 3733 1457 {orni-

2184 1479 2394 1539 catores,
2422 1489 2579 1543 neque
2613 1472 2764 1528 idolis
2804 1474 3088 1542 seruientes,
3125 1491 3284 1545 neque
3329 1476 3566 1543 adulteri,
3591 1492 3725 1548 neque

2183 1566 2381 1633 molles,
2426 1584 2585 1637 neque
2615 1569 2957 1623 masculorum
2994 1569 3355 1636 concubitores,
3400 1587 3558 1641 neque
3595 1575 3729 1641 fures,

2185 1675 2341 1727 neque
2363 1661 2525 1725 avari,
2568 1677 2725 1726 neque
2759 1661 2960 1730 ebriosi,
2989 1679 3147 1734 neque
3184 1663 3438 1730 maledici,
3482 1680 3631 1735 neque
3660 1680 3734 1717 rc-

2187 1768 2333 1821 paces
2360 1769 2568 1822 regnum
2602 1752 2703 1808 Dei
2729 1753 3050 1824 possidebunt
3094 1755 3140 1825 (l
3182 1754 3303 1811 Cor.
3344 1772 3421 1824 γι,
3467 1756 3521 1824 9,
3548 1757 3650 1827 I0).
3688 1756 3733 1812 Si

2185 1846 2326 1902 enim
2356 1847 2514 1901 etiam
2544 1847 2597 1901 in
2641 1847 2757 1902 istis
2780 1857 3182 1918 perseverantes
3209 1848 3540 1919 criminibus,
3584 1859 3735 1904 tamen

2185 1947 2403 2010 propter
2431 1938 2590 1994 ﬁdem
2617 1937 2815 1996 Christi
2844 1939 2979 1995 salvi
3018 1949 3193 2009 erunt,
3219 1936 3491 2011 Quomodo
3514 1942 3570 1997 in
3597 1956 3737 2012 regno

2186 2032 2283 2088 Dei
2307 2047 2412 2087 non
2442 2034 2634 2087 erunt?

2256 2122 2483 2179 CAPUT
2522 2122 2750 2179 LXVIII.
2771 2154 2845 2165 —
2870 2123 3036 2179 Locus
3056 2124 3285 2195 Apostoli
3317 2125 3382 2180 de
3407 2126 3654 2199 soluendis
3671 2142 3742 2195 per

2186 2215 2353 2286 ignem
2388 2224 2444 2269 ut
2480 2214 2855 2287 intelligendus.
2887 2214 3033 2287 Ignis
3059 2217 3266 2286 quidam
3297 2217 3352 2271 in
3385 2218 3482 2272 hac
3518 2219 3646 2286 vita,
3672 2232 3744 2287 per

2186 2323 2334 2379 quem
2366 2307 2628 2362 salvantur
2664 2308 2973 2377 aediﬁcantes
3014 2308 3172 2379 ligna.
3203 2307 3308 2365 Sed
3332 2309 3457 2379 quia
3494 2310 3608 2364 haec
3632 2322 3747 2377 apo-

2187 2398 2376 2456 stolica
2403 2397 2835 2454 manifestissima
2864 2407 2919 2454 et
2945 2399 3279 2468 apertissima
3309 2399 3613 2455 testimonia
3636 2397 3747 2452 falsa

2187 2505 2452 2548 essenon
2476 2498 2735 2561 possunt;
2761 2489 2891 2545 illud
2917 2490 3061 2562 quod
3100 2491 3328 2546 obscure
3354 2490 3558 2547 dictum
3593 2499 3672 2547 est
3694 2489 3751 2545 de

2188 2584 2252 2640 iis
2275 2585 2365 2655 qui
2402 2582 2826 2654 superaediiicant
2853 2596 3015 2653 super
3052 2582 3485 2651 fundamentum,
3516 2582 3660 2653 quod
3684 2589 3753 2637 est

2187 2677 2465 2745 Christus,
2508 2692 2613 2732 non
2638 2691 2849 2741 aurum,
2877 2683 3185 2746 argentum,
3231 2675 3433 2745 lapides
3479 2676 3752 2745 pretiosos,

2187 2768 2282 2825 sed
2316 2770 2455 2840 ligna
2478 2809 2494 2835 ,
2526 2767 2704 2823 fenum
2724 2808 2741 2835 ,
2770 2767 3018 2837 stipulam
3048 2765 3140 2840 (de
3164 2766 3247 2821 his
3278 2767 3422 2822 enim
3451 2765 3659 2821 dictum
3688 2772 3755 2821 est

2187 2861 2329 2946 quod
2372 2876 2467 2931 per
2513 2860 2690 2931 ignem
2734 2859 2869 2915 salvi
2909 2868 3101 2928 erunt,
3143 2860 3395 2930 quoniam
3435 2856 3754 2915 fundamenti

2187 2953 2379 3009 merito
2402 2967 2509 3009 non
2538 2953 2848 3024 peribunt),
2878 2954 2956 3010 sic
2984 2953 3388 3025 intelligendum
3430 2961 3514 3009 est
3532 2994 3549 3021 ,
3594 2962 3652 3009 ut
3683 2952 3754 3007 his

2187 3045 2482 3103 manifestis
2523 3061 2632 3102 non
2694 3046 2993 3102 inveniatur
3037 3060 3157 3102 esse
3210 3046 3558 3102 contrarium.
3607 3044 3752 3115 Ligna

2188 3139 2385 3210 quippe
2425 3146 2482 3194 et
2520 3137 2702 3194 fenum
2742 3146 2797 3195 et
2833 3136 3026 3210 stipula
3054 3152 3163 3192 non
3199 3137 3430 3194 absurde
3453 3137 3623 3208 accipi
3645 3150 3751 3208 pos-

2188 3240 2316 3288 sunt
2337 3246 2515 3287 rerum
2542 3230 2903 3294 saecularium,
2931 3228 3172 3299 quamvis
3197 3228 3340 3285 licite
3359 3240 3747 3289 concessurum,

2189 3322 2324 3378 tales
2351 3321 2670 3392 cupiditates
2697 3360 2715 3388 ,
2754 3328 2814 3375 ut
2856 3320 3027 3375 amitti
3056 3319 3173 3375 sine
3218 3319 3384 3375 animi
3431 3319 3617 3375 dolore
3660 3330 3750 3373 non

2188 3414 2414 3484 possint.
2467 3412 2598 3468 Cum
2627 3420 2805 3467 autem
2834 3411 2935 3466 iste
2968 3410 3123 3466 dolor
3162 3411 3302 3479 urit,
3334 3411 3381 3466 si
3429 3409 3668 3467 Christus
3706 3408 3751 3463 in

2189 3506 2351 3563 corde
2372 3503 2703 3561 fundamenti
2726 3502 2887 3559 habet
2911 3502 3117 3570 locum,
3147 3502 3200 3558 id
3226 3511 3342 3573 est,
3372 3512 3432 3558 ut
3454 3504 3509 3560 ei
3531 3502 3656 3559 nihil
3672 3515 3754 3555 sn-

2190 3605 2491 3668 teponatur,
2514 3605 2569 3651 et
2596 3595 2745 3650 malit
2763 3594 2925 3651 homo
2952 3596 3043 3666 qui
3064 3594 3154 3649 tali
3178 3594 3363 3652 dolore
3385 3596 3584 3661 uritur,
3614 3593 3752 3649 rebus

2190 3704 2322 3761 quas
2355 3689 2429 3744 ita
2452 3687 2625 3759 diligit
2649 3688 2819 3759 magis
2839 3702 3022 3743 carere
3051 3701 3211 3757 quam
3226 3686 3458 3754 Christo;
3489 3703 3585 3759 per
3601 3687 3753 3757 ignem

2191 3781 2252 3836 ﬁt
2279 3779 2477 3835 salvus.
2509 3779 2566 3835 Si
2590 3788 2769 3835 autem
2792 3793 2881 3835 res
2917 3777 3217 3849 hujusmodi
3245 3780 3569 3850 temporales
3592 3792 3652 3834 ac
3671 3789 3756 3831 su-

2191 3873 2399 3930 culares
2444 3882 2682 3943 tempore
2738 3872 3046 3930 tentationis
3089 3871 3341 3927 maluerit
3390 3879 3579 3928 tenere
3617 3882 3754 3941 quam

2191 3963 2491 4029 Christum,
2523 3978 2647 4018 eum
2674 3961 2730 4018 in
2758 3961 3108 4019 fundamento
3135 3976 3246 4017 non
3270 3960 3493 4027 habuit;
3518 3960 3637 4032 quia
3659 3957 3757 4012 haec

2193 4056 2371 4127 priore
2401 4054 2517 4109 loco
2537 4054 2754 4122 habuit,
2784 4067 2907 4109 cum
2943 4053 2999 4107 in
3026 4051 3251 4108 aedilicio
3277 4051 3425 4124 prius
3450 4067 3564 4109 non
3588 4051 3654 4107 sit
3669 4046 3753 4102 ali-

2192 4146 2321 4218 quid
2358 4146 2721 4202 fundamento.
2744 4144 2886 4216 Ignis
2905 4143 3047 4200 enim
3071 4185 3086 4212 ,
3113 4143 3182 4199 de
3207 4158 3314 4214 quo
3351 4157 3417 4199 eo
3441 4143 3566 4200 loco
3589 4149 3666 4199 est
3688 4138 3754 4193 lo-

2194 4248 2346 4295 cutus
2374 4238 2696 4310 Apostolus,
2725 4237 2849 4292 talis
2877 4236 3036 4292 debet
3076 4235 3301 4307 intelligi
3322 4276 3339 4303 ,
3381 4244 3440 4291 ut
3488 4234 3643 4292 ambo
3677 4242 3756 4302 per

2194 4348 2315 4389 eum
2348 4339 2650 4398 transeant;
2696 4329 2750 4385 id
2775 4338 2889 4398 est,
2918 4337 2973 4385 et
2998 4328 3088 4400 qui
3110 4329 3329 4399 adiﬁcat
3354 4345 3512 4400 super
3538 4330 3629 4384 hoc
3653 4330 3754 4396 [un-

2196 4426 2513 4493 damentum,
2542 4440 2725 4479 aurum
2742 4463 2757 4491 ,
2784 4431 3075 4493 argentum,
3102 4421 3297 4491 lapides
3325 4421 3590 4492 pretiosos,
3611 4427 3661 4475 et
3681 4414 3755 4487 qui

2196 4518 2414 4587 wdiﬁcat
2434 4516 2591 4586 ligna,
2620 4517 2792 4585 fenum
2812 4521 2858 4568 et
2879 4512 3140 4582 stipulam.
3168 4510 3303 4567 Cum
3321 4511 3466 4567 enim
3489 4511 3591 4567 hoc
3615 4506 3753 4564 dixis-

2196 4618 2309 4673 set,
2334 4606 2611 4676 adjunxit:
2643 4604 3047 4674 Uniuscujusque
3070 4620 3196 4673 opus
3213 4602 3363 4675 quale
3380 4604 3477 4673 sit,
3502 4604 3630 4675 ignis
3656 4614 3753 4671 pra-

2199 4701 2349 4756 babit.
2375 4700 2437 4757 Si
2461 4701 2605 4770 cujus
2625 4713 2750 4767 opus
2779 4697 3137 4768 permanserit,
3158 4697 3293 4769 quod
3319 4692 3719 4767 supersediﬁcauit
3736 4730 3751 4757 ,

2196 4792 2471 4848 mercedem
2495 4790 2726 4860 accipiet.
2758 4789 2820 4845 Si
2844 4790 2989 4861 cujus
3008 4806 3134 4861 apus
3159 4800 3329 4844 autem
3352 4800 3585 4845 exustum
3604 4783 3751 4859 fuerit.

2199 4885 2439 4938 damnum
2465 4882 2685 4953 patietur
2727 4897 2747 4935 :
2789 4882 2899 4951 ipse
2942 4890 3106 4935 autem
3134 4881 3301 4936 salvus
3345 4882 3439 4935 erit
3461 4922 3477 4949 ,
3507 4882 3581 4935 sic
3614 4886 3753 4931 tamen

2199 4976 2344 5045 quasi
2382 4990 2468 5043 per
2495 4974 2661 5043 ignem
2693 4970 2801 5044 (Id.
2833 4986 2891 5027 ιιι
2914 5013 2929 5038 ,
2959 4971 3165 5044 1145).
3194 4971 3310 5029 Non
3338 4987 3467 5043 ergo
3505 4971 3654 5026 unius
3676 4980 3753 5021 eo-

2200 5083 2340 5134 rum,
2363 5067 2457 5123 sed
2485 5066 2760 5137 utriusque
2778 5080 2911 5135 opus
2940 5067 3075 5137 ignis
3105 5065 3491 5136 probabit._Est
3519 5061 3713 5135 quidam
3738 5055 3751 5086 ¹

2200 5160 2338 5232 ignis
2376 5159 2596 5214 tentatio
2627 5157 3015 5224 tribulationis,
3059 5158 3127 5213 de
3163 5172 3271 5228 quo
3307 5166 3490 5226 aperte
3531 5155 3630 5210 alio
3655 5151 3754 5205 loco

2203 5252 2455 5323 scriptum
2482 5258 2563 5305 est
2594 5267 2607 5305 :
2647 5248 2782 5304 Vasa
2824 5249 2967 5319 ﬁguli
3006 5248 3181 5319 probat
3223 5252 3408 5320 fornaa:
3428 5290 3444 5316 ,
3475 5256 3524 5303 et
3555 5243 3754 5299 homines

2197 5316 2363 5416 iustos
2392 5343 2595 5396 tentatio
2623 5316 2958 5395 tribulationis
2985 5316 3173 5410 (‘Eccli.
3198 5316 3373 5405 alvu,
3406 5338 3482 5411 6).
3511 5338 3616 5393 Iste
3635 5316 3772 5405 ignis.

2202 5437 2259 5492 in
2280 5435 2379 5489 hac
2404 5434 2615 5489 interim
2642 5434 2747 5487 vita
2765 5431 2891 5488 facit
2915 5432 3055 5502 quod
3082 5429 3368 5503 Apstolus
3392 5430 3544 5497 dixit,
3571 5418 3755 5485 siacci'

2204 5527 2295 5583 dat
2318 5528 2338 5558 ²
2366 5525 2571 5581 duobus
2601 5524 2843 5579 ﬁdelibus
2862 5565 2877 5593 ,
2906 5523 2998 5579 uni
3026 5522 3229 5579 scilicet
3257 5521 3507 5594 cogitanti
3539 5532 3655 5594 quae
3678 5506 3756 5570 Dei

2269 5662 2285 5693 ι
2312 5660 2384 5709 sic
2411 5665 2519 5709 Mss.
2542 5657 2662 5708 Editi
2683 5670 2818 5720 vero,
2842 5656 3052 5720 quidem.

2268 5725 2289 5757 ι
2312 5694 3219 5784 ῧνῗὲἷίἶῖιῖζάὶῐὶῖίαῖῗλῖἶῖὁὸιιίοω,
3240 5718 3449 5773 accidat.
