3896 6382
193 265 276 323 965
1574 269 1723 326 LIBE

1832 271 2015 333 UNUS.

187 390 311 445 sunt,
328 380 572 451 quomodo
596 378 807 449 placeat
829 379 947 436 Deo
970 421 985 439 .
1019 378 1123 433 hoc
1147 386 1240 439 est,
1264 379 1541 435 mditicanti
1572 398 1732 451 super

186 475 415 533 Christum
441 472 857 535 fundamentum,
896 513 915 540 ,
946 488 1139 527 aurum
1188 485 1494 542 argentum,
1528 474 1730 545 lapides

186 579 426 639 pretiosos;
452 565 602 620 alteri
628 573 810 620 autem
836 563 1097 634 cogitanti
1121 578 1181 619 ea
1210 579 1327 633 qum
1356 571 1479 617 sunt
1506 580 1687 618 munut
1711 605 1725 631 ,

181 658 411 730 quomodo
434 658 638 727 placeat
669 655 824 710 uxori
857 653 902 726 (l
928 654 1049 710 Cor.
1074 670 1143 709 vn
1165 696 1179 720 ,
1210 653 1279 709 32
1298 696 1315 721 ,
1346 655 1436 724 55)
1458 697 1473 721 ,
1521 655 1574 710 id
1613 665 1730 724 est,

180 748 423 806 aediﬁcanti
464 763 626 817 super
656 746 799 801 idem
847 745 1251 802 fundamentum
1290 746 1429 816 ligna
1454 786 1471 814 ,
1509 745 1687 803 fenum
1710 789 1729 817 ,

178 841 386 911 stipulam
414 858 428 893 :
456 839 596 893 illius
621 838 768 893 enim
795 852 930 908 opus
958 852 1065 893 non
1091 838 1356 905 exuritur,
1384 840 1506 909 quia
1533 855 1638 894 non
1665 854 1729 896 ea

179 930 330 986 dilexit
353 944 573 1000 quortm
604 928 902 983 amissione
939 928 1238 994 crucietur;
1270 931 1511 985 exuritur
1550 938 1730 987 autem

181 1021 342 1090 hujus,
367 1020 609 1090 quoniam
650 1019 769 1074 sine
794 1018 981 1074 dolore
1024 1034 1128 1073 non
1169 1027 1434 1089 pereunt,
1462 1036 1583 1090 quas
1605 1036 1729 1078 cum

180 1126 337 1166 amore
373 1125 614 1180 possessa
658 1118 804 1165 sunt.
831 1108 936 1165 Sed
964 1109 1212 1180 quoniam
1257 1110 1510 1166 alterutra
1546 1112 1729 1167 condi-

116 1236 129 1264 ,
180 1204 306 1258 tione
325 1203 577 1273 proposita
599 1244 614 1266 ,
646 1203 729 1257 eis
754 1203 929 1273 potius
953 1217 1138 1259 carere
1168 1203 1349 1258 mallet
1375 1218 1531 1275 quam
1571 1203 1726 1260 Chri-

174 1303 276 1359 sto,
318 1308 407 1349 nec
451 1292 643 1348 timore
686 1292 972 1348 amittendi
1017 1293 1140 1348 talia
1191 1292 1395 1349 deserit
1419 1293 1723 1364 Christum,

172 1387 382 1455 quamvis
406 1384 581 1440 doleat
599 1399 726 1441 cum
754 1386 969 1448 amittit,
996 1385 1166 1441 saluus
1189 1395 1263 1441 est
1283 1385 1528 1457 quidem,
1557 1388 1630 1442 sic
1649 1398 1728 1443 ta-

170 1494 273 1531 men
310 1478 437 1545 quasi
476 1494 567 1548 per
607 1479 776 1549 ignem
803 1494 825 1533 :
848 1478 972 1549 quia
1010 1477 1117 1534 urit
1153 1495 1278 1534 eum
1325 1496 1505 1535 rerum
1534 1482 1723 1550 dolor,

171 1583 290 1638 quas
317 1568 590 1635 dilexerat,
624 1569 944 1625 amissarum
966 1585 982 1634 ;
1008 1569 1103 1625 sed
1134 1585 1238 1626 non
1268 1572 1528 1628 subvertit
1554 1589 1728 1645 neque

170 1661 410 1715 consumit
442 1658 768 1716 fundamenti
795 1659 1085 1718 stabilitate
1124 1671 1284 1734 atque
1326 1662 1727 1736 incorruptione

171 1754 426 1809 munitum.

230 1842 442 1899 CAPUT
476 1842 656 1900 LXIX.
680 1874 754 1885 —
778 1842 928 1915 Ignis
963 1844 1116 1898 etiam
1157 1845 1481 1915 purgatorius
1518 1846 1725 1916 quidam

172 1944 275 2004 post
298 1934 598 1989 hane'oitam.
627 1935 757 1990 Tale
798 1934 1001 2005 aliquid
1030 1934 1191 1990 etiam
1233 1944 1352 2005 post
1393 1938 1527 1992 hanc
1564 1938 1725 1992 vitam

173 2024 286 2079 ﬁeri
302 2065 318 2091 ,
342 2025 629 2081 incredibile
650 2042 752 2080 non
774 2033 859 2081 est
880 2068 896 2093 ,
922 2034 979 2081 et
1001 2034 1178 2081 utrum
1204 2026 1275 2080 ita
1300 2026 1403 2093 sit,
1432 2026 1600 2097 quaari
1627 2042 1723 2096 po-

177 2123 320 2171 test:
345 2126 395 2172 et
415 2126 499 2171 aut
522 2117 748 2181 inveniri,
774 2127 866 2172 aut
887 2118 1057 2174 latere
1076 2159 1091 2184 ,
1116 2118 1399 2173 nonnullos
1425 2118 1609 2174 ﬁdeles
1630 2134 1728 2189 per

174 2209 347 2280 ignem
370 2209 636 2279 quemdam
656 2210 1036 2281 purgatorium,
1058 2217 1259 2280 quanto
1285 2209 1454 2280 magis
1483 2210 1726 2266 minusve

169 2299 299 2355 bona
316 2302 571 2370 pereuntia
593 2301 910 2367 dilexerunt,
935 2309 1081 2356 tanto
1106 2300 1309 2356 tardius
1326 2302 1587 2372 citiusque
1612 2302 1721 2357 sal-

170 2391 305 2455 vari;
334 2406 431 2446 non
463 2401 631 2447 tamen
663 2391 795 2447 tales
825 2392 892 2447 de
930 2392 1123 2463 quibus
1163 2391 1363 2447 dictum
1411 2402 1494 2448 est
1517 2433 1532 2460 ,
1582 2393 1724 2463 quod

170 2499 357 2554 regnum
379 2483 473 2539 Dei
493 2502 592 2539 non
626 2483 951 2555 possidebant
968 2524 987 2550 ,
1018 2484 1120 2539 nisi
1144 2484 1525 2543 convenienter
1551 2485 1726 2556 paeni-

171 2573 377 2630 tentibus
415 2574 598 2630 eadem
647 2575 872 2630 crimina
922 2574 1280 2631 remittantur.
1336 2575 1727 2632 Convenienter

169 2671 324 2719 autem
345 2664 451 2720 dixi
469 2708 486 2733 ,
515 2674 574 2721 ut
597 2666 814 2721 steriles
842 2665 893 2719 in
922 2665 1278 2737 cleemosynis
1304 2681 1413 2721 non
1439 2667 1577 2735 sint,
1603 2668 1723 2739 qui-

169 2753 257 2810 bus
285 2762 477 2811 tantum
516 2757 702 2811 tribuit
728 2756 1004 2826 Scriptura
1044 2755 1221 2811 divina
1246 2797 1262 2824 ,
1305 2766 1367 2812 ut
1394 2772 1575 2812 earum
1608 2766 1727 2813 tan-

169 2848 413 2904 tummodo
431 2848 660 2905 fructum
698 2864 759 2904 se
784 2849 1166 2919 imputaturum
1195 2849 1513 2919 prmnuntiet
1539 2850 1724 2907 Demi-

172 2952 263 2992 nus
281 2938 465 2996 dextris
485 2980 499 3007 ,
529 2949 585 2996 et
622 2955 813 2995 earum
843 2938 1212 2996 tantummodo
1238 2940 1572 2996 sterilitatem
1602 2941 1727 2997 sini-

172 3028 302 3093 stris;
321 3030 516 3099 quando
540 3031 624 3086 his
652 3030 895 3088 dicturus
922 3038 1025 3098 est,
1065 3028 1261 3096 Venite,
1284 3030 1527 3086 benedicti
1554 3029 1727 3087 Patris

171 3119 276 3186 mei,
301 3123 521 3191 percipite
537 3138 794 3195 regnum:
821 3123 922 3179 illis
944 3130 1122 3181 autem
1144 3165 1160 3191 ,
1194 3120 1276 3179 Ite
1296 3123 1350 3178 in
1387 3123 1555 3194 ignem
1580 3134 1727 3179 teter-

168 3225 279 3264 num
301 3213 319 3242 '
346 3211 545 3280 (Matth.
576 3230 705 3277 xxv,
728 3215 832 3279 54,
861 3214 976 3285 41).

225 3302 428 3360 CAPUT
471 3303 633 3359 LXX.
658 3334 728 3346 -
758 3305 848 3362 I9.
892 3305 1117 3360 Crimina
1149 3305 1475 3378 elemosynis
1500 3322 1602 3361 non
1639 3324 1723 3362 re-

163 3395 302 3460 dimi,
329 3396 417 3451 nisi
446 3396 551 3449 vita
575 3406 818 3451 mutetur.
846 3396 986 3453 Sane
1013 3397 1307 3453 cavendum
1349 3406 1432 3453 est
1471 3412 1539 3453 ne
1575 3397 1724 3469 quis-

162 3502 300 3555 quam
322 3488 585 3544 existimet
604 3488 818 3544 infanda
847 3490 933 3544 illa
954 3489 1199 3553 crimina,
1224 3490 1398 3561 qualia
1425 3492 1515 3562 qui
1537 3500 1716 3561 agunt,

164 3594 361 3649 regnum
388 3581 486 3637 Dei
511 3597 613 3636 non
653 3582 1040 3652 possidebunt,
1068 3581 1306 3652 quotidie
1336 3582 1684 3653 perpetranda
1705 3623 1720 3650 ,

164 3679 215 3724 et
236 3671 569 3746 cleemosynis
596 3674 835 3745 quotidie
857 3673 1189 3730 redimenda.
1234 3674 1289 3729 In
1315 3675 1505 3731 melius
1527 3676 1725 3747 quippe

161 3771 239 3816 est
255 3763 351 3818 vita
370 3766 635 3829 mutanda,
656 3774 713 3821 et
738 3781 835 3836 per
858 3767 1231 3839 eteemosynas
1253 3767 1321 3823 de
1342 3768 1573 3838 peccatis
1590 3785 1725 3839 pra:-

161 3856 313 3912 teritis
339 3868 416 3914 cst
439 3858 814 3930 propitiandus
852 3859 1027 3926 Deus;
1068 3876 1172 3914 non
1211 3859 1280 3915 ad
1321 3858 1425 3915 hoc
1462 3861 1724 3918 emendus

158 3948 360 4016 quodam
387 3952 552 4007 modo
572 3992 587 4017 ,
627 3960 687 4005 ut
719 3967 782 4006 ea
808 3966 1023 4022 semper
1048 3951 1206 4008 liceat
1239 3952 1454 4022 impune
1478 3954 1725 4008 commit-

159 4047 272 4094 tere.
299 4039 496 4097 Nemini
525 4042 677 4097 enim
702 4041 838 4096 dedit
875 4043 1212 4097 laxamentum
1252 4042 1491 4113 peccandi
1531 4042 1721 4114 (Eccli.

160 4144 239 4195 xv,
258 4131 338 4203 2t)
363 4151 376 4185 :
397 4134 653 4205 quamvis
674 4133 980 4189 miserando
1004 4133 1176 4190 deleat
1194 4133 1304 4205 jam
1324 4133 1458 4189 facta
1484 4144 1720 4206 peccata,

156 4221 195 4274 si
212 4239 303 4279 non
324 4225 624 4281 satisfactio
652 4240 887 4294 congrua
917 4226 1232 4297 negligatur.

212 4313 419 4373 CAPUT
456 4316 663 4372 LXXI.
699 4314 943 4372 Oratione
978 4316 1247 4371 Dominica
1295 4317 1495 4388 expiari
1535 4318 1722 4374 leviora

156 4416 348 4471 peccata.
394 4408 470 4464 De
520 4406 852 4477 quotidianis
890 4415 1071 4463 autem
1116 4408 1367 4464 brevibus
1412 4409 1722 4479 levibusque

156 4500 375 4566 potntis,
396 4500 512 4555 sine
541 4499 739 4569 quibus
765 4498 877 4553 hinc
898 4499 1005 4555 vita
1033 4514 1138 4554 non
1166 4499 1394 4565 ducitur,
1417 4500 1719 4571 quotidiana

156 4587 360 4644 ﬁdelium
409 4591 592 4646 oratio
647 4589 927 4645 satisfecit.
978 4588 1178 4646 Eorum
1218 4601 1300 4644 est
1336 4591 1477 4645 enim
1506 4590 1719 4656 dicere,

158 4676 290 4734 Pater
308 4692 469 4737 noster
495 4684 587 4752 qui
607 4698 663 4736 es
682 4682 735 4735 in
755 4682 894 4736 stetis
916 4719 933 4747 ,
956 4680 1045 4751 qui
1069 4681 1179 4749 jam
1208 4680 1347 4735 Patri
1380 4681 1470 4735 tali
1498 4696 1721 4752 regene-

158 4770 237 4821 rati
260 4781 375 4825 sunt
392 4788 458 4827 ex
488 4787 633 4842 aqua
662 4780 717 4825 et
742 4771 945 4841 Spiritu
971 4770 993 4802 ³
1017 4770 1196 4840 (Joan.
1224 4787 1299 4839 nt,
1322 4771 1401 4841 5).
1434 4773 1579 4828 Delet
1601 4788 1720 4827 om-

157 4858 263 4911 nino
285 4860 394 4916 hazc
419 4864 599 4917 oratio
644 4862 866 4916 minima
890 4871 945 4917 et
970 4862 1273 4932 quotidiana
1300 4873 1537 4932 peccata.
1572 4863 1723 4919 Delet

155 4960 200 5003 et
237 4953 317 5008 illa
344 4969 374 5009 a
407 4955 610 5025 quibus
639 4954 749 5008 vita
790 4952 1024 5010 ﬁdelium
1063 4955 1222 5009 etiam
1250 4955 1507 5011 scelerate
1530 4966 1676 5026 gesta
1702 4998 1718 5023 ,

156 5043 235 5097 sed
255 5047 558 5114 pmnitendo
582 5047 636 5101 in
658 5046 852 5101 melius
878 5055 1077 5101 mutata
1104 5045 1328 5101 discedit
1354 5063 1369 5101 :
1395 5046 1439 5101 si
1468 5047 1719 5117 quemad-

157 5137 346 5195 modum
370 5141 642 5196 veraciter
668 5138 895 5206 dicitur,
922 5137 1133 5194 Dimitte
1153 5139 1295 5193 nobis
1322 5138 1488 5194 debita
1514 5148 1683 5193 nostra
1702 5181 1716 5204 ,

155 5232 379 5297 quoniam
421 5248 531 5287 non
563 5231 760 5286 desunt
786 5246 905 5301 qua:
932 5230 1304 5296 dimittantur;
1345 5231 1415 5286 ita
1459 5230 1720 5287 veraciter

210 5346 442 5417 ἔρυῖὼιιι
462 5342 1383 5417 ηεξ-ιβτφθνσλτίὲίίῖίθέἕὲἔπηαὲλωηῆ-
1538 5404 1550 5417 ,
1602 5405 1633 5417 ,.
1668 5404 1698 5417 _.

210 5404 379 5477 1m,
666 5404 869 5471 regnum
891 5404 981 5459 Dei
997 5405 1129 5478 :iuis
1147 5413 1427 5478 tantamne,
1451 5404 1716 5478 maledicti,

154 5476 199 5514 ιιι
234 5466 672 5531 ignaram.
719 5466 901 5531 voces,
945 5466 1070 5531 Dei,
1111 5476 1193 5531 et,
1239 5466 1509 5529 maledicti,
1546 5469 1722 5518 absunt

156 5540 180 5575 a
199 5536 368 5642 1311³ἰείλὶῑί
389 5594 470 5643 bic
495 5600 549 5642 et
584 5591 723 5656 simili
760 5591 869 5643 loco
891 5591 1029 5652 infra,
1049 5605 1155 5656 cap.
1178 5593 1270 5653 75,
1297 5592 1491 5656 addunt,
1510 5596 1673 5641 sancto
1702 5602 1720 5641 :

158 5662 253 5711 qum
270 5666 356 5719 vox
382 5662 541 5719 a7
569 5655 709 5703 abest
731 5663 783 5704 et
803 5666 831 5703 a
864 5667 1023 5719 graeco
1053 5654 1194 5705 textu
1217 5654 1454 5717 Evangelii
1496 5656 1685 5703 .toannis
1702 5687 1718 5714 ,

158 5723 247 5773 cap.
270 5715 315 5774 3,
336 5716 385 5777 ᾖ.
409 5718 458 5773 5,
482 5718 531 5764 in
554 5728 701 5778 quem
723 5715 1019 5778 respiciebat
1040 5719 1344 5780 augustinus.

459 5799 685 5859 SANCT.
719 5802 997 5861 Ancusr.
1033 5800 1139 5859 Vl.

3322 292 3426 347 960

1840 384 2078 449 dicatur,
2130 387 2274 441 Sicut
2321 399 2364 443 et
2414 409 2501 446 nos
2547 396 2843 451 dimittimus
2891 399 3194 456 debitoribus
3238 408 3422 459 nostris

1837 496 2048 565 (Matth.
2076 514 2151 565 vn,
2185 498 2239 567 9,
2274 500 2362 574 12)
2396 503 2484 557 :id
2515 515 2615 572 est,
2645 507 2689 561 si
2723 507 2853 562 ‘ﬁat
2877 510 3016 580 quod
3042 510 3266 580 dicitur;
3293 516 3418 585 quia

1836 598 1890 644 et
1919 591 2029 661 ipsa
2052 593 2391 668 elecmosyna
2421 608 2531 664 est,
2571 602 2779 657 veniam
2806 607 3005 675 petenti
3041 607 3241 663 homini
3266 610 3422 682 igno-

1835 694 2005 737 scere.

1906 773 2133 833 CAPUT
2170 778 2379 835 LXXII.
2421 810 2492 823 -—
2531 769 2977 857 Eleemosynarum
3014 806 3198 860 genera
3238 794 3419 848 multa.

1834 865 1913 920 Ac
1939 881 2035 935 per
2079 869 2180 925 hoc
2221 871 2289 926 ad
2335 874 2514 928 omnia
2559 891 2677 944 qua:
2711 876 2822 932 utili
2855 879 3215 937 misericordia
3247 883 3419 950 ﬁunt,

1834 958 1972 1015 valet
2001 961 2142 1030 quod
2185 962 2441 1021 Dominus
2469 966 2577 1031 ait,
2618 967 2752 1022 Date
2783 969 3146 1042 elcemosynam
3168 1015 3182 1038 ,
3217 984 3265 1029 et
3306 992 3422 1032 erce

1834 1051 2007 1105 omnia
2048 1053 2238 1108 munda
2276 1065 2392 1110 sunt
2434 1057 2569 1112 vobis
2618 1057 2770 1131 (Luc.
2815 1077 2903 1129 xu,
2945 1064 3056 1134 bl).
3086 1063 3202 1119 Non
3246 1068 3419 1123 solum

1833 1154 1959 1211 ergo
1987 1144 2008 1175 ²
2031 1145 2118 1213 qui
2148 1145 2237 1201 dat
2256 1149 2511 1205 esurienti
2538 1152 2713 1206 cibum
2735 1194 2749 1217 ,
2786 1153 2984 1209 sitienti
3026 1164 3205 1226 potum
3227 1199 3241 1221 ,
3274 1160 3420 1215 nudo

1832 1233 2208 1291 vestimentum
2231 1279 2244 1301 ,
2276 1242 2633 1311 peregrinanti
2678 1242 2964 1313 hospitium
2986 1287 3001 1313 ,
3031 1245 3248 1316 fugienti
3297 1250 3419 1304 lati-

1831 1321 2015 1379 bulum
2034 1365 2050 1391 ,
2090 1337 2290 1397 aegroto
2318 1330 2399 1384 vel
2438 1330 2643 1386 incluso
2669 1334 3020 1390 visitationem
3041 1379 3054 1401 ,
3097 1339 3305 1408 captivo
3335 1355 3420 1394 re-

1830 1413 2189 1485 demptionem
2215 1459 2228 1481 ,
2281 1418 2440 1473 debili
2484 1421 2906 1489 subvectionem,
2950 1440 3094 1480 cmco
3136 1427 3418 1483 deductio-

1832 1519 1981 1568 nem,
2022 1507 2159 1562 tristi
2185 1511 2635 1581 consolationem,
2668 1529 2775 1569 non
2823 1531 2957 1572 sano
2993 1519 3286 1587 medelam,
3331 1536 3418 1578 er-

1831 1596 1969 1650 ranti
1998 1597 2135 1653 viam
2156 1640 2171 1666 ,
2204 1600 2520 1658 deliberanti
2546 1606 2858 1675 consilium,
2890 1616 2944 1662 et
2981 1611 3121 1679 quod
3162 1614 3353 1684 cuique
3393 1612 3418 1647 ³

1831 1689 2189 1743 necessarium
2216 1700 2300 1746 est
2340 1693 2634 1764 indigenti;
2683 1711 2868 1751 verum
2898 1699 3059 1753 etiam
3088 1702 3176 1772 qui
3206 1701 3297 1757 dat
3320 1719 3415 1759 ve-

1830 1775 1970 1831 niam
1993 1780 2254 1849 pcccanti,
2274 1783 2668 1857 elcemosynam
2689 1786 2806 1853 dat;
2832 1798 2885 1843 et
2914 1789 3001 1858 qui
3021 1791 3272 1847 emendat
3295 1808 3415 1848 ver.

1830 1866 1958 1923 bere
1984 1869 2037 1923 in
2058 1886 2216 1952 quem
2247 1881 2481 1943 potestas
2500 1876 2675 1941 datur,
2701 1878 2787 1934 vel
2813 1889 3026 1935 coercet
3050 1881 3226 1952 aliqua
3252 1883 3417 1940 disci-

1832 1958 1973 2027 plina
1991 2001 2006 2026 ,
2034 1951 2088 2015 ct
2114 1972 2290 2019 tamen
2320 1977 2595 2035 peccatum
2622 1967 2738 2038 ejus
2760 2010 2775 2033 ,
2806 1985 2911 2040 quo
2932 1971 2999 2025 ab
3030 1971 3122 2027 illo
3143 1951 3307 2029 laesus
3326 1985 3417 2031 aut

1829 2047 2062 2105 oﬁ‘ensus
2087 2060 2188 2118 est,
2222 2053 2439 2109 dimittit
2464 2070 2527 2111 ex
2558 2058 2742 2126 corde,
2772 2061 2853 2115 vel
2879 2070 2995 2115 orat
3021 2072 3078 2117 ut
3102 2063 3149 2118 ei
3175 2063 3416 2119 dimitta-

1832 2151 1945 2210 tur,
1977 2159 2080 2200 non
2111 2147 2283 2201 solum
2312 2149 2361 2202 in
2389 2164 2454 2204 eo
2479 2150 2617 2220 quod
2643 2151 2863 2207 dimittit
2887 2162 3047 2224 atque
3073 2166 3211 2224 orat,
3233 2172 3419 2212 verum

1829 2235 1990 2290 etiam
2019 2237 2069 2291 in
2100 2253 2165 2293 co
2184 2238 2323 2309 quod
2346 2242 2585 2311 corripit,
2606 2250 2659 2296 ct
2678 2242 2853 2314 aliqua
2880 2245 3241 2301 cmendatoria
3260 2262 3417 2317 poena

1829 2326 2043 2397 plectit,
2074 2331 2469 2403 elcemosynam
2513 2333 2636 2400 dat;
2679 2335 2803 2406 quia
2833 2336 3248 2393 misericordiam
3280 2354 3419 2410 pra:-

1828 2427 1953 2474 stat.
1982 2421 2139 2477 Multa
2171 2424 2312 2479 enim
2346 2425 2481 2480 bona
2508 2436 2829 2496 praestantur
2858 2428 3057 2497 invitis,
3084 2432 3297 2501 quando
3324 2448 3419 2489 eo-

1828 2529 1946 2568 rum
1973 2517 2273 2572 consulitur
2298 2518 2543 2585 utilitati,
2573 2533 2677 2573 non
2704 2521 2961 2575 voluntati
2992 2538 3006 2577 :
3036 2523 3159 2592 quia
3185 2523 3287 2597 ipsi
3315 2525 3417 2581 sibi

1828 2605 2166 2662 inveniuntur
2190 2623 2310 2665 esse
2328 2609 2551 2676 inimici,
2591 2610 2749 2667 amici
2772 2627 2898 2667 vero
2927 2627 3110 2668 eorum
3139 2616 3315 2684 potius
3338 2616 3417 2672 illi

1827 2710 1960 2765 quos
2006 2697 2248 2753 inimicos
2275 2706 2493 2768 putant;
2523 2709 2578 2755 et
2619 2701 2848 2756 reddunt
2883 2703 3113 2759 errando
3156 2706 3290 2758 mala
3320 2722 3417 2777 pro

1828 2786 2004 2856 bonis,
2034 2803 2154 2844 cum
2179 2789 2403 2847 reddere
2433 2792 2571 2847 mala
2597 2792 2916 2849 christianos
2946 2810 3050 2851 non
3089 2797 3281 2854 debeat
3310 2814 3413 2855 nec

1828 2896 1926 2952 pro
1949 2884 2122 2939 malis.
2153 2884 2313 2940 Multa
2340 2886 2517 2957 itaque
2540 2901 2732 2956 genera
2759 2897 2884 2943 sunt
2915 2889 3371 2963 eleemosynarum
3396 2933 3415 2961 ,

1826 2988 1947 3043 qua:
1971 2988 2093 3029 cum
2135 2973 2392 3044 facimus,
2422 2976 2734 3048 adjuvamur
2760 2986 2813 3033 ut
2858 2977 3193 3036 dimittantur
3235 2993 3417 3041 nostra

1828 3074 2065 3135 peccata.

1898 3160 2124 3217 CAPUT
2164 3162 2396 3217 LXXIII.
2434 3193 2506 3204 —
2544 3162 2894 3236 Elcemosynte
2917 3181 3076 3237 genus
3103 3168 3412 3234 maximum,

1827 3265 2035 3321 parcere
2056 3250 2293 3305 inimicis.
2312 3250 2417 3307 Sed
2443 3267 2504 3307 ea
2536 3252 2664 3307 nihil
2695 3262 2779 3309 est
2807 3252 2978 3323 majus
2996 3296 3008 3318 ,
3031 3270 3132 3325 qua
3163 3271 3225 3311 ex
3255 3258 3416 3311 corde

1826 3341 2161 3407 dimittimus,
2179 3343 2319 3413 quod
2347 3344 2397 3397 in
2427 3359 2524 3399 nos
2552 3345 2775 3415 quisque
2796 3346 3051 3415 peccavit.
3076 3347 3246 3403 Minus
3271 3351 3414 3403 enim

1828 3450 2077 3505 magnum
2103 3444 2186 3489 est
2205 3450 2329 3505 erga
2348 3449 2470 3490 eum
2497 3450 2618 3490 esse
2643 3435 2981 3502 benevolum,
3006 3438 3118 3492 sive
3140 3440 3300 3492 etiam
3322 3440 3415 3495 be-

1828 3527 2077 3596 anticum,
2096 3528 2185 3598 qui
2217 3528 2310 3583 tibi
2340 3527 2463 3582 mali
2489 3528 2616 3582 nihil
2643 3525 2872 3583 fecerit:
2902 3527 3031 3584 illud
3056 3528 3222 3583 multo
3249 3545 3412 3599 gran-

1826 3621 1944 3677 dius
1966 3630 2019 3676 et
2047 3619 2583 3690 magniﬁcentissima:
2609 3618 2862 3675 bonitatis
2888 3627 3000 3686 est,
3022 3627 3081 3674 ut
3108 3627 3253 3675 tuum
3277 3636 3413 3692 quo-

1826 3728 1929 3784 que
1956 3713 2223 3769 inimicum
2252 3711 2461 3782 diligas,
2488 3710 2608 3766 etei
2640 3709 2728 3780 qui
2759 3709 2853 3765 tibi
2880 3709 3080 3765 malum
3110 3710 3257 3779 vult,
3286 3722 3340 3766 et
3367 3712 3413 3767 si

1830 3813 2004 3874 potest
2020 3804 2159 3869 facit,
2176 3812 2231 3858 tu
2249 3805 2445 3859 bonum
2470 3815 2683 3872 semper
2702 3800 2855 3867 velis,
2870 3799 3140 3871 faciasque
3154 3817 3273 3857 cum
3294 3819 3413 3872 pos-

1826 3900 1899 3951 sis
1919 3895 1959 3961 ⁸,
1984 3896 2203 3951 audiens
2222 3894 2487 3950 dicentem
2512 3892 2699 3959 Deum,
2724 3890 2931 3964 Diligite
2952 3892 3179 3947 inimicos
3201 3904 3410 3961 uestros,

1825 3986 1947 4042 bene
1966 3988 2115 4053 facite
2129 3987 2199 4041 eis
2218 3987 2304 4051 qui
2324 4001 2409 4040 vos
2428 3984 2641 4038 oderunt
2653 4024 2666 4047 ,
2681 3992 2727 4038 et
2743 3992 2884 4037 orate
2899 3998 2992 4053 pro
3009 3983 3081 4037 eis
3091 3983 3176 4054 qui
3191 3999 3276 4039 vos
3292 4000 3407 4053 per-

1825 4091 2100 4149 sequuntur
2137 4078 2347 4150 (Matth.
2376 4093 2441 4143 v,
2482 4076 2596 4147 44).
2639 4074 2748 4131 Sed
2778 4076 3026 4146 quoniam
3058 4074 3411 4145 perfecturum

1825 4184 1950 4229 sunt
1969 4174 2070 4228 ista
2098 4173 2328 4226 filiorum
2352 4170 2477 4235 Dei,
2505 4182 2613 4239 quo
2638 4166 2853 4237 quidem
2885 4182 2943 4221 se
2963 4166 3121 4222 debet
3144 4169 3319 4222 omnis
3347 4169 3412 4223 Ii-

1826 4265 1962 4319 dclis
1987 4262 2275 4320 extendere
2297 4300 2313 4325 ,
2341 4268 2397 4315 et
2423 4258 2712 4313 humanum
2750 4258 2986 4312 animum
3013 4257 3081 4311 ad
3114 4258 3253 4313 hunc
3279 4259 3412 4315 aﬁ'e-

1826 4367 1999 4420 elum,
2031 4353 2234 4407 orando
2275 4352 2440 4406 Deum
2462 4392 2477 4417 ,
2505 4362 2794 4418 secumque
2822 4347 3027 4416 agendo
3055 4347 3412 4419 luctandoque

1828 4447 2150 4518 perducere:
2176 4455 2349 4498 tamen
2370 4443 2491 4512 quia
2510 4440 2611 4495 hoc
2636 4450 2741 4494 tam
2761 4454 3007 4509 magnum
3028 4439 3225 4494 bonum
3253 4450 3410 4497 tanta:

1827 4536 2177 4594 multitudinis
2223 4549 2327 4589 non
2372 4539 2493 4595 est,
2541 4537 2791 4603 quantam
2822 4528 3090 4585 credimus
3131 4530 3410 4598 exaudiri,

1826 4648 1946 4688 cum
1976 4632 2027 4684 in
2064 4629 2304 4683 oratione
2330 4625 2525 4681 dicitur
2548 4667 2562 4691 ,
2599 4623 2807 4677 Dimitte
2835 4624 2976 4677 nobis
3001 4623 3168 4677 debita
3195 4633 3369 4679 nostra
3392 4666 3409 4694 ,

1825 4726 1951 4779 sicut
1979 4731 2027 4778 et
2051 4738 2141 4776 nos
2162 4719 2458 4773 dimittimus
2475 4713 2783 4789 debitoribus
2808 4715 3011 4780 nostris;
3038 4716 3221 4785 procul
3246 4715 3409 4773 dubio

1827 4815 1987 4870 verba
2012 4812 2318 4884 sponsionis
2349 4810 2504 4878 Imjus
2536 4807 2851 4877 implentur,
2893 4805 2939 4861 si
2968 4805 3129 4861 homo
3149 4804 3241 4878 qui
3266 4821 3407 4863 non-

1826 4907 1953 4961 dum
1983 4903 2055 4959 ita
2084 4900 2307 4972 proiecit
2329 4940 2345 4967 ,
2371 4908 2428 4954 ut
2459 4898 2567 4969 jam
2597 4898 2619 4931 ⁸
2645 4897 2830 4967 diligat
2875 4898 3148 4969 inimicum
3171 4939 3186 4965 ,
3225 4906 3409 4954 tamen

1826 4994 2039 5067 quando
2066 5000 2279 5065 rogatur
2304 4990 2372 5045 ab
2401 4989 2613 5045 homine
2640 4988 2729 5059 qui
2757 4987 2994 5058 peccavit
3020 4988 3072 5043 in
3102 5004 3247 5055 eum,
3276 4997 3333 5043 ut
3358 4992 3407 5045 ei

1891 5153 1907 5185 ί
1944 5152 2109 5209 Abest,
2128 5146 2189 5207 si,
2213 5160 2241 5203 a
2262 5154 2370 5197 Mss.
2396 5153 2449 5197 et
2468 5146 2530 5195 ab
2552 5153 2650 5209 A_m.
2676 5151 2749 5194 Er.
2775 5152 2891 5195 Dan.

1888 5217 1908 5247 υ
1942 5220 2011 5263 tta
2026 5205 2133 5261 Mss.
2159 5205 2213 5261 At
2234 5208 2370 5268 editi,
2394 5220 2487 5257 non
2509 5205 2662 5257 solum
2682 5214 2858 5258 autent.

1844 5306 1847 5309 λ
1876 5276 1911 5341 ,⁸
1939 5275 2112 5341 Ριιένθδ
2130 5280 2257 5330 διδ-ν
2280 5269 2645 5341 meum“;
3104 5334 3115 5341 .
3297 5328 3329 5341 ..

1872 5339 1895 5371 ι
1906 5336 2128 5398 Plerique
2143 5329 2270 5393 uss.,
2283 5329 2411 5401 quod
2604 5336 2809 5401 uosque
2822 5334 3199 5401 prosequuntur,

1826 5390 2063 5451 dicenteni
2084 5390 2269 5463 Deum;
2290 5390 2390 5463 vel,
2414 5390 2616 5442 audiens
2646 5390 3102 5463 dicentem_destgp,
3126 5395 3409 5463 qumietiam

1827 5463 1973 5513 lectio
1996 5466 2073 5508 est
2090 5467 2192 5506 Am.
2214 5452 2289 5504 si.
2305 5452 2421 5504 Dan.
2438 5466 2627 5503 necnon
2648 5454 2681 5502 3
2700 5459 2854 5513 Sent.,
2869 5453 2982 5514 dist.
3000 5452 3079 5512 30,
3096 5452 3212 5514 mp.
3229 5452 3317 5502 ait:
3337 5465 3413 5502 so-

1826 5512 1907 5588 let.
1932 5528 1986 5572 At
2006 5527 2114 5570 Iov.
2137 5526 2190 5569 et
2209 5526 2316 5566 Arn.
2341 5523 2451 5588 post
2472 5516 2641 5587 verba,
2666 5527 2774 5564 cum
2791 5512 2959 5588 passis,
2983 5512 3404 5588 hmesubjic‘iunt;

1828 5584 1964 5636 Illius
1984 5593 2163 5645 memor
2186 5576 2416 5643 exempli,
2449 5576 2532 5645 qui
2551 5576 2600 5627 in
2624 5576 3411 5645 crucependensprosuis‘exorat

1826 5641 2225 5713 persecutoribus,
2241 5636 2444 5713 suosmte
2456 5636 2701 5709 admonuit
2725 5636 2887 5687 dicens
2911 5650 2923 5684 :
2954 5636 3160 5697 Diligite.
3189 5641 3283 5683 etc.

1897 5711 1910 5738 ⁸
1949 5714 2049 5755 nuo
2071 5719 2099 5755 c
2118 5704 2354 5755 Vaticanis
2374 5708 2504 5755 Mss,
2523 5705 2574 5749 ut
2588 5707 2746 5749 etiam.

1989 5720 2049 5755 uo
2071 5719 2099 5755 C
2119 5718 2354 5756 vattcams
2376 5718 2504 5762 tuss.,
2523 5718 2573 5749 ut
2588 5718 2746 5749 Ctutm.

2640 5783 2899 5854 (Neu/1}
