3940 6492
522 328 623 383 1C7

525 444 793 507 dimittat,
824 438 1037 495 dimittit
1080 451 1141 489 ex
1169 431 1331 489 corde
1369 448 1381 485 :
1413 429 1535 500 quia
1565 426 1723 481 etiam
1756 423 1856 477 sibi
1900 418 2105 490 roganti

526 537 708 606 utique
734 532 842 588 vult
866 528 1081 593 dimitti,
1109 541 1228 585 cum
1249 532 1367 578 orat
1391 531 1445 576 et
1466 519 1624 583 dicit,
1665 516 1811 572 Sicut
1841 524 1885 569 et
1918 528 2009 606 nos

528 603 770 683 mittimus
796 619 1097 678 debitoribus
1125 616 1344 680 nostris;
1370 614 1422 669 id
1444 620 1527 666 est
1547 650 1563 677 ,
1593 609 1680 664 Sic
1699 605 1910 663 dimitte
1930 603 2104 659 debita

532 728 711 773 nostra
756 711 1063 785 rogantibus
1083 708 1234 764 nobis
1252 748 1268 774 ,
1295 706 1432 760 sicut
1467 710 1521 757 et
1550 714 1649 756 nos
1672 696 1988 755 dimittimus
2017 708 2108 748 ro-

530 808 776 881 gantibus
792 802 1125 862 debitoribus
1150 798 1368 855 nostris.
1512 846 1526 855 _

599 896 827 955 CAPUT
866 892 1195 971 LXXIV._—-
1219 889 1434 944 Peccata
1471 902 1573 940 non
1600 881 1869 939 dimittenti
1896 896 1996 935 non
2026 878 2110 932 di—

526 970 796 1045 mittuntur
819 1004 851 1043 a
877 986 1005 1041 Deo.
1023 970 1141 1041 Jatn
1163 997 1289 1037 vero
1309 980 1396 1051 qui
1420 993 1564 1044 eum,
1594 976 1646 1031 in
1669 989 1825 1046 quem
1852 971 2110 1044 peccavit,

536 1083 807 1141 hominem
829 1087 1001 1149 rogat,
1025 1076 1069 1131 si
1101 1081 1315 1145 peccato
1343 1086 1440 1126 suo
1469 1078 1709 1125 movetur
1727 1074 1784 1122 ut
1808 1073 1977 1137 roget,
2006 1079 2110 1118 non

536 1187 617 1231 est
654 1173 830 1229 adhuc
863 1167 1198 1242 deputandus
1227 1165 1504 1231 inimicus,
1551 1172 1609 1217 ut
1645 1176 1768 1217 eum
1798 1158 2018 1230 diligere
2046 1156 2117 1212 sit

536 1268 750 1325 dil‘licile
769 1307 784 1331 ,
812 1265 949 1320 sicut
980 1260 1196 1318 difﬁcile
1226 1267 1342 1315 erat
1379 1254 1590 1327 quando
1621 1250 1922 1309 inimicitias
1956 1263 2115 1305 excr-

537 1361 707 1415 cehat.
738 1354 988 1426 Quisquis
1028 1360 1203 1408 autem
1247 1348 1453 1420 roganti
1496 1356 1550 1402 et
1589 1343 1789 1415 peccati
1828 1342 1910 1399 sui
1942 1340 2114 1412 poeni-

538 1451 668 1507 teuti
698 1464 803 1505 non
829 1463 895 1503 ex
918 1444 1082 1501 corde
1118 1441 1374 1507 dimittit,
1419 1438 1565 1494 nullo
1606 1435 1765 1491 modo
1794 1434 2058 1490 existimet
2084 1447 2115 1486 a

539 1541 762 1598 Domino
789 1552 885 1594 sua
906 1544 1121 1608 peccata
1150 1533 1370 1596 dimitti;
1402 1530 1650 1601 quoniam
1687 1526 1901 1583 mentiri
1920 1525 2118 1581 veritas

538 1650 645 1691 non
691 1639 884 1705 potest.
934 1628 1104 1696 Quem
1144 1641 1271 1682 vero
1300 1625 1461 1679 lateat
1504 1620 1771 1693 Evangelii
1819 1620 2116 1674 auditorem

537 1729 650 1782 sive
681 1726 933 1781 lectorem
957 1762 972 1789 ,
1010 1720 1131 1791 quis
1153 1718 1385 1780 dixerit,
1420 1714 1530 1786 Ego
1560 1730 1673 1769 sum
1714 1712 1896 1767 veritas
1937 1709 2115 1783 (Joan.

532 1834 647 1884 xiv,
668 1816 767 1887 6)?
792 1813 891 1883 Qui
916 1827 1037 1868 cum
1063 1810 1333 1866 docuisset
1355 1806 1670 1869 orationem,
1701 1804 1835 1858 hanc
1860 1803 1911 1857 iu
1934 1816 1995 1855 ea
2020 1816 2118 1870 po-

535 1911 693 1965 sitam
722 1905 1037 1964 sententiam
1057 1902 1403 1957 vehementer
1427 1894 1856 1959 commendavit,
1888 1892 2072 1948 dicens
2102 1908 2118 1946 :

538 2001 597 2057 Si
627 2000 758 2054 enim
778 1994 1067 2051 dimiseritis
1084 1992 1367 2047 hominibus
1384 1998 1588 2060 peccata
1614 2002 1807 2052 eorum,
1838 1984 2051 2038 dimittet
2073 1992 2119 2035 et

535 2092 673 2148 vobis
696 2090 852 2145 Pater
872 2096 1031 2144 vester
1059 2085 1276 2140 caelestis
1305 2090 1508 2153 peccata
1534 2088 1713 2134 vestra.
1747 2077 1808 2132 Si
1831 2086 2118 2129 autemnon

532 2183 820 2239 dimiseritis
846 2177 1129 2235 hominibus
1147 2218 1162 2243 ,
1186 2192 1275 2230 nec
1299 2172 1456 2227 Pater
1476 2180 1635 2227 vester
1663 2170 1877 2223 dimittet
1915 2176 2121 2239 peccata

536 2285 698 2331 vestra
719 2272 936 2343 (Matth.
957 2285 1034 2337 vi,
1058 2269 1146 2334 14,
1180 2264 1291 2339 l5).
1313 2266 1389 2319 Ad
1418 2274 1523 2318 tam
1552 2276 1799 2333 magnum
1829 2260 2118 2315 tonitruum

534 2367 624 2437 qui
656 2380 760 2420 non
786 2360 1188 2433 expergiscitur,
1220 2372 1325 2412 non
1356 2355 1571 2421 dormit,
1606 2353 1702 2409 sed
1728 2360 1968 2407 mortuus
1988 2357 2070 2406 est
2102 2367 2118 2405 :

533 2468 586 2513 et
619 2467 793 2510 tamen
824 2462 1013 2523 potens
1043 2459 1123 2505 est
1149 2449 1237 2504 ille
1267 2448 1426 2503 etiam
1463 2454 1703 2499 mortuos
1727 2444 2009 2499 suscitare.

604 2544 827 2600 CAPUT
866 2540 1073 2596 LXXV.
1102 2570 1171 2580 —
1190 2539 1279 2594 20.
1314 2537 1647 2607 Eleemosyna
1666 2534 1932 2589 sceleratos
1967 2543 2016 2588 et
2035 2534 2119 2588 iu-

534 2635 707 2706 ﬁdeles
744 2648 844 2686 non
871 2629 1080 2683 umndat
1102 2669 1115 2693 ,
1157 2629 1253 2683 nisi
1280 2635 1551 2680 mutentur.
1581 2624 1723 2680 Sane
1765 2625 1852 2693 qui
1882 2623 2118 2679 scelera-

535 2726 737 2781 tissime
783 2724 998 2784 vivunt,
1050 2734 1149 2775 nec
1177 2726 1366 2773 curant
1416 2717 1575 2772 talem
1622 2715 1783 2770 vitam
1838 2727 2121 2784 moresque

533 2818 802 2887 corrigere
822 2856 836 2880 ,
865 2822 919 2869 et
948 2812 1085 2867 inter
1114 2810 1225 2880 ipsa
1273 2808 1503 2863 facinora
1537 2814 1593 2863 et
1631 2806 1824 2877 ﬂagitia
1856 2819 1949 2859 sua
1977 2805 2120 2860 elce-

534 2920 786 2979 mosynas
815 2904 1153 2975 frequentare
1182 2916 1284 2956 non
1327 2908 1569 2966 cessant,
1618 2897 1816 2953 frustra
1856 2896 1976 2952 ideo
2016 2896 2119 2951 sibi

533 2999 911 3062 blandiuntur,
956 2995 1207 3065 quoniam
1241 2992 1496 3047 Dominus
1535 2992 1642 3057 ait,
1674 2990 1810 3045 Date
1850 2990 2121 3061 eleemosy-

528 3106 680 3155 nam,
704 3098 750 3142 et
769 3102 882 3142 ecce
907 3085 1076 3141 omnia
1097 3084 1285 3138 munda
1307 3093 1424 3137 sunt
1454 3083 1609 3138 vobis.
1644 3081 1757 3137 Hoc
1785 3081 1927 3136 enim
1958 3095 2118 3151 quam

535 3183 641 3235 late
664 3186 870 3250 pateat,
896 3193 1002 3233 non
1029 3175 1349 3247 intelligunt.
1371 3175 1477 3232 Sed
1504 3185 1560 3229 ut
1587 3175 1918 3245 intelligant,
1949 3183 2120 3229 atten-

531 3271 659 3327 dant
687 3270 881 3340 quibus
906 3267 1121 3324 dixerit.
1147 3266 1349 3337 Nempe
1372 3267 1424 3322 in
1457 3267 1747 3338 Evangelia
1768 3268 1845 3322 sic
1864 3265 2118 3336 scriptum

532 3372 615 3418 est
644 3380 657 3416 :
687 3359 813 3417 Cum
851 3359 1158 3431 loqueretur,
1198 3359 1389 3429 rogavit
1426 3358 1570 3413 illum
1592 3358 1797 3429 quidam
1826 3356 2121 3412 Pharisa'us

532 3466 585 3508 ut
616 3452 880 3524 pranderet
910 3449 1051 3522 apud
1085 3465 1169 3514 se;
1193 3458 1240 3504 et
1271 3449 1523 3521 ingressus
1550 3449 1793 3503 recubuit.
1824 3447 2121 3502 Pltariswus

531 3558 696 3602 autem
723 3546 867 3611 coepit
894 3544 1029 3598 intra
1048 3558 1101 3599 se
1126 3552 1362 3614 reputans
1389 3542 1575 3607 dicere,
1599 3558 1755 3612 quare
1779 3558 1878 3595 non
1896 3541 2124 3612 baptiza-

533 3654 613 3695 tus
655 3647 779 3693 esset
823 3646 939 3690 ante
979 3634 1270 3707 prandium.
1320 3633 1385 3687 Et
1425 3634 1495 3688 ait
1539 3632 1788 3688 Dominus
1827 3634 1895 3687 ad
1929 3634 2117 3689 illum:

535 3730 588 3786 Ν
594 3747 686 3784 unc
711 3746 796 3784 vos
816 3770 829 3793 ,
854 3726 1108 3782 Phariswi
1128 3768 1141 3792 ,
1168 3725 1305 3797 quod
1330 3725 1519 3797 deforis
1546 3734 1619 3780 est
1648 3723 1820 3780 calicis
1855 3734 1902 3779 et
1930 3726 2117 3791 catini,

533 3822 810 3887 mundatis;
827 3820 962 3891 quod
991 3828 1159 3873 autem
1180 3819 1316 3872 intus
1344 3828 1417 3873 est
1436 3827 1683 3884 vestrum,
1711 3815 1916 3887 plenum
1938 3827 2010 3872 est
2038 3834 2123 3871 ra-

533 3914 652 3984 pina
676 3921 721 3967 et
743 3911 1019 3982 iniquitate.
1046 3908 1227 3975 Stulti,
1254 3924 1418 3962 nonne
1436 3908 1522 3979 qui
1546 3911 1661 3979 fecit
1690 3906 1744 3961 id
1771 3907 1907 3978 quod
1932 3908 2122 3979 deforis

532 4015 605 4060 est
626 4047 640 4070 ,
675 4004 823 4058 etiam
852 4003 904 4056 id
931 4001 1065 4074 quod
1091 4001 1227 4056 intus
1264 4010 1337 4055 est
1363 4001 1480 4072 fecit
1517 4000 1577 4054 ‘?
1612 3998 1964 4054 Verumtamen
1988 4000 2122 4070 quod

532 4106 784 4167 superest,
816 4096 932 4151 date
956 4097 1320 4166 eleemosynaut
1341 4137 1354 4160 ,
1385 4104 1433 4149 et
1459 4110 1571 4148 ecce
1597 4095 1764 4148 omnia
1790 4093 1979 4149 munda
2004 4106 2122 4151 sunt

531 4191 667 4246 vobis
694 4190 843 4264 (Luc.
878 4206 930 4246 xI
950 4230 965 4255 ,
992 4189 1152 4245 57—41
1189 4188 1227 4260 ).
1256 4187 1402 4243 Itane
1424 4187 1525 4242 hoc
1556 4188 1872 4245 intellecturi
1897 4204 2115 4255 sumus,

534 4291 589 4336 ut
624 4280 909 4337 Pharismis
948 4292 1053 4334 non
1100 4278 1419 4333 habentibus
1460 4277 1615 4333 ﬁdem
1644 4277 1878 4345 Christi,
1911 4280 2118 4335 etiamsi

525 4391 637 4432 non
665 4374 716 4429 iu
734 4390 856 4431 eum
870 4370 1198 4430 crediderint
1216 4412 1231 4435 ,
1260 4386 1361 4428 nec
1387 4372 1557 4426 renati
1579 4370 1774 4427 iuerint
1802 4388 1868 4428 ex
1902 4388 2037 4444 aqua
2066 4382 2121 4429 et

531 4465 767 4536 Spiritu,
802 4463 999 4521 munda
1040 4464 1147 4519 sint
1172 4462 1385 4526 omnia,
1419 4470 1619 4518 tantum
1664 4463 1710 4519 si
1753 4464 2121 4536 eleemosynas

529 4558 815 4625 dederint,
844 4557 983 4613 sicut
1019 4556 1104 4612 isti
1129 4571 1221 4610 cas
1244 4554 1448 4611 dandas
1475 4555 1705 4625 putant?
1732 4571 1851 4610 cum
1881 4556 1989 4611 sint
2015 4556 2118 4611 im-

532 4646 714 4703 mundi
740 4662 929 4701 omnes
956 4662 1088 4714 quos
1122 4661 1229 4699 non
1260 4644 1481 4699 mundat
1507 4646 1636 4700 tides
1663 4644 1859 4700 Christi
1884 4687 1898 4711 ,
1929 4647 1996 4708 de
2017 4663 2118 4718 qua

529 4739 787 4805 scriptum
814 4747 927 4801 est,
956 4736 1211 4790 Mundam:
1230 4738 1332 4805 fide
1356 4738 1512 4790 corda
1531 4753 1706 4792 eorum
1734 4737 1869 4809 (Act.
1892 4754 1962 4795 xv
1979 4781 1992 4803 ,
2023 4740 2117 4814 9);

528 4836 582 4881 et
608 4827 751 4881 dicat
780 4826 1083 4895 Aposwlus,
1108 4824 1396 4880 [mutandis
1426 4835 1593 4880 autem
1616 4835 1661 4881 et
1682 4828 1969 4896 inﬁdelibus
1991 4832 2118 4885 nihil

530 4931 601 4976 est
628 4918 904 4985 mundum,
930 4920 1021 4973 sed
1051 4918 1246 4988 polluta
1270 4926 1388 4971 sunt
1429 4933 1603 4973 eorum
1643 4930 1690 4973 et
1735 4936 1873 4975 mens
1915 4932 1961 4976 et
2005 4938 2120 4977 con-

529 5014 736 5071 scientia
770 5011 900 5085 (Tit.
940 5027 991 5080 t,
1026 5012 1137 5082 15).
1173 5011 1451 5080 Quomodo
1475 5027 1604 5083 ergo
1633 5013 1916 5069 Pltarismis
1943 5017 2119 5071 omnia

533 5104 727 5161 munda
750 5111 929 5159 essent
947 5144 964 5170 ,
992 5103 1037 5157 si
1058 5101 1429 5173 eleemosyuas
1445 5143 1461 5171 ,
1484 5103 1674 5159 darent
1706 5112 1760 5160 et
1808 5106 1992 5161 ﬁdeles
2012 5123 2119 5163 non

530 5194 750 5251 essent?
779 5194 886 5249 Aut
921 5191 1192 5264 quomodo
1231 5191 1415 5248 ﬁdeles
1442 5201 1656 5258 essent,
1698 5194 1741 5248 si
1771 5194 1823 5249 in
1850 5196 2118 5255 Christum

530 5288 748 5343 credere
794 5296 953 5358 atque
998 5286 1055 5341 in
1098 5283 1220 5356 ejus
1256 5286 1464 5341 renasci
1492 5286 1660 5357 gratia
1688 5287 2022 5344 noluissent?
2054 5291 2121 5346 Et

528 5388 706 5432 tamen
728 5391 913 5433 verum
944 5387 1028 5434 est
1048 5376 1190 5447 quod
1217 5375 1531 5446 audierunt,
1559 5377 1691 5435 Date
1714 5378 2080 5453 elemosynam
2100 5426 2114 5451 ,

530 5481 575 5525 et
602 5484 712 5524 erce
738 5469 905 5523 omnia
932 5470 1121 5524 munda
1146 5477 1262 5525 sunt
1286 5468 1443 5525 vobis.

593 5586 609 5656 ξ
646 5585 728 5636 ttic
748 5584 874 5656 apud
884 5592 999 5656 μιν.
1026 5584 1273 5656 additum:
1303 5586 1467 5656 Kidete
1492 5595 1544 5642 ut
1573 5590 1718 5643 etiam
1750 5591 1803 5642 id
1833 5593 1963 5656 quod
1991 5593 2117 5644 tritus

531 5651 599 5725 est
622 5644 852 5725 mutatum
873 5644 959 5725 ﬁat
981 5661 998 5700 :
1023 5649 1153 5725 quod
1263 5651 1408 5703 editis
1428 5659 1624 5725 Am._Er_.
1652 5663 1766 5704 Dan.
1788 5644 2115 5725 _et'plerisque

528 5711 884 5820 ἑοιδκιῑίοΐὶιιιις
926 5711 1053 5762 Mss.’
1077 5712 1235 5775 abest,
1268 5727 1457 5766 necnon
1499 5717 1561 5765 ab
1594 5711 2112 5781 Evangelio'tucw’ei-

1023 312 1471 380 ENClllRlDlON,
1512 308 1668 365 sws
1700 307 1789 362 ns
1839 299 2032 364 FIDE,
2075 296 2202 352 Sl‘E
2243 294 2329 350 ET
2368 293 2782 361 CllAltl'l‘ATE,
2823 292 2879 348 s.
2922 292 3287 350 AUGusraxt

3695 299 3807 357 268

2286 412 2512 469 CAPUT
2541 411 2771 466 LXXVI.
2797 442 2865 451 —
2890 410 3066 465 Prima
3094 412 3405 483 eleemosgna
3424 455 3438 481 ,
3476 415 3671 472 anima
3700 434 3809 474 sane

2214 506 2433 560 misereri
2459 513 2504 559 et
2528 515 2658 559 recte
2682 504 2859 558 vivere.
2900 502 3001 570 Qui
3039 504 3181 559 enim
3206 505 3222 536 ⁸
3252 505 3366 559 vult
3402 506 3653 563 ordinate
3678 509 3810 566 dare

2214 598 2611 666 oleemosynam
2632 636 2645 659 ,
2677 610 2707 648 a
2732 609 2794 650 se
2822 595 2938 665 ipso
2975 594 3135 650 debet
3162 596 3396 666 incipere
3414 637 3431 663 ,
3459 605 3514 653 et
3536 614 3665 654 eam
3709 602 3808 659 sibi

2216 688 2443 759 primum
2482 686 2629 741 dare.
2661 686 2755 740 Est
2779 685 2923 740 enim
2959 686 3299 757 elcemosyna
3324 700 3460 757 opus
3494 688 3808 745 misericor-

2216 780 2351 846 diae;
2396 779 2778 848 verissimeque
2806 777 3009 834 dictum
3052 785 3168 842 est,
3215 777 3456 833 Miserere
3493 781 3688 834 anima:
3716 792 3812 837 tm

2218 871 2425 944 placens
2453 870 2560 925 Deo
2589 868 2783 938 (Eccli.
2810 886 2916 924 xxx
2938 911 2954 937 ,
2998 868 3113 941 24).
3162 869 3391 941 Propter
3421 870 3524 925 hoc
3564 874 3807 928 renasci-

2217 979 2358 1031 mur,
2381 972 2438 1019 ut
2464 963 2573 1018 Deo
2599 963 2920 1033 placeamus,
2944 962 3028 1016 cui
3054 962 3248 1018 merito
3267 961 3517 1033 diSplicet
3544 965 3692 1034 quod
3721 980 3810 1018 na-

2218 1055 2417 1113 scendo
2433 1055 2811 1111 contraximus.
2832 1053 2955 1108 llaec
2978 1064 3061 1109 est
3076 1053 3247 1124 prima
3267 1053 3636 1126 eleemosyna,
3655 1071 3807 1125 quam

2219 1145 2374 1201 nobis
2393 1143 2638 1200 dedimus
2658 1185 2672 1207 ,
2700 1143 2953 1213 quoniam
2976 1157 3076 1199 nos
3112 1142 3260 1214 ipsos
3289 1144 3517 1200 miseros
3536 1147 3556 1176 ¹
3586 1160 3692 1216 per
3719 1148 3811 1199 mi-

2219 1236 2449 1292 serantis
2470 1234 2564 1290 Dei
2592 1231 3015 1289 misericordiam
3053 1233 3467 1303 requisivimus,
3488 1234 3696 1305 justum
3729 1235 3810 1306 ,ἱεισ-

2221 1329 2419 1386 dicium
2446 1328 2564 1399 ejus
2599 1327 2937 1391 conﬁtentes,
2969 1340 3074 1396 quo
3098 1326 3279 1383 miseri
3306 1326 3481 1383 eﬂ'ecti
3507 1342 3715 1395 sumus,
3742 1329 3808 1384 de

2219 1435 2327 1492 quo
2365 1420 2498 1476 dicit
2523 1418 2807 1489 Apostolus
2826 1458 2841 1483 ,
2868 1416 3131 1472 Iudicium
3159 1418 3362 1487 quidem
3389 1433 3452 1472 ac
3476 1434 3580 1472 uno
3609 1418 3667 1472 in
3689 1434 3809 1473 con-

2221 1510 2591 1564 demnationent
2620 1524 2641 1563 :
2664 1516 2720 1564 et
2754 1522 2959 1579 magna:
2995 1506 3240 1563 charitati
3284 1507 3402 1577 ejus
3428 1508 3630 1578 gratias
3658 1522 3811 1577 agen-

2226 1609 2338 1666 tes,
2369 1599 2439 1655 de
2460 1614 2563 1670 qua
2592 1598 2731 1654 idem
2758 1598 2872 1669 ipse
2901 1596 3027 1654 dicit
3051 1598 3236 1668 gratiae
3275 1596 3629 1669 praedicator,
3662 1598 3807 1653 Com-

2224 1691 2429 1747 mendat
2456 1701 2623 1746 autem
2647 1707 2793 1745 suam
2812 1690 3132 1746 dilectionem
3156 1689 3295 1744 Deus
3320 1689 3374 1743 in
3395 1690 3558 1754 nobis,
3576 1692 3809 1760 quoidam

2223 1801 2337 1838 cum
2364 1783 2530 1837 adhuc
2557 1793 2839 1854 peccatores
2864 1799 3101 1849 essemus,
3130 1782 3361 1837 Christus
3390 1799 3483 1853 pro
3511 1784 3661 1836 nobis
3681 1799 3809 1837 mor-

2223 1884 2341 1929 tuus
2381 1884 2453 1928 est
2483 1872 2660 1947 (Rom.
2704 1889 2736 1927 ν
2756 1914 2771 1938 ,
2801 1872 2868 1928 l6
2887 1914 2902 1939 ,
2933 1874 2965 1928 8
2985 1912 3000 1938 ,
3029 1872 3122 1942 9);
3157 1883 3213 1927 ut
3250 1882 3305 1927 et
3330 1886 3430 1927 nos
3459 1872 3720 1928 veraciter
3745 1874 3806 1929 de

2226 1972 2406 2019 nostra
2448 1964 2663 2018 miseria
2684 1962 2985 2032 judicantes
3005 2004 3021 2029 ,
3049 1971 3103 2017 et
3124 1963 3291 2019 Deum
3322 1963 3588 2019 eharitate
3609 1963 3632 1995 ³
3659 1979 3805 2035 quam

2224 2052 2440 2109 donavit
2471 2054 2585 2124 ipse
2612 2054 2893 2125 diligentes
2914 2097 2929 2122 ,
2964 2055 3047 2124 pie
3076 2064 3326 2125 recteque
3354 2058 3625 2111 vivamus.
3669 2056 3805 2125 Quod

2219 2143 2479 2214 judicium
2501 2154 2554 2200 et
2580 2143 2890 2200 charitatem
2916 2146 3011 2201 Dei
3035 2160 3155 2200 cum
3180 2146 3434 2202 Pharisazi
3457 2148 3802 2217 prseterirent,

2224 2234 2564 2290 decimahant
2608 2246 2784 2292 tamen
2813 2248 3032 2307 propter
3069 2238 3442 2310 eleemosyuas
3484 2256 3625 2310 quas
3665 2243 3805 2297 iacie~

2225 2328 2352 2384 bant
2376 2330 2534 2385 etiam
2556 2346 2779 2400 quaeque
2807 2332 3159 2386 minutissima
3183 2332 3447 2388 fructuum
3474 2349 3697 2389 suorum
3722 2353 3735 2387 :
3757 2347 3804 2389 et

2225 2419 2346 2474 ideo
2371 2435 2476 2475 non
2496 2419 2694 2475 dabant
2714 2421 3083 2494 eleemosyuas
3110 2437 3139 2475 a
3170 2437 3228 2476 se
3252 2422 3591 2493 incipientes,
3613 2439 3802 2480 secunt-

2223 2528 2328 2583 que
2349 2513 2495 2582 prius
2517 2513 2937 2569 misericordiam
2963 2513 3220 2570 facientes
3242 2513 3283 2567 ⁸.
3311 2516 3537 2586 PrOpter
3555 2532 3717 2586 quem
3736 2516 3803 2571 di-

2222 2604 2469 2661 lectionis
2497 2606 2738 2661 ordinem
2766 2606 2963 2662 dictum
2992 2617 3073 2662 est
3092 2648 3108 2675 ,
3138 2606 3332 2681 Diliges
3357 2612 3652 2680 proximum
3680 2622 3801 2665 tuum

2224 2706 2463 2772 tanquam
2489 2709 2536 2752 te
2559 2699 2727 2769 ipsum
2750 2699 2896 2771 (Luc.
2928 2716 2960 2754 x
2983 2743 2997 2767 ,
3024 2697 3139 2771 27).
3168 2702 3297 2755 Cum
3328 2717 3459 2772 ergo
3488 2704 3803 2774 iucrepasset

2224 2804 2318 2845 eos
2343 2790 2484 2860 quod
2524 2789 2820 2846 forinsecus
2844 2806 2904 2847 se
2931 2792 3177 2847 lavabaut
3195 2833 3211 2859 ,
3243 2793 3385 2848 intus
3411 2804 3594 2851 autem
3633 2798 3800 2866 rapina

2223 2888 2279 2935 et
2303 2880 2579 2951 iniquitate
2606 2882 2748 2952 pleni
2776 2892 2929 2938 erant
2947 2924 2962 2950 ,
2991 2883 3289 2939 admonens
3314 2886 3541 2955 quadam
3578 2888 3801 2943 eleemo-

2222 2986 2355 3044 syna
2376 2971 2435 3041 ⁸,
2467 2988 2626 3043 quam
2664 2973 2767 3029 sibi
2798 2975 2959 3029 homo
2985 2974 3143 3030 debet
3190 2976 3435 3045 primitus
3465 2978 3599 3034 dare
3618 3022 3635 3045 ,
3681 2980 3801 3034 inte-

2226 3064 2366 3120 riora
2390 3065 2635 3121 mundari
2665 3081 2682 3120 :
2724 3066 3106 3135 Verumtamen,
3150 3067 3358 3139 inquit,
3390 3070 3527 3138 quod
3549 3081 3799 3142 superest,

2218 3160 2344 3214 date
2386 3160 2754 3231 elecmosynam
2772 3197 2790 3226 ,
2820 3169 2867 3213 et
2910 3175 3021 3214 ecce
3064 3160 3236 3214 omnia
3264 3160 3456 3214 munda
3497 3172 3617 3216 sunt
3663 3163 3797 3217 uobis.

2225 3257 2428 3315 Deinde
2457 3265 2515 3313 ut
2550 3256 2859 3313 ostenderet
2884 3256 3010 3326 quid
3035 3256 3434 3324 admonuisset,
3476 3264 3534 3311 et
3557 3258 3689 3328 quid
3718 3256 3798 3327 ipsi

2224 3349 2403 3406 facere
2441 3364 2545 3405 non
2574 3356 2860 3413 curarent,
2893 3362 2961 3404 ne
2984 3347 3131 3403 illum
3163 3357 3413 3417 putarent
3454 3364 3648 3404 eorum
3672 3350 3797 3405 elec-

2226 3455 2480 3512 mosynas
2519 3440 2766 3510 ignorare
2796 3455 2811 3493 :
2845 3438 2953 3494 Sed
2980 3454 3055 3492 me
3094 3437 3266 3505 vobis,
3296 3439 3466 3508 inquit
3494 3436 3799 3495 Pharistcis:

2226 3540 2475 3602 tanquam
2504 3530 2741 3598 diceret,
2791 3530 2905 3603 Ego
2943 3530 3156 3602 quidem
3196 3533 3501 3587 commonui
3548 3549 3648 3589 vos
3672 3534 3799 3590 elec-

2224 3639 2502 3696 uosynam
2531 3623 2759 3679 dandam
2780 3664 2795 3689 ,
2843 3639 2939 3694 per
2961 3640 3118 3695 quam
3146 3625 3300 3680 vobis
3343 3626 3539 3681 munda
3571 3627 3684 3682 sint
3706 3643 3805 3680 om-

2225 3716 2348 3782 nia;
2381 3714 2487 3771 Sed
2530 3729 2606 3769 τω
2632 3715 2770 3769 vobis
2794 3715 2881 3787 qui
2927 3715 3188 3770 decintatis
3213 3726 3433 3770 mentam
3477 3725 3523 3770 et
3562 3726 3731 3771 rutam
3767 3722 3807 3768 ct

2224 3821 2373 3861 omne
2401 3806 2553 3872 olus;
2584 3805 2680 3859 has
2718 3806 2861 3861 enim
2890 3806 3015 3860 novi
3058 3806 3428 3878 eleemosyuas
3457 3815 3671 3862 vestras
3690 3850 3704 3875 ,
3748 3820 3805 3860 ne

2224 3886 2292 3954 de
2319 3898 2424 3953 illis
2451 3912 2536 3951 me
2562 3912 2705 3952 nunc
2725 3913 2821 3953 vos
2842 3898 3182 3954 admonuisse
3202 3900 3533 3955 arbitremini
3563 3916 3580 3953 :
3613 3909 3663 3955 et
3682 3913 3803 3970 prae-

2224 3989 2384 4044 teritis
2400 3988 2655 4059 judicium
2676 3998 2724 4043 et
2743 3989 3037 4043 charitatem
3063 3989 3188 4055 Dei;
3208 4006 3310 4060 qua
3332 3990 3680 4062 eleemosyna
3700 4002 3808 4061 pos-

2224 4082 2353 4138 setis
2383 4082 2451 4137 ab
2477 4081 2625 4136 omni
2654 4081 3059 4153 inquinamento
3088 4083 3323 4138 interiori
3355 4082 3625 4150 mundari,
3648 4093 3703 4138 ut
3728 4097 3807 4136 vo-

2225 4174 2308 4231 bis
2328 4174 2524 4230 munda
2543 4182 2725 4230 essent
2744 4184 2799 4231 et
2822 4190 3047 4247 corpora
3068 4191 3186 4247 quae
3206 4176 3392 4232 lavatis
3413 4195 3425 4231 :
3448 4178 3550 4232 hoc
3571 4188 3660 4232 est
3683 4175 3808 4231 enini

2224 4267 2428 4331 omnia,
2458 4274 2515 4323 et
2552 4265 2805 4322 interiora
2851 4267 3055 4322 scilicet
3083 4277 3137 4322 et
3175 4269 3476 4334 exteriora;
3524 4268 3667 4324 sicut
3694 4266 3807 4322 alibi

2220 4359 2438 4430 legitur,
2461 4356 2706 4413 Mundate
2719 4373 2834 4427 quw
2854 4358 2989 4411 intus
3004 4367 3139 4425 sunt,
3159 4368 3204 4412 et
3225 4374 3338 4430 qua:
3353 4360 3479 4430 foris
3493 4369 3618 4413 sunt
3640 4357 3812 4414 munda

2222 4460 2371 4506 erunt
2389 4449 2605 4523 (Matth.
2623 4464 2772 4516 χχιιι,
2788 4446 2903 4522 26).
2922 4447 3027 4504 Sed
3047 4465 3114 4504 ne
3135 4450 3265 4505 istas
3292 4450 3693 4522 eleemosynas,
3708 4466 3813 4522 qua:

2226 4542 2360 4599 ﬁunt
2377 4541 2445 4597 de
2466 4540 2723 4597 fructibus
2745 4550 2919 4607 terno,
2946 4541 3218 4610 respuisse
3239 4540 3511 4596 videretur
3534 4559 3547 4595 :
3573 4542 3724 4609 "ac,
3743 4543 3814 4595 in-

2224 4636 2357 4706 quit,
2378 4633 2595 4705 apertuit
2612 4635 2798 4704 facere,
2817 4631 2869 4686 id
2890 4640 2992 4697 est,
3008 4631 3266 4700 judicium
3283 4641 3336 4687 et
3357 4630 3681 4688 charitatem
3706 4632 3807 4688 Dei:

2223 4734 2270 4779 et
2294 4725 2386 4778 illa
2414 4740 2514 4777 non
2540 4723 2768 4777 omittere
2791 4721 2945 4792 (Luc.
2979 4738 3057 4791 XI,
3088 4722 3201 4793 4‘2),
3232 4722 3283 4779 id
3312 4730 3415 4789 est,
3444 4722 3807 4795 eleemosynas

2222 4815 2490 4871 fructuum
2515 4824 2869 4869 terrenarum.

2292 4906 2519 4962 CAPUT
2550 4906 2810 4962 LXXVII.
2831 4938 2901 4949 —-
2922 4906 3177 4977 Iniquitas
3202 4908 3508 4973 deserenda,
3542 4918 3596 4961 ut
3628 4908 3809 4980 prosint

2224 4997 2568 5068 elcemosynaz.
2598 4996 2714 5053 Non
2741 5012 2871 5069 ergo
2898 5013 2957 5053 se
2984 4996 3187 5063 fallant,
3212 4999 3301 5068 qui
3330 5014 3424 5068 per
3450 5001 3810 5071 eleemosynas

2225 5090 2485 5158 quaslibet
2514 5090 2839 5159 largissimas
2868 5091 3133 5145 fructuum
3160 5106 3381 5146 suorum
3406 5092 3492 5147 vel
3521 5091 3815 5162 cujuscum-

2224 5195 2330 5251 que
2362 5182 2618 5251 pecuniai,
2646 5183 3012 5251 impunitatem
3039 5197 3099 5238 se
3122 5197 3304 5239 emere
3330 5183 3640 5241 existimant
3672 5185 3721 5239 iu
3746 5182 3809 5234 ia-

2288 5292 2303 5358 ξ
2340 5292 2414 5342 sic
2431 5298 2541 5343 Mss.
2565 5294 2685 5343 Editi
2709 5307 2846 5358 vero,
2871 5293 2956 5358 qui
2971 5301 3148 5358 autem.

2286 5355 2306 5420 ξ
2339 5361 2461 5420 Tres
2480 5362 2606 5415 Mss,
2626 5369 2709 5420 nos
2722 5355 2859 5420 ipsos
2880 5355 3053 5408 inerito
3074 5357 3292 5420 miseros.

2288 5415 2308 5481 ξ
2340 5415 2478 5476 Editi,
2502 5424 2548 5466 et
2572 5416 2663 5467 Dei
2685 5415 2983 5481 charitatem.
3009 5419 3311 5481 Castigantur
3330 5431 3392 5470 ex
3421 5427 3530 5481 Mss.

2284 5476 2308 5553 ξ
2340 5484 2440 5553 Am.
2456 5484 2676 5553 _E}‘.__t.0t_t.
2703 5487 2828 5553 post,
2852 5480 3098 5552 facientes,
3122 5476 3582 5553 a71dunt,sicut_is{t'
3604 5496 3685 5553 eas
3708 5481 3816 5529 dan-

2223 5535 2312 5648 {lqs
2336 5545 2519 5602 putant.
2542 5535 2831 5591 Verha'suat
2846 5535 2910 5591 ex
2933 5535 3188 5605 superiore
3211 5535 3369 5604 capite
3394 5542 3523 5593 male
3548 5545 3641 5594 huc
3666 5551 3811 5593 imus-

2240 5614 2266 5648 a
2285 5614 2337 5648 4a.

2240 5614 2337 5649 θυι.

2284 5664 2308 5727 ³Α
2330 5671 2431 5727 A_m.
2449 5668 2521 5712 Er.
2540 5670 2648 5727 Lor.
2664 5669 2714 5713 et
2731 5672 2863 5727 ιιι-ιι,
2874 5664 3137 5727 admonens
3158 5663 3419 5726 quamdam
3434 5664 3779 5727 eleeutosytmn
3797 5671 3811 5707 :

2222 5736 2272 5833 (il
2298 5724 2417 5834 mira
2427 5721 2563 5834 [post
2585 5727 2703 5830 dqre
2718 5765 2731 5781 .
2759 5721 3020 5793 habebant,
3042 5730 3088 5777 et
3106 5721 3337 5777 interiora
3365 5721 3812 5778 mundareft‘sueu-

2222 5800 2311 5833 tau
2337 5799 2393 5834 ur
2460 5800 2503 5834 lC
2527 5801 2588 5834 ex
2641 5796 2721 5834 iss.

2220 5796 2393 5834 dantur
2427 5796 2503 5836 Inc
2527 5801 2588 5834 ex
2618 5796 2721 5836 mss.
