3896 6382
194 391 405 444 cinerum
434 377 759 437 immanitate
798 390 864 431 ac
890 372 1209 445 ﬂagitiorum
1249 370 1479 441 nequitia
1523 368 1735 441 pet-ma;

195 476 366 535 nandi:
392 487 492 527 non
514 469 689 527 solum
715 468 863 522 enim
889 466 1010 520 haec
1034 463 1249 531 faciunt,
1275 461 1368 517 sed
1395 462 1464 516 ita
1489 460 1733 532 diligunt,

194 576 245 623 nt
264 567 308 622 in
330 563 401 619 eis
435 575 649 630 semper
672 565 895 629 optent,
938 562 1142 611 tantum
1174 554 1219 608 si
1245 552 1451 624 possint
1481 552 1697 622 impune
1719 593 1735 617 ,

194 656 379 716 versari.
401 654 497 722 Qui
510 660 682 707 autem
700 650 867 721 diligit
884 647 1223 718 iniquitatem,
1238 645 1346 701 odit
1358 645 1581 699 animam
1595 661 1740 698 suam

192 750 333 825 (Paul.
363 765 427 815 ι,
450 746 543 818 6);
574 753 632 800 et
658 744 750 814 qui
791 741 905 797 odit
944 741 1177 796 animam
1208 753 1399 805 suam,
1443 751 1546 792 non
1576 743 1659 791 est
1686 737 1738 790 in

190 857 288 900 eam
306 838 605 895 misericors
622 876 640 902 ,
669 833 765 890 sed
790 831 1024 889 crudelis
1056 846 1070 885 :
1101 829 1371 901 diligendo
1399 842 1517 884 eam
1546 827 1743 898 quippe

191 930 442 990 secundum
458 926 739 991 saeculum,
756 924 869 979 odit
887 938 1009 979 eam
1029 920 1319 977 secundum
1337 920 1525 975 Deum.
1542 918 1596 975 Si
1614 932 1743 989 ergo

192 1022 329 1078 vellet
340 1020 383 1075 ei
394 1018 519 1074 dare
532 1018 956 1086 eleemosynam,
970 1027 1067 1083 per
1081 1027 1242 1082 quam
1260 1011 1335 1066 illi
1350 1020 1532 1066 essent
1546 1008 1741 1064 munda

196 1113 341 1168 omnia
358 1152 371 1176 ,
394 1110 596 1171 odisset
622 1122 742 1164 eam
769 1105 1060 1162 secundum
1088 1103 1342 1158 smculnm
1363 1144 1377 1169 ,
1407 1111 1461 1156 et
1500 1101 1742 1171 diligeret

194 1202 442 1258 secundum
464 1201 657 1255 Deum.
683 1195 855 1253 Nemo
873 1205 1049 1251 autem
1073 1194 1165 1250 dat
1188 1194 1585 1264 eleemosynam
1610 1206 1743 1262 qua-

191 1292 395 1349 lailibet
414 1333 428 1357 ,
450 1290 552 1345 nisi
585 1289 729 1344 unde
750 1288 843 1342 det
864 1287 932 1341 ab
958 1287 1049 1342 illo
1077 1286 1305 1357 accipiat
1328 1285 1419 1355 qui
1447 1299 1552 1339 non
1580 1291 1736 1353 eget:

191 1385 297 1440 ideo
316 1384 499 1438 dictum
527 1390 630 1447 est,
658 1378 1014 1435 Hisericordia
1038 1378 1148 1448 ejus
1173 1378 1439 1447 praeveniet
1461 1392 1541 1431 me
1568 1373 1737 1447 (Psal.

189 1490 297 1532 mn
315 1517 328 1540 ,
348 1474 452 1545 Ii).

248 1565 457 1623 CAPUT
485 1562 767 1620 LXXVIII.
786 1592 861 1604 —
877 1562 968 1617 2|.
994 1559 1209 1616 Peccata
1226 1559 1457 1631 quadam
1478 1567 1615 1626 sunt,
1632 1574 1745 1630 qua

191 1662 387 1713 humano
417 1656 609 1728 judicio
637 1672 740 1710 non
766 1670 874 1709 esse
915 1662 1230 1725 putarentur.
1274 1651 1404 1720 Qua:
1432 1652 1540 1706 sint
1567 1659 1743 1705 autem

192 1751 344 1819 levia,
368 1766 478 1821 qum
511 1748 687 1819 gravia
715 1756 933 1817 peccata
953 1787 968 1811 ,
1012 1760 1119 1801 non
1148 1744 1382 1799 humano
1403 1785 1417 1808 ,
1445 1743 1539 1799 sed
1565 1743 1746 1798 divino

191 1852 305 1898 sunt
327 1841 578 1913 pensanda
599 1837 1079 1910 judicio.Videmns
1106 1837 1248 1892 enim
1261 1836 1501 1906 quaedam
1529 1834 1598 1890 ab
1618 1835 1747 1906 ipsis

196 1947 393 2003 quoque
428 1930 683 2001 Apostolis
727 1927 1055 2001 ignoscendo
1085 1926 1248 1983 fuisse
1282 1926 1749 1997 concessazquale

201 2022 325 2076 illud
344 2029 419 2076 est
434 2020 569 2092 quod
583 2019 894 2077 venerabilis
917 2020 933 2051 ¹
958 2017 1157 2075 Paulus
1180 2016 1494 2089 conjugibus
1517 2016 1611 2083 ait,
1635 2015 1750 2071 No-

205 2113 291 2167 lite
322 2111 548 2181 fraudare
570 2112 798 2177 inuicem,
828 2111 929 2165 nisi
967 2126 1031 2165 ea:
1055 2124 1303 2164 consensu
1341 2110 1410 2163 ad
1434 2118 1664 2179 tempus,
1694 2118 1750 2163 ut

202 2203 375 2256 vacetis
396 2201 635 2267 orationi;
670 2209 718 2256 et
737 2201 922 2255 iterum
950 2200 1019 2254 ad
1045 2200 1267 2270 idipsum
1303 2208 1459 2254 estote
1477 2200 1499 2231 ⁸
1517 2240 1533 2267 ,
1562 2214 1626 2254 ne
1662 2214 1749 2254 vos

197 2301 339 2348 tentet
352 2302 547 2347 saluam
563 2301 763 2363 propter
779 2291 1197 2346 incontinentiam
1215 2299 1432 2345 vestram
1454 2304 1475 2344 :
1491 2288 1633 2360 quod
1654 2303 1753 2359 pu-

197 2385 288 2439 tari
314 2395 484 2455 posset
507 2398 607 2438 non
644 2396 768 2440 esse
797 2391 1072 2453 peccatum
1092 2422 1109 2448 ,
1148 2379 1363 2436 misceri
1388 2379 1595 2437 scilicet
1617 2394 1752 2435 con-

194 2475 293 2545 iugi
317 2491 414 2530 non
441 2474 663 2530 ﬁliorum
691 2471 1150 2545 procreandorum
1176 2485 1358 2537 causa,
1384 2471 1526 2543 quod
1552 2470 1751 2527 bonum

197 2576 271 2622 cst
293 2568 545 2639 nuptiale,
576 2567 669 2623 sed
695 2564 929 2622 carnalis
962 2565 1122 2621 etiam
1149 2565 1473 2635 voluptatis;
1503 2573 1562 2619 ut
1589 2562 1755 2620 forni-

198 2659 426 2725 cationis,
453 2659 565 2714 sive
587 2657 873 2724 adulterii,
903 2657 1015 2713 sive
1050 2656 1363 2727 cujusquam
1402 2655 1626 2712 alterius
1654 2656 1755 2712 imo

198 2750 443 2806 munditiae
468 2749 803 2806 mortiferum
829 2749 1028 2805 malum
1050 2790 1065 2817 ,
1111 2747 1255 2820 quod
1283 2756 1440 2820 turpe
1476 2756 1558 2804 est
1592 2749 1753 2805 etiam

199 2840 386 2909 dicere,
408 2856 513 2913 quo
540 2849 717 2913 potest
747 2850 985 2897 tentante
1009 2848 1193 2897 satana
1213 2838 1381 2897 libido
1404 2840 1713 2911 pertrahere
1733 2882 1752 2912 ,

203 2930 608 2988 incontinentiam
626 2932 831 2988 devitet
854 2932 1157 2987 inﬁrmitas.
1181 2932 1371 2988 Posset
1384 2947 1533 3005 ergo,
1551 2941 1607 2988 ut
1622 2932 1755 3003 dixi,

202 3020 299 3078 hoc
328 3024 487 3093 putari
511 3039 612 3081 non
640 3038 766 3081 esse
791 3032 1068 3095 peccatum
1086 3065 1102 3092 ,
1127 3023 1233 3079 nisi
1274 3023 1568 3079 addidisset
1598 3042 1612 3079 :
1641 3022 1758 3080 Hoc

202 3123 350 3168 autem
372 3116 478 3170 dico
502 3117 777 3170 secundum
802 3117 995 3170 veniam
1016 3156 1033 3183 ,
1059 3132 1161 3170 non
1182 3115 1458 3170 secundum
1492 3116 1759 3188 imperium

196 3203 243 3274 (l
264 3204 371 3259 Cor.
395 3221 492 3272 vn,
517 3208 567 3272 5,
599 3206 679 3277 6).
710 3205 842 3273 Quis
873 3215 1054 3262 autem
1075 3206 1186 3276 jam
1212 3221 1333 3262 esse
1358 3217 1632 3277 peccatum
1660 3222 1757 3262 ne-

193 3309 303 3370 get,
327 3315 438 3355 cum
482 3299 595 3355 dari
619 3300 831 3355 veniam
858 3298 1171 3355 facientibus
1206 3300 1495 3369 apostolica
1525 3300 1753 3355 auctori-

194 3398 323 3459 tate,
351 3389 578 3447 fateatur
595 3390 657 3444 ’ἲ
684 3390 815 3446 Tale
837 3388 1087 3461 quiddam
1112 3398 1196 3445 est
1215 3430 1232 3456 ,
1275 3389 1366 3444 ubi
1391 3388 1521 3445 dicit
1550 3405 1567 3443 :
1596 3390 1761 3445 Audet

191 3482 430 3550 quisquam
447 3491 671 3538 vestrum
693 3482 933 3536 adversus
956 3481 1171 3535 alterum
1195 3481 1451 3551 negotium
1472 3481 1661 3535 habens
1670 3464 1763 3552 fu-

195 3573 341 3627 dicari
360 3573 503 3646 apud
513 3574 728 3645 iniquos,
748 3582 795 3627 et
819 3590 920 3628 non
944 3573 1087 3644 apud
1100 3573 1330 3627 sanctos?
1347 3573 1414 3628 Et
1428 3573 1587 3644 paulo
1607 3581 1758 3644 postt

197 3665 455 3722 Set-alario
494 3667 652 3740 igitur
684 3666 887 3737 judicia
913 3666 959 3721 si
983 3665 1291 3734 habueritis,
1334 3666 1540 3735 inquit,
1568 3681 1653 3721 eos
1676 3666 1765 3739 qui

191 3760 567 3830 contemptibiles
592 3769 711 3813 sunt
737 3758 792 3812 in
815 3756 1048 3812 Ecclesia
1067 3798 1083 3824 ,
1110 3755 1202 3811 hos
1226 3756 1468 3811 collocato
1487 3755 1529 3808 ⁸.
1554 3755 1637 3810 Ad
1680 3772 1764 3810 re-

191 3852 440 3906 uerentiam
458 3850 604 3905 vobis.
628 3850 744 3903 dico
765 3863 786 3902 :
806 3848 878 3913 sic
903 3862 1005 3901 non
1031 3856 1105 3901 est
1129 3846 1259 3900 inter
1282 3861 1370 3901 nos
1396 3845 1661 3919 quisquam
1682 3862 1768 3901 sa-

192 3943 320 4014 piens
341 3944 424 4016 qui
448 3942 613 4015 possit
637 3941 774 3995 inter
794 3943 1005 4011 fratrem
1027 3954 1174 3994 suum
1188 3935 1428 4008 judicare
1442 3936 1471 3991 .’
1496 3936 1586 3991 sed
1610 3939 1769 4008 frater

193 4050 292 4087 cum
310 4038 459 4105 fratre
470 4032 772 4107 judicatur,
801 4029 964 4084 ethoc
987 4026 1128 4099 apud
1150 4027 1423 4098 inﬁdeles!
1446 4026 1577 4082 Nam
1602 4036 1659 4083 et
1680 4026 1767 4083 hic

194 4134 355 4193 posset
376 4124 551 4195 putari
570 4121 834 4193 judicium
862 4120 1061 4176 habere
1084 4116 1344 4174 adversus
1368 4117 1594 4174 alterum
1612 4157 1629 4185 ,
1660 4132 1768 4173 non

191 4230 299 4273 esse
329 4228 613 4288 peccatum
634 4257 650 4282 ,
680 4213 776 4271 sed
813 4210 1181 4269 tantummodo
1206 4209 1261 4266 id
1298 4219 1446 4266 extra
1477 4206 1769 4266 Ecclesium

193 4310 317 4367 velle
341 4310 579 4382 indicari
600 4349 616 4373 ,
648 4307 752 4364 nisi
791 4314 1003 4383 secutus
1032 4304 1345 4375 adjungeret
1374 4320 1391 4358 :
1417 4301 1542 4358 lam
1568 4303 1772 4373 quidem

192 4405 376 4458 omnino
385 4404 637 4458 delictum
660 4409 755 4465 est,
771 4399 890 4469 quia
906 4394 1104 4470 judicia
1118 4396 1310 4452 habetis
1322 4396 1574 4451 vobiscum
1591 4392 1636 4468 (Ι
1650 4393 1769 4451 Cor.

194 4509 271 4565 ιι,
299 4497 437 4567 1-7).
462 4497 533 4552 Et
560 4508 639 4550 ne
661 4493 951 4564 quisquam
973 4490 1075 4546 hoc
1098 4489 1171 4545 ita
1202 4496 1519 4555 excusaret,
1546 4497 1605 4543 ut
1624 4487 1773 4544 diee-

247 4673 265 4704 ³
294 4679 411 4733 vox,
432 4666 749 4733 namabilis,
766 4666 1098 4733 deestjnnno
1118 4670 1359 4733 ωηιξη-θ
1379 4664 1615 4716 vsticanis
1628 4672 1743 4733 ptas.

247 4735 266 4766 '
459 4734 534 4797 9d
559 4725 1065 4797 ψεηωίωειςίηιὺάε
1105 4735 1163 4797 At.
1193 4726 1435 4797 Plerique.
1454 4725 1778 4797 aemelius!

195 4771 1778 4862 ωῗᾶἶάῖὶειῖἥῖέθὶἷέἇιεεὲᾇιὲῐὲέῖ

195 4858 266 4919 (ιιιί
285 4850 402 4908 solet
427 4850 735 4919 Augustinus
749 4854 800 4902 in
816 4850 1023 4915 Epistula
1044 4850 1153 4919 itii,
1175 4851 1479 4919 in_sermone
1499 4850 1584 4919 35f
1608 4882 1624 4909 ,
1647 4863 1698 4898 ιι.
1722 4851 1770 4919 5,

196 4909 335 4984 in‘lib.
365 4920 399 4970 5
431 4909 629 4984 contra
655 4909 914 4984 Faustum,
936 4925 1048 4984 cap.
1067 4909 1431 4984 9.;'e_ademque
1451 4909 1609 4983 lect-io
1651 4912 1775 4984 apud

197 4981 437 5042 uigentem
459 4978 686 5029 adhibita
708 4977 799 5042 fuit
816 4972 1082 5042 inbomilia
1101 4972 1153 5023 in
1172 4972 1651 5042 sumet'os_vige_sitna
1676 4972 1776 5042 [er-

198 5032 291 5104 ιερῖ
319 5044 453 5104 quasi
477 5054 569 5104 ιπο
584 5036 943 5104 πρωτείιεωιξν
968 5033 1353 5104 maerentum.
1616 5033 1776 5104 [ante

198 5094 399 5174 ejusdem
434 5094 739 5174 sententiae,
759 5097 883 5174 loco,
905 5094 1325 5158 incmtinaztiam;
1347 5094 1566 5148 nonnulli
1584 5097 1778 5147 culices

197 5164 517 5276 minimi-HM"
530 5179 547 5286 .'
571 5168 841 5293 θρέφἪώ
1155 5219 1543 5293 {meum
1563 5216 1778 5293 ηειοιξονίε

200 5281 1780 5351 ωηεειαρρέιοιίωωιειρνίιαξξίιξωααενεωεεενθδλροῖ

200 5350 311 5417 stola
338 5341 457 5398 dari'
476 5341 677 5417 veniam
692 5345 1003 5417 ,“secttndum
1032 5341 1317 5417 illudpaulo
1339 5350 1455 5394 ante
1485 5341 1777 5402 dicuun,'ab

1095 5417 1557 5541 ’é‘éﬁ‘tétmss-
1573 5465 1775 5541 habent!

202 5544 286 5581 nec
319 5541 488 5583 textus
522 5544 720 5595 graecus
742 5530 990 5595 'Apostoli.
1026 5537 1226 5595 Rursum
1257 5530 1779 5595 infraconsentientes

364 5589 573 5643 vetere's
590 5594 785 5643 codices
798 5589 1068 5656 sequimur
1080 5627 1107 5656 _,_
1120 5590 1303 5642 relictis
1328 5590 1471 5656 editis
1486 5625 1501 5650 ,
1525 5589 1609 5652 qui
1646 5590 1779 5656 fc_re-

291 5662 327 5712 t,
487 5656 760 5720 fratremet
784 5650 986 5720 fratrem
992 5653 1239 5717 judicare,
1263 5652 1348 5705 sed
1369 5653 1522 5715 frater
1542 5650 1653 5703 cum
1674 5650 1779 5714 fra-

205 5720 269 5765 tre
282 5717 469 5779 judicio
488 5715 755 5767 'cmtendit.

1579 257 1777 314 LIBER
1816 257 2012 315 UNUS.

3320 265 3429 325 ειτο

1846 378 1930 425 ret
1947 369 2148 440 justum
2186 383 2246 425 se
2277 368 2474 427 habere
2513 371 2819 442 negotium»,
2866 372 2962 429 scd
3006 372 3333 445 iniquitatem
3364 394 3426 433 se

1843 462 1985 531 pati,
2017 476 2173 532 quam
2219 461 2379 517 vellet
2405 476 2435 515 a
2464 475 2525 517 se
2561 462 2800 533 iudicum
2826 466 3087 522 sententia
3120 470 3423 535 removeri;

1840 553 2094 608 continuo
2120 552 2310 608 talibus
2332 553 2738 624 cogitationibus
2767 556 2852 611 vel
2879 558 3312 615 excusationibns
3333 576 3428 616 oc-

1841 644 2037 711 currit,
2070 654 2228 715 atque
2269 645 2344 699 ait
2373 660 2389 697 :
2426 642 2596 710 Quare
2620 661 2721 700 non
2763 649 2924 719 magis
2949 649 3263 719 iniquitatem
3288 656 3427 725 pati-

1841 735 2002 789 mini?
2028 751 2185 806 quare
2206 751 2309 789 non
2333 735 2500 806 potius
2522 736 2870 806 fraudamini?
2890 737 2954 795 Ut
2983 740 3049 794 ad
3081 741 3207 797 illud
3233 742 3425 798 redca-
3496 804 3497 807 η

1846 833 1963 890 tur,
1994 826 2134 896 quod
2164 826 2415 881 Dominus
2444 826 2551 893 ait,
2585 820 2648 882 Si
2670 827 2783 898 quis
2806 828 3017 883 voluerit
3039 832 3259 887 tunicam
3288 842 3429 888 tuam

1846 918 2051 983 tollere,
2081 926 2129 971 et
2148 918 2347 989 judicio
2374 926 2535 973 tecum
2560 919 2858 975 contendere
2876 963 2892 987 ,
2925 921 3119 976 dimitte
3143 923 3221 977 illi
3238 935 3289 978 et
3311 928 3430 995 pal-

1846 1006 1971 1063 lium
1995 1006 2206 1081 (Matth.
2236 1025 2302 1072 v,
2334 1009 2460 1080 40);
2487 1018 2541 1066 et
2567 1011 2674 1066 alio
2702 1012 2853 1080 loco,
2881 1012 2982 1079 Qui
3007 1014 3302 1082 abstulerit,
3344 1018 3430 1072 in-

1844 1101 1991 1170 quit,
2023 1109 2142 1165 tua,
2186 1101 2294 1155 noli
2317 1112 2539 1173 repetere
2568 1101 2717 1175 (Luc.
2747 1119 2833 1171 vr,
2874 1105 2989 1176 50).
3022 1106 3300 1164 Prohibuit
3329 1109 3432 1164 ita-

1845 1205 1949 1260 quc
1979 1204 2105 1247 suos
2142 1191 2210 1247 de
2248 1192 2595 1249 saecularibus
2623 1194 2784 1250 rebus
2811 1211 2930 1251 cum
2961 1198 3079 1253 aliis
3122 1198 3429 1257 hominibus

1846 1279 2315 1352 haberejudicium
2344 1300 2359 1339 :
2384 1299 2449 1339 ex
2469 1299 2570 1354 qua
2592 1285 2835 1341 doctrina
2858 1288 3144 1357 Apostolus
3163 1289 3292 1346 dicit
3312 1306 3434 1348 esse

1844 1372 2117 1426 delictum.
2145 1373 2344 1430 Tamen
2370 1389 2492 1432 cum
2512 1377 2638 1431 sinit
2662 1377 2714 1431 in
2739 1378 2973 1434 Ecclesia
3004 1381 3128 1436 talia
3152 1382 3348 1451 judicia
3375 1384 3435 1437 fi-

1847 1464 1947 1517 niri
1978 1464 2119 1518 inter
2145 1465 2335 1521 fratres
2360 1465 2613 1522 fratribus
2640 1468 3001 1538 iudicantibus
3019 1513 3034 1538 ,
3061 1482 3213 1529 extra
3240 1474 3431 1530 Eccle-

1846 1555 1981 1608 siam
2002 1569 2130 1610 vero
2157 1556 2469 1613 terribiliter
2487 1567 2660 1625 vetat;
2684 1559 3023 1616 manifestum
3054 1574 3134 1618 est
3157 1565 3317 1619 etiam
3345 1565 3433 1620 hic

1847 1647 1973 1717 quid
2011 1648 2303 1703 secundum
2332 1648 2541 1705 veniam
2579 1651 2903 1707 concedatur
2930 1653 3175 1709 infirmis.
3208 1656 3436 1728 Propter

1850 1738 1966 1794 haec
1992 1748 2152 1811 atque
2180 1740 2483 1812 hujusmodi
2530 1756 2780 1813 peccata,
2813 1740 2868 1802 et
2893 1747 3029 1815 alia,
3072 1748 3197 1804 licet
3224 1750 3287 1805 iis
3327 1752 3432 1805 mi-

1850 1843 1979 1883 nora
2001 1868 2017 1894 ,
2045 1845 2163 1899 quae
2206 1830 2340 1886 ﬁunt
2362 1832 2650 1889 verborum
2681 1843 2734 1890 et
2774 1837 3155 1908 cogitationum
3178 1840 3434 1897 offensio-
3466 1852 3471 1857 '

1850 1917 2028 1984 nibus,
2059 1921 2302 1990 apostolo
2328 1921 2528 1978 Jacobo
2554 1925 2845 1983 confitente
2866 1943 2931 1984 ac
2957 1929 3190 1998 dicente,
3214 1930 3282 1987 In
3303 1933 3437 1988 mul-

1851 2010 1916 2065 tis
1950 2012 2085 2065 enim
2109 2010 2415 2079 o/I'endimus
2454 2033 2628 2071 ontnes
2656 2016 2858 2089 (Jacobi
2886 2037 2943 2078 ιιι
2962 2063 2980 2093 ,
3008 2023 3100 2096 2);
3141 2033 3353 2096 oportet
3381 2034 3441 2083 ut

1850 2100 2087 2171 quotidie
2110 2102 2403 2175 crebroque
2426 2120 2644 2163 oremus
2666 2110 2971 2183 Dominum,
2992 2125 3149 2186 atque
3172 2116 3436 2185 dicamus,

1852 2192 2063 2249 Dimitte
2103 2194 2245 2250 nobis
2272 2197 2436 2252 debita
2462 2212 2674 2267 nostra;
2699 2216 2802 2259 nec
2827 2203 2880 2257 in
2909 2219 2976 2260 eo
3016 2207 3157 2277 quod
3200 2211 3444 2281 sequitur

1852 2285 2209 2353 mentiamur,
2238 2287 2368 2342 sicut
2400 2298 2449 2344 et
2476 2306 2569 2345 nos
2593 2290 2891 2349 dimittimus
2914 2295 3220 2353 debitoribus
3256 2302 3444 2357 nostris

1855 2374 2066 2449 (Matth.
2099 2393 2147 2432 VI
2168 2420 2183 2441 ,
2213 2376 2326 2451 12).

1923 2466 2151 2525 CAPUT
2180 2470 2419 2527 LXXIX.
2453 2503 2526 2513 ——
2560 2473 2690 2543 Quae
2716 2474 2842 2531 leuia
2867 2477 3115 2547 videntur,
3136 2499 3244 2539 esse
3284 2485 3446 2541 inter-

1856 2556 1979 2613 dum
2022 2562 2339 2630 gravissima.
2371 2564 2507 2619 Sunt
2536 2574 2711 2623 autem
2756 2569 2998 2639 quaedam
3027 2588 3146 2645 quze
3177 2575 3446 2634 levissima

1856 2661 2203 2723 putarentur,
2248 2656 2347 2710 nisi
2378 2656 2430 2711 in
2461 2655 2750 2729 Scripturis
2790 2660 3289 2722 demonstrarentur
3325 2670 3447 2740 opi-

1857 2742 2019 2797 nione
2042 2746 2306 2814 graviora.
2338 2745 2469 2815 Quis
2506 2748 2650 2804 enim
2677 2750 2943 2807 dicentem
2984 2752 3133 2810 fratri
3163 2771 3299 2826 suo,
3330 2757 3445 2813 Fa-

1860 2840 1963 2900 tue,
1993 2848 2143 2890 reum
2171 2836 2429 2907 gehennm
2458 2848 2690 2909 putaret,
2718 2841 2821 2897 nisi
2846 2842 3056 2899 Veritas
3081 2845 3321 2904 diceret?
3347 2848 3448 2905 Cui

1860 2931 2039 2980 tamen
2067 2926 2274 2983 vulneri
2316 2927 2547 2999 subjecit
2573 2932 2829 2988 continuo
2858 2934 3174 2992 medicinam
3194 2980 3211 3005 ,
3240 2954 3451 3011 praece-

1862 3024 2008 3087 ptum
2032 3014 2281 3073 fraterna:
2297 3020 2744 3078 reconciliationis
2765 3024 3062 3098 adjungens
3080 3046 3093 3082 :
3114 3045 3234 3085 mox
3253 3032 3452 3104 quippe

1860 3106 1969 3173 ait,
1998 3107 2061 3163 Si
2101 3125 2220 3180 ergo
2251 3109 2403 3177 oﬂ'ers
2425 3111 2441 3143 ⁸
2474 3128 2655 3167 munus
2692 3122 2834 3168 tuum
2857 3117 2926 3170 ad
2963 3119 3157 3188 altare,
3184 3130 3232 3176 et
3255 3123 3327 3178 ibi
3367 3140 3451 3178 re-

1862 3198 2102 3255 cordatus
2143 3201 2335 3271 fueris,
2368 3201 2488 3271 quia
2514 3203 2675 3272 frater
2702 3214 2819 3259 tuus
2847 3206 2997 3263 habet
3034 3212 3229 3281 aliquid
3266 3213 3453 3269 aduer-

1862 3307 1974 3346 sum
1986 3301 2053 3360 te,
2068 3300 2172 3349 etc.
2195 3292 2402 3366 (Matth.
2432 3311 2484 3364 v,
2497 3295 2589 3364 22,
2606 3296 2724 3371 25).
2741 3298 2974 3371 Autquis
2986 3303 3274 3362 :cs1imaret
3293 3323 3454 3379 quam

1865 3400 2114 3456 magnum
2156 3395 2433 3456 peccatum
2462 3387 2564 3455 sit,
2595 3388 2713 3444 dies
2739 3389 3026 3448 observare
3067 3403 3120 3448 et
3151 3410 3365 3452 menses
3393 3409 3450 3454 et

1866 3492 2037 3534 annos
2062 3486 2118 3535 et
2158 3487 2402 3551 tempora
2421 3521 2437 3549 ,
2468 3481 2607 3537 sicut
2644 3482 2931 3539 observant
2955 3486 3044 3557 qui
3072 3490 3237 3545 certis
3263 3490 3453 3546 diebus

1867 3570 1981 3626 sive
2006 3570 2280 3627 mensibus
2303 3572 2417 3628 sive
2440 3573 2595 3629 annis
2617 3574 2803 3630 volunt
2824 3575 2906 3631 vel
2937 3576 3125 3633 nolunt
3150 3580 3349 3652 aliquid
3372 3583 3456 3638 in-

1868 3663 2084 3731 choare,
2106 3679 2171 3720 eo
2196 3664 2341 3735 quod
2367 3666 2661 3721 secundum
2690 3682 2856 3723 vanas
2881 3668 3151 3726 doctrinas
3179 3672 3456 3732 hominum

1868 3753 2037 3810 fausta
2055 3756 2137 3811 vel
2161 3754 2385 3811 infausta
2417 3756 2725 3814 existiment
2749 3766 3011 3829 tempora;
3032 3761 3133 3817 nisi
3154 3763 3314 3836 hujus
3328 3768 3455 3823 mali

1870 3849 2292 3921 magnitudinem
2334 3864 2400 3905 ex
2433 3850 2626 3907 timore
2663 3851 2907 3922 Apostoli
2952 3866 3335 3925 pensaremus,
3367 3861 3459 3930 qui

1872 3939 2065 3995 talibus
2090 3942 2197 4005 ait,
2232 3939 2405 3994 Timeo
2433 3956 2521 3997 vos
2539 3982 2554 4008 ,
2580 3957 2645 3997 ne
2664 3945 2796 4016 forte
2816 3943 2926 3999 sine
2944 3959 3101 4001 causa
3123 3945 3459 4005 laboraverim

1869 4032 1925 4089 in
1948 4034 2086 4089 vobis
2113 4031 2308 4103 (Galat.
2340 4050 2428 4102 Iv,
2462 4033 2594 4105 Il)?

1942 4127 2172 4184 CAPUT
2201 4126 2415 4182 LXXX.
2436 4157 2509 4168 —
2529 4126 2747 4183 Peccata
2773 4129 3028 4187 horrenda
3044 4174 3061 4200 ,
3091 4148 3187 4188 usu
3228 4134 3462 4191 uidentur

1875 4219 2024 4274 levia.
2052 4219 2167 4274 iiuc
2195 4218 2401 4274 accedit
2419 4220 2440 4251 ⁸
2468 4218 2611 4289 quod
2637 4229 2852 4290 peccata
2872 4262 2889 4288 ,
2918 4225 3162 4293 quamvis
3187 4240 3376 4296 magna
3404 4236 3463 4283 et

1877 4308 2165 4375 horrenda,
2194 4324 2317 4364 cum
2344 4308 2400 4364 in
2426 4309 2866 4367 consuetudinem
2893 4314 3157 4379 venerint,
3183 4324 3274 4369 aut
3300 4329 3462 4385 parva

1876 4408 1969 4456 aut
2011 4399 2152 4454 nulla
2177 4414 2304 4455 esse
2336 4398 2662 4466 creduntur;
2693 4414 2862 4472 usque
2886 4400 3023 4457 adeo
3054 4413 3109 4458 ut
3153 4419 3258 4460 non
3286 4406 3462 4463 solum

1878 4506 1985 4549 non
2029 4490 2379 4559 occultanda,
2409 4506 2597 4547 verum
2638 4492 2799 4547 etiam
2829 4493 3166 4563 prtedicanda
3204 4512 3267 4553 ac
3304 4498 3465 4556 diffa-

1880 4583 2073 4639 manda
2095 4582 2406 4649 videantur,
2440 4581 2687 4653 quando,
2726 4583 2864 4639 sicut
2889 4587 3144 4657 scriptum
3172 4597 3289 4655 est,
3320 4588 3463 4645 Lau-

1879 4674 2034 4729 datur
2075 4681 2310 4745 peccator
2332 4674 2385 4727 in
2412 4673 2678 4728 desideriis
2701 4676 2885 4731 anima:
2922 4692 3029 4732 sua:
3048 4720 3063 4745 ,
3094 4688 3142 4733 et
3181 4680 3269 4751 qui
3291 4680 3467 4753 iniqua

1881 4769 2006 4838 gerit
2034 4765 2342 4820 benedicitur
2365 4764 2539 4836 (Psal.
2570 4780 2647 4832 lx,
2671 4763 2787 4837 24).
2816 4766 2963 4821 Talis
2988 4768 3041 4824 in
3073 4768 3267 4826 divinis
3292 4771 3469 4829 Libris

1883 4856 2134 4927 iniquitas
2150 4856 2353 4911 clamor
2367 4863 2607 4911 vocatur.
2633 4854 2783 4912 Sicut
2799 4856 2964 4912 habes
2990 4859 3131 4929 apud
3150 4860 3335 4917 Isaiam
3355 4880 3473 4933 pro-

1884 4953 2097 5018 phetam
2126 4945 2197 5002 de
2223 4946 2377 5001 vinea
2418 4946 2556 5000 mala
2587 4960 2603 4999 :
2637 4944 2938 5018 Exspectaoi
2954 4989 2971 5016 ,
3012 4949 3217 5021 inquit,
3248 4962 3303 5007 ut
3329 4955 3472 5026 face-

1882 5048 1957 5093 ret
1972 5037 2246 5109 judicium,
2269 5035 2385 5107 fecit
2408 5044 2575 5090 autem
2592 5036 2905 5106 iniquitatem
2927 5037 2981 5108 ⁸,
3006 5049 3053 5095 et
3078 5057 3178 5093 non
3194 5042 3471 5111 justitiam,

1882 5128 1973 5184 sed
1995 5128 2267 5182 clamorem
2290 5125 2446 5197 (Isai.
2464 5141 2519 5194 v,
2537 5123 2615 5199 7).
2640 5125 2789 5183 Unde
2810 5136 2973 5185 estet
2997 5129 3129 5187 illud
3153 5133 3208 5186 in
3233 5132 3428 5189 Genesi
3453 5152 3469 5191 :

1886 5218 2091 5275 Clamor
2114 5216 2455 5274 Sodomorum
2474 5226 2522 5273 et
2543 5216 2992 5276 Gomorrltazorum
3012 5222 3379 5293 multiplicatus
3398 5236 3474 5281 est

1886 5311 2039 5383 (Gen.
2066 5326 2226 5378 mu,
2270 5308 2387 5383 20).
2416 5308 2550 5379 Quia
2593 5324 2702 5364 non
2726 5309 2898 5365 solum
2921 5310 3036 5383 jam
3061 5313 3200 5383 apud
3227 5330 3322 5371 eos
3364 5331 3471 5370 non

1886 5404 2242 5476 puniebantur
2271 5402 2359 5458 illa
2390 5401 2623 5473 flagitia,
2653 5417 2839 5461 verum
2870 5404 3030 5460 etiam
3062 5405 3274 5475 publice
3311 5406 3473 5464 veluti

1885 5497 2003 5568 lege
2021 5494 2512 5567 frequentabantur.
2533 5493 2623 5551 Sic
2641 5495 2840 5551 nostris
2861 5496 3190 5568 temporibus
3209 5499 3279 5553 ita
3303 5497 3473 5555 multa

1953 5591 1971 5656 ξ
2006 5593 2055 5637 ιιι
2075 5594 2208 5648 uss»
2241 5587 2434 5656 altera
2472 5591 2754 5656 αωίξιξιιειν
2786 5583 3093 5656 amem:-

1953 5651 1973 5715 ξ
2006 5657 2113 5700 Lov.
2140 5645 2201 5700 et'
2229 5645 2337 5699 Arn.
2363 5646 2474 5715 hinc
2496 5645 2713 5715 accidit;
2736 5645 3064 5715 ndnus‘bene.
3154 5694 3161 5707 ι

1956 5713 1978 5744 ⁸
2012 5721 2214 5764 Veteres
2230 5721 2335 5763 Mss.
2355 5712 2468 5771 duo,
2488 5708 2600 5770 fecit
2622 5711 2779 5757 autem
2794 5708 3003 5771 facinus.
