3896 6382
498 292 588 346 an
992 283 1450 353 liNClllRlDlON,
1491 280 1644 340 SIVE
1688 281 1773 335 ne
1814 277 1993 346 FIDE,
2037 275 2164 335 er
2205 277 2291 333 nr
2330 277 2745 346 cusanus,
2787 280 2845 336 s.
2888 279 3257 338 AUGUSTINI
3639 284 3732 344 ιιι

494 405 668 472 mala,
701 403 798 458 etsi
831 417 932 458 non
966 402 1084 456 talia
1107 442 1121 466 ,
1151 401 1202 455 in
1229 408 1464 469 apertam
1492 397 1932 454 consuetudinem
1962 395 2068 467 iam

491 503 789 558 venerunt,
823 502 878 548 ut
907 507 1000 562 pro
1030 491 1112 545 his
1142 505 1247 545 non
1278 490 1450 546 solum
1482 487 1948 544 excommunicare
1972 486 2070 540 ali-

490 602 648 659 quem
695 585 884 640 laicum
919 598 1022 638 non
1067 583 1396 648 audeamus,
1425 581 1520 636 sed
1553 595 1652 635 nec
1696 579 1951 635 clericum
1980 577 2073 631 de-

489 677 730 748 gradare.
750 673 901 730 Unde
923 688 1043 728 cum
1066 688 1390 744 exponerem
1407 681 1532 726 ante
1547 671 1744 742 aliquot
1772 682 1939 724 annos
1955 667 2073 736 Epi-

487 767 676 821 stolam
706 764 773 818 ad
801 763 1038 831 Galatas,
1070 764 1122 820 in
1153 778 1219 819 eo
1245 763 1360 832 ipso
1397 763 1514 817 loco
1543 761 1631 816 ubi
1657 761 1733 814 ait
1758 759 2067 832 Apostolus,

489 857 660 911 Timeo
683 871 769 911 vos
794 871 857 910 ne
881 852 1012 925 forte
1039 854 1148 909 sine
1170 870 1324 907 causa
1351 852 1681 906 laboraverim
1710 851 1763 904 in
1787 850 1924 904 vobis
1937 865 1957 915 ;
1979 865 2071 904 ex-

485 949 718 1005 clamare
757 947 1065 1017 compulsus
1093 962 1211 1002 sum
1245 963 1258 1000 :
1297 963 1317 998 α
1349 945 1437 1000 Va:
1484 944 1712 1015 peccatis
1754 942 2027 997 hominum
2053 983 2067 1009 ,

485 1055 604 1110 qua:
628 1037 742 1093 Sola
779 1037 1024 1092 inusitata
1050 1035 1477 1091 exhorresciinus
1511 1051 1523 1086 :
1559 1034 1748 1087 usitata
1781 1047 1908 1087 vero
1928 1073 1941 1096 ,
1976 1047 2086 1103 pro

485 1129 679 1199 quibus
707 1127 984 1184 abluendis
1017 1126 1134 1180 Filii
1163 1127 1257 1181 Dei
1288 1125 1503 1196 sanguis
1529 1124 1727 1179 elfusus
1755 1132 1856 1191 est,
1886 1138 2071 1193 quam-

489 1221 571 1274 vis
603 1229 708 1273 tam
751 1232 940 1288 magna
967 1217 1108 1283 sint,
1137 1225 1192 1270 ut
1216 1216 1436 1270 omnino
1461 1214 1636 1270 claudi
1679 1221 1864 1268 contra
1896 1228 1955 1269 se
1995 1213 2072 1266 fa-

485 1318 628 1366 ciant
672 1326 892 1381 reguum
941 1309 1038 1365 Dei
1061 1309 1077 1340 ⁸
1099 1350 1114 1377 ,
1147 1324 1292 1380 smpe
1320 1307 1548 1364 videndo
1579 1305 1756 1362 omnia
1802 1308 2027 1362 tolerare
2052 1346 2065 1373 ,

489 1419 631 1474 saepe
659 1401 934 1459 tolerando
955 1402 1207 1456 nonnulla
1235 1401 1394 1456 etiam
1424 1400 1600 1456 facere
1629 1401 1893 1470 cogimur!
1913 1407 2071 1468 atque

488 1494 711 1560 utinam,
744 1510 776 1548 ο
805 1493 1048 1559 Domine,
1069 1507 1174 1548 non
1205 1493 1383 1546 omnia
1417 1507 1534 1560 quae
1561 1506 1664 1544 non
1698 1491 2028 1559 potuerimus
2050 1491 2070 1520 ²

486 1585 772 1655 prohibere
793 1625 807 1649 ,
851 1583 1106 1638 faciamus
1129 1602 1147 1635 ι
1171 1581 1388 1653 (Expos.
1411 1580 1578 1651 Epist.
1599 1581 1666 1634 ad
1688 1578 1856 1634 Colat.
1879 1597 1929 1634 ιι.
1954 1579 2066 1649 55)!

486 1677 594 1732 Sed
626 1676 806 1732 videro
836 1687 1011 1730 utrum
1048 1690 1135 1730 me
1159 1672 1540 1728 immoderatus
1561 1671 1716 1727 dolor
1745 1671 1953 1725 incaute
1975 1669 2071 1723 ali-

485 1767 613 1838 quid
641 1766 958 1836 compulerit
986 1765 1187 1820 dicere.

553 1856 780 1914 CAPUT
798 1852 1105 1911 LXXXI.—
1115 1855 1206 1909 22.
1230 1853 1430 1908 Peccati
1449 1867 1616 1906 causa:
1635 1853 1768 1916 dum,
1788 1852 2072 1922 ignorantia

485 1960 530 2003 et
565 1949 857 2019 inﬁrmitas,
901 1963 1028 2017 quas
1071 1962 1215 2001 nemo
1262 1946 1413 2000 vincit
1450 1945 1548 1999 nisi
1576 1945 1815 1998 divinitus
1841 1943 2068 2014 adjutus.

488 2042 601 2097 Iloc
641 2054 782 2094 nunc
811 2039 1006 2105 dicam,
1035 2036 1178 2108 quod
1204 2035 1419 2107 quidem
1467 2043 1520 2088 et
1549 2035 1602 2088 in
1632 2033 1753 2087 aliis
1781 2031 2068 2102 Opusculo-

485 2148 602 2186 rum
629 2146 869 2186 meorum
899 2128 1032 2184 locis
1056 2143 1200 2198 saepe
1229 2126 1339 2196 jam
1369 2125 1501 2180 dixi.
1545 2124 1762 2179 Duabus
1798 2139 1865 2178 ex
1895 2123 2071 2178 causis

481 2236 798 2292 peccamus;
844 2227 937 2274 aut
970 2218 1208 2274 nondum
1235 2216 1463 2274 videndo
1511 2216 1636 2287 quid
1665 2215 1842 2271 facere
1872 2214 2070 2271 debea-

485 2329 622 2381 mus,
670 2320 765 2367 aut
812 2326 917 2366 non
947 2309 1193 2365 faciendo
1220 2309 1360 2381 quod
1389 2308 1587 2364 debere
1627 2307 1748 2362 ﬁcri
1785 2307 1894 2378 jam
1924 2307 2070 2363 vide-

484 2419 602 2460 mus
652 2419 666 2458 :
713 2418 938 2475 quorum
961 2401 1185 2457 duorum
1214 2400 1341 2455 illud
1390 2399 1702 2471 ignorantia:
1744 2399 1939 2454 malum
1965 2407 2066 2466 est,

484 2498 586 2551 hoc
615 2495 962 2551 inﬁrmitatis.
1014 2494 1209 2549 Contra
1250 2508 1368 2563 qua:
1415 2491 1630 2562 quidem
1684 2505 1918 2561 pugnare
1972 2506 2071 2545 nos

483 2587 733 2643 couvenit
763 2606 776 2641 :
825 2586 920 2642 sed
949 2585 1189 2658 profecto
1219 2585 1501 2652 vincimur,
1548 2585 1650 2639 nisi
1689 2585 1942 2640 divinitus
1970 2585 2067 2639 ad-

478 2678 746 2750 juvemur,
779 2688 835 2733 ut
862 2692 968 2732 non
992 2677 1162 2732 solum
1185 2675 1462 2732 videamus
1486 2675 1612 2746 quid
1642 2675 1941 2730 faciendum
1974 2674 2064 2742 sit,

481 2769 579 2825 sed
624 2769 784 2824 etiam
841 2767 1132 2824 accedente
1179 2765 1446 2821 sanitate’
1501 2764 1790 2820 delectatio
1848 2765 2068 2836 iustitia:

483 2863 658 2917 vincat
686 2864 736 2916 in
768 2860 923 2916 nobis
959 2876 1140 2916 earum
1167 2875 1346 2914 rerum
1373 2858 1781 2924 delectationes,
1818 2874 1951 2928 quas
1983 2857 2068 2914 vel

480 2952 682 3010 habere
706 2952 990 3023 cupiendo,
1019 2951 1105 3007 vel
1127 2951 1372 3005 amittere
1403 2949 1715 3016 metuendo,
1741 2950 1974 3004 scientes
1993 2947 2072 3003 vi-

479 3048 775 3117 dentes'que
826 3060 1145 3117 peccamus;
1185 3044 1294 3113 jam
1352 3059 1459 3098 non
1511 3043 1685 3098 solum
1737 3051 2067 3113 peccatores,

481 3140 626 3211 quod
666 3153 879 3193 eramus
915 3138 1076 3192 etiam
1119 3150 1239 3190 cum
1281 3151 1377 3206 per
1412 3135 1766 3206 ignorantiam
1801 3134 2068 3205 peccaba-

485 3247 624 3297 mus,
653 3243 837 3284 verum
869 3229 1026 3283 etiam
1068 3225 1200 3297 legis
1228 3226 1684 3295 praevaricatores,
1710 3239 1833 3280 cum
1874 3224 1926 3280 id
1963 3239 2066 3278 non

483 3324 705 3378 facimus
754 3320 894 3393 quod
945 3319 1284 3385 faciendum,
1330 3317 1414 3372 vel
1495 3303 1714 3373 facimus
1767 3317 1912 3389 quod
1963 3333 2068 3372 nou

484 3415 778 3470 faciendum
806 3428 923 3468 esse
945 3412 1056 3483 jam
1078 3411 1294 3466 scimus.
1317 3409 1655 3480 Quapropter
1690 3425 1794 3464 non
1822 3409 1992 3464 solum
2019 3409 2066 3464 si

485 3506 821 3578 peccavimus
856 3513 912 3558 ut
947 3505 1207 3574 ignoscat,
1236 3510 1455 3572 propter
1494 3501 1633 3571 quod
1676 3501 1926 3568 dicimus,
1965 3499 2068 3556 θε-

479 3599 621 3652 'mitte
649 3596 789 3650 nobis
813 3595 978 3648 debita
1006 3603 1200 3658 nostra,
1226 3592 1356 3646 sicut
1385 3601 1434 3646 et
1461 3607 1554 3646 nos
1587 3590 1894 3646 dimittimus
1928 3591 2068 3646 debi-

476 3690 674 3742 toribus
704 3685 919 3751 nostris;
960 3700 1144 3739 verum
1174 3684 1334 3739 etiam
1377 3698 1446 3738 ne
1476 3697 1760 3753 peccemus
1801 3693 1858 3738 ut
1897 3693 2066 3754 regat,

485 3763 701 3856 propter
727 3780 866 3851 quod
895 3779 1145 3842 dicimus,
1186 3775 1269 3830 Ne
1297 3793 1388 3831 nos
1416 3777 1610 3849 inferas
1648 3777 1701 3831 in
1743 3778 2069 3831 tentationem

490 3876 700 3946 (ΜαιιΙι.
736 3891 808 3941 vi,
839 3869 922 3938 12,
951 3868 1082 3942 13);
1114 3868 1206 3927 ille
1233 3867 1501 3942 rogandus
1531 3879 1632 3938 est,
1663 3868 1748 3928 cui
1789 3867 1982 3927 dicitur
2014 3869 2067 3926 in

488 3966 719 4032 Psahno,
743 3957 996 4019 Dominus
1021 3963 1324 4017 illuminatio
1359 3979 1472 4017 mea
1515 3974 1562 4017 et
1591 3962 1730 4018 salus
1753 3979 1865 4018 mea
1894 3962 2067 4037 (Psal.

488 4077 632 4127 xxvi,
669 4060 758 4131 l);
786 4068 843 4114 ut
871 4057 1186 4114 illuminatio
1220 4055 1470 4112 detrahat
1508 4056 1894 4128 ignorantiam,
1926 4058 2069 4116 salus

489 4155 871 4211 inﬁrmitatem.

557 4241 781 4302 CAPUT
819 4240 1076 4297 LXXXII.
1115 4269 1188 4282 ——
1234 4239 1540 4295 Pwnitentia
1566 4238 1663 4295 Dei
1699 4241 1909 4296 donum.
1937 4241 2068 4297 Nam

486 4350 542 4398 et
564 4341 676 4411 ipsa
706 4335 1038 4409 poenitentia,
1061 4334 1274 4406 quando
1297 4333 1454 4404 digna
1476 4347 1637 4390 causa
1666 4343 1751 4391 est
1775 4335 2068 4392 secundum

487 4448 690 4490 morem
731 4429 983 4485 Ecclesiae
1012 4442 1108 4482 cur
1151 4435 1356 4496 agatur,
1403 4427 1716 4497 plerumque
1763 4429 2070 4483 inﬁrmitate

487 4544 592 4584 non
623 4525 825 4596 agitur;
864 4522 986 4593 quia
1013 4528 1069 4576 et
1093 4519 1263 4590 pudor
1289 4521 1448 4574 timor
1468 4529 1548 4574 est
1579 4519 1916 4591 diSplicendi,
1941 4521 2068 4576 dum

487 4622 607 4692 plus
632 4618 864 4673 delectat
893 4613 1165 4667 hominum
1188 4611 1532 4677 existimatio,
1559 4626 1715 4680 quam
1739 4611 1941 4682 justilia
1969 4628 2070 4681 qua

487 4726 547 4768 se
572 4709 795 4780 quisque
823 4700 1068 4757 humiliat
1088 4701 1416 4771 pcenitendo.
1449 4701 1598 4757 Unde
1624 4718 1728 4757 non
1758 4703 1930 4757 solum
1951 4718 2071 4758 cum

487 4803 665 4874 agitur
694 4796 1023 4869 pcenitcntia,
1071 4810 1253 4849 verum
1283 4795 1442 4850 etiam
1472 4803 1527 4849 ut
1551 4805 1756 4865 agatur,
1786 4797 1881 4852 Dei
1908 4799 2072 4854 mise-

489 4894 720 4953 ricordia
745 4890 1042 4946 necessaria
1086 4898 1191 4943 est.
1221 4887 1468 4958 Alioquin
1496 4903 1600 4941 non
1623 4888 1824 4944 diceret
1845 4890 2074 4959 Aposto-

489 4989 574 5045 lus
593 4986 659 5041 de
685 4980 1001 5054 quibusdam
1027 4996 1042 5035 :
1066 4977 1150 5032 Ne
1174 4982 1305 5051 forte
1329 4979 1410 5032 det
1437 4979 1540 5032 illis
1571 4978 1705 5034 Deus
1731 4981 2073 5050 penitentiam

491 5079 558 5148 (ll
567 5064 697 5132 Tim.
715 5090 772 5139 ιι,
789 5071 979 5143 25).Ει
994 5080 1050 5126 ιιι
1064 5069 1254 5126 Petrus
1268 5083 1448 5124 amare
1464 5067 1636 5135 ﬁeret,
1653 5071 1904 5140 praemisit
1917 5087 2074 5129 evan-

550 5237 571 5267 ι
607 5229 750 5284 paqu
763 5226 856 5278 alia
871 5225 1020 5288 lectio
1043 5231 1122 5276 est
1133 5225 1456 5288 Expositionis
1465 5222 1682 5288 Splstolge
1699 5224 1760 5274 ad
1776 5224 1979 5288 galatas,
1991 5231 2072 5279 ubi

483 5282 715 5355 habetur,
737 5306 788 5355 n_.
805 5292 896 5342 ὅδε
917 5287 1094 5340 usitata
1121 5282 1234 5355 vero
1265 5299 1354 5350 pro
1375 5282 1546 5355 quibus
1576 5282 1834 5355 abluendis
1851 5282 2076 5355 Filii'nei

489 5355 685 5422 sanguis
700 5346 885 5424 Effusas
907 5358 994 5424 cst,
1018 5346 1275 5424 quamlibet
1492 5347 1586 5400 sint
1598 5382 1614 5408 ,
1637 5355 1683 5398 et
1705 5346 1893 5402 omnino
1911 5351 2074 5404 claudi

491 5414 657 5470 conire
677 5414 736 5468 se
749 5414 928 5478 faciant
945 5414 1152 5478 regnum
1347 5415 1403 5458 ιι.

561 5483 581 5513 ι
615 5471 770 5537 mm;
802 5471 1086 5541 potem,
1128 5471 1312 5541 melius
1337 5481 1468 5531 Mss,
1512 5473 1822 5535 potuerimus.
1847 5482 1960 5525 Nam
2003 5479 2073 5526 sic

493 5541 734 5605 Expositio
751 5533 902 5607 citata
912 5535 1134 5607 Epistolze
1515 5533 1521 5535 ‘
1570 5595 1583 5607 ‘
1767 5559 1770 5562 .

559 5595 580 5637 5
612 5611 741 5652 Unus
764 5615 794 5652 e
810 5595 1094 5650 colbertinis
1117 5597 1476 5648 vetustissimus
1497 5595 1672 5655 codex,
1695 5598 1949 5649 accedente
1965 5614 2075 5650 suu-

493 5667 667 5717 ritate:
692 5678 787 5713 non
810 5665 996 5724 inepte.
1020 5661 1179 5724 Aptius
1203 5666 1362 5724 tamen
1389 5666 1491 5707 uss.
1517 5660 1683 5724 caueri
1705 5669 1754 5724 et
1779 5661 1912 5717 editi,
1938 5677 2074 5712 acce-

496 5736 634 5778 dente
651 5725 850 5778 sanitate
877 5719 1012 5784 {qua
1029 5719 1208 5775 scilicet
1229 5720 1437 5787 pellatur
1461 5719 1636 5770 malum
1659 5723 1958 5774 inﬁrmitatis.

2169 392 2547 463 "gelista,etait
2573 413 2585 448 :
2611 394 2849 465 Respexit
2874 412 2987 448 eum
3015 395 3255 450 Dominus
3299 395 3449 466 (Luc.
3482 413 3605 464 uti,
3629 401 3728 471 6i).

2249 482 2473 541 CAPUT
2513 483 2792 540 LXXXIII.
2835 484 3108 540 Peccatum
3137 487 3188 540 in
3223 487 3474 557 Spiritum
3503 503 3729 549 sanctum.

2178 575 2280 644 Qui
2309 589 2434 632 vero
2479 575 2532 630 in
2577 576 2815 632 Ecclesia
2869 578 3065 632 remitti
3112 587 3326 648 peccata
3374 594 3478 634 non
3507 582 3730 652 credens,

2178 667 2469 722 contemnit
2516 675 2717 722 tantam
2761 668 2929 723 divini
2978 670 3215 725 muneris
3254 671 3572 741 largitatem,
3615 685 3664 728 et
3691 678 3732 730 in

2178 754 2279 812 hac
2302 756 2657 811 obstinatione
2685 759 2876 813 mentis
2895 758 3035 813 diem
3067 759 3266 814 claudit
3289 770 3605 828 extremum,
3629 779 3734 820 reus

2178 855 2259 900 est
2287 846 2378 901 illo
2408 847 2760 902 irremissibili
2799 858 3018 918 peccato
3045 850 3098 904 in
3127 849 3380 920 Spiritum
3411 861 3665 916 sanctum,
3689 855 3733 909 iu

2178 952 2284 1007 quo
2311 935 2552 992 Christus
2587 948 2801 1008 peccata
2831 940 3068 996 dimittit.
3109 942 3184 996 De
3204 958 3307 1012 qua
3331 945 3624 1014 qurestione
3649 946 3736 1000 dif-

2179 1026 2304 1082 ﬁcili
2331 1027 2383 1080 in
2413 1027 2642 1097 quodam
2684 1041 2898 1099 propter
2923 1030 3024 1086 hoc
3044 1032 3218 1087 solum
3243 1034 3548 1104 conscripto
3582 1035 3736 1092 libello

2179 1119 2629 1184 enucleatissime,
2652 1131 2908 1190 quantum
2938 1124 3106 1193 potui,
3138 1124 3404 1194 disputavi
3429 1125 3530 1198 (a).

2248 1210 2473 1266 CAPUT
2512 1209 2798 1266 LXXXIV.
2834 1242 2903 1252 —
2931 1213 3020 1267 23.
3056 1212 3131 1267 De
3165 1203 3334 1269 carnis
3375 1220 3736 1270 resurrectione.

2177 1301 2292 1357 Jam
2324 1317 2448 1357 vero
2473 1301 2541 1357 de
2569 1304 2960 1359 resurrectione
2994 1305 3192 1366 carnis.
3233 1321 3340 1360 non
3383 1307 3736 1377 sicut'quidam

2179 1394 2504 1459 revixerunt,
2553 1393 2849 1466 iterumque
2878 1405 3001 1449 sunt
3026 1399 3240 1464 mortui,
3271 1396 3366 1451 sed
3405 1397 3458 1451 in
3507 1408 3737 1452 asternam

2176 1486 2360 1553 vitam,
2406 1486 2545 1541 sicut
2576 1485 2774 1542 Christi
2809 1487 2995 1558 ipsius.
3027 1503 3151 1544 caro
3197 1491 3514 1553 resurrexit,
3571 1505 3737 1560 quem-

2175 1575 2464 1632 admodum
2511 1577 2708 1646 possim
2757 1576 2993 1633 breviter
3043 1578 3352 1648 disputare,
3405 1588 3459 1634 et
3515 1581 3740 1636 omnibus

2175 1668 2556 1739 quaestionibus
2593 1683 2713 1739 qua:
2743 1668 2811 1724 de
2851 1668 2951 1725 hac
2979 1685 3036 1724 re
3080 1671 3280 1725 moveri
3309 1671 3570 1737 assolent,
3603 1672 3741 1727 satis-

2177 1761 2352 1818 facere
2395 1777 2499 1816 ΠΟΙΙ
2539 1762 2770 1816 ἱιινθιιὶο.
2811 1761 3263 1818 Resurrecturam
3327 1772 3507 1818 tamen
3545 1779 3738 1819 carnem

2175 1854 2412 1908 omnium
2437 1853 2755 1922 quicumque
2779 1851 2890 1907 nati
2913 1861 3039 1908 sunt
3061 1851 3335 1908 hominum
3352 1863 3514 1923 atque
3540 1867 3741 1908 nascen-

2178 1953 2280 2010 tur,
2308 1953 2361 1999 et
2388 1943 2583 1998 mortui
2612 1952 2736 1998 sunt
2758 1951 2919 2014 atque
2946 1944 3263 2013 morientur,
3294 1944 3439 2000 nullo
3474 1944 3634 2000 modo
3654 1943 3738 1999 du-

2177 2036 2346 2091 bitare
2374 2035 2534 2090 debet
2558 2035 2906 2090 christianus.

2245 2125 2470 2183 CAPUT
2508 2125 2770 2181 LXXXV.
2805 2125 3056 2183 —Fetus
3101 2126 3312 2182 abortivi
3362 2144 3429 2182 an
3479 2136 3740 2199 resurgent.

2176 2219 2327 2276 Unde
2355 2220 2527 2289 primo
2555 2219 2791 2275 occurrit
2815 2219 2881 2275 de
2897 2219 3153 2275 abortivis
3180 2220 3374 2276 fetibus
3397 2219 3647 2290 quaestio,
3667 2218 3741 2288 qui

2171 2311 2281 2380 jam
2307 2311 2520 2382 quidem
2549 2311 2658 2366 nati
2689 2319 2816 2366 sunt
2835 2311 2888 2365 in
2919 2311 3086 2366 uteris
3113 2320 3363 2379 matrum,
3399 2311 3492 2366 sed
3523 2310 3740 2366 nondum

2175 2403 2246 2458 ita
2279 2402 2458 2473 utjam
2486 2409 2703 2473 possent
2729 2403 2957 2458 renasci.
2989 2403 3046 2459 Si
3070 2403 3210 2459 enim
3234 2416 3636 2460 resnrrcctnros
3665 2417 3744 2458 eos

2174 2495 2503 2560 dixerimus;
2543 2494 2612 2550 de
2631 2495 2700 2568 iis
2727 2494 2816 2565 qui
2850 2494 2961 2563 jam
3002 2494 3211 2550 formati
3237 2505 3386 2562 sunt,
3412 2493 3632 2550 tolerari
3658 2508 3742 2563 po-

2177 2595 2281 2643 test
2306 2581 2756 2656 utcumque'quod
2782 2586 2975 2640 dicitur
3006 2603 3019 2640 :
3053 2585 3310 2640 informes
3344 2601 3472 2640 vero
3499 2585 3744 2640 abortus‘

2175 2680 2295 2750 quis
2346 2692 2452 2733 non
2491 2677 2782 2749 proclivius
2813 2679 2986 2747 perire
3030 2677 3332 2742 arbitretur,
3372 2678 3509 2730 sicut
3553 2675 3747 2732 semina

2173 2786 2294 2842 qua:
2329 2779 2582 2840 concepta
2615 2786 2722 2824 non
2762 2767 2994 2824 fuerint?
3035 2767 3142 2824 Sed
3173 2769 3295 2838 quis
3322 2783 3514 2838 negare
3541 2768 3744 2833 audeat,

2173 2861 2274 2917 etsi
2317 2860 2588 2915 afﬁrmare
2633 2875 2738 2914 non
2769 2859 2982 2926 audeat,
3033 2858 3084 2913 id
3119 2868 3356 2913 acturam
3405 2858 3744 2914 resurrectio-

2174 2967 2316 3019 nem,
2346 2961 2405 3006 ut
2444 2949 2662 3022 quiquid
2702 2951 2885 3005 forma:
2924 2948 3094 3005 defuit
3134 2949 3456 3018 impleatur?
3486 2951 3662 3019 Atque
3686 2949 3744 3004 ita

2176 3059 2282 3098 non
2302 3041 2445 3098 desit
2501 3041 2792 3112 perfectio,
2840 3056 2960 3111 quae
3015 3055 3293 3095 accessura
3351 3049 3468 3095 erat
3497 3049 3742 3108 tempore,

2173 3133 2620 3205 quemadmodum
2646 3148 2752 3188 non
2782 3141 2938 3188 erunt
2964 3133 3089 3187 vitia
3119 3148 3235 3202 quae
3261 3139 3603 3187 accesserant
3630 3139 3744 3186 ιειιι-

2173 3242 2307 3298 pore
2340 3246 2354 3282 :
2381 3236 2440 3282 ut
2473 3242 2645 3297 neque
2673 3225 2724 3280 in
2751 3241 2817 3281 eo
2838 3224 2980 3296 quod
3016 3234 3196 3294 aptum
3235 3233 3290 3279 et
3310 3239 3607 3294 congruum
3642 3223 3744 3279 dies

2175 3320 2384 3374 allaturi
2411 3318 2642 3384 fuerant,
2671 3326 2858 3371 natura
2887 3316 3199 3382 fraudetur;
3228 3331 3399 3386 neque
3437 3316 3493 3370 in
3521 3331 3591 3371 eo
3617 3314 3744 3387 quod

2175 3411 2456 3466 adversum
2483 3420 2644 3480 atque
2687 3411 3010 3464 contrarium
3051 3407 3169 3462 dics
3215 3407 3543 3475 attulerant,
3573 3416 3744 3462 natura

2176 3512 2452 3574 turpetur;
2481 3501 2577 3558 sed
2598 3502 2889 3572 integretur
2908 3499 3049 3570 quod
3067 3499 3302 3554 nondum
3331 3500 3743 3571 eratiutegruni,

2174 3597 2312 3652 sicut
2339 3594 2718 3649 instaurabitur
2744 3591 2887 3662 quod
2909 3593 3080 3658 fuerat
3109 3592 3348 3647 vitiatum
3372 3590 3473 3663 (b).

2245 3686 2470 3744 CAPUT
2507 3684 2794 3741 LXXXVI.
2844 3715 2916 3726 —
2964 3684 3120 3739 Fetus
3163 3685 3217 3738 in
3273 3694 3412 3740 utero
3437 3684 3644 3756 quando
3677 3685 3743 3737 vi-

2177 3795 2288 3834 vere
2314 3778 2544 3849 incipiat.
2571 3779 2647 3831 Ac
2669 3791 2763 3846 per
2783 3775 2888 3832 hoc
2915 3775 3376 3845 scrupulosissime
3414 3776 3634 3846 quidem
3676 3774 3745 3828 in-

2178 3884 2256 3931 ter
2285 3869 2624 3930 doctissimos
2649 3872 2818 3944 quzeri
2840 3889 2902 3927 ac
2923 3867 3179 3943 disputari
3205 3877 3394 3944 potest,
3419 3867 3567 3937 quod
3588 3877 3742 3922 utrum

2175 3967 2242 4022 ab
2267 3966 2482 4021 homine
2521 3965 2752 4021 inveniri
2808 3965 2975 4036 possit
3024 3965 3230 4036 ignoro,
3278 3961 3491 4036 quando
3541 3959 3742 4035 incipiat

2176 4059 2338 4115 homo
2362 4058 2414 4113 in
2431 4067 2584 4114 utero
2605 4059 2814 4124 vivere;
2844 4067 3018 4114 utrum
3045 4059 3117 4112 sit
3140 4059 3382 4129 quaedam
3407 4059 3512 4113 vita
3542 4069 3599 4115 et
3622 4061 3641 4090 '
3661 4073 3741 4114 oc-

2184 4152 2325 4208 culta
2342 4191 2359 4220 ,
2385 4167 2505 4222 qua:
2553 4150 2790 4206 nondum
2816 4150 3047 4206 motibus
3075 4150 3300 4206 viventis
3331 4160 3606 4220 appareat.
3627 4148 3740 4204 Nam

2175 4256 2371 4314 negare
2389 4242 2586 4298 vixisse
2620 4241 2921 4312 puerperia,
2957 4257 3076 4312 qua:
3103 4251 3382 4312 propterea
3418 4240 3738 4296 membratim

2175 4343 2496 4390 exsecantur
2521 4343 2574 4389 et
2609 4333 2896 4403 ejiciuntur
2933 4348 2995 4390 ex
3043 4334 3211 4389 uteris
3250 4334 3656 4404 praegnantium,
3684 4347 3741 4386 ne

2177 4436 2375 4481 matres
2421 4440 2633 4495 quoque
2669 4425 2711 4479 si
2751 4432 2958 4479 mortua
2996 4425 3066 4478 ibi
3103 4425 3468 4493 relinquantur
3490 4423 3738 4485 occidant,

2179 4517 2500 4588 impudentia
2558 4515 2719 4569 nimia
2770 4514 3000 4570 videtur.
3060 4515 3137 4568 Ex
3178 4528 3287 4584 quo
3344 4525 3522 4569 autem
3571 4511 3736 4583 incipit

2179 4610 2338 4663 homo
2375 4607 2574 4671 vivere,
2614 4620 2678 4659 ex
2707 4604 2798 4658 illo
2827 4605 3005 4674 utique
3052 4603 3157 4676 jam
3201 4605 3338 4659 mori
3384 4613 3580 4676 potest.
3620 4603 3739 4658 Mor-

2179 4710 2299 4754 tuus
2330 4712 2479 4764 vero,
2509 4696 2828 4766 ubicumque
2855 4696 2930 4750 illi
2959 4711 3103 4751 mors
3133 4698 3302 4767 potuit
3340 4697 3588 4762 evenire,
3617 4708 3735 4766 quo-

2180 4791 2339 4846 modo
2379 4789 2444 4844 ad
2472 4787 2920 4844 resurrectionem
2951 4803 3056 4844 non
3099 4788 3366 4858 pertineat
3401 4799 3736 4850 mortuorum,

2178 4881 2412 4951 reperire
2442 4895 2546 4934 non
2574 4892 2812 4948 possum.

2248 4970 2473 5027 CAPUT
2519 4968 2825 5025 LXXXVII.
2878 4999 2949 5010 —
3000 4968 3278 5026 Monstrosi
3329 4973 3460 5043 {etus
3507 4966 3736 5038 quomodo

2177 5063 2526 5120 resurrecturi.
2549 5062 2733 5132 Neque
2760 5061 2902 5116 enim
2930 5072 2984 5117 et
3029 5071 3269 5117 monstra
3309 5078 3429 5132 qua:
3468 5067 3738 5117 nascuntur

2179 5164 2233 5210 et
2262 5155 2476 5221 vivunt,
2523 5152 2816 5224 quamlibet
2865 5153 2971 5207 cito
3009 5153 3339 5217 moriantur,
3383 5161 3475 5209 aut
3515 5164 3737 5209 resurre-

2178 5256 2328 5303 ctura
2357 5246 2712 5317 negabuntur,
2764 5254 2856 5300 aut
2902 5245 2972 5299 ita
3023 5245 3043 5276 ⁸
3075 5255 3444 5302 resurrectura
3489 5240 3734 5303 credenda

2241 5359 2259 5390 ί
2293 5363 2472 5407 Decem
2489 5365 2616 5418 Mss,
2639 5355 2890 5407 abortivos.

2240 5421 2260 5451 ³
2297 5429 2394 5467 Am.
2420 5425 2495 5467 Er.
2514 5425 2632 5469 Dan.
2659 5427 2769 5467 Arn.
2797 5426 2850 5467 et
2873 5419 3009 5480 pauci
3033 5426 3136 5469 Mss.
3163 5421 3394 5480 omitunt,
3421 5427 3484 5472 et.

2240 5483 2262 5514 ³
2294 5483 2376 5532 Hic
2413 5487 2514 5530 Am.
2555 5487 2628 5530 Er.
2665 5487 2718 5529 et
2734 5487 2847 5528 Dan.
2879 5481 3086 5540 addunt,
3114 5481 3308 5542 vitiata,
3347 5497 3457 5546 qua:
3492 5494 3582 5533 vox
3615 5480 3738 5528 abest

2177 5557 2204 5593 a
2228 5550 2333 5592 MSS.

2241 5606 2311 5666 (a)
2336 5612 2430 5653 Non
2453 5604 2565 5663 alio,
2590 5602 2847 5666 credimus,
2872 5601 3057 5664 libello,
3077 5605 3166 5656 nisi
3183 5613 3413 5656 sermone
3431 5619 3555 5656 nunc
3574 5604 3648 5664 7|,
3665 5612 3743 5664 Qut

2177 5664 2374 5718 olim—de
2400 5667 2563 5715 Verbis
2586 5667 2763 5714 Domini
2781 5664 2869 5714 fuit
2888 5666 2961 5713 11.

2241 5730 2310 5792 (b)
2337 5727 2435 5775 vid.
2465 5728 2545 5776 tib.
2573 5726 2632 5776 2:2
2651 5727 2714 5777 de
2736 5729 2932 5779 civitate
2966 5729 3070 5790 Dei,
3104 5741 3239 5794 capp.
3270 5729 3339 5793 12,
3375 5729 3444 5778 ιδ.
