3940 6502
0 6012 59 6257 I1

2466 299 2601 321 ator"

298 381 374 437 cm,
1230 400 1235 405 -
1696 379 1898 437 LIBER
1939 381 2135 439 unus.
3450 404 3553 459 27.5

259 486 272 500 ’
316 472 427 568 sunt.
462 514 517 557 ac
537 512 637 556 non
671 497 867 570 petitis
918 508 1192 556 correcta
1237 498 1608 567 emendataquc
1649 507 1858 552 natura.

328 578 443 632 Absit
461 577 577 628 enim
600 580 657 626 ut
682 571 841 625 illum
865 571 1267 634 bimembrem,
1289 570 1377 639 qui
1408 584 1574 638 nuper
1598 578 1754 623 natus
1780 580 1862 623 est

332 670 373 723 in
396 662 801 732 Oriente,dequo
846 670 906 715 et
954 660 1167 716 fratres
1216 659 1502 715 fidelissimi
1544 658 1688 729 quod
1732 673 1856 714 eum

330 757 506 812 viderint
533 753 847 819 retulerunt,
878 763 937 807 et
969 764 1182 807 sanctae
1219 753 1481 807 memoriae
1502 752 1858 823 Hieronymus

327 849 552 919 presbyter
592 846 852 917 scriptum
895 846 1125 916 reliquit
1159 845 1233 917 (a)
1276 863 1289 899 :
1331 845 1486 910 absit,
1521 847 1757 915 inquam,
1801 853 1858 900 ut

325 956 450 995 unum
480 939 734 993 hominem
756 938 1061 1007 duplicem,
1088 954 1152 993 ac
1194 954 1294 992 non
1321 939 1493 1008 potius
1517 938 1675 1004 duos,
1709 939 1855 1009 quod

322 1030 512 1083 {antrum
535 1027 716 1092 fuerat,
749 1027 796 1082 si
819 1028 1030 1097 gemini
1070 1036 1432 1095 nascerentur,
1457 1040 1856 1084 resurrecturus

326 1124 650 1177 existimemus.
681 1122 760 1176 Ita
807 1130 1007 1177 cetera
1060 1137 1182 1191 qua:
1220 1120 1411 1191 singuli
1446 1122 1640 1191 quique
1674 1132 1856 1192 partus

323 1213 393 1268 vel
423 1213 618 1283 amplius
640 1212 727 1267 vel
770 1212 951 1267 minus
979 1212 1187 1279 aliquid
1224 1212 1486 1277 habendo,
1518 1213 1604 1267 vel
1626 1213 1853 1283 quadam

314 1306 446 1361 nimia
476 1306 798 1361 deformitate
822 1313 1068 1359 monstra
1089 1303 1358 1368 dicuntur,
1382 1303 1447 1357 ad
1479 1303 1723 1359 humanm
1754 1320 1853 1359 na-

307 1410 421 1452 tum
448 1398 648 1469 ﬁguram
672 1395 1072 1451 resurrectione
1093 1395 1520 1459 revocabuntur;
1547 1396 1617 1451 ita
1638 1406 1715 1450 ut
1743 1397 1854 1451 sin-

302 1490 420 1558 gula:
438 1490 617 1543 animae
635 1488 839 1558 singula
862 1502 957 1542 sua
978 1501 1210 1556 corpora
1232 1487 1526 1554 obtineant,
1564 1488 1721 1544 nullis
1755 1503 1851 1545 co-

302 1580 595 1634 haerentibus
633 1580 790 1636 etiam
828 1594 1183 1649 quaecumque
1222 1580 1544 1635 cohmrentia
1587 1592 1707 1636 nata
1736 1582 1851 1639 fue-

299 1678 443 1735 rant;
465 1670 551 1724 sed
569 1684 806 1724 seorsum
834 1669 934 1724 sibi
957 1670 1185 1740 singulis
1208 1684 1303 1725 sua
1328 1672 1565 1728 membra
1593 1675 1853 1743 gestanti-

297 1760 409 1823 bus,
436 1761 612 1829 quibus
636 1761 845 1816 humani
872 1762 1118 1831 corporis
1147 1763 1447 1832 completur
1473 1765 1770 1837 integritas.

362 1851 574 1907 CAPUT
609 1851 923 1908 LXXXVIII.
955 1883 1027 1893 —
1050 1851 1373 1909 Instauratio
1410 1857 1577 1912 carnis
1607 1874 1850 1928 quocum-

299 1957 393 2005 que
420 1942 559 1996 ntodo
580 1945 785 2013 perierit.
812 1943 925 1999 Non
965 1954 1147 2000 autem
1179 1947 1315 2015 perit
1360 1948 1468 2002 Deo
1499 1958 1709 2005 terrena
1738 1965 1847 2006 ma~

309 2032 471 2085 teries
496 2031 556 2086 de
574 2048 668 2101 qua
696 2034 980 2089 mortalium
1009 2044 1228 2091 creatur
1249 2051 1374 2092 caro
1408 2057 1421 2093 :
1455 2039 1549 2095 sed
1573 2041 1625 2095 in
1663 2057 1849 2111 quem-

314 2119 456 2173 libet
502 2122 748 2189 pulverem
786 2124 1070 2180 cineremve
1135 2127 1411 2197 solvatur,
1473 2130 1528 2185 in
1582 2132 1845 2202 quoslibet

309 2208 510 2263 halitus
547 2225 788 2281 aurasque
810 2213 1051 2285 diliugiat,
1085 2215 1141 2269 in
1181 2232 1570 2289 quamcumque
1617 2222 1844 2277 aliorum

293 2314 576 2369 corporum
611 2303 929 2359 substantiam
958 2306 1045 2361 vel
1074 2307 1127 2360 in
1160 2308 1272 2377 ipsa
1301 2310 1565 2366 elementa
1586 2323 1839 2381 vertatur,

281 2391 338 2445 in
366 2407 794 2463 quorumcumque
822 2397 1134 2451 animalium
1178 2400 1339 2455 etiam
1365 2400 1639 2457 hominum
1668 2405 1844 2459 cibum

275 2482 441 2538 cedat
467 2498 766 2554 carnemque
799 2496 1056 2555 mutetur,
1096 2490 1167 2543 illi
1199 2491 1393 2546 anima:
1419 2492 1667 2549 humana:
1709 2513 1848 2566 pun-

278 2582 375 2628 αθ
424 2576 652 2644 temporis
700 2576 898 2642 redit‘,
947 2594 1071 2649 qua:
1094 2580 1240 2634 illam
1266 2582 1532 2652 primitus,
1588 2593 1645 2639 ut
1685 2586 1846 2643 homo

281 2664 457 2731 fieret,
484 2668 683 2731 viveret,
714 2680 1003 2739 cresceret,
1036 2674 1309 2730 animavit.

348 2759 563 2816 CAPUT
593 2763 879 2819 LXXXIX.
912 2796 986 2805 —
1012 2766 1290 2839 Super/luo
1332 2773 1585 2842 quomodo
1617 2775 1847 2831 redibunt

271 2857 346 2907 εί
372 2872 559 2928 corpus.
603 2861 713 2932 Ipsa
745 2865 931 2935 itaque
961 2875 1173 2922 terrena
1219 2868 1489 2938 materies,
1521 2887 1640 2941 qua:
1668 2872 1843 2928 disce-

278 2947 448 3002 dente
470 2952 617 3006 anim
645 2956 701 3008 fit
724 2956 983 3024 cadaver,
1015 2973 1123 3013 non
1155 2959 1226 3013 ita
1257 2963 1653 3019 resurrectione
1692 2978 1845 3033 repa-

280 3039 507 3107 rabitur,
532 3052 581 3098 ut
600 3061 654 3100 ea
681 3064 801 3117 quae
829 3048 1141 3105 dilabuntur
1174 3060 1227 3107 et
1264 3053 1316 3107 in
1345 3055 1479 3110 alias
1508 3068 1670 3127 atque
1708 3058 1844 3114 alias

276 3129 504 3186 aliarum
524 3149 677 3192 rerum
703 3140 917 3209 Species
949 3142 1252 3212 formasque
1275 3154 1576 3212 vertuntur,
1595 3149 1842 3217 quamvis

271 3221 353 3275 ad
384 3238 554 3294 corpus
571 3230 781 3286 redeant
806 3232 956 3287 unde
980 3232 1184 3303 dilapsa
1214 3244 1358 3300 sunt,
1393 3236 1458 3290 ad
1478 3234 1698 3293 easdem
1718 3255 1842 3310 quo-

267 3329 389 3383 que
418 3320 625 3389 corporis
651 3332 832 3391 partes
876 3324 967 3377 ubi
1015 3324 1249 3390 fuerunt,
1296 3327 1473 3384 redire
1500 3345 1721 3387 necesse
1751 3333 1839 3387 sit.

266 3405 515 3476 Alioquin
540 3411 579 3463 si
605 3414 806 3480 capillis
835 3414 977 3469 redit
992 3416 1134 3486 quod
1162 3424 1268 3471 tam
1298 3420 1483 3473 crebra
1513 3428 1731 3476 tonsura
1749 3423 1842 3479 de-

264 3501 459 3563 traxit,
482 3502 520 3556 si
544 3506 793 3574 unguibus
818 3507 967 3577 quod
997 3508 1157 3563 toties
1180 3509 1411 3580 dempsit
1433 3514 1708 3579 exsectio;
1743 3516 1843 3570 im-

268 3590 542 3646 moderata
568 3606 616 3649 et
642 3595 900 3652 indecens
941 3599 1319 3669 cogitantibus,
1350 3610 1406 3657 et
1442 3604 1564 3659 ideo
1602 3620 1844 3663 resurre-

273 3681 506 3735 ctioaem
537 3686 695 3739 carnis
733 3703 842 3741 non
870 3688 1219 3757 credentibus
1254 3694 1487 3749 occurrit
1518 3695 1837 3775 informitas.

264 3768 393 3823 Sed
421 3776 830 3842 quemadmodum
857 3780 907 3833 si
944 3788 1121 3837 statua
1150 3782 1434 3852 cujuslibet
1459 3770 1703 3843 solubilis
1730 3804 1843 3845 me-

261 3861 391 3915 talli
416 3875 499 3918 aut
534 3869 640 3938 igne
663 3869 1012 3940 liquesceret,
1047 3880 1138 3926 aut
1164 3881 1536 3931 contereretur
1580 3877 1631 3932 in
1656 3878 1842 3948 pulve-

262 3969 411 4019 rem,
440 3968 518 4011 aut
542 3961 957 4017 confunderetur
987 3963 1040 4017 in
1073 3978 1324 4032 massam,
1357 3975 1411 4021 et
1434 3983 1552 4022 eam
1582 3970 1740 4026 vellet
1764 3987 1842 4027 ar-

268 4047 401 4103 tifex
446 4067 611 4108 rursus
654 4071 722 4109 ex
776 4056 924 4109 illius
951 4057 1190 4111 materiae
1219 4060 1513 4127 quantitate
1558 4076 1837 4131 reparare;

270 4138 410 4193 nihil
438 4141 701 4200 interesset
736 4145 806 4199 ad
846 4145 963 4216 ejus
991 4146 1348 4217 integritatem
1370 4191 1385 4215 ,
1418 4166 1537 4221 qua:
1584 4154 1840 4222 particula

274 4234 499 4289 umeris:
523 4237 602 4290 cui
625 4236 875 4293 membro
914 4246 1105 4295 statua:
1132 4239 1472 4322 redderetur,
1501 4243 1628 4300 dum
1663 4255 1839 4303 tamen

275 4327 439 4377 totum
463 4341 521 4380 ex
559 4342 663 4398 quo
691 4327 981 4384 constituta
1002 4330 1194 4398 fuerat,
1233 4334 1475 4389 restituta
1503 4346 1796 4393 resumeret
1824 4357 1837 4393 :

281 4410 349 4463 ita
380 4413 504 4471 Deus
526 4417 839 4475 mirabiliter
857 4431 1020 4492 atque
1043 4423 1380 4481 ineliabiliter
1404 4426 1614 4492 artifex,
1640 4428 1708 4483 de
1730 4440 1840 4485 toto

286 4518 385 4571 uno
409 4523 518 4563 caro
560 4519 739 4567 nostra
784 4515 1120 4579 constiterat,
1156 4531 1275 4571 eam
1301 4518 1529 4574 mirabili
1576 4530 1629 4575 et
1656 4521 1840 4577 ineffa-

290 4592 371 4649 bili
394 4600 644 4659 celeritate
673 4605 960 4671 restituet;
994 4621 1093 4661 nec
1130 4607 1331 4678 aliquid
1358 4611 1608 4666 attinebit
1633 4613 1697 4668 ad
1724 4614 1840 4685 ejus

294 4684 777 4763 redintegratiouem,
798 4704 978 4751 utrum
1009 4697 1184 4768 capilli
1209 4699 1275 4754 ad
1303 4702 1525 4772 capillos
1551 4684 1773 4763 redeant
1788 4717 1840 4763 et

297 4790 469 4847 ungues
494 4785 555 4838 ad
593 4802 822 4856 ungues,
853 4803 923 4842 an
952 4789 1207 4860 quidquid
1246 4807 1430 4848 eorum
1468 4795 1702 4865 perierat
1725 4813 1844 4853 mu-

295 4877 415 4927 tetur
444 4876 495 4929 in
523 4894 755 4945 carnem,
791 4890 847 4934 et
889 4882 943 4935 in
972 4895 1151 4952 partes
1193 4884 1325 4940 alias
1352 4890 1595 4959 corporis
1621 4905 1841 4946 revoce-

296 4970 385 5025 tur,
407 4979 603 5025 curante
640 4972 865 5029 artificis
912 4974 1243 5045 providentia
1297 4994 1366 5034 ne
1408 4981 1536 5050 quid
1587 4982 1841 5042 indecens

301 5053 374 5107 an
399 5058 482 5126 (ι).

354 5145 551 5207 CAPUT
586 5153 697 5210 XC.
719 5186 794 5199 —-
825 5156 896 5211 In
920 5165 1116 5214 statura
1161 5170 1209 5214 et
1238 5162 1395 5235 efﬁgie
1442 5168 1668 5236 corporis
1711 5169 1841 5224 nihil

294 5239 370 5289 (rit
391 5240 682 5301 indecorum.
710 5245 823 5302 Nec
859 5247 991 5308 illud
1018 5258 1099 5305 est
1136 5265 1491 5324 consequens,
1526 5266 1583 5312 ut
1616 5258 1735 5315 ideo
1760 5260 1841 5315 div

340 5399 354 5427 ,
644 5402 655 5411 .

333 5400 755 5540 (ὦῡιξέτῗξξῗιιιξςρ
780 5463 1061 5540 in_l!pistola
1166 5470 1399 5522 vitalem:
1428 5482 1587 5540 uisum
1622 5478 1733 5540 quia
1756 5492 1841 5529 no-

287 5540 305 5565 ο
324 5531 428 5598 atra,
448 5526 616 5588 inquit,
641 5534 789 5598 aetate
811 5526 998 5588 duplex
1015 5530 1180 5592 Lyddze
1199 5542 1339 5584 natus
1363 5544 1439 5584 est
1458 5537 1616 5598 homo,
1636 5526 1841 5591 duorum

284 5608 301 5631 ι
320 5588 531 5662 quam),
545 5597 749 5659 quatuor
763 5600 1022 5662 manuum,
1038 5588 1136 5641 uno
1149 5601 1321 5643 ventre
1340 5605 1391 5662 et
1411 5588 1839 5662 duobus'pedtbus:

283 5660 478 5717 itiones
509 5649 729 5717 homines
761 5652 996 5717 ita‘nasci
1028 5666 1234 5704 necesse
1262 5659 1373 5708 est?
1395 5676 1415 5704 at
1459 5649 1645 5713 Confer.
1672 5649 1842 5717 uniti

275 5712 330 5756 de
350 5712 539 5757 ὤπυιε
561 5714 665 5769 Dei,
687 5724 793 5769 cap.
820 5712 869 5760 8.

328 5726 539 5757 ‘Uﬂulf!
562 5726 665 5769 uer,
687 5726 745 5759 ca
783 5749 793 5758 .
820 5726 869 5760 δ.

328 5770 392 5829 (ἐν)
427 5772 520 5817 t'ivl.
547 5770 630 5820 lib.
657 5726 800 5822 ﬁde
823 5775 1027 5824 civitate
1052 5778 1153 5835 Dei,
1182 5790 1284 5839 cap.
1314 5782 1377 5830 19,

1969 513 2118 552 versa
2164 499 2234 552 sit
2283 508 2483 556 statura
2527 504 2954 564 reviviscentium
3015 510 3369 582 singulorum,
3424 519 3545 587 quia

1970 586 2137 643 fuerat
2163 589 2373 645 diversa
2403 593 2711 662 viventium,
2744 609 2835 653 aut
2864 602 3024 656 macri
3053 618 3173 659 cum
3218 605 3403 661 eadem
3434 624 3547 663 ma-

1967 680 2068 744 cie,
2108 690 2198 734 aut
2229 681 2451 751 pingues
2477 698 2597 739 cum
2639 687 2825 742 eadem
2858 691 3172 761 pinguedine
3209 697 3546 751 reviviscaut.
3630 758 3633 763 ,

1966 768 2068 826 Sed
2098 772 2140 826 si
2170 772 2271 828 hoc
2291 783 2373 828 est
2399 774 2453 829 in
2478 778 2701 833 consilio
2722 780 3016 847 Creatoris,
3059 794 3116 838 ut
3153 786 3204 840 in
3250 787 3424 857 effigie
3451 806 3544 844 sua

1966 861 2219 932 cujusque
2243 865 2540 935 proprietas
2569 878 2622 922 et
2649 869 3010 928 discernibilis
3038 876 3328 933 similitudo
3354 894 3540 935 serve-

1968 963 2069 1019 tur,
2100 954 2149 1009 in
2177 957 2385 1013 caeteris
2421 968 2598 1014 autem
2630 963 2869 1032 corporis
2900 965 3052 1020 bonis
3075 968 3087 998 ‘
3111 971 3330 1038 mqualia
3354 984 3543 1027 cuncta

1965 1043 2283 1103 reddantur.
2313 1049 2383 1102 ita
2415 1050 2809 1107 modificabitur
2832 1053 2921 1109 illa
2950 1055 3004 1109 in
3030 1072 3348 1129 unoquoque
3378 1072 3545 1118 mate-

1964 1134 2091 1202 ries,
2128 1146 2183 1192 ut
2227 1154 2327 1194 nec
2352 1141 2551 1212 aliquid
2580 1158 2647 1198 ex
2680 1160 2743 1200 ea
2779 1156 2981 1216 pereat,
3010 1160 3061 1204 et
3091 1151 3231 1220 quod
3259 1152 3415 1208 alicui
3454 1156 3546 1211 de-

1964 1227 2119 1281 fuerit
2148 1228 2239 1285 ille
2281 1233 2545 1302 suppleat,
2591 1236 2680 1305 qui
2710 1237 2871 1291 etiam
2900 1237 2967 1294 de
3007 1239 3173 1296 nihilo
3209 1243 3378 1311 potuit
3403 1247 3543 1314 quod

1961 1316 2129 1371 voluit
2157 1321 2388 1387 operari.
2415 1321 2472 1376 Si
2502 1334 2679 1379 autem
2708 1325 2761 1380 in
2797 1329 3112 1397 corporibus
3153 1336 3540 1404 resurgentium

1960 1408 2290 1465 rationabilis
2317 1412 2648 1483 inaequalitas
2674 1418 2795 1485 erit,
2826 1420 2964 1474 sicut
3004 1430 3085 1475 est
3125 1437 3315 1478 vocum
3351 1426 3542 1494 quibus

1958 1508 2147 1554 cantus
2177 1500 2461 1571 impletur;
2493 1503 2594 1559 hoc
2634 1506 2723 1562 fiet
2743 1508 2933 1578 cuique
2962 1510 3029 1566 de
3055 1513 3279 1567 materie
3304 1517 3545 1583 corporis

1959 1591 2061 1655 sui,
2090 1591 2232 1662 quod
2258 1602 2312 1648 et
2338 1594 2607 1651 hominem
2648 1598 2874 1653 reddat‘|
2914 1602 3169 1672 angelicis
3204 1605 3455 1672 coetibus,
3489 1617 3546 1661 et

1958 1680 2089 1735 nihil
2128 1683 2510 1742 inconveniens
2557 1704 2741 1744 eorum
2784 1690 2992 1761 ingerat
3021 1695 3285 1751 sensibus.
3320 1696 3542 1753 Indeco—

1957 1786 2074 1826 rum
2118 1776 2315 1844 quippe
2355 1776 2553 1847 aliquid
2584 1778 2657 1833 ibi
2687 1796 2792 1835 non
2830 1783 2962 1849 erit;
2993 1784 3086 1839 sed
3113 1787 3365 1857 quidquid
3395 1790 3538 1843 futu-

1956 1869 2074 1918 ‘rum
2104 1874 2205 1934 est,
2237 1866 2339 1923 hoc
2367 1868 2604 1938 decebit;
2638 1872 2759 1941 quia
2808 1889 2906 1929 nec
2950 1874 3182 1932 futurum
3213 1889 3313 1947 est,
3342 1879 3386 1934 si
3433 1897 3537 1935 non

1955 1954 2180 2010 docebit.

2024 2044 2251 2102 CAPUT
2290 2048 2422 2104 XCI.
2450 2082 2521 2092 —-
2548 2051 2829 2126 Resurgent
2855 2058 3053 2126 piorum
3104 2076 3316 2130 corpora
3344 2076 3441 2131 quo
3470 2063 3538 2114 ad

1952 2136 2281 2190 substantiam
2315 2142 2503 2207 carnis,
2533 2145 2622 2196 sed
2647 2146 2754 2200 sine
2781 2149 2918 2200 onmi
2946 2149 3084 2203 vitio.
3116 2150 3413 2221 Resurgent
3442 2151 3539 2222 igi-

1955 2235 2039 2281 tur
2068 2237 2375 2283 sanctorum
2406 2247 2628 2301 corpora
2665 2236 2781 2290 sine
2826 2238 2932 2291 ullo
2959 2239 3115 2303 vitio,
3154 2240 3269 2295 sine
3305 2242 3408 2295 ulla
3438 2242 3537 2297 dc-

1954 2318 2242 2385 formitate,
2290 2321 2427 2377 sicut
2478 2326 2594 2380 sine
2630 2327 2734 2381 ulla
2785 2331 3145 2399 corruptione,
3177 2346 3362 2396 onere,
3391 2334 3536 2388 diffi-

1952 2410 2185 2466 cultate:
2239 2413 2290 2466 in
2344 2415 2536 2483 quibus
2590 2425 2731 2471 tanta
2763 2419 3042 2484 facilitas’,
3094 2432 3289 2491 quanta
3318 2424 3539 2481 felicitas

1951 2503 2071 2555 erit.
2102 2503 2326 2572 Propter
2357 2506 2497 2575 quod
2528 2516 2581 2561 et
2606 2509 2896 2578 spiritualia
2926 2511 3064 2566 dicta
3094 2523 3237 2580 sunt,
3270 2530 3389 2569 cum
3416 2531 3538 2587 pro-

1950 2594 2032 2649 eul
2063 2594 2224 2650 dubio
2252 2611 2475 2667 corpora
2506 2600 2609 2655 sint
2642 2599 2837 2670 futura,
2868 2620 2973 2658 non
3001 2606 3235 2675 spiritus.
3271 2608 3373 2664 Sed
3402 2610 3540 2663 sicut

1952 2703 2094 2742 nunc
2138 2704 2332 2759 corpus
2380 2692 2610 2776 ΞἫΙΟ
2661 2694 2872 2760 dicitur,
2903 2698 3045 2771 quod
3094 2708 3269 2757 tamen
3320 2717 3533 2776 corpus,

1952 2795 2056 2833 non
2087 2780 2260 2834 anima
2290 2762 2677 2847 estmunc
2706 2787 2985 2858 spirituale
3029 2805 3222 2861 corpus
3261 2793 3535 2861 crit,,Cor-

1953 2884 2050 2938 pus
2084 2878 2282 2937 tamen,
2318 2888 2421 2926 non
2466 2875 2683 2943 spiritus
2713 2878 2835 2933 erit.
2864 2879 3092 2935 Proinde
3116 2890 3369 2952 quantum
3411 2885 3534 2947 attig

1951 2968 2043 3013 net
2082 2961 2149 3014 ad
2197 2964 2616 3032 corruptionem,
2669 2983 2788 3037 qua:
2833 2985 2974 3025 nunc
3015 2983 3263 3042 aggravat
3305 2975 3535 3030 animam

1953 3050 2108 3120 (δαν.
2137 3066 2211 3117 Ix,
2247 3050 2357 3123 In),
2392 3062 2444 3107 et
2473 3054 2538 3108 ad
2569 3056 2714 3123 vitia,
2747 3060 2940 3128 quibus
2965 3076 3091 3117 caro
3126 3063 3382 3119 adversus
3422 3071 3534 3135 spi-

1951 3143 2109 3196 ritum
2154 3147 2481 3214 concupiscit
2528 3148 2725 3215 (Galat.
2751 3167 2802 3217 v,
2829 3152 2935 3224 17),
2978 3165 3101 3209 tunc
3132 3173 3235 3210 non
3266 3159 3527 3223 eritcaro,

1949 3232 2043 3286 sed
2075 3246 2298 3302 corpus;
2329 3236 2449 3303 quia
2503 3246 2557 3291 et
2600 3239 2842 3295 cwlestia
2897 3258 3121 3313 corpora
3165 3249 3529 3315 perhibentur.

1950 3323 2177 3394 Propter
2217 3326 2358 3395 quod
2412 3327 2610 3382 dictum
2660 3342 2761 3398 est,
2810 3332 2940 3388 Caro
2989 3347 3034 3389 et
3077 3341 3285 3411 sanguis
3324 3357 3535 3411 regnum

1952 3411 2047 3467 Dei
2088 3431 2189 3468 non
2218 3414 2541 3484 possidebunt
2572 3432 2591 3471 :
2621 3428 2675 3473 et
2706 3429 2955 3490 tanquam
2985 3440 3266 3496 exponens
3295 3432 3421 3499 quid
3450 3432 3535 3488 di-

1950 3505 2106 3572 xerit,
2136 3523 2291 3577 neque
2318 3510 2595 3579 corruptio,
2626 3511 2814 3582 inquit,
2847 3513 3276 3589 incorruptionem
3306 3522 3537 3591 posside-

1949 3600 2016 3653 bit
2048 3600 2091 3673 (I
2119 3600 2237 3656 Cor.
2272 3617 2362 3669 xv,
2390 3600 2501 3674 50).
2539 3602 2691 3672 Quod
2721 3606 2867 3675 prius
2896 3607 3047 3674 dixit,
3080 3626 3198 3664 caro
3221 3621 3266 3664 et
3290 3614 3535 3686 sanguis;

1949 3691 2053 3746 hoc
2080 3692 2344 3761 posterius
2363 3693 2515 3760 dixit,
2546 3697 2802 3766 corruptio
2829 3713 2848 3753 :
2877 3707 2933 3754 et
2959 3701 3099 3771 quod
3128 3702 3293 3771 prius,
3321 3720 3534 3774 regnum

1949 3782 2044 3837 Dei
2074 3799 2091 3837 :
2116 3782 2218 3837 hoc
2248 3786 2533 3852 posterius,
2563 3787 3009 3859 incorruptionem.
3060 3790 3325 3859 Quantum
3354 3802 3530 3851 autem

1948 3874 2141 3929 attinet
2181 3874 2246 3929 ad
2273 3876 2644 3945 substantiam,
2677 3880 2835 3934 etiam
2866 3889 2990 3935 tunc
3009 3896 3135 3936 caro
3164 3883 3282 3939 erit.
3306 3884 3536 3957 Pr0pter

1948 3963 2089 4033 quod
2115 3973 2168 4019 et
2196 3975 2317 4034 post
2346 3969 2796 4025 resurrectionem
2824 3986 3017 4041 corpus
3045 3970 3264 4041 Christi,
3294 3990 3421 4032 caro
3443 3993 3532 4048 ap-

1949 4054 2145 4123 pellata
2185 4065 2267 4110 est
2306 4055 2455 4128 (Luc.
2502 4075 2647 4127 xxrv,
2696 4059 2807 4131 59).
2836 4061 2940 4117 Sed
2971 4062 3092 4119 ideo
3121 4064 3194 4119 ait
3222 4067 3530 4136 Apostolus,

1950 4144 2241 4200 Semmamr
2275 4162 2458 4217 corpus
2496 4150 2748 4216 animale,
2776 4162 3000 4225 resurget
3037 4170 3221 4226 corpus
3270 4159 3537 4228 spirituale

1952 4234 1994 4305 (Ι
2027 4238 2145 4289 Cor.
2177 4251 2267 4302 xv,
2290 4235 2379 4305 44)
2421 4253 2434 4288 :
2467 4240 2718 4306 quoniam
2752 4249 2897 4296 tanta
2932 4242 3036 4298 erit
3079 4252 3205 4300 tunc
3246 4249 3531 4304 concordia

1948 4340 2126 4381 carnis
2154 4334 2208 4381 et
2234 4326 2474 4395 spiritus,
2498 4329 2797 4386 vivificante
2823 4332 3012 4402 spiritu
3042 4335 3158 4390 sine
3187 4341 3533 4394 sustentaculi

1948 4414 2173 4484 alicujus
2217 4415 2503 4486 indigentia
2534 4418 2798 4475 subditam
2827 4435 3065 4487 carnem,
3108 4432 3167 4477 ut
3206 4426 3339 4481 nihil
3380 4428 3535 4483 nobis

1948 4518 2209 4579 repugnet
2237 4524 2304 4565 ex
2332 4509 2520 4577 nobis;
2552 4511 2646 4566 sed
2675 4511 2813 4568 sicut
2837 4512 2968 4571 foris
2996 4516 3305 4585 neminem,
3338 4519 3407 4573 ita
3433 4535 3533 4583 nec

1951 4601 2091 4661 intus
2121 4614 2219 4653 nos
2248 4599 2392 4670 ipsos
2420 4599 2686 4669 patiamur
2712 4602 2977 4659 inimicos.

1970 4692 1976 4699 ’
2017 4691 2244 4747 CAPUT
2274 4691 2431 4753 XCII.
2451 4691 2758 4773 —Corpora
2785 4696 3142 4757 damnatorum
3164 4701 3338 4773 qualia
3365 4719 3534 4770 rorat;-

1948 4794 2081 4855 gent.
2111 4783 2441 4856 Quicumque
2465 4801 2593 4841 vero
2621 4772 2689 4842 ab
2727 4788 2814 4843 illa
2846 4790 3159 4860 perditionis
3178 4772 3379 4863 massa,
3414 4812 3533 4868 qua:

1949 4876 2085 4931 facta
2116 4887 2198 4932 est
2234 4894 2328 4947 per
2358 4878 2627 4934 hominem
2660 4882 2920 4951 primum,
2964 4900 3071 4941 non
3108 4886 3399 4946 liberantur
3438 4908 3536 4962 per

1949 4986 2109 5025 unum
2141 4970 2488 5033 Mediatorem
2520 4973 2614 5029 Dei
2649 4985 2703 5030 et
2745 4975 3016 5033 hominum
3040 5020 3055 5045 ,
3093 4994 3372 5055 resurgcnt
3412 4968 3536 5055 qui-

1948 5060 2073 5116 dem
2110 5062 2267 5116 etiam
2299 5064 2398 5132 ipsi
2437 5067 2795 5137 unusquisque
2822 5082 2942 5123 cum
2972 5085 3069 5126 sua
3113 5088 3274 5131 carne
3297 5118 3312 5143 ,
3355 5077 3457 5138 sed
3478 5088 3537 5135 ut

1947 5170 2069 5209 cum
2108 5153 2320 5209 diabolo
2353 5164 2409 5211 et
2445 5157 2561 5227 ejus
2600 5160 2802 5231 angelis
2830 5162 3136 5232 puniantur.
3181 5167 3364 5223 Utrum
3406 5186 3536 5228 sane

1947 5245 2061 5315 ipsi.
2089 5260 2210 5300 cum
2253 5246 2395 5301 vitiis
2436 5257 2491 5304 et
2522 5249 2946 5311 deformitatibus
2985 5271 3203 5313 suorum
3246 5275 3531 5332 corporum

1948 5345 2264 5406 resurgant,
2315 5353 2663 5411 quaecumque
2719 5343 2771 5400 in
2816 5346 2894 5400 eis
2944 5347 3132 5405 vitiosa
3179 5360 3235 5407 et
3273 5353 3531 5412 deformia

1948 5427 2186 5481 membra
2207 5438 2501 5499 gestarant,
2533 5433 2584 5487 in
2616 5435 2937 5505 requirendo
2966 5439 3210 5498 laborare
3239 5446 3365 5516 quid
3397 5461 3531 5518 Opus

2013 5607 2030 5677 ξ
2064 5614 2128 5657 Ex
2158 5610 2389 5677 Vaticanis
2410 5617 2516 5662 Mss.
2541 5627 2667 5664 unus
2684 5615 2851 5677 habet,
2875 5620 3119 5677 corporeis
3133 5620 3379 5674 membris.

2012 5671 2032 5699 ³
2068 5670 2197 5749 apud
2238 5680 2335 5749 Ani.
2372 5680 2453 5749 Er.
2485 5682 2581 5749 Dan
2606 5685 2670 5749 et
2690 5670 3025 5749 miraremini
3060 5670 3525 5749 coquatcmftlbest,

1948 5730 2195 5790 (canalem,
2224 5744 2251 5779 a
2275 5740 2380 5785 Mss.
2409 5745 2461 5786 et
2481 5740 2543 5785 ah
2558 5738 2771 5786 editione
2800 5730 3002 5789 Arualdi.

2018 5795 2036 5823 ³
2070 5802 2170 5846 Ain.
2197 5800 2267 5842 Er.
2297 5805 2345 5847 et
2381 5806 2481 5848 tros
2500 5807 2625 5855 Mss,
2640 5795 2843 5859 ﬁtcilitas
2870 5802 3167 5867 rcsurgctzdi.
3193 5808 3340 5857 Minus
3363 5820 3527 5861 τρεῖς·
