3896 6382
490 315 597 373 275

492 430 622 486 est?
663 426 847 499 Neque
883 425 1028 483 enim
1076 424 1297 497 fatigare
1325 439 1424 481 nos
1452 423 1612 480 debet
1651 424 1854 478 incerta
1890 437 2076 478 eorum

495 515 749 573 habitudo
783 514 865 570 vel
893 513 1257 585 pulchritudo,
1296 528 1523 584 quorum
1552 512 1656 567 erit
1685 521 1830 567 certa
1859 522 1914 567 et
1938 527 2079 568 sem-

496 609 702 679 piterna
727 604 1017 661 damnatio.
1055 603 1163 661 Nec
1190 611 1437 670 moveat,
1468 600 1737 673 quomodo
1766 601 1820 655 in
1864 600 1942 656 eis
1978 600 2080 655 erit

494 714 692 771 corpus
712 696 1137 768 incorruptibile,
1162 694 1207 749 si
1231 693 1413 750 dolere
1435 693 1668 763 poterit;
1696 700 1789 747 aut
1811 690 2078 763 quomodo

491 787 867 860 corruptibile,
908 787 956 843 si
983 787 1118 841 mori
1149 800 1256 841 non
1294 785 1508 855 poterit.
1536 783 1655 841 Non
1681 791 1764 840 est
1791 783 1935 840 enim
1952 798 2077 839 vera

490 882 621 950 vita,
656 879 757 936 nisi
798 878 887 934 ubi
929 878 1153 933 feliciter
1175 877 1403 945 vivitur,
1434 891 1533 931 nec
1562 891 1685 930 vera
1712 875 2038 945 incorruptio
2060 916 2075 941 ,

489 974 592 1029 nisi
635 972 726 1029 ubi
763 972 909 1028 salus
946 970 1093 1026 nullo
1133 970 1319 1026 dolore
1358 968 1737 1039 corrumpitur.
1764 965 1868 1023 Ubi
1901 974 2077 1023 autem

490 1064 674 1121 infelix
717 1063 853 1121 mori
901 1078 1008 1119 non
1049 1062 1274 1127 sinitur,
1314 1070 1371 1117 ut
1418 1062 1489 1116 ita
1530 1059 1744 1128 dicam,
1788 1074 1935 1115 mors
1963 1060 2077 1129 ipsa

489 1170 595 1209 non
625 1153 849 1210 moritur
875 1169 894 1221 ;
922 1162 978 1209 et
1015 1152 1103 1209 ubi
1131 1150 1284 1207 dolor
1313 1160 1600 1223 perpetuus
1640 1164 1746 1205 non
1776 1149 2067 1215 interimit,

489 1246 583 1303 sed
604 1245 786 1318 amigit
803 1286 820 1314 ,
850 1247 963 1315 ipsa
986 1245 1256 1315 corruptio
1286 1259 1393 1299 non
1412 1242 1614 1297 linitur.
1646 1241 1770 1297 Haec
1787 1242 1841 1297 in
1866 1242 2071 1296 sanctis

489 1336 781 1408 Scripturis
805 1378 821 1404 ,
845 1340 1069 1391 secunda
1105 1351 1241 1390 mors
1266 1334 1458 1391 dicitur
1478 1334 1498 1406 (
1517 1334 1678 1405 Apoc.
1704 1348 1760 1400 tt,
1792 1332 1881 1398 11,
1910 1342 1958 1387 et
1978 1347 2074 1400 xx,

490 1428 699 1501 σω).

558 1519 787 1577 CAPUT
839 1519 1352 1585 XCIIL—Quontm
1402 1517 1754 1573 damnatorum
1794 1522 1970 1590 futura
2009 1518 2076 1573 sit

487 1610 753 1664 mitissima
777 1626 943 1679 pana.
982 1609 1092 1665 Nec
1126 1610 1298 1682 prima
1342 1617 1519 1664 tamen
1554 1623 1655 1679 qua
1695 1623 1850 1663 suum
1877 1623 2076 1680 corpus

486 1701 662 1754 anima
702 1700 1005 1771 relinquere
1046 1699 1288 1771 cogitur,
1330 1713 1431 1754 nec
1466 1698 1696 1754 secunda
1735 1713 1838 1769 qua
1868 1701 2076 1769 ptenale

488 1804 683 1859 corpus
719 1790 897 1845 anima
920 1791 939 1823 ¹
981 1790 1283 1861 relinquere
1328 1805 1433 1845 non
1481 1790 1833 1858 permittitur,
1872 1789 2075 1846 homini

485 1879 796 1946 accidisset,
846 1880 892 1934 si
934 1894 1096 1934 nemo
1133 1887 1431 1949 peccasset.
1477 1878 1753 1933 Mitissima
1788 1893 1917 1934 sane
1959 1895 2073 1935 om-

488 1971 631 2024 nium
660 1985 821 2041 paena
843 1971 945 2026 erit
968 1986 1155 2026 eorum
1175 1971 1263 2040 qui
1290 1979 1486 2042 praeter
1509 1978 1786 2040 peccatum
1806 1968 1950 2040 quod
1969 1971 2075 2025 ori-

485 2061 663 2130 ginale
707 2068 1018 2127 traxerunt,
1061 2060 1262 2115 nullum
1293 2064 1509 2130 insuper
1542 2058 1898 2114 addiderunt:
1928 2067 1983 2112 et
2018 2058 2071 2113 in

486 2151 697 2206 caeteris
725 2152 813 2221 qui
842 2151 1178 2219 addiderunt,
1209 2159 1355 2206 tanto
1395 2150 1620 2221 quisque
1654 2148 2072 2204 tolerabiliorem

485 2241 559 2295 ibi
585 2241 794 2297 habebit
818 2241 1234 2308 damnationem,
1262 2251 1463 2312 quanto
1484 2241 1570 2297 hic
1602 2241 1864 2295 minorem
1892 2239 2075 2295 habuit

490 2330 843 2401 iniquitatem.

555 2421 783 2479 CAPUT
818 2421 998 2478 XCIV.
1030 2452 1098 2464 —
1123 2422 1213 2477 24.
1248 2420 1315 2476 In
1350 2421 1451 2475 vita
1479 2431 1664 2476 aeterna
1691 2421 1850 2475 sancti
1880 2420 2077 2491 plenius

488 2521 787 2583 cognoscent
806 2512 928 2583 quid
951 2514 1023 2567 eis
1042 2512 1308 2568 contulerit
1340 2513 1525 2583 gratia.
1542 2512 1957 2568 Remanentibus
1978 2512 2075 2568 ita-

486 2620 592 2675 que
615 2605 820 2675 angelis
865 2614 920 2659 et
958 2604 1261 2660 hominibus
1301 2606 1540 2675 reprobis
1566 2605 1617 2659 in
1657 2613 1854 2659 aaterna
1885 2619 2073 2675 poena,

486 2705 614 2752 tunc
659 2696 828 2751 sancti
868 2697 1039 2753 scient
1086 2697 1292 2767 plenius
1337 2696 1464 2767 quid
1496 2697 1618 2751 boni
1664 2697 1745 2751 eis
1785 2697 2076 2753 contulerit

485 2786 674 2853 gratia.
699 2784 848 2840 Tunc
874 2786 1037 2841 rebus
1056 2785 1184 2857 ipsis
1211 2786 1509 2842 evidentius
1534 2787 1810 2857 apparebit
1848 2786 1991 2855 quod
2017 2785 2071 2841 in

488 2878 703 2933 Psalmo
739 2878 997 2949 scriptum
1028 2887 1133 2945 est,
1166 2877 1569 2932 Hisericordiam
1594 2888 1640 2932 et
1668 2877 1927 2949 judicium
1953 2893 2075 2931 can-

487 2968 603 3022 tabo
623 2968 749 3035 tibi,
778 2966 997 3022 Domine
1026 2966 1216 3042 (Psal.
1244 2983 1296 3033 c,
1330 2966 1396 3039 1)
1426 2984 1441 3034 ;
1473 2969 1592 3036 quia
1622 2969 1722 3023 nisi
1753 2984 1847 3039 per
1872 2968 2077 3025 indebi-

487 3070 601 3114 tam
626 3058 1041 3115 misericordiam
1069 3074 1226 3115 nemo
1264 3060 1516 3115 liberatur
1538 3100 1554 3126 ,
1583 3070 1636 3116 et
1657 3061 1754 3116 nisi
1782 3076 1878 3132 per
1920 3059 2075 3117 debi-

488 3160 601 3206 tum
620 3150 874 3222 judicium
904 3166 1065 3207 nemo
1098 3151 1399 3207 damnatur.

566 3243 792 3299 CAPUT
828 3240 1228 3299 XCV.—Tunc
1259 3243 1609 3301 revelabuntur
1649 3244 1846 3300 occulta
1876 3245 2078 3315 judicia

492 3335 589 3390 Dei
613 3336 667 3390 in
693 3335 951 3390 hominum
976 3335 1433 3409 prwdestinatione.
1467 3335 1711 3393 Voluntas
1727 3337 1825 3391 Dei
1842 3336 2078 3409 eﬂicacis-

486 3426 637 3480 sinta.
667 3424 817 3481 Tunc
836 3439 942 3481 non
969 3425 1152 3482 latebit
1176 3425 1319 3496 quod
1348 3441 1489 3483 nunc
1512 3426 1660 3495 latet,
1694 3442 1817 3482 cum
1846 3427 1913 3482 de
1941 3426 2077 3482 duo-

490 3519 589 3574 bus
620 3519 854 3588 parvulis
882 3532 1022 3574 unus
1060 3528 1204 3574 esset
1245 3518 1601 3574 assumendus
1639 3534 1735 3590 per
1768 3518 2075 3575 misericor-

490 3610 657 3679 diam,
696 3611 831 3665 alius
874 3625 972 3680 per
1001 3609 1259 3681 judicium
1292 3609 1707 3681 relinquendus,
1750 3609 1805 3665 in
1847 3624 1988 3681 quo,
2033 3610 2078 3666 is

491 3701 582 3769 qui
620 3709 1010 3767 assumeretur,
1038 3708 1352 3771 agnosceret
1404 3699 1530 3771 quid
1570 3700 1672 3756 sibi
1702 3714 1797 3771 per
1821 3699 2077 3772 judicium

490 3789 800 3858 deberetur,
830 3790 929 3844 nisi
959 3790 1323 3846 misericordia
1348 3790 1663 3845 subveniret
1696 3805 1713 3856 ;
1741 3804 1837 3845 cur
1866 3789 1957 3844 ille
1981 3804 2078 3859 po-

493 3882 600 3938 tius
625 3896 786 3953 quam
812 3881 912 3936 iste
936 3880 1091 3936 fuerit
1120 3890 1443 3952 assumptus,
1470 3895 1590 3936 cum
1621 3895 1779 3935 causa
1804 3895 1904 3935 una
1935 3888 2080 3936 esset

494 3973 756 4030 ambobus
799 3987 940 4028 :cur
964 3973 1103 4043 apud
1130 3974 1388 4043 quosdam
1427 3990 1532 4028 non
1573 3973 1723 4028 factm
1761 3974 1868 4028 sint
1913 3974 2078 4028 virtu-

494 4073 597 4131 tes,
628 4079 747 4135 quae
768 4064 812 4118 si
840 4062 991 4119 facta:
1013 4065 1256 4133 fuissent,
1284 4066 1519 4135 egissent
1545 4065 1619 4119 illi
1642 4064 1884 4120 homines
1910 4065 2079 4135 poeni-

499 4156 798 4219 tentiam',
839 4162 895 4209 et
942 4154 1093 4211 factae
1145 4156 1251 4209 sint
1290 4154 1427 4224 apud
1474 4170 1567 4210 eos
1598 4157 1689 4225 qui
1727 4171 1833 4210 non
1872 4155 2081 4210 fuerant

492 4244 767 4301 eralituri.
812 4244 1161 4315 Apertissime
1204 4258 1435 4313 namque
1474 4244 1729 4300 Dominus
1776 4245 1949 4299 dicit:
1991 4243 2081 4299 Va:

496 4334 626 4402 tibi,
652 4332 945 4400 Corosain;
981 4350 1057 4389 va:
1092 4332 1495 4400 tibi,BetItsaida
1527 4333 1548 4388 !
1577 4334 1695 4405 quia
1719 4334 1764 4389 si
1788 4335 1841 4389 in
1871 4333 2005 4406 Tyro
2035 4345 2081 4389 et

495 4427 689 4483 Sidone
714 4426 867 4496 facta:
897 4425 1110 4499 fuissent
1136 4426 1339 4483 uirtutes
1371 4441 1486 4495 qua:
1517 4429 1667 4496 {actte
1693 4427 1881 4481 suntin
1920 4426 2079 4494 vobis,

492 4519 616 4573 olim
656 4519 711 4572 in
743 4516 909 4572 cilicio
946 4526 994 4570 et
1029 4516 1194 4571 cinere
1220 4517 1562 4588 pmnitentiam
1589 4516 1804 4587 egissent
1843 4516 2081 4589 (Matth.

494 4625 547 4664 ιι
570 4651 588 4677 ,
614 4609 740 4679 21).
776 4608 886 4662 Nec
928 4608 1110 4678 utique
1153 4608 1290 4664 Deus
1313 4608 1506 4678 injuste
1534 4608 1705 4663 noluit
1727 4607 1903 4663 salvos
1931 4608 2042 4662 fieri
2062 4650 2078 4676 ,

492 4715 619 4754 cum
650 4698 857 4769 possint
883 4698 1015 4753 salvi
1050 4712 1200 4763 esse,
1229 4699 1274 4753 si
1317 4699 1515 4753 vellent
1543 4697 1585 4751 ⁸.
1618 4697 1768 4752 Tunc
1807 4697 1858 4751 in
1889 4696 2079 4753 claris-

492 4848 608 4885 nam
626 4836 691 4886 de
713 4833 941 4885 facilitate
971 4832 1149 4897 agendi
1173 4834 1332 4897 potius
1351 4833 1457 4884 haec
1487 4831 1851 4895 interpretanda
1880 4838 2081 4882 senten-

496 4899 723 5008 1Μίυιῗιόν.
750 4963 804 5008 et
826 4964 955 5018 Arn,
979 4954 1209 5018 animam.
1230 4956 1349 5018 Editi
1372 4954 1530 5018 aliiet
1550 4961 1677 5018 Mss,

557 5022 581 5083 ἓ
612 5026 811 5081 Septem
834 5014 959 5083 Mss;
986 5016 1191 5083 αρε-ξφα
1205 5016 1375 5083 tutique
1396 5014 1471 5068 ειιὶ
1493 5014 1705 5083 Mein“

559 5081 582 5114 ι
614 5076 823 5152 Veteres
838 5076 1035 5152 οοσίςεέ
1050 5079 1219 5152 viginti
1706 5076 1896 5152 sum
1912 5076 2084 5152 unito-

493 5142 655 5193 theae
689 5143 924 5192 Vaticana
944 5141 1042 5190 duo
1058 5176 1075 5201 ,
1099 5137 1160 5190 Et
1180 5137 1489 5201 Parisienses
1508 5139 1587 5187 isti
1607 5137 1862 5201 sexdecim
1881 5172 1897 5198 ,
1921 5139 2082 5201 [legite

491 5203 805 5256 bibliotheca:
827 5215 973 5262 unus,
993 5200 1230 5253 uarat-risi
1247 5201 1443 5264 collegii
1461 5200 1578 5260 duo,
1591 5200 1836 5264 Sorbonici
1855 5200 2081 5262 quatuor,

492 5266 702 5316 abbatiae
723 5266 878 5314 sancti
903 5260 1102 5314 victoris
1119 5270 1224 5314 tres
1237 5298 1253 5323 ,
1271 5260 1451 5313 sanctae
1472 5260 1730 5312 Genovefa:
1750 5260 1894 5323 unus,
1915 5260 2082 5323 ctenoé

494 5326 565 5377 bii
604 5326 758 5377 sancti
781 5325 1008 5375 uernat-di
1031 5332 1111 5374 PP.
1136 5322 1429 5375 Puliensium
1461 5334 1606 5382 unus,
1633 5330 1713 5371 PP.
1746 5322 2082 5373 Dominicano-

491 5399 603 5438 rum
624 5388 704 5438 via
723 5388 931 5437 Jacobea
953 5399 1093 5447 unus,
1115 5394 1195 5435 PP.
1218 5385 1637 5447 Franciseanorum
1658 5384 1855 5446 majoris
1869 5395 2083 5434 conven-

505 5461 568 5499 us
604 5459 731 5499 unus
750 5482 768 5509 ,
785 5448 994 5509 αωοὺῇ
1029 5444 1184 5497 nostri
1215 5445 1555 5509 Germangensis
1586 5444 1683 5495 duo
1700 5479 1715 5505 ,
1735 5444 2083 5509 printereaqne

491 5504 851 5562 Lemovicensis
870 5506 1095 5559 modestae
1124 5508 1278 5558 sancti
1302 5504 1521 5556 atartialis
1537 5518 1682 5569 unus,
1702 5504 1910 5556 abbatite
1928 5504 2079 5570 Rega-

494 5573 754 5625 tls-montis
773 5583 919 5632 unus,
942 5569 1272 5632 Longi-pontis
1289 5580 1418 5618 unus
1434 5604 1449 5628 ,
1475 5570 1733 5617 Beceensis
1753 5579 1880 5632 unus
1895 5569 2083 5632 ,_sanct_i

494 5635 626 5687 Petri
646 5634 713 5685 de
731 5630 925 5685 minus
940 5630 1067 5691 apud
1087 5630 1385 5680 Cenomanos
1393 5641 1538 5687 unus,
1560 5632 1711 5679 sancti
1730 5630 1928 5691 Remigii
1952 5630 2079 5691 apud

497 5700 669 5745 uentos
689 5707 814 5743 unus
830 5728 846 5753 ,
864 5702 917 5743 et
933 5689 1291 5756 antiquissimus
1309 5690 1615 5756 (Jorbeiensis
1637 5691 1839 5756 habent,
1857 5689 1905 5740 si
1924 5689 2079 5756 uellet.

495 5761 666 5806 Contra
706 5756 841 5819 editi,
864 5768 964 5805 uno
1007 5752 1215 5818 eicepto
1249 5753 1517 5814 trnaldino,
1556 5754 1747 5814 ferunt.
1786 5752 1829 5806 si
1862 5752 2031 5803 uellent
2060 5768 2076 5802 :

990 309 1449 377 ENCHIRIDION,
1488 308 1645 365 SIVE
1683 308 1769 363 DE
1808 306 1983 372 FIDE,
2023 307 2149 364 SPE
2188 307 2274 362 ET
2314 307 2727 378 CHARITATE,
2765 311 2822 368 S.
2862 309 3227 368 AUCUSTINI

3622 316 3714 375 276

2186 423 2319 478 sima
2348 425 2620 495 sapientiae
2656 426 2774 482 luce
2802 426 3084 495 videbitur,
3110 426 3252 498 quod
3286 441 3425 484 nunc
3455 428 3642 499 piorum
3664 435 3719 488 ti.

2182 515 2278 571 des
2307 515 2494 583 habet,
2527 527 2810 589 antequam
2846 518 3123 574 manifesta
3166 519 3463 586 cognitione
3494 520 3718 593 videatur,

2181 622 2339 677 quam
2376 619 2548 673 certa,
2598 609 2962 676 immutabilis,
2992 609 3361 666 efficacissima
3400 611 3468 667 sit
3504 613 3715 671 voluntas

2181 694 2278 753 Dei
2305 714 2321 760 ;
2342 713 2500 769 quam
2528 699 2689 754 multa
2716 701 2883 770 possit
2908 710 2962 755 et
2984 714 3090 755 non
3110 700 3255 767 velit,
3278 699 3410 755 nihil
3428 709 3596 757 autem
3615 705 3720 761 velit

2180 788 2322 856 quod
2351 802 2457 843 non
2489 790 2655 859 possit
2688 808 2702 846 :
2733 805 2998 861 quamque
3022 791 3093 847 sit
3126 806 3310 847 verum
3339 792 3481 863 quod
3515 794 3565 849 in
3598 794 3725 851 Psal-

2182 893 2271 933 mo
2299 878 2526 945 canitur,
2565 879 2702 935 Deus
2742 891 2912 936 autem
2940 892 3110 936 noster
3152 883 3207 936 in
3236 883 3362 937 ctelo
3388 886 3614 939 sursum‘
3643 903 3656 951 ;
3682 887 3723 940 in

2181 971 2305 1024 caelo
2340 982 2392 1025 et
2419 972 2471 1025 in
2510 982 2640 1027 terra
2668 976 2837 1028 omnia
2869 990 3194 1045 quwcumque
3216 976 3395 1043 voluit,
3437 978 3550 1048 fecit
3572 976 3724 1050 (Psal.

2181 1075 2333 1127 cxtn,
2354 1063 2487 1131 ‘HQ.
2515 1062 2667 1131 Quod
2692 1065 2875 1136 utique
2902 1081 3006 1119 non
3035 1076 3119 1121 est
3152 1081 3367 1133 verum,
3397 1067 3443 1123 si
3464 1068 3625 1139 aliqua
3648 1085 3724 1125 vo-

2181 1150 2305 1217 luit,
2335 1160 2389 1208 et
2418 1169 2519 1207 non
2550 1153 2674 1209 fecit
2703 1171 2718 1219 ;
2747 1164 2821 1219 et,
2860 1155 3002 1226 quod
3028 1164 3111 1211 est
3148 1155 3448 1227 indignius,
3488 1158 3603 1216 ideo
3638 1174 3724 1215 non

2179 1239 2335 1310 fecit,
2377 1242 2625 1312 quoniam
2662 1258 2729 1299 ne
2761 1243 2912 1300 fieret
2949 1245 3091 1315 quod
3133 1246 3346 1303 volebat
3385 1249 3726 1318 omnipotens,

2182 1332 2425 1388 voluntas
2452 1332 2682 1391 hominis
2706 1335 3003 1406 impedivit.
3045 1337 3160 1392 Non
3190 1352 3317 1409 ergo
3354 1338 3415 1393 fit
3436 1338 3623 1409 aliquid
3650 1340 3730 1394 nisi

2179 1424 2516 1495 ornriipotens
2543 1423 2657 1481 fieri
2685 1426 2839 1493 velit,
2879 1426 2963 1483 vel
3000 1428 3227 1484 sinendo
3267 1438 3325 1484 ut
3359 1428 3454 1485 fiat
3476 1469 3491 1496 ,
3517 1430 3594 1485 vel
3635 1430 3728 1500 ipse

2179 1515 2443 1573 faciendo.

2248 1607 2472 1666 CAPUT
2498 1608 2683 1665 XCVI.
2697 1608 2907 1665 —Dests
2926 1610 3050 1683 facit
3075 1609 3227 1676 bene,
3253 1609 3404 1664 etiam
3424 1611 3625 1667 sinendo
3642 1612 3733 1681 ﬁeri

2178 1702 2329 1757 male.
2354 1703 2462 1760 Nec
2479 1704 2824 1761 dubitandum
2848 1713 2934 1760 est
2949 1704 3113 1760 Deum
3133 1702 3308 1759 facere
3332 1704 3490 1769 bene,
3516 1704 3659 1761 etiam
3676 1706 3735 1759 si-

2176 1792 2352 1849 nendo
2378 1794 2491 1850 fieri
2513 1809 2857 1865 qumcumqtte
2872 1794 3006 1850 fiunt
3026 1794 3187 1851 male.
3207 1793 3323 1850 Non
3354 1796 3498 1850 enim
3524 1795 3619 1857 hoc
3654 1796 3732 1850 nisi

2171 1870 2318 1952 justo
2349 1883 2549 1954 judicio
2584 1885 2750 1951 sinit;
2778 1894 2832 1941 et
2853 1885 3092 1955 profecto
3116 1886 3314 1942 bonum
3335 1896 3418 1941 est
3449 1901 3604 1944 omne
3618 1886 3734 1956 quod

2171 1971 2370 2042 justum
2392 1984 2491 2031 est.
2505 1977 2757 2045 Quamvis
2770 1992 2898 2047 ergo
2918 1992 2982 2033 ea
2997 1993 3115 2048 quae
3128 1976 3263 2033 mala
3280 1988 3425 2044 sunt,
3444 1980 3494 2033 in
3508 1986 3733 2049 quantum

2177 2066 2315 2120 mala
2339 2078 2494 2134 sunt,
2526 2084 2631 2122 non
2660 2068 2770 2123 sint
2795 2069 2931 2124 bona
2957 2086 2972 2133 ;
2997 2078 3174 2124 tamen
3196 2078 3253 2125 ut
3272 2084 3377 2123 non
3406 2070 3578 2124 solum
3600 2068 3733 2133 bona,

2176 2156 2272 2213 sed
2297 2161 2457 2214 etiam
2499 2160 2607 2215 sint
2640 2170 2695 2215 et
2732 2161 2868 2215 mala
2891 2201 2909 2228 ,
2950 2161 3147 2217 bonum
3178 2170 3281 2217 est.
3312 2160 3446 2217 Nam
3487 2161 3588 2215 nisi
3622 2168 3738 2214 esset

2177 2246 2281 2303 hoc
2307 2248 2539 2319 bonum,
2581 2258 2639 2306 ut
2664 2259 2845 2306 essent
2873 2259 2929 2306 et
2956 2252 3095 2306 maia
3120 2293 3137 2319 ,
3178 2253 3323 2307 nullo
3353 2252 3514 2307 modo
3544 2265 3658 2307 esse
3683 2252 3738 2305 si-

2178 2352 2435 2397 nerentur
2483 2343 2551 2397 ab
2588 2344 2951 2413 omnipotente
2997 2344 3138 2398 bono
3178 2361 3192 2398 :
3231 2345 3317 2399 cui
3367 2344 3549 2414 procul
3605 2343 3739 2398 dubio

2177 2447 2334 2501 quam
2366 2432 2520 2489 facile
2548 2444 2629 2488 est
2663 2433 2804 2505 quod
2837 2434 2945 2488 vult
2974 2433 3171 2500 facere,
3202 2442 3310 2490 tam
3338 2435 3491 2491 facile
3519 2435 3740 2505 estquod

2181 2537 2285 2576 non
2319 2522 2432 2577 vult
2473 2537 2594 2579 esse
2624 2538 2729 2578 non
2756 2524 2951 2579 sinere.
2998 2523 3111 2578 lloc
3138 2524 3237 2579 nisi
3278 2525 3594 2591 credamus,
3628 2524 3743 2594 peri-

2179 2612 2391 2667 clitatur
2409 2614 2579 2683 ipsum
2610 2622 2818 2670 nostra:
2842 2612 3202 2670 Confessionis
3229 2619 3251 2648 ⁸
3279 2615 3510 2679 initium,
3541 2631 3646 2686 qua
3669 2628 3743 2669 nos

2178 2702 2230 2755 in
2275 2703 2438 2758 Deum
2469 2704 2678 2760 Patrem
2709 2703 3127 2774 omnipotentem
3169 2703 3389 2761 credere
3422 2704 3746 2760 conﬁtemur.

2177 2791 2365 2864 Neque
2383 2794 2525 2849 enim
2566 2794 2635 2851 ob
2661 2794 2804 2850 aliud
2835 2794 3098 2850 veraciter
3134 2802 3353 2851 vocatur
3386 2795 3749 2866 omnipotens,

2179 2885 2280 2941 nisi
2305 2886 2554 2957 quoniam
2578 2886 2833 2958 quidquid
2856 2886 2968 2941 vult
2993 2894 3196 2956 potest,
3223 2899 3325 2943 nec
3345 2886 3631 2942 voluntate
3668 2902 3745 2941 cu-

2174 2976 2404 3048 iuspiam
2450 2987 2711 3035 creaturae
2749 2977 3038 3034 voluntatis
3074 2976 3459 3049 omnipotentis
3486 2979 3743 3050 impeditur

2179 3068 2422 3126 eﬂ'eclus.

2250 3159 2481 3217 CAPUT
2519 3158 2727 3216 XCVII.
2748 3188 2821 3201 -
2848 3158 3094 3216 Voluntas
3118 3160 3216 3215 Dei
3238 3161 3434 3217 salutare
3461 3162 3666 3217 volentis
3685 3178 3738 3214 an

2180 3252 2487 3324 impediatur
2526 3252 2747 3307 humana
2784 3252 3059 3306 uoluntate.
3096 3253 3455 3321 Quamobrem
3482 3254 3739 3309 videndum

2181 3351 2265 3398 est
2289 3342 2742 3414 quemadmodum
2772 3342 2841 3397 sit
2881 3342 2948 3397 de
2994 3343 3107 3399 Deo
3145 3342 3378 3411 dictum,
3417 3344 3542 3414 quia
3586 3342 3741 3400 ethoc

2182 3435 2458 3492 verissime
2502 3433 2792 3504 Apostolus
2828 3432 3000 3500 dixit,
3047 3434 3150 3503 Qui
3190 3451 3361 3490 omnes
3394 3435 3620 3491 homines
3654 3434 3742 3489 vult

2180 3526 2345 3582 salvos
2364 3527 2475 3597 ﬁeri
2500 3526 2518 3597 (
2539 3525 2556 3582 l
2580 3524 2711 3580 Tim.
2741 3540 2806 3592 ιι,
2837 3525 2873 3581 4
2892 3525 2931 3597 ).
2957 3524 3090 3581 Cum
3114 3528 3258 3583 enim
3288 3543 3395 3583 non
3422 3543 3638 3592 omnes,
3660 3525 3738 3581 sed

2183 3620 2349 3675 multo
2376 3618 2557 3690 plures
2583 3632 2689 3673 non
2717 3617 2850 3673 fiunt
2877 3617 3044 3685 salvi,
3072 3619 3283 3675 videtur
3299 3621 3490 3691 utique
3513 3637 3613 3677 non
3639 3618 3735 3675 fieri

2182 3711 2324 3780 quod
2368 3712 2505 3766 Deus
2534 3712 2645 3766 vult
2671 3710 2785 3768 fieri
2805 3752 2824 3778 ,
2853 3710 3082 3766 humana
3114 3712 3320 3768 scilicet
3347 3713 3622 3769 voluntate
3656 3713 3740 3767 im-

2184 3802 2431 3871 pediente
2478 3802 2807 3858 voluntatem
2858 3802 2974 3859 Dei.
3032 3803 3256 3870 Quando
3315 3804 3460 3859 enim
3520 3804 3743 3876 quaeritur

2182 3907 2342 3949 causa
2391 3908 2487 3949 cur
2527 3909 2635 3949 non
2669 3908 2858 3951 omnes
2900 3895 3033 3950 salvi
3066 3896 3230 3963 flant,
3269 3897 3587 3966 responderi
3627 3897 3742 3952 solet

2182 3985 2306 4055 quia
2341 3983 2444 4039 hoc
2480 3984 2579 4056 ipsi
2611 3986 2814 4041 nolunt.
2858 3984 3012 4053 Quod
3057 3985 3271 4056 quidem
3300 3987 3403 4043 dici
3427 3989 3502 4045 de
3539 3986 3743 4059 parvulis

2183 4091 2291 4132 non
2316 4084 2510 4147 potest,
2534 4091 2759 4147 quorum
2785 4076 3017 4132 nondum
3039 4086 3122 4133 est
3150 4077 3310 4145 velle,
3332 4093 3424 4135 seu
3451 4081 3609 4136 nolle.
3631 4078 3740 4133 Nam

2184 4168 2327 4237 quod
2365 4167 2591 4224 infantili
2617 4168 2638 4201 ⁸
2662 4176 2812 4224 motu
2845 4166 3073 4235 faciunt,
3104 4169 3147 4223 si
3176 4183 3363 4225 eorum
3396 4170 3648 4226 voluntati
3666 4169 3740 4239 ju-

2184 4261 2450 4318 dicaretur
2474 4276 2593 4318 esse
2623 4262 2994 4330 tribuendum,
3027 4261 3238 4332 quando
3268 4261 3619 4332 baptizantur,
3643 4275 3741 4317 cum

2186 4352 2441 4408 resistunt
2465 4360 2721 4423 quantum
2745 4361 2986 4423 possunt,
3014 4351 3173 4406 etiam
3206 4351 3451 4408 nolentes
3474 4369 3568 4411 eos
3586 4352 3738 4408 salvos

2190 4444 2301 4499 ﬁeri
2328 4443 2648 4499 diceremus.
2678 4444 2784 4500 Sed
2821 4444 3058 4514 apertius
3097 4444 3353 4500 Dominus
3389 4444 3447 4499 in
3476 4442 3741 4515 Evangelia

2186 4535 2514 4606 compellans
2542 4535 2758 4606 impiam
2784 4535 3054 4591 civitatem
3075 4574 3090 4599 ,
3124 4534 3334 4600 Quoties
3356 4576 3374 4603 ,
3402 4534 3612 4608 inquit,
3629 4531 3741 4588 volui

2186 4656 2397 4711 cumque
2428 4642 2523 4694 illis
2554 4643 2847 4711 conveniunt
2880 4643 2933 4711 hi
2952 4644 3575 4711 subsequentesundecim
3605 4654 3743 4711 manu-

2189 4703 2351 4767 scripti
2368 4738 2383 4763 ,
2411 4718 2540 4767 unus
2572 4710 2624 4754 et
2658 4703 2786 4754 alter
2825 4703 3395 4767 Vaticanus,'Colberti_ni
3434 4714 3554 4766 tres,
3597 4703 3743 4767 Regius

2187 4764 2331 4825 unus,
2358 4766 2541 4828 Antonii
2563 4770 2711 4814 Faure
2729 4766 2945 4815 Doctoris
2964 4765 3193 4828 Theologi
3216 4765 3470 4816 Facultatis
3491 4764 3743 4817 Parisiensis

2187 4840 2331 4885 unus,
2356 4827 2474 4877 item
2486 4828 2792 4886 Sorbonicus,
2812 4828 3103 4887 Victorinus,
3118 4827 3510 4879 Carcassonensis
3532 4837 3582 4878 et
3598 4835 3742 4876 lento-

2188 4889 2413 4951 vicensis
2432 4901 2596 4951 unus:
2623 4900 2896 4951 quanquam
2918 4890 2970 4937 in
2986 4889 3077 4938 isto
3108 4891 3434 4939 Lemoviceusi
3452 4925 3467 4948 ,
3491 4893 3541 4940 in
3573 4887 3741 4951 aliogex

2188 4950 2447 5015 recensitis
2465 4949 2943 5015 Colbertinis,'inque
2964 4963 3063 4999 uno
3086 4951 3409 5015 exyaticanis
3424 4949 3743 5015 jugulata‘fue-

2187 5018 2263 5074 rat
2277 5010 2444 5074 littera
2460 5010 2738 5074 penultima,
2754 5018 2809 5060 ut
2824 5010 3078 5074 legeretur
3099 5010 3251 5062 vellet.
3277 5010 3598 5063 Lovanienses
3609 5011 3743 5074 frheo-

2189 5071 2289 5137 logi
2310 5074 2361 5121 in
2383 5071 2474 5122 sua
2500 5071 2991 5137 Operurn__Augustini_
3007 5072 3220 5137 editione
3242 5074 3540 5137 scripserunt
3567 5072 3623 5121 ad
3642 5082 3745 5137 ngar-

2188 5131 2442 5201 gioem.___¢
2460 5131 2599 5201 nocte
2619 5168 2635 5193 ,
2652 5131 2845 5201 velletfs
2874 5134 2947 5183 sic
2979 5133 3246 5201 legendum
3265 5131 3608 5201 incunctanter
3637 5131 3744 5201 aﬂir-

2189 5194 2289 5260 mat
2306 5194 2585 5260 Guillelmus
2606 5195 2761 5246 Estius
2782 5196 2833 5260 in
2866 5202 2997 5260 Sent.
3019 5194 3052 5260 1
3069 5230 3087 5256 ,
3107 5196 3219 5246 dist.
3251 5194 3523 5260 46,7parag.
3545 5195 3599 5255 2;
3623 5207 3673 5243 ac
3687 5194 3744 5260 sic

2188 5259 2351 5319 reipsa
2368 5257 2491 5321 legit
2513 5265 2682 5309 Petrus
2701 5256 2991 5307 mmbardus
3014 5258 3067 5308 in
3087 5264 3222 5308 Sent.
3249 5258 3296 5319 1,
3454 5256 3531 5320 £3,
3552 5270 3651 5319 cap.
3675 5256 3746 5303 His

2255 5382 2273 5413 ι
2310 5386 2384 5429 Er.
2402 5386 2515 5430 Lov.
2542 5386 2596 5430 et
2617 5389 2728 5431 Arn.
2743 5380 2989 5441 omittunt,
3011 5378 3063 5431 in
3079 5378 3199 5431 caelo
3219 5393 3429 5433 sursum.
3449 5381 3632 5431 Habent
3647 5375 3746 5427 editi

2190 5440 2269 5491 alii
2292 5448 2345 5491 et
2365 5448 2472 5491 Mss.
2496 5442 2576 5492 hic
2597 5442 2713 5493 etin
2730 5448 2890 5490 Enarr.
2908 5442 2959 5491 in
2980 5441 3100 5491 Psal.
3121 5442 3229 5491 115.

2254 5507 2274 5535 ³
2294 5502 2476 5569 λωὶιὶι
2497 5510 2674 5569 nostris
2714 5501 2834 5569 ﬁdei
2887 5501 3220 5569 (autem.
3247 5504 3394 5554 Abest
3412 5538 3432 5569 _,
3454 5499 3589 5569 ﬁdei,
3609 5511 3636 5548 a
3653 5502 3746 5569 isse.

2189 5536 2834 5676 ξιὲὶίδῖῷεέίὼᾚόεῗω¹ἑῖἓὲ
2867 5536 3636 5629 ὠὲἷέὸᾝῗὸιῖῖἆῖέέῶἷέεἷ
3656 5536 3747 5608 ἧς»

2221 5643 2248 5676 ν
2386 5642 2416 5675 ι.

2252 5641 2416 5675 moon.

2220 5643 2495 5802 Ἔιξῗέιέλιη.
2522 5695 2593 5736 l-‘r.
2627 5695 2739 5738 Dan.
2761 5693 2812 5739 et
2834 5687 3014 5752 aliquot
3037 5696 3140 5738 Mss.
3168 5695 3222 5740 Al
3244 5695 3355 5740 ων.
3381 5696 3431 5741 et
3454 5696 3585 5749 Διίιιο
3610 5683 3745 5747 inim“

2220 5766 2240 5801 [ι
2286 5788 2299 5800 .

2194 5759 2299 5802 ιιιιι.
