3896 6382
179 292 264 347 277
1571 274 1773 331 LIItEIi
1815 273 2010 331 UNL‘S.

182 404 388 475 colligere
410 400 543 471 ﬁlios
581 407 702 452 tuos
734 395 875 450 sicut
915 393 1115 468 gallina
1136 390 1300 465 pullos
1320 407 1455 455 suos,
1500 399 1547 443 et
1577 388 1747 443 nolui-

184 499 241 553 sti
271 491 483 565 (Matth.
525 490 688 554 nui,
723 485 837 559 ‘57)
870 488 883 541 !
921 496 1168 556 tanquam
1197 483 1286 539 Dei
1316 482 1562 537 voluntas
1591 495 1754 550 supe-

189 601 285 646 rata
308 589 371 643 sit
401 584 682 640 hominum
708 581 987 637 voluntate
1010 622 1025 643 ,
1055 587 1109 633 et
1127 574 1501 633 inﬁrmissimis
1527 572 1759 629 nolendo

190 678 575 751 impedientibus
597 688 708 729 non
732 670 970 743 potuerit
996 669 1174 725 facere
1199 665 1597 738 potentissimus
1619 662 1762 735 quod

196 773 403 829 volebat.
440 769 509 824 Et
528 767 624 823 ubi
665 776 755 822 est
778 764 869 819 illa
898 761 1282 833 omnipotentia
1303 801 1319 825 ,
1347 774 1452 830 qua
1487 758 1541 812 in
1568 758 1693 812 creto
1716 763 1765 811 et

196 867 241 918 in
260 875 376 917 terra
408 860 579 915 omnia
605 870 938 926 quacumque
955 853 1136 919 uoluit,
1165 852 1307 924 fecit;
1336 851 1381 904 si
1424 850 1675 919 colligere
1704 846 1766 901 ﬁ-

199 957 286 1012 lios
324 952 610 1009 Jerusalem
651 948 858 1015 voluit,
902 952 960 1003 et
998 959 1106 1000 non
1140 943 1307 999 fecit?
1334 942 1417 997 An
1457 936 1634 1012 potius
1679 939 1765 993 illa

209 1045 389 1117 quidem
416 1042 553 1097 ﬁlios
579 1055 712 1097 suos
740 1039 808 1095 ab
835 1038 951 1109 ipso
975 1035 1153 1107 colligi
1176 1033 1345 1089 noluit
1368 1074 1385 1100 ,
1415 1032 1510 1087 sed
1540 1048 1600 1087 ea
1629 1046 1766 1101 quo-

209 1151 298 1206 que
318 1135 515 1190 nolente
543 1132 683 1187 ﬁlios
712 1133 831 1200 ejus
859 1126 1073 1198 collegit
1098 1127 1212 1196 ipse
1239 1139 1373 1195 quos
1404 1122 1615 1178 voluit?
1643 1121 1767 1192 quia

208 1226 379 1281 iaculo
405 1233 449 1277 et
473 1225 525 1277 in
548 1232 717 1287 terra,
749 1236 855 1275 non
886 1217 1131 1290 quaedam
1156 1216 1321 1271 voluit
1342 1223 1398 1270 et
1425 1213 1577 1281 fecit,
1617 1228 1767 1283 quae-

208 1316 315 1371 dam
338 1328 458 1371 vero
480 1312 649 1369 voluit
675 1320 733 1367 et
766 1325 873 1367 non
907 1308 1032 1367 fecit
1062 1323 1077 1375 ;
1115 1306 1210 1364 sed
1243 1306 1414 1393 omnia
1448 1318 1771 1376 quacumque

210 1405 366 1469 soluit,
391 1405 521 1475 fecit.

272 1495 479 1553 CAPUT
506 1493 733 1550 XCVIII.
755 1523 827 1534 —-
864 1492 955 1550 25.
997 1491 1133 1546 Deus
1160 1491 1249 1547 etsi
1293 1497 1453 1561 potest
1492 1496 1776 1544 convertere

212 1603 323 1659 quos
336 1587 552 1652 voluerit,
581 1603 682 1640 non
699 1595 870 1639 tamen
892 1585 1063 1655 inique
1081 1584 1228 1655 facit,
1266 1599 1381 1637 cum
1407 1581 1538 1637 alios
1567 1595 1774 1635 conver-

211 1681 281 1746 tit,
323 1680 442 1734 alios
475 1695 571 1734 non
596 1679 857 1733 convertit.
894 1676 1158 1749 Originale
1192 1675 1449 1730 vinculum
1484 1674 1775 1729 damnatio-

214 1775 304 1829 nis.
334 1774 468 1842 ,Quis
490 1788 649 1844 porro
675 1783 785 1827 tam
834 1772 994 1842 impie
1040 1770 1296 1840 desipiat,
1344 1778 1404 1824 ut
1428 1768 1571 1823 dicat
1610 1768 1775 1821 Deum

212 1867 371 1921 malas
391 1866 656 1921 hominum
683 1865 988 1921 voluntates
1014 1878 1148 1934 quas
1175 1861 1423 1929 voluerit,
1446 1859 1658 1931 quando
1683 1873 1777 1915 vo-

214 1956 408 2022 luerit,
426 1956 513 2009 ubi
540 1956 778 2025 voluerit,
808 1956 861 2010 in
883 1956 1081 2011 bonum
1114 1968 1217 2009 non
1240 1968 1400 2023 posse
1424 1951 1778 2008 convertere?

214 2046 327 2102 Sed
354 2062 469 2101 cum
496 2046 632 2111 facit,
660 2063 750 2116 per
783 2046 1202 2103 misericordiam
1239 2045 1365 2100 facit
1397 2063 1409 2099 :
1442 2058 1564 2100 cum
1594 2036 1792 2099 autem.

221 2154 329 2194 non
352 2140 495 2207 facit,
520 2156 613 2211 per
626 2139 867 2211 judicium
899 2156 1004 2195 non
1035 2140 1181 2195 facit.
1207 2140 1473 2208 Quoniam
1500 2141 1648 2212 cujus
1673 2136 1781 2194 vult

216 2231 497 2298 miseretur,
546 2242 592 2286 et
633 2248 775 2303 quem
814 2232 920 2287 vult
967 2230 1200 2287 obdurat.
1242 2231 1393 2300 Quod
1437 2240 1494 2286 ut
1534 2231 1778 2287 diceret‘

212 2324 522 2393 Apostolus,
561 2325 781 2394 gratiam
829 2324 1238 2381 commendabat
1282 2324 1393 2381 :ad
1431 2325 1584 2394 cujus
1629 2339 1781 2380 com-

213 2415 594 2471 mendationem
621 2417 690 2473 de
714 2417 821 2473 illis
849 2416 902 2473 in
932 2417 1191 2474 Rebecca:
1216 2428 1370 2474 utero
1397 2417 1628 2489 geminis
1664 2416 1780 2473 fue-

218 2515 301 2561 rat
320 2507 421 2576 jam
462 2508 686 2573 locutus,
717 2508 914 2579 quibus
952 2508 1188 2565 nondum
1233 2509 1411 2575 natis,
1446 2525 1545 2567 nec
1586 2507 1784 2580 aliquid

224 2601 481 2671 agentibus
508 2602 626 2658 boni
660 2619 759 2659 seu
790 2604 947 2670 mali,
978 2616 1032 2660 ut
1054 2605 1330 2662 secundum
1356 2607 1644 2663 electionem
1667 2623 1788 2678 pro-

226 2693 429 2761 positum
451 2695 538 2749 Dei
567 2706 791 2752 maneret
808 2737 825 2763 ,
850 2714 951 2751 non
979 2715 1042 2753 ea:
1078 2697 1312 2769 aperibus
1329 2741 1345 2767 ,
1368 2700 1459 2755 sed
1484 2717 1548 2755 ea:
1582 2708 1789 2755 vocante

231 2784 406 2841 dictum
429 2797 493 2841 est
510 2788 573 2854 ei,
600 2788 735 2855 Quia
759 2792 925 2861 major
956 2790 1130 2845 serviet
1154 2791 1358 2846 minori.
1393 2792 1621 2862 Propter
1645 2791 1787 2861 quod

241 2877 457 2933 adhibuit
480 2882 699 2937 alterum
730 2882 1101 2953 propheticum
1125 2883 1514 2949 testimonium,
1542 2883 1633 2939 ubi
1655 2884 1789 2939 seri-

246 2976 385 3037 ptnm
410 2980 506 3035 est,
531 2971 687 3028 Jacob
716 2974 896 3042 dilexi,
939 2972 1076 3029 Esau
1109 2983 1277 3029 autem
1302 2974 1418 3028 odio
1447 2974 1620 3028 habui.
1650 2972 1788 3029 Sen-

247 3058 377 3113 tiens
397 3070 549 3118 autem
587 3064 1036 3135 quemadmodum
1068 3072 1249 3135 posset
1272 3064 1375 3120 hoc
1407 3064 1549 3136 quod
1590 3064 1788 3118 dictum

243 3160 328 3206 est
372 3168 651 3222 permovere
697 3171 792 3212 eos
838 3157 927 3227 qui
969 3165 1249 3227 penetrare
1295 3157 1638 3227 intelligendo
1682 3173 1788 3212 non

242 3256 449 3323 possunt
473 3249 597 3304 banc
618 3248 953 3304 altitudinem
985 3248 1191 3319 gratiae,
1223 3247 1361 3316 Quid
1383 3264 1502 3320 ergo
1523 3247 1792 3303 dicemus?

238 3337 313 3392 ait
340 3354 355 3403 ;
389 3341 609 3411 numquid
645 3341 886 3412 iniquitas
917 3342 1055 3410 apud
1084 3339 1248 3394 Deum
1287 3340 1313 3394 ?
1342 3339 1502 3395 Absit.
1549 3340 1790 3410 Iniquum

238 3432 373 3487 enim
393 3431 584 3487 videtur
608 3474 623 3498 ,
652 3443 713 3488 ut
735 3435 850 3488 sine
876 3432 999 3487 ullis
1025 3433 1284 3488 bonorum
1310 3432 1637 3487 malorumve
1665 3447 1792 3501 ope-

242 3534 357 3573 rum
379 3523 576 3588 meritis,
602 3538 765 3578 unum
798 3523 936 3577 Deus
963 3522 1164 3592 diligat,
1196 3521 1372 3577 oderit
1397 3521 1647 3577 alterum.
1678 3522 1791 3591 Qua

248 3608 304 3663 in
335 3625 389 3665 re
412 3613 451 3665 si
481 3612 641 3668 I‘utnra
677 3627 842 3683 opera
866 3613 951 3668 vel
976 3612 1115 3667 bona
1141 3612 1297 3683 hujus
1317 3612 1401 3669 vel
1448 3614 1584 3668 mala
1615 3612 1757 3668 illius
1776 3655 1791 3681 ,

239 3716 363 3770 qua:
386 3701 509 3757 Deus
532 3705 704 3775 utique
737 3703 1048 3774 przescicbat
1067 3744 1081 3769 ,
1115 3704 1274 3760 vellet
1310 3705 1569 3775 intelligi,
1596 3720 1796 3775 nequa-

236 3806 393 3861 quam
418 3793 634 3859 diceret,
663 3812 765 3849 non
793 3811 857 3849 ea:
876 3794 1113 3864 operibus
1144 3810 1163 3850 :
1187 3794 1280 3851 sed
1301 3796 1532 3861 diceret,
1556 3812 1620 3851 ex
1650 3795 1795 3851 futu-

238 3884 312 3939 ris
349 3876 577 3955 operibus
613 3904 629 3953 ;
675 3902 850 3958 coque
896 3886 1056 3942 modo
1088 3887 1241 3942 istaut
1277 3889 1505 3944 solveret
1541 3888 1796 3958 qumstio-

238 3991 355 4033 nem
384 3994 401 4045 ;
434 3979 535 4034 imo
558 3980 756 4035 nullam
782 4020 799 4045 ,
850 3993 1009 4049 quam
1038 3978 1174 4033 solvi
1206 3994 1339 4048 opus
1367 3988 1539 4046 esset,
1598 3977 1799 4034 faceret

235 4069 583 4137 quaestionem.
618 4068 774 4125 Nunc
802 4084 930 4124 vero
957 4082 1078 4123 cum
1102 4068 1504 4139 respondisset,
1533 4069 1705 4135 Absit,
1743 4069 1799 4124 id

234 4166 348 4227 est,
394 4160 523 4217 absit
551 4172 607 4216 ut
645 4161 718 4217 sit
746 4159 995 4231 iniquitas
1022 4160 1162 4229 apud
1190 4161 1355 4215 Deum
1383 4176 1398 4225 ;
1430 4176 1555 4216 mox
1581 4168 1641 4217 ut
1665 4174 1797 4232 pro-

231 4248 375 4307 baret
413 4254 546 4308 nulla
584 4253 689 4309 hoc
724 4253 1001 4323 iniquitate
1041 4251 1135 4306 Dei
1182 4252 1334 4319 ﬁeri,
1385 4252 1595 4322 inquit:
1625 4250 1797 4323 Moysi

234 4345 360 4398 enim
382 4348 495 4401 dicit
516 4389 531 4413 ,
572 4346 843 4401 miserebor
878 4346 1025 4416 cujus
1052 4344 1285 4399 misertus
1307 4360 1412 4411 ero,
1441 4352 1489 4398 et
1510 4344 1798 4398 misericor-

234 4435 363 4488 diam
386 4438 621 4508 praestabo
645 4439 728 4492 cui
749 4437 1032 4491 misericors
1062 4438 1226 4508 fuero.
1253 4435 1381 4502 Quis
1421 4437 1562 4491 enim
1595 4436 1694 4492 nisi
1721 4436 1794 4491 in-

234 4526 424 4595 sipiens
452 4530 615 4585 Deum
649 4529 887 4599 iniquum
918 4536 1105 4598 putet,
1152 4528 1265 4583 sive
1294 4526 1555 4597 judicium
1589 4527 1801 4596 ptenale

238 4616 430 4688 ingerat
454 4622 611 4693 digno
635 4662 653 4690 ,
680 4621 794 4676 sive
832 4618 1253 4675 misericordiam
1285 4626 1498 4688 przestet
1538 4617 1755 4689 indigno
1777 4616 1805 4672 ἲ

239 4708 459 4782 Denique
497 4713 695 4779 infert,
736 4720 790 4767 et
815 4712 980 4777 dicit,
1011 4710 1176 4783 Igitur
1210 4726 1311 4764 non
1353 4710 1561 4764 volentis
1585 4750 1598 4774 ,
1646 4726 1803 4780 neque

240 4804 492 4871 canentis,
519 4804 607 4858 sed
636 4802 911 4857 miserentis
941 4810 1012 4855 est
1040 4800 1154 4856 Dei.
1188 4800 1360 4854 Ambo
1399 4800 1575 4869 itaque
1605 4799 1802 4869 gemini

238 4903 410 4948 natura
423 4896 509 4949 lilii
531 4896 624 4950 ira:
646 4893 1001 4949 nascebantur
1015 4890 1233 4963 (Ephes.
1246 4907 1304 4957 ιι,
1322 4892 1403 4962 5),
1422 4890 1579 4945 nullis
1590 4890 1803 4960 quidem

239 4988 470 5052 operibus
494 4988 756 5059 propriis,
787 4986 883 5041 sed
924 4986 1250 5056 originaliter
1281 5000 1350 5039 ex
1385 4984 1553 5039 Adam
1589 4985 1802 5039 vinculo

242 5075 577 5134 damnationis
605 5079 868 5134 obstricti.
901 5079 1007 5134 Sed
1038 5079 1127 5149 qui
1149 5077 1324 5145 dixit,
1354 5077 1632 5133 Misercbor
1660 5078 1805 5147 cujus

245 5170 454 5226 misertus
475 5189 561 5227 ero
580 5174 601 5204 ³
620 5214 637 5239 ,
668 5170 835 5227 Jacob
881 5170 1061 5227 dilexit
1091 5184 1188 5241 per
1224 5167 1641 5224 miscricordiam
1681 5184 1804 5238 gra-

249 5262 414 5313 Iuitam
437 5304 451 5324 ,
498 5263 638 5318 Esau
684 5272 862 5317 autem
888 5260 1010 5316 odio
1035 5260 1220 5315 habuit
1249 5276 1343 5330 per
1365 5260 1623 5327 judicium
1654 5259 1805 5313 debi-

249 5358 365 5405 tum.
408 5353 556 5421 Quod
598 5368 724 5409 cum
765 5352 1046 5408 deberetur
1072 5351 1359 5415 ambobus,
1392 5350 1443 5404 in
1474 5350 1643 5405 altero
1672 5349 1807 5404 alter

300 5534 315 5565 ¹
345 5536 471 5595 Fditi,
497 5535 626 5600 quod
656 5546 772 5585 cum
807 5533 1082 5600 diceretLat
1113 5540 1241 5600 Mss,
1267 5533 1396 5600 quod
1420 5531 1697 5600 abdicem.
1722 5537 1808 5580 Eo-

244 5594 338 5643 dem
350 5592 492 5647 sensu
510 5592 661 5654 infra,
687 5599 737 5645 in
760 5597 916 5657 capite
937 5597 1041 5652 105,
1064 5592 1259 5658 legitur,
1275 5592 1334 5658 _'ut
1351 5593 1440 5658 bac
1459 5592 1653 5658 diceret.
1671 5641 1675 5647 ,

298 5661 313 5687 ³
328 5660 434 5727 ΡΑξὶιὶ
452 5669 577 5729 post,
594 5654 934 5729 misertus'cro,
957 5654 1198 5729 addunt)“
1217 5654 1598 5727 misericordiam
1614 5661 1813 5727 privata-

248 5718 270 5765 ιγ
306 5717 380 5771 cui
399 5717 680 5773 misericors
703 5720 861 5779 fuero,
876 5719 999 5781 quod
1012 5720 1101 5769 hoc
1118 5718 1220 5769 loco
1246 5733 1341 5767 non
1366 5719 1609 5779 reperitur
1633 5719 1679 5767 in
1706 5726 1806 5766 \Iss.

3345 283 3447 340 273

1866 387 2078 454 agnovit
2116 403 2221 444 non
2268 389 2335 445 de
2377 391 2488 447 suis
2542 392 2858 451 distantibus
2915 380 3122 453 meritis
3159 395 3261 452 sibi
3326 412 3448 454 esse

1866 479 2195 549 gloriandum
2217 524 2231 548 ,
2262 483 2403 553 quod
2431 485 2481 539 in
2517 486 2703 541 eadem
2738 502 2898 543 causa
2940 487 3081 544 idem
3127 488 3443 561 supplicium

1868 589 1974 630 non
2014 576 2233 633 incurrit
2263 594 2279 644 ;
2311 578 2404 635 sed
2444 579 2514 637 de
2548 581 2745 637 divina:
2776 584 2958 653 gratiae
2986 581 3227 653 largitate
3269 600 3284 639 :
3322 584 3443 654 quia

1869 682 1970 721 non
1996 668 2203 723 volentis
2229 686 2384 741 neque
2401 674 2669 740 currentis,
2691 673 2781 729 sed
2801 672 3081 729 miserentis
3117 683 3192 729 est
3220 675 3331 729 Dei.
3352 677 3446 729 AI-

1870 759 2079 817 tissimo
2106 762 2300 833 quippe
2340 779 2405 819 ac
2442 765 2797 822 saluberrimo
2824 776 3158 823 sacramento
3198 769 3445 824 universa

1870 851 2054 921 facies,
2092 862 2271 925 atque,
2313 863 2371 910 ut
2398 856 2470 915 ita
2496 856 2744 925 dixerim,
2772 859 2947 916 vultus
2977 868 3278 916 sanctarum
3306 860 3455 917 Scri-

1872 953 2168 1015 pturarum,
2202 946 2338 1004 bene
2376 949 2643 1005 intuentes
2674 950 2724 1005 id
2745 952 3034 1009 admonere
3069 953 3364 1019 invenitur,
3394 962 3453 1009 ut

1871 1036 1962 1109 qui
1982 1038 2262 1109 gloriatur,
2285 1040 2340 1096 in
2367 1039 2588 1098 Domino
2616 1044 2858 1115 glorietur
2888 1047 2905 1111 (
2930 1045 2944 1098 I
2973 1044 3089 1100 Cor.
3121 1062 3157 1112 ι,
3187 1048 3245 1102 51
3269 1046 3311 1117 ).

1944 1131 2169 1190 CAPUT
2192 1133 2375 1190 XCIX.
2392 1166 2462 1176 —
2481 1135 2548 1193 Ut
2576 1154 2759 1209 magna
2780 1138 2998 1193 bonitate
3017 1140 3277 1193 miseretur
3297 1138 3455 1204 Deus,

1874 1225 1946 1279 ita
1971 1226 2112 1281 nulla
2136 1226 2396 1298 iniquitate
2425 1230 2656 1285 obdurat.
2688 1232 2979 1302 Apostatica
3005 1231 3176 1287 radix.
3204 1230 3335 1289 Cum
3358 1248 3459 1286 au-

1876 1325 1981 1372 tem
2008 1318 2099 1373 Dei
2122 1318 2537 1376 misericordiam
2561 1322 2988 1378 commendasset
3015 1324 3064 1378 in
3108 1336 3174 1378 eo
3194 1322 3334 1393 quod
3364 1323 3458 1385 ait,

1875 1407 2043 1480 Igitur
2065 1426 2167 1464 non
2207 1410 2437 1475 volentis,
2468 1428 2624 1483 neque
2641 1414 2927 1481 currentis,
2962 1414 3052 1469 sed
3081 1413 3359 1468 miscrentis
3387 1422 3459 1467 est

1878 1500 1974 1555 Dei
2003 1516 2023 1565 ;
2049 1500 2242 1557 deinde
2265 1508 2325 1557 ut
2348 1503 2506 1558 etiam
2542 1503 2801 1573 judicium
2849 1503 3249 1560 commendaret
3288 1502 3460 1575 (quo-

1878 1593 2019 1648 niam
2053 1594 2104 1647 in
2131 1608 2240 1664 quo
2268 1609 2375 1649 non
2420 1594 2478 1650 Iit
2505 1596 2899 1665 misericordia,
2944 1612 3048 1652 non
3079 1597 3327 1667 iniquitas
3364 1595 3421 1651 lit
3449 1636 3464 1661 ,

1878 1685 1973 1739 sed
1990 1685 2247 1756 judicium
2282 1704 2296 1753 ;
2323 1703 2427 1742 non
2458 1697 2541 1743 est
2564 1689 2760 1759 quippe
2790 1689 3041 1760 iniquitas
3066 1688 3204 1758 apud
3234 1674 3459 1757 Deum),

1880 1776 2134 1831 continuo
2169 1776 2443 1848 subjunxit
2467 1819 2482 1845 ,
2513 1787 2673 1849 atque
2708 1781 2819 1833 ait:
2854 1778 2989 1834 Dicit
3027 1779 3161 1834 enim
3194 1777 3466 1850 Scriptura

1883 1866 2146 1922 Pharaoni
2165 1910 2181 1936 ,
2220 1869 2353 1936 Quia
2374 1870 2442 1924 ad
2470 1870 2564 1924 hoc
2592 1879 2638 1925 te
2665 1871 2912 1939 excitavi,
2955 1879 3008 1925 ut
3042 1869 3303 1926 ostendam
3332 1870 3384 1924 in
3421 1878 3467 1922 te

1882 1959 2201 2028 potentiam‘
2235 1976 2433 2027 meam,
2465 1970 2511 2015 et
2548 1970 2603 2014 ut
2630 1961 2957 2015 annuntietur
2993 1977 3176 2016 nomen
3210 1976 3377 2017 meum
3414 1960 3468 2013 in

1882 2055 2114 2108 universa
2134 2060 2287 2107 terra.
2312 2051 2516 2120 Quibus
2540 2052 2696 2107 dictis
2719 2053 2785 2107 ad
2814 2061 3099 2122 utrumque
3116 2051 3464 2118 concludens,

1885 2144 1935 2199 id
1976 2152 2091 2213 est,
2133 2152 2189 2201 et
2223 2143 2291 2200 ad
2320 2144 2739 2199 misericordiam
2774 2152 2827 2199 et
2855 2143 2921 2198 ad
2959 2144 3216 2214 judicium
3247 2162 3260 2196 :
3291 2143 3429 2214 Ergo
3451 2185 3465 2209 ,

1886 2238 2077 2309 inquit,
2106 2237 2255 2303 cuius
2280 2237 2385 2291 vult
2414 2237 2697 2303 miseretur,
2724 2245 2772 2289 et
2804 2251 2950 2307 quem
2987 2234 3090 2289 vult
3118 2233 3347 2289 obdurat.
3377 2233 3473 2286 Mi-

1887 2339 2095 2386 seretur
2109 2328 2314 2384 scilicet
2351 2342 2541 2400 magna
2572 2328 2827 2391 bonitate,
2855 2326 3079 2381 obdurat
3107 2326 3249 2380 nulla
3279 2324 3472 2396 iniqui-

1889 2431 1995 2479 tate
2036 2439 2052 2489 ;
2081 2430 2139 2477 ut
2179 2436 2278 2477 nec
2302 2421 2554 2479 liberatus
2577 2420 2644 2477 de
2682 2420 2793 2475 suis
2818 2418 3022 2475 meritis
3057 2418 3345 2489 glorietur,
3376 2432 3475 2473 nec

1887 2498 2173 2571 damnatus.
2194 2514 2296 2571 nisi
2320 2514 2388 2571 de
2407 2514 2520 2570 suis
2547 2513 2751 2568 meritis
2774 2518 3153 2581 conqueratur.
3180 2509 3303 2566 Sola
3328 2509 3473 2565 enim

1890 2609 2058 2679 gratia
2097 2606 2404 2679 redemptos
2436 2605 2692 2662 discernit
2715 2620 2745 2659 a
2780 2604 3033 2675 perditis,
3068 2617 3202 2674 quos
3231 2604 3283 2657 in
3313 2617 3473 2656 unam

1892 2699 2205 2770 perditionis
2222 2706 2568 2756 concreverat
2588 2711 2817 2753 massam
2834 2698 2902 2753 ab
2921 2696 3124 2767 origine
3143 2694 3298 2750 ducta
3315 2708 3475 2748 causa
3522 2678 3569 2713 ί

1891 2791 2211 2847 communis.
2247 2790 2361 2847 lloc
2403 2801 2580 2847 autem
2610 2791 2699 2860 qui
2725 2804 2790 2845 eo
2822 2789 2982 2845 modo
3010 2788 3187 2851 audit,
3214 2794 3273 2840 ut
3298 2785 3473 2851 dicat,

1896 2883 2033 2953 Quid
2069 2884 2236 2938 adhuc
2274 2885 2632 2955 conqueritur?
2677 2901 2793 2939 nam
2824 2882 3071 2938 voluntati
3103 2883 3213 2951 ejus
3240 2880 3352 2952 quis
3384 2896 3480 2933 re-

1892 2974 2024 3028 sistit
2053 2973 2080 3028 ?
2110 2982 2361 3045 tanquam
2405 2985 2684 3046 propterea
2734 2976 2906 3030 malus
2948 2988 3054 3028 non
3084 2973 3324 3029 videatur
3358 2989 3479 3030 esse

1894 3066 2190 3139 culpandus
2213 3109 2230 3135 ,
2257 3066 2380 3137 quia
2419 3067 2557 3123 Deus
2605 3068 2752 3139 cujus
2786 3069 2889 3121 vult
2934 3067 3229 3133 miseretur,
3261 3075 3306 3119 et
3335 3082 3479 3135 queat

1895 3138 2001 3211 ou’lt
2048 3156 2261 3211 obdurat
2292 3172 2311 3211 :
2334 3156 2474 3212 absit
2518 3165 2575 3212 ut
2614 3138 2807 3228 pudeat
2845 3170 2943 3211 nos
2987 3156 3088 3211 hoc
3118 3156 3480 3225 respondere,

1896 3248 2038 3320 quod
2084 3249 2424 3320 respondisse
2463 3249 2702 3304 videmus
2726 3248 3041 3319 Apostolum
3074 3264 3089 3303 :
3124 3246 3169 3302 0
3194 3251 3345 3301 homo
3367 3288 3382 3313 ,
3426 3255 3482 3302 tu

1896 3344 2009 3415 quis
2037 3359 2090 3397 es
2109 3383 2123 3407 ,
2155 3342 2241 3413 qui
2267 3342 2573 3412 respondeas
2615 3341 2723 3397 Deo
2752 3340 2779 3395 ?
2820 3338 3088 3409 Numquid
3116 3339 3237 3393 dicit
3263 3340 3477 3408 ﬁgmen-

1899 3443 2006 3488 tum
2033 3434 2078 3487 ei
2102 3432 2192 3504 qui
2218 3448 2271 3487 se
2300 3433 2447 3501 ﬁnxit
2470 3474 2485 3497 ,
2514 3431 2686 3499 Quare
2729 3448 2807 3485 me
2831 3431 2991 3504 fecisti
3015 3431 3087 3485 sic
3115 3430 3141 3484 .9
3167 3429 3348 3483 Annon
3389 3431 3482 3482 Ita-

1898 3524 1977 3580 bet
1997 3534 2285 3596 potestatem
2308 3523 2494 3595 ﬁgulus
2516 3523 2610 3578 luti
2649 3539 2711 3577 ea:
2730 3523 2904 3577 cadent
2924 3538 3090 3576 massa
3116 3524 3301 3592 facere,
3341 3518 3485 3572 aliud

1900 3616 2102 3686 quidem
2151 3631 2239 3669 vas
2284 3615 2338 3668 in
2381 3614 2654 3681 honorem,
2700 3612 2844 3667 aliud
2881 3628 2995 3667 vero
3032 3613 3086 3666 in
3128 3610 3483 3666 contumeliam

1901 3708 1921 3777 (
1945 3706 2094 3761 Rom.
2122 3722 2197 3772 ιι,
2231 3704 2395 3760 11-21
2424 3705 2441 3773 )
2471 3704 2496 3758 l
2525 3704 2636 3759 Hoc
2664 3704 2781 3759 loco
2806 3702 2947 3760 enim
2973 3702 3187 3774 quidam
3207 3702 3354 3756 stulti
3382 3715 3482 3771 pu-

1901 3808 2019 3856 tant
2057 3799 2372 3869 Apostolum
2413 3798 2465 3852 in
2500 3797 2849 3869 responsione
2887 3795 3184 3860 defecisse,
3216 3802 3272 3851 et
3306 3794 3483 3864 inOpia

1903 3890 2189 3947 reddendae
2237 3889 2457 3945 rationis
2498 3888 2820 3961 repressisse
2862 3885 3269 3943 contradictoris
3319 3884 3485 3939 auda-

1902 3983 2062 4039 ciam.
2102 3980 2210 4040 Sed
2249 3996 2500 4052 magnum
2540 3980 2701 4036 habet
2724 3978 2931 4050 pondus
2969 3977 3112 4050 quod
3138 3977 3337 4034 dictum
3363 3985 3483 4042 est,

1905 4074 1952 4132 0
1972 4075 2145 4144 homo,
2165 4084 2220 4129 tu
2238 4075 2350 4144 quis
2375 4091 2426 4130 es
2450 4075 2475 4129 7
2498 4072 2565 4130 Et
2588 4074 2643 4129 in
2664 4073 2858 4129 talibus
2879 4070 3261 4143 quaestionibus
3286 4069 3351 4126 ad
3376 4083 3488 4123 sua:

1903 4165 2213 4236 capacitatis
2250 4163 2734 4220 considerationem
2767 4171 2984 4218 revocat
3021 4161 3294 4217 hominem
3321 4159 3486 4214 verbo

1905 4258 2119 4329 quidem
2149 4256 2301 4312 brevi
2328 4257 2351 4289 ⁸
2371 4297 2385 4321 ,
2414 4254 2511 4312 sed
2535 4271 2594 4311 re
2618 4256 2731 4325 ipsa
2756 4269 2946 4325 magna
2966 4262 3048 4309 est
3075 4253 3303 4308 redditio
3327 4253 3491 4306 ratio-

1906 4350 2011 4406 nis.
2042 4348 2096 4405 Si
2124 4348 2267 4404 enim
2314 4348 2429 4401 haec
2468 4361 2576 4402 non
2604 4349 2776 4416 capit,
2801 4346 2922 4417 quis
2942 4354 3024 4401 est
3053 4345 3141 4415 qui
3168 4342 3489 4413 respondeat

1905 4443 2060 4499 Deo?
2084 4441 2139 4497 Si
2164 4447 2339 4496 autem
2365 4439 2525 4510 capit,
2552 4440 2721 4510 magis
2744 4453 2849 4493 non
2876 4436 3078 4493 invenit
3103 4434 3232 4507 quid
3260 4449 3455 4504 respon
3473 4465 3489 4475 ο

1906 4533 2050 4589 deat.
2072 4531 2229 4587 Videt
2247 4530 2411 4595 enim,
2437 4530 2481 4585 si
2499 4530 2660 4601 capit,
2686 4528 2990 4584 universum
3010 4541 3177 4597 genus
3198 4525 3490 4581 humanum

1909 4631 2016 4679 tam
2046 4623 2189 4693 justo
2214 4622 2418 4692 judicio
2459 4621 2641 4700 divino
2666 4621 2719 4675 in
2748 4619 3036 4691 apostatica
3080 4617 3258 4674 radice
3272 4617 3494 4673 damna-

1911 4726 2117 4784 tum,ut
2137 4715 2342 4771 etiamsi
2360 4714 2535 4769 nullus
2552 4713 2675 4769 inde
2688 4713 3021 4778 liberaretur,
3040 4727 3200 4767 nemo
3219 4718 3361 4766 recte
3380 4726 3492 4780 pos-

1912 4819 1993 4865 set
2043 4808 2136 4864 Dei
2157 4808 2459 4877 vituperare
2483 4805 2788 4876 justitiam;
2833 4812 2887 4859 et
2927 4802 3017 4874 qui
3048 4802 3371 4867 liberantur,
3415 4801 3494 4855 sic

1911 4901 2211 4972 oportuisse
2233 4898 2471 4965 liberari,
2492 4905 2550 4952 ut
2572 4911 2640 4953 ex
2657 4896 2895 4967 pluribus
2924 4910 3031 4949 non
3062 4894 3317 4957 liberatis,
3337 4902 3498 4962 atque

1914 4994 1966 5048 in
1987 4990 2329 5047 damnatione
2343 4988 2636 5059 justissima
2660 4986 2951 5053 derelictis,
2974 4984 3350 5041 ostenderetur
3370 4984 3494 5053 quid

1914 5083 2196 5139 meruisset
2229 5082 2474 5136 universa
2502 5077 2834 5148 conspersio,
2854 5085 2906 5133 et
2933 5091 3040 5148 quo
3067 5076 3224 5132 etiam
3242 5074 3373 5128 istos
3397 5072 3494 5126 de-

1916 5178 2083 5251 bitum
2108 5175 2365 5246 judicium
2392 5171 2488 5228 Dei
2509 5172 2763 5239 duceret,
2790 5169 2894 5224 nisi
2927 5168 3006 5224 eis
3027 5154 3259 5223 indebita
3289 5165 3496 5219 miscri-

1917 5269 2097 5326 cordia
2124 5266 2432 5325 subveniret
2458 5282 2472 5319 :
2500 5272 2561 5319 ut
2584 5262 2877 5319 volentium
2904 5260 2973 5316 de
3007 5260 3118 5316 suis
3147 5258 3352 5313 meritis
3381 5257 3494 5327 glo-

1920 5362 2064 5425 riari,
2087 5376 2235 5415 mune
2261 5375 2316 5412 os
2345 5358 2632 5412 obstruatur
2655 5352 2779 5428 (Id.
2820 5368 2900 5421 tu,
2926 5349 3031 5424 19)
3058 5367 3075 5419 ;
3104 5360 3158 5407 et
3197 5351 3282 5420 qui
3310 5349 3523 5421 gloria»

1920 5466 2018 5518 tur,
2044 5454 2098 5508 in
2118 5451 2337 5507 Domino
2365 5449 2628 5520 glorietur.

1984 5592 1997 5621 ί
2033 5587 2227 5652 Aliquot
2249 5595 2375 5645 uss,
2399 5583 2769 5652 fortitudinem,
3046 5651 3054 5652 ,
3081 5650 3145 5652 ν
3162 5642 3194 5652 ,,
3240 5635 3259 5652 ,ν
3273 5632 3359 5652 --με

1983 5654 2002 5683 ²
2034 5635 2248 5700 animi":
2270 5635 2374 5697 usis:
2399 5635 2410 5694 Ξ
2441 5654 2494 5695 ει
2526 5644 2643 5694 utin
2666 5641 2914 5692 talibus...
2954 5642 3194 5689 revocaret
3234 5635 3497 5693 hominem,

1923 5716 2057 5765 verba
2082 5714 2274 5778 quidem
2300 5709 2471 5768 brevis,
2506 5707 2591 5758 sed
2618 5719 2685 5766 re,
2712 5712 2806 5755 etc.
