3896 6382
520 349 584 400 79
1050 335 1504 404 ENClllttlDION,
1551 334 1705 391 sm:
1748 332 1834 388 nn
1876 328 2049 388 FIUIC.
2092 326 2217 382 SPE
2258 328 2675 401 cusanus,
2715 335 2772 392 s.
2816 336 3185 396 AUGUSTINI
3627 346 3716 404 980

434 440 448 523 ἶ
548 455 775 514 CAPUT
792 457 854 511 c.
884 483 955 494 —
980 452 1069 507 26.
1100 450 1251 506 Nihil
1276 452 1387 521 ﬁeri
1413 460 1594 521 ρτωιον
1613 448 1919 504 voluntatem
1949 444 2061 509 Dei,

446 568 451 587 ι
479 553 633 604 etiam
659 550 782 602 dum
807 548 864 615 ﬁt
887 554 1063 600 contra
1087 545 1196 614 ejus
1218 544 1541 598 voluntatem.
1579 542 1702 597 llaec
1726 548 1854 596 sunt
1882 555 2067 607 magna

480 655 637 707 Opera
657 636 892 700 Domini,
914 635 1162 706 exquisita
1186 634 1237 687 in
1259 650 1430 687 omnes
1458 632 1739 686 voluntates
1759 631 1867 700 ejus
1891 627 2063 698 (Psal.

476 748 545 785 cx
575 772 589 795 ,
620 730 679 798 2)
713 747 725 783 :
753 738 807 783 et
839 740 942 781 tam
974 727 1241 796 sapienter
1268 726 1529 795 exquisita
1555 766 1569 790 ,
1604 732 1658 777 ut
1683 738 1802 778 cum
1832 722 2067 791 angelica

475 833 530 876 et
560 822 789 875 humana
818 830 1059 874 creatura
1090 826 1397 888 peccasset,
1427 816 1478 871 id
1508 826 1620 882 est,
1643 832 1750 870 non
1777 814 1917 885 quod
1946 815 2033 868 ille
2054 856 2067 878 ,

478 914 575 969 sed
602 913 744 984 quod
770 912 934 967 voluit
955 912 1067 981 ipsa
1088 910 1340 975 fecisset,
1361 908 1522 963 etiam
1546 923 1639 977 per
1659 906 1899 961 eamdem
1922 920 2069 960 crea-

2179 462 2326 514 num,
2356 449 2437 503 vel
2458 450 2718 507 bonorum
2740 453 2823 509 vel
2849 454 3110 512 malorum
3130 498 3147 525 ,
3176 458 3257 513 vel
3288 457 3412 513 illud
3438 459 3573 530 quod
3598 461 3717 521 Deus

2173 539 2256 592 vel
2284 539 2425 595 aliud
2453 543 2691 597 volentes
2711 559 2869 613 quam
2895 547 3037 602 Deus
3055 590 3070 613 ,
3100 549 3479 620 omnipotentis
3504 555 3719 613 voluntas

2175 646 2385 702 semper
2409 634 2600 689 invicta
2631 641 2748 692 est:
2773 654 2892 708 qua:
2917 642 3055 695 mala
3085 657 3205 698 esse
3243 660 3509 716 nunquam
3541 658 3718 718 potest;

2176 724 2295 792 quia
2327 726 2486 779 etiam
2511 728 2525 758 ¹
2549 742 2669 782 cum
2693 730 2829 785 mala
2859 730 3060 803 irrogat
3080 774 3095 797 ,
3118 732 3261 803 justa
3289 744 3370 790 est
3390 778 3406 803 ,
3437 746 3490 791 et
3517 740 3723 808 profecto

2177 832 2295 883 quzn
2318 816 2459 886 justa
2501 820 2644 886 est',
2674 821 2810 875 mala
2852 838 2961 877 non
3006 833 3110 879 est.
3151 824 3293 881 Deus
3321 828 3483 897 igitur
3507 832 3723 903 omnipo~

482 1014 617 1060 turre
643 1004 971 1058 voluntatem
992 1043 1006 1067 ,
1038 1016 1140 1072 qua
1186 1000 1380 1054 factum
1413 1008 1495 1054 est
1533 997 1675 1068 quod
1717 996 1943 1052 Creator
1972 1011 2069 1049 no-

483 1098 613 1161 luit,
646 1097 892 1166 impleret
920 1096 1033 1164 ipse
1062 1093 1204 1164 quod
1233 1092 1433 1149 voluit:
1466 1092 1601 1145 bene
1632 1098 1789 1144 utens
1817 1097 1873 1143 et
1891 1088 2065 1151 malis,

489 1202 739 1258 tauquam
762 1202 967 1242 summe
990 1188 1186 1252 bonus,
1213 1185 1278 1239 ad
1306 1199 1489 1239 eorum
1520 1182 1915 1237 damnationem
1940 1194 2075 1249 quos

483 1281 628 1350 juste
661 1279 1056 1349 praedestinavit
1081 1277 1145 1332 ad
1178 1291 1389 1345 pmnam
1410 1318 1424 1343 ,
1456 1286 1509 1330 et
1538 1276 1605 1329 ad
1635 1289 1819 1329 eorum
1847 1274 2073 1328 salutem

489 1388 625 1442 quos
671 1372 897 1441 benigne
954 1369 1349 1440 praedestinavit
1393 1369 1458 1422 ad
1513 1367 1760 1438 gratiam.
1808 1366 2073 1436 Quantum

490 1464 633 1517 enim
673 1462 739 1517 ad
781 1463 926 1531 ipsos
970 1459 1364 1533 attinetLquod
1409 1458 1549 1513 Deus
1592 1457 1760 1514 noluit
1792 1456 2074 1511 fecerunt:

490 1564 747 1625 quantum
781 1569 908 1609 vero
927 1554 993 1607 ad
1023 1551 1462 1622 omnipotentiam
1503 1550 1594 1605 Dei
1616 1590 1631 1614 ,
1662 1549 1808 1603 nullo
1837 1548 1995 1602 modo
2026 1548 2075 1602 id

493 1645 708 1701 efﬁcere
736 1645 1034 1700 valuerunt.
1062 1645 1174 1699 [loc
1210 1643 1408 1713 quippe
1438 1643 1555 1711 ipso
1591 1640 1734 1711 quod
1763 1649 1947 1696 contra
1983 1656 2073 1693 vo-

493 1736 755 1791 luntatem
793 1735 1037 1791 fecerunt
1073 1736 1223 1805 ejus,
1254 1735 1323 1789 de
1362 1734 1491 1803 ipsis
1523 1731 1665 1787 facta
1705 1742 1789 1786 est
1831 1732 2078 1786 voluntas

494 1828 630 1896 ejus.
653 1827 940 1898 Propterea
968 1841 1196 1896 namque
1227 1842 1411 1896 magna
1443 1840 1597 1892 opera
1636 1822 1878 1889 Domini,
1907 1824 2080 1889 exqui-

495 1920 593 1974 sita
609 1919 661 1972 in
680 1936 851 1973 onmes
869 1919 1148 1972 voluntates
1170 1918 1314 1987 ejus;
1333 1923 1388 1970 ut
1409 1914 1546 1969 miro
1574 1922 1627 1968 et
1652 1911 1900 1968 ineffabili
1923 1912 2080 1966 modo

498 2026 604 2065 non
638 2012 730 2065 fiat
772 2020 963 2081 pra-ter
1001 2010 1116 2081 ejus
1142 2010 1468 2064 voluntatem
1490 2047 1505 2073 ,
1535 2006 1676 2077 quod
1706 2007 1864 2061 etiam
1894 2013 2078 2061 contra

497 2101 616 2170 ejus
636 2100 693 2154 lit
708 2102 1053 2156 voluntatem.
1074 2100 1207 2169 Quia
1228 2115 1333 2155 non
1353 2096 1521 2161 fieret,
1543 2098 1709 2151 sinon
1726 2096 1926 2151 sineret
1949 2113 1962 2150 :
1984 2112 2082 2151 nec

498 2193 681 2262 utique
699 2192 890 2248 nolens
912 2192 1056 2259 sinit,
1076 2192 1169 2246 sed
1190 2192 1406 2257 volens;
1427 2205 1525 2244 nec
1552 2190 1752 2244 sineret
1776 2190 1944 2243 bonus
1968 2188 2081 2244 fieri

498 2285 662 2352 male,
690 2285 790 2339 nisi
818 2285 1156 2354 omnipotens
1176 2291 1229 2338 et
1254 2283 1322 2338 de
1352 2283 1491 2338 malo
1517 2281 1690 2336 facere
1714 2289 1894 2351 posset
1920 2279 2079 2335 bene.

571 2376 796 2433 CAPUT
838 2375 921 2431 Cl.
947 2406 1020 2417 —
1064 2375 1311 2431 Voluntas
1352 2375 1447 2431 Dei
1484 2375 1614 2429 bona
1650 2391 1738 2444 per
1763 2374 1919 2427 bonas
1942 2389 2086 2444 teque

501 2479 547 2523 et
595 2468 759 2522 malas
800 2466 1081 2522 voluntates
1125 2468 1385 2520 hominum
1430 2483 1626 2537 semper
1669 2466 1929 2536 impletur.
1970 2467 2083 2520 Ali-

501 2560 715 2628 quando
732 2569 907 2613 autem
934 2562 1066 2613 bona
1091 2559 1363 2615 voluntate
1385 2558 1545 2614 homo
1572 2558 1683 2613 vult
1703 2557 1918 2628 aliquid,
1943 2558 2083 2627 quod

503 2652 645 2706 Deus
675 2666 781 2704 nou
806 2650 946 2715 vult,
973 2651 1131 2704 etiam
1165 2651 1278 2720 ipse
1302 2650 1439 2705 bona
1481 2650 1648 2703 multo
1687 2649 1915 2717 amplius
1943 2650 2085 2703 mul-

504 2752 663 2811 toque
686 2740 888 2795 certius
902 2741 1170 2796 voluntate
1195 2758 1207 2794 :
1232 2756 1353 2794 nam
1380 2740 1519 2795 illius
1539 2739 1676 2793 mala
1701 2739 1946 2795 voluntas
1966 2754 2085 2794 esse

503 2847 774 2900 nunquam
810 2840 1000 2901 potest.
1032 2832 1304 2901 Tanquam
1334 2833 1377 2885 si
1409 2832 1580 2886 bonus
1606 2830 1745 2884 ﬁlius
1764 2839 1967 2899 patrem
1998 2846 2088 2885 vc-

504 2922 575 2976 lit‘
606 2924 816 2989 vivere,
848 2939 1009 2993 quem
1040 2924 1179 2978 Deus
1211 2925 1342 2977 bona
1374 2924 1648 2977 voluntate
1694 2922 1803 2976 vult
1828 2921 1984 2977 mori.
2020 2922 2084 2976 Et

500 3028 688 3069 rursus
719 3013 831 3070 fieri
862 3022 1035 3084 potest
1064 3023 1118 3068 ut
1147 3014 1248 3069 hoc
1275 3014 1404 3067 velit
1429 3011 1591 3066 homo
1619 3011 1891 3067 Voluntate
1921 3012 2083 3077 mala,

506 3105 650 3177 quod
678 3102 817 3159 Deus
850 3106 961 3160 vult
988 3106 1124 3160 bona
1151 3123 1163 3158 :
1194 3103 1335 3159 velut
1354 3104 1399 3158 si
1429 3103 1603 3157 malus
1630 3102 1771 3157 [ilius
1796 3103 1921 3158 velit
1948 3102 2084 3156 muri

511 3208 737 3268 patrem,
760 3198 888 3253 velit
902 3199 1006 3253 hoc
1020 3198 1179 3253 etiam
1198 3198 1354 3252 Deus.
1372 3196 1574 3266 Nempe
1592 3197 1679 3251 ille
1695 3197 1807 3250 vult
1821 3194 1961 3266 quod
1979 3179 2030 3249 il:
2055 3211 2086 3249 n

505 3293 617 3347 vult
646 3292 824 3358 Deus,
852 3291 951 3346 iste
981 3305 1107 3345 vero
1137 3290 1187 3344 id
1210 3290 1320 3343 vult
1339 3288 1478 3359 quod
1511 3289 1625 3343 vult
1648 3298 1702 3342 et
1732 3288 1871 3342 Deus
1890 3304 1903 3340 :
1923 3294 1976 3342 et
2007 3296 2087 3340 ta-

505 3400 629 3441 men
660 3385 813 3441 bouae
838 3385 927 3439 Dei
949 3383 1201 3439 voluntati
1231 3384 1398 3452 pietas
1425 3382 1568 3436 illius
1598 3381 1775 3451 potius
1793 3388 2049 3435 consonat
2070 3417 2087 3444 ,

505 3478 750 3548 quamvis
791 3475 935 3529 aliud
976 3474 1237 3539 volentis,
1271 3488 1427 3542 quam
1475 3471 1633 3541 hujus
1675 3470 1814 3525 idem
1864 3468 2089 3524 volentis

506 3570 770 3640 impietas.
810 3569 1035 3623 Tantum
1077 3568 1301 3622 interest
1340 3565 1465 3635 quid
1508 3564 1646 3619 velle
1693 3563 1931 3628 homini,
1962 3563 2088 3632 quid

510 3664 623 3718 Deo
644 3668 930 3731 congruat,
956 3670 1011 3714 et
1046 3660 1108 3713 ad
1139 3674 1295 3729 quem
1325 3658 1487 3712 linem
1508 3671 1660 3710 suam
1690 3656 1915 3726 quisque
1944 3653 2090 3709 refe-

510 3766 594 3812 rat
614 3756 934 3811 voluntatem
956 3796 969 3817 ,
996 3761 1054 3807 ut
1074 3761 1163 3806 aut
1188 3752 1440 3822 probetur
1465 3760 1556 3804 aut
1581 3748 1929 3818 improbetur.
1956 3746 2089 3800 Nam

508 3849 650 3904 Deus
688 3845 943 3916 quasdam
985 3844 1285 3898 voluntates
1314 3858 1470 3909 suas,
1502 3840 1684 3912 utique
1713 3841 1879 3896 bonas
1906 3839 2092 3908 implet

508 3953 606 4008 per
635 3938 895 3992 malorum
923 3934 1193 3990 hominum
1233 3934 1530 3989 voluntates
1572 3932 1737 3986 malas
1771 3950 1783 3985 :
1817 3930 1953 3986 sicut
1996 3945 2093 3999 per

509 4027 727 4082 Judmos
770 4025 1062 4081 malevolos
1104 4025 1241 4079 bona
1285 4024 1555 4080 voluntate
1594 4023 1769 4077 Patris
1798 4036 1893 4091 pro
1938 4021 2092 4076 nobis

510 4118 754 4173 Christus
778 4117 987 4173 occisus
1013 4126 1126 4182 est;
1146 4115 1285 4187 quod
1314 4122 1516 4169 tantum
1542 4114 1739 4168 bonum
1772 4112 1965 4166 factum
1987 4120 2090 4177 est,

510 4218 571 4265 ut
598 4209 869 4279 apostolus
896 4209 1085 4263 Petrus
1119 4205 1332 4278 quando
1370 4204 1420 4260 id
1449 4204 1564 4259 ﬁeri
1606 4203 1849 4266 nolebat,
1878 4209 2094 4258 satanas

509 4302 580 4359 ab
608 4303 723 4373 ipso
745 4301 833 4372 qui
852 4300 1020 4356 occidi
1043 4308 1261 4354 venerat
1285 4297 1553 4352 diceretur
1582 4294 1797 4366 (Matth.
1830 4309 1947 4359 xvi,
1969 4293 2087 4365 9.5).

510 4394 680 4460 Quam
710 4393 863 4448 bona:
887 4391 1214 4462 apparebant
1243 4389 1540 4444 voluntates
1576 4386 1787 4457 piorum
1820 4386 2091 4453 ﬁdelium,

512 4488 599 4557 qui
641 4486 891 4541 uolebant
929 4482 1230 4555 apostolum
1261 4481 1479 4535 Paulum
1509 4478 1808 4534 Jerusalem
1836 4492 2090 4547 pergere,

510 4592 579 4632 ne
622 4577 693 4631 ibi
723 4582 994 4645 pateretur
1031 4572 1205 4638 mala,
1232 4585 1352 4640 qua:
1397 4569 1612 4639 Agabus
1652 4567 1909 4639 propheta
1955 4582 2093 4636 pra:-

511 4666 719 4721 dixerat
748 4664 885 4735 (Aet.
912 4679 1007 4717 χιι
1027 4703 1043 4728 ,
1078 4659 1299 4733 10-12)?
1327 4668 1380 4713 et
1424 4668 1600 4713 tamen
1630 4659 1771 4713 Deus
1798 4656 1912 4712 hmc
1947 4656 2094 4711 illum

514 4756 621 4828 pati
650 4753 862 4810 volebat
906 4767 1003 4823 pro
1033 4750 1393 4806 annuntianda
1425 4749 1531 4803 lide
1571 4750 1801 4812 Christi,
1839 4761 2098 4803 exercens

513 4856 804 4919 martyrem
840 4845 1057 4902 Christi.
1100 4844 1283 4915 Neque
1312 4845 1469 4899 istam
1502 4843 1515 4873 ¹
1544 4842 1735 4897 bonam
1767 4840 2092 4896 voluntatem

513 4956 664 4997 suam
694 4938 930 5009 implevit
966 4952 1062 5007 per
1098 4935 1520 4992 Christianorum
1564 4933 1868 4988 voluntates
1896 4932 2091 4999 bonas,

515 5034 611 5092 sed
640 5048 736 5104 per
770 5031 1074 5087 Iudaeorum
1103 5029 1269 5084 malas
1293 5045 1306 5081 :
1328 5038 1382 5083 et
1405 5026 1471 5082 ad
1502 5041 1621 5081 eum
1654 5025 1830 5094 potius
1856 5024 2094 5094 pertine-

515 5130 644 5181 bant
680 5124 770 5194 qui
809 5121 1063 5179 nolebant
1087 5117 1229 5191 quod
1261 5118 1505 5185 volebat,
1537 5132 1694 5186 quam
1723 5115 1796 5169 illi
1838 5130 1935 5184 per
1961 5127 2093 5183 quos

515 5219 753 5274 volentes
781 5215 976 5272 factum
1004 5222 1087 5268 est
1110 5210 1253 5283 quod
1282 5211 1520 5275 volebat;
1547 5206 1670 5278 quia
1710 5207 1935 5276 idipsum
1974 5205 2093 5275 qui-

514 5310 669 5376 dem,
696 5307 791 5363 sed
818 5308 933 5377 ipse
956 5320 1052 5376 per
1085 5319 1179 5361 eos
1218 5302 1355 5359 bona
1375 5342 1391 5368 ,
1420 5301 1495 5356 illi
1523 5307 1699 5355 autem
1728 5297 1866 5355 mala
1905 5297 2093 5352 volun-

517 5411 623 5457 tate
648 5398 904 5454 fecerunt.
1898 5454 1903 5459 ἡ

587 5488 813 5547 CAPUT
856 5486 962 5544 Cll.
1004 5516 1077 5528 —
1126 5482 1374 5540 Voluntas
1424 5480 1521 5536 Dei
1565 5481 1755 5534 invicta
1801 5495 2018 5549 semper,
2048 5487 2094 5532 et

518 5598 770 5652 nunquam
814 5581 984 5648 mala,
1045 5578 1148 5632 sive
1195 5574 1509 5639 misereatur,
1553 5572 1655 5625 sive
1715 5570 1946 5625 obduret.
1988 5567 2092 5624 Sed

518 5672 861 5742 tpnuumlibet
889 5673 997 5728 sint
1020 5668 1325 5727 voluntates
1351 5665 1437 5724 vel
1464 5662 1777 5735 angelorum
1804 5662 1889 5720 vel
1917 5661 2089 5717 homi-

590 5788 603 5817 ι
634 5789 703 5835 sic
724 5794 827 5836 Mss.
860 5795 910 5836 Αι
928 5794 1037 5837 mv.
1060 5790 1113 5837 et
1136 5792 1266 5846 sm,
1287 5792 1438 5846 neque
1458 5779 1583 5834 enim
1599 5776 1702 5831 istc.

2180 915 2298 961 tens
2340 908 2452 963 sive
2480 923 2576 978 per
2618 910 3035 969 misericordiam
3078 915 3229 987 cujus
3267 919 3381 973 vult
3419 920 3723 991 misereatur,

2178 998 2291 1054 sive
2319 1015 2414 1069 per
2429 1000 2685 1070 judicium
2712 1020 2870 1074 quem
2895 1007 3009 1062 vult
3031 1007 3257 1064 obduret
3276 1050 3291 1077 ,
3324 1026 3425 1066 nec
3452 1012 3621 1083 inique
3644 1015 3723 1069 ali-

2178 1090 2304 1159 quid
2335 1090 2489 1158 facit,
2521 1108 2618 1148 nec
2650 1094 2750 1149 nisi
2781 1095 2968 1152 volens
2994 1098 3281 1171 quidquam
3309 1100 3467 1171 facit,
3500 1112 3554 1159 et
3580 1108 3727 1160 omnia

2180 1195 2526 1252 quarcumque
2552 1186 2693 1251 vult,
2725 1185 2871 1242 facit.

2251 1272 2476 1328 CAPUT
2504 1274 2634 1330 Clll.
2663 1306 2734 1317 —-
2756 1277 2848 1330 27.
2888 1277 3161 1335 Excutitur
3188 1284 3378 1337 dictum
3422 1285 3642 1355 Apostoli
3675 1292 3730 1343 ad

2180 1361 2533 1433 Timotheum,
2571 1384 2589 1417 ε
2612 1366 2722 1437 Qui
2750 1370 2862 1425 vult
2882 1385 3069 1428 omnes
3092 1372 3339 1431 homines
3359 1377 3539 1433 salvos
3562 1378 3684 1435 ﬁeri.
3712 1400 3730 1435 ι

2181 1456 2259 1510 Ac
2282 1471 2380 1527 per
2405 1458 2507 1513 hoc
2521 1474 2639 1513 cum
2662 1461 2903 1517 audimus
2921 1472 2974 1518 et
2999 1464 3054 1519 in
3069 1467 3236 1522 sacris
3252 1467 3473 1527 Litteris
3503 1469 3703 1543 legimus
3718 1516 3731 1541 ,

2182 1550 2325 1618 quod
2351 1551 2477 1605 velit
2504 1567 2691 1608 omnes
2715 1552 2959 1610 homines
2983 1557 3161 1614 salvos
3189 1558 3303 1615 ﬁeri
3325 1601 3349 1626 ,
3369 1563 3611 1633 quamvis
3634 1579 3735 1621 cer-

2184 1650 2296 1696 tum
2322 1643 2391 1697 sit
2433 1644 2584 1699 nobis
2624 1662 2731 1703 non
2772 1662 2959 1704 omnes
2996 1650 3239 1708 homines
3266 1653 3446 1710 salvos
3472 1655 3619 1725 ﬁeri,
3648 1673 3736 1715 non

2186 1740 2361 1786 tamen
2386 1734 2507 1788 ideo
2531 1734 2791 1792 debemus
2816 1740 3353 1810 omnipotentissimae
3379 1745 3474 1800 Dei
3503 1748 3739 1806 voluntati

2184 1823 2380 1892 aliquid
2423 1824 2713 1896 derogare;
2745 1829 2839 1884 sed
2880 1830 2949 1884 ita
2985 1832 3281 1903 intelligere
3325 1836 3471 1904 quod
3509 1838 3738 1909 scriptum

2185 1922 2296 1979 est,
2326 1912 2425 1980 Qui
2450 1932 2622 1970 omnes
2651 1917 2876 1974 homines
2910 1922 3017 1975 vult
3042 1924 3207 1977 salvos
3236 1914 3377 1994 ﬁeri,
3408 1935 3652 1998 tanquam
3675 1926 3741 1983 di-

2185 2014 2398 2059 ceretur
2425 2007 2629 2063 nullum
2651 2008 2923 2066 hominem
2947 2014 3061 2069 ﬁeri
3085 2015 3288 2071 salvum
3305 2057 3321 2085 ,
3344 2017 3448 2073 nisi
3470 2034 3625 2089 quem
3647 2017 3741 2075 ﬂeri

2186 2092 2302 2163 ipse
2343 2096 2742 2153 volueritznon
2785 2102 2927 2170 quod
2976 2104 3153 2160 nullus
3205 2106 3275 2162 sit
3321 2107 3629 2178 hominum,
3658 2108 3743 2166 nisi

2186 2202 2346 2257 quem
2375 2188 2579 2245 salvum
2627 2190 2743 2247 ﬁeri
2787 2194 2942 2261 velit;
2974 2194 3068 2251 sed
3112 2197 3255 2268 quod
3295 2199 3471 2257 nullus
3511 2199 3635 2269 ﬁat,
3663 2202 3745 2258 nisi

2187 2295 2344 2349 quem
2374 2283 2541 2349 velit;
2570 2292 2625 2338 et
2668 2283 2788 2339 ideo
2826 2285 2895 2339 sit
2932 2288 3199 2357 rogandus
3241 2298 3299 2345 ut
3342 2293 3502 2359 velit,
3530 2294 3649 2363 quia
3672 2308 3745 2349 ne-

2188 2386 2341 2427 cesse
2364 2382 2445 2428 est
2466 2374 2579 2429 ﬁeri
2600 2375 2645 2429 si
2676 2376 2919 2431 voluerit.
2949 2377 3023 2432 De
3050 2379 3251 2434 orando
3280 2382 3477 2451 quippe
3512 2383 3622 2439 Deo
3646 2398 3748 2455 age-

2190 2466 2279 2519 bat
2298 2467 2581 2535 Apostolus
2604 2508 2621 2535 ,
2651 2476 2710 2523 ut
2731 2467 2832 2523 hoc
2857 2468 3078 2524 diceret.
3106 2470 3196 2526 Sic
3223 2474 3365 2527 enim
3390 2475 3744 2546 intelligimus,

2190 2567 2242 2610 et
2264 2557 2403 2627 quod
2436 2558 2491 2612 in
2524 2558 2812 2630 Evangelia
2841 2560 3096 2631 scriptum
3122 2572 3236 2629 est,
3264 2564 3365 2631 Qui
3385 2565 3642 2620 illuminat
3660 2583 3748 2621 om-

2190 2664 2303 2701 nem
2331 2649 2579 2704 hominem
2609 2649 2785 2721 (Joan.
2812 2666 2861 2720 ι,
2882 2651 2975 2723 9):
3002 2668 3105 2707 non
3135 2654 3257 2724 quia
3278 2655 3453 2710 nullus
3478 2663 3565 2711 est
3604 2657 3749 2712 homi-

2191 2757 2317 2796 num
2344 2743 2434 2812 qui
2461 2758 2568 2798 non
2588 2744 2939 2811 illuminetur,
2962 2745 3056 2801 sed
3082 2747 3204 2818 quia
3229 2748 3330 2803 nisi
3361 2749 3426 2804 ab
3452 2748 3575 2819 ipso
3602 2751 3749 2807 nullus

2191 2834 2538 2890 illuminatur.
2568 2837 2673 2891 Aut
2699 2845 2847 2894 certe
2875 2837 2953 2893 sic
2980 2837 3181 2894 dictum
3208 2847 3318 2903 est,
3356 2840 3456 2907 Qui
3479 2856 3653 2897 omnes
3674 2842 3748 2895 ho-

2191 2928 2349 2982 mines
2370 2927 2475 2982 vult
2500 2928 2663 2983 salvos
2687 2929 2800 2998 ﬁeri
2810 2945 2831 2996 ;
2849 2943 2959 2985 non
2973 2931 3114 3001 quod
3135 2932 3311 2986 nullus
3336 2930 3613 2987 hominum
3633 2941 3749 2989 esset

2194 3034 2356 3089 quem
2398 3020 2601 3075 salvum
2635 3021 2751 3076 fieri
2791 3022 2989 3090 nollet,
3016 3023 3107 3092 qui
3136 3022 3360 3078 virtutes
3397 3024 3747 3080 miraculorum

2195 3112 2370 3167 facere
2390 3112 2563 3168 noluit
2586 3113 2727 3183 apud
2747 3128 2840 3170 eos
2858 3128 2993 3185 quos
3014 3114 3142 3169 dicit
3167 3124 3380 3172 acturos
3409 3116 3573 3174 fuisse
3597 3117 3747 3189 pinni-

2193 3202 2411 3258 tentiam
2440 3205 2483 3259 si
2512 3202 2728 3259 fecisset
2751 3222 2763 3257 :
2786 3204 2880 3260 sed
2907 3214 2965 3261 ut
2989 3222 3159 3260 omnes
3180 3206 3407 3262 homines
3425 3222 3585 3265 omne
3606 3221 3747 3280 genus

2194 3291 2484 3347 humanum
2507 3292 2529 3323 ⁸
2559 3293 2914 3363 intelligamus
2942 3309 3037 3364 per
3063 3310 3423 3367 quascumque
3447 3297 3749 3354 differentias

2193 3382 2563 3449 distributum,
2589 3398 2775 3453 reges,
2808 3384 3042 3454 privatos
3063 3427 3080 3452 ,
3109 3385 3347 3453 nobiles,
3381 3386 3656 3457 ignobiles,
3676 3400 3751 3442 stt-

2196 3475 2404 3542 blimes,
2435 3475 2691 3541 humiles,
2720 3474 2939 3543 doctos,
2966 3475 3243 3546 indoctos,
3275 3478 3471 3548 integri
3508 3476 3747 3548 corporis.

2193 3565 2430 3630 debiles,
2482 3566 2822 3636 ingeniosos,
2884 3566 3242 3635 tardicordes,
3290 3568 3507 3639 fatuos,
3550 3568 3747 3634 divites,

2196 3672 2483 3727 pauperes,
2538 3657 2866 3725 mediocres,
2924 3672 3144 3726 mares,
3192 3657 3458 3726 mminas,
3514 3657 3747 3722 infantes,

2197 3762 2424 3818 pueros,
2454 3746 2853 3813 adolescentes,
2894 3748 3154 3818 juvenes,
3184 3749 3461 3817 seniores,
3503 3763 3678 3815 senes;
3704 3746 3748 3802 in

2197 3842 2388 3912 linguis
2434 3840 2715 3906 omnibus,
2764 3841 2821 3895 in
2862 3842 3104 3896 moribus
3144 3841 3427 3908 omnibus,
3480 3844 3534 3899 in
3576 3840 3749 3897 artibus

2196 3933 2442 3989 omnibus
2464 3974 2478 4000 ,
2512 3933 2565 3986 in
2595 3932 3014 4003 professionibus
3055 3933 3332 3999 omnibus,
3362 3935 3415 3989 in
3447 3934 3748 3990 voluntatum

2197 4035 2249 4081 et
2274 4027 2723 4082 conscientiarum
2754 4026 3010 4081 varietate
3035 4027 3410 4083 innumerabili
3434 4028 3746 4091 constitutos,

2196 4126 2250 4171 et
2276 4117 2321 4172 si
2343 4117 2469 4187 quid
2496 4116 2639 4171 aliud
2664 4116 3083 4172 dili'erentiarum
3105 4127 3187 4173 est
3210 4118 3265 4172 in
3294 4117 3617 4176 hominibus.
3637 4112 3748 4183 Quid

2199 4216 2280 4262 est
2303 4207 2445 4262 enim
2469 4222 2654 4262 eorum
2676 4206 2817 4262 unde
2843 4222 2947 4262 non
2977 4208 3115 4262 Deus
3142 4222 3239 4277 per
3266 4207 3607 4278 Unigenitum
3620 4218 3749 4263 suum

2190 4301 2481 4355 Dominum
2509 4310 2748 4356 nostrum
2774 4314 2872 4370 per
2899 4313 3086 4354 omnes
3114 4309 3300 4370 gentes
3326 4298 3511 4355 salvos
3539 4299 3644 4355 ﬁeri
3666 4295 3747 4351 bo-

2202 4391 2372 4454 mines
2401 4393 2563 4460 velit,
2595 4401 2649 4447 et
2685 4392 2806 4448 ideo
2842 4390 3001 4446 faciat
3024 4390 3068 4457 ⁸,
3099 4391 3222 4460 quia
3272 4392 3613 4461 omnipotens
3635 4386 3747 4443 velle

2203 4484 2432 4539 inaniter
2468 4499 2574 4539 non
2604 4491 2779 4552 potest
2814 4481 3189 4552 quodcumque
3217 4482 3481 4536 voluerit?
3509 4482 3749 4547 Praecepe-

2202 4585 2286 4630 rat
2312 4576 2454 4631 enim
2481 4574 2768 4645 Apostolus
2792 4582 2850 4627 ut
2874 4582 3118 4628 oraretur
3145 4589 3237 4645 pro
3277 4573 3541 4628 omnibus'
3561 4568 3748 4626 homini-

2204 4669 2294 4723 bus
2318 4710 2334 4734 ,
2390 4676 2444 4723 et
2468 4666 2770 4737 Specialiter
2792 4664 3069 4720 addiderat
3093 4681 3184 4735 pro
3220 4663 3417 4736 regibus
3452 4673 3498 4718 et
3533 4664 3591 4718 iis
3613 4659 3688 4730 qui
3707 4657 3748 4709 in

2201 4761 2508 4816 sublimitate
2538 4768 2684 4823 sunt,
2711 4758 2799 4828 qui
2832 4757 3008 4828 putari
3036 4766 3316 4827 poterant,
3345 4755 3483 4810 fastu
3511 4764 3562 4811 et
3595 4763 3749 4821 supero

2203 4854 2288 4907 bia
2317 4850 2558 4907 saeculari
2589 4864 2619 4904 a
2656 4849 2779 4903 ﬁdei
2807 4850 3114 4904 christiana:
3143 4848 3441 4902 humilitate
3470 4846 3746 4901 abhorrere.

2205 4945 2432 5002 Proinde
2461 4944 2675 5009 dicens,
2712 4942 2825 4997 Hoc
2862 4942 2993 4996 enim
3033 4942 3218 4995 bonum
3238 4948 3311 4995 est
3339 4955 3509 4992 coram
3535 4936 3750 4992 salvatore

2204 5045 2373 5090 nostro
2399 5034 2503 5089 Deo
2524 5075 2539 5100 ,
2582 5034 2634 5088 id
2663 5041 2746 5089 est
2764 5074 2778 5101 ,
2808 5041 2866 5087 ut
2894 5032 3053 5087 etiam
3085 5046 3181 5101 pro
3207 5029 3400 5085 talibus
3426 5036 3631 5091 oretur;
3659 5029 3747 5076 sta-

2207 5134 2297 5185 tim
2344 5139 2402 5185 ut
2439 5128 2863 5197 desperationem
2917 5124 3159 5190 tolleret,
3186 5122 3425 5189 addidit,
3468 5120 3565 5188 Qui
3605 5125 3747 5169 omnes

2205 5222 2429 5277 homines
2452 5220 2557 5274 vnlt
2597 5219 2761 5273 salvos
2787 5216 2898 5286 ﬁeri
2916 5258 2929 5278 ,
2956 5223 3002 5270 et
3028 5214 3082 5268 in
3110 5213 3416 5285 agnitionem
3442 5207 3650 5265 veritatis
3673 5216 3743 5255 ve-

2268 5341 2283 5369 ι
2318 5334 2515 5396 Quidam
2538 5333 2665 5397 libri,
2701 5343 2811 5397 quae
2840 5328 3001 5397 etiam.

2266 5403 2286 5432 ε
2321 5384 2450 5456 nov,
2474 5394 2588 5458 quia
2601 5384 2737 5458 ju'sta
2764 5398 2851 5458 est.
2878 5392 2964 5441 Alii
2984 5388 3197 5458 codices,
3220 5384 3471 5458 qutejusta
3488 5386 3572 5458 est.

2267 5463 2287 5494 ³
2321 5444 2537 5511 nonnulli
2578 5444 2689 5520 tuas.
2715 5456 2979 5520 omittunt,_
3003 5444 3300 5520 humanum;
3335 5444 3400 5498 'et.
3438 5445 3621 5510 quidam
3660 5444 3748 5486 cum

2207 5524 2420 5574 editione
2444 5520 2622 5578 Damni,
2650 5518 2755 5580 ejus
2779 5515 2885 5565 luco
2907 5512 3106 5580 habent,
3123 5512 3383 5564 hominum.

2268 5586 2286 5615 ἰ
2322 5592 2499 5632 t'nuse
2523 5574 2758 5630 Vaticanis
2781 5588 2905 5635 Mssa,
2930 5574 3033 5641 ﬁat.
3210 5632 3222 5641 _
3323 5631 3351 5641 η
3458 5637 3488 5641 __
3663 5623 3731 5641 nm.

2265 5648 2286 5681 ³
2320 5625 2797 5695 ὧῗεὲίῦἐιὶῖἶὶι
2830 5625 3008 5700 νιόνῖλξ
3042 5647 3131 5700 pro
3179 5631 3393 5700 singulis.
3457 5626 3617 5700 vatius

2203 5680 2689 5769 ntagiitiw'm‘naedls‘uu,
2709 5680 2797 5769 pF6
2827 5680 3157 5753 Dial-libita?
3180 5680 3629 5755 ⁷εἷίὶῖιῖίἈροδωίιιὲῑι
3669 5680 3750 5731 lim

2205 5780 2362 5824 alato.
