3896 6382
212 328 296 387 ,3,
1585 306 1752 362 LIBEI

1863 306 2025 367 INUS.

211 450 309 502 nire
327 444 366 515 (Ι
396 442 509 496 Tim.
536 455 586 505 ιι,
610 437 754 507 ιρι).
788 435 913 492 lloc
934 434 1129 506 quippe
1157 432 1293 486 Deus
1324 429 1516 484 bonum
1543 426 1750 498 judica-

211 540 305 604 vit,
328 547 373 591 ut
394 530 695 591 orationibus
724 527 1013 583 humilium
1041 525 1346 595 dignaretur
1369 520 1591 575 salutem
1617 534 1753 589 prreo

207 643 335 688 stare
355 626 635 684 sublimium
657 638 671 675 :
694 620 841 692 quod
859 620 1045 689 utique
1062 617 1173 688 jam
1190 614 1428 671 videmus
1453 612 1749 681 impletum.

208 724 302 778 Isto
325 716 578 774 locutionis
601 713 768 770 modo
798 721 857 767 et
881 709 1137 766 Dominus
1164 716 1244 763 est
1274 720 1403 761 usus
1432 706 1484 758 in
1507 704 1748 773 Evange-

205 816 299 881 lio,
324 812 405 866 ubi
439 810 505 864 ait
528 805 817 863 Pharisatis
840 843 857 870 ,
890 801 1164 855 Decimatis
1189 808 1407 852 mentem
1428 838 1443 862 ,
1475 803 1523 849 et
1546 802 1714 849 rutam
1731 833 1748 859 ,

203 916 245 960 et
268 920 401 959 omne
426 901 526 955 olus
551 897 702 970 (Luc.
746 912 835 962 ιι,
875 892 991 964 42).
1022 891 1203 961 Neque
1230 889 1373 944 enim
1404 885 1659 942 Pharisaei
1698 891 1753 939 et

202 1007 512 1069 quacumque
532 990 708 1045 aliena
736 996 793 1043 et
829 985 1066 1041 omnium
1094 998 1190 1053 per
1215 994 1405 1037 omnes
1427 988 1598 1034 terras
1617 976 1751 1069 alie-

206 1066 476 1161 nigenarum
502 1083 682 1139 omnia
726 1080 871 1134 olera
915 1074 1270 1132 deeimabant.
1296 1071 1445 1128 Sicut
1489 1082 1617 1139 ergo
1662 1066 1750 1161 hic

204 1160 332 1238 om
349 1182 484 1245 olus,
509 1190 669 1232 omne
697 1174 905 1229 olerum
926 1184 1126 1240 genus;
1151 1167 1222 1221 ita
1252 1173 1306 1220 et
1324 1163 1436 1219 illic
1463 1177 1633 1217 omnes
1655 1160 1751 1215 ho-

201 1275 371 1338 mines,
398 1284 546 1327 omne
572 1266 853 1322 hominum
884 1275 1053 1332 genus
1091 1258 1389 1328 intelligere
1427 1268 1747 1325 possumus:

197 1377 245 1423 et
264 1376 574 1437 quocttmque
598 1361 708 1414 alio
735 1356 893 1412 modo
921 1352 1143 1423 intelligi
1174 1358 1387 1421 potest,
1414 1348 1541 1403 dum
1573 1357 1749 1401 tamen

196 1436 396 1511 credere
440 1468 537 1508 non
582 1463 846 1519 cogamur
883 1442 1081 1514 aliquid
1124 1440 1542 1510 omnipotentem
1585 1436 1749 1491 Deum

197 1548 408 1604 voluisse
428 1544 531 1600 ﬁeri
550 1585 566 1611 ,
596 1541 903 1609 factumque
928 1551 1034 1591 non
1059 1549 1205 1600 esse;
1238 1533 1327 1603 qui
1354 1532 1469 1586 sine
1495 1529 1614 1584 ullis
1638 1543 1753 1582 am-

197 1636 541 1709 biguitatibus,
568 1634 616 1688 si
644 1634 699 1686 in
725 1630 850 1685 caelo
873 1638 920 1683 et
944 1629 998 1681 in
1028 1634 1183 1691 terra,
1216 1624 1353 1679 sicut
1376 1637 1499 1678 eum
1521 1618 1748 1676 veritas‘

197 1737 379 1796 canuit,
414 1726 569 1782 omnia
620 1735 950 1796 quwcumque
996 1717 1187 1783 voluit,
1212 1715 1365 1785 fecit,
1394 1712 1566 1784 (Psal.
1596 1724 1749 1777 cxnt,

190 1821 302 1894 'II),
330 1819 549 1890 profecto
572 1817 751 1872 facere
778 1813 951 1867 noluit
976 1809 1346 1881 quodcumque
1368 1821 1474 1861 non
1500 1805 1643 1859 fecit.

261 1910 471 1968 CAPUT
503 1909 634 1965 CW.
674 1937 748 1948 —
771 1904 863 1959 28.
899 1903 1029 1969 Qua:
1057 1899 1207 1974 fuerit
1250 1899 1481 1953 voluntas
1509 1895 1603 1949 Dei
1632 1911 1753 1966 erga

204 2004 470 2064 Ademtum,
510 2016 643 2071 ςιεηι
692 2004 1018 2067 peccaturum
1069 1991 1382 2064 prwsciebat.
1422 1989 1755 2057 Quapropter

210 2096 360 2152 etiam
379 2095 589 2165 primum
606 2092 872 2146 hominem
901 2087 1044 2143 Deus
1064 2086 1118 2139 in
1145 2100 1206 2140 ea
1228 2084 1398 2137 salute
1418 2082 1471 2136 in
1497 2094 1599 2151 qua
1619 2094 1753 2135 con-

210 2186 343 2241 ditus
386 2193 521 2249 erat,
562 2182 815 2239 custodire
858 2180 1145 2245 voluisset,
1180 2190 1409 2246 eumque
1454 2181 1754 2244 opportuno

206 2289 427 2349 tempore
462 2288 573 2348 post
596 2277 801 2347 genitos
830 2273 967 2328 ﬁlios
994 2272 1110 2327 sine
1136 2267 1540 2339 interpositione
1569 2265 1755 2320 mortis

199 2369 259 2423 ad
284 2369 491 2425 meliora
515 2368 804 2438 perducere
823 2407 838 2432 ,
872 2363 960 2419 ubi
986 2362 1099 2433 jam
1139 2376 1247 2416 non
1275 2360 1451 2416 solum
1478 2364 1753 2429 peccatum

199 2476 293 2516 non
314 2462 334 2493 ¹
357 2460 679 2516 committere
695 2498 712 2523 ,
741 2456 835 2511 sed
867 2469 967 2509 nec
987 2454 1314 2508 voluntatem
1345 2457 1530 2521 posset
1555 2448 1754 2503 habere

201 2550 459 2620 peccandi,
503 2550 545 2605 si
592 2548 658 2602 ad
712 2544 1135 2617 permanendum
1178 2543 1294 2598 sine
1340 2548 1586 2611 peccato,
1618 2538 1757 2594 sicut

200 2642 346 2696 lactus
384 2650 530 2706 erat,
562 2647 875 2709 perpetuam
918 2637 1243 2691 voluntatem
1285 2632 1590 2689 habiturum
1637 2643 1756 2684 esse

200 2732 484 2799 praescisset.
517 2731 653 2799 Quia
682 2745 812 2784 vero
846 2742 968 2783 eum
996 2727 1134 2781 male
1159 2738 1380 2781 usurum
1411 2721 1580 2777 libero
1608 2719 1754 2775 arbi-

200 2824 431 2888 trio,boc
470 2835 553 2880 est
599 2833 945 2893 peccaturum
988 2835 1108 2875 esse
1158 2816 1509 2889 prmseiehat,
1538 2813 1604 2869 ad
1654 2813 1756 2869 hoc

204 2917 355 2983 potius
375 2916 693 2987 prmparavit
717 2914 1045 2968 voluntatem
1077 2926 1257 2974 suam,
1287 2919 1344 2963 nt
1368 2908 1505 2964 bene
1534 2908 1648 2978 ipse
1674 2906 1756 2960 fa-

206 3014 333 3060 ceret
353 3008 487 3062 etiam
512 3006 587 3062 de
618 3006 761 3061 male
791 3003 1048 3069 faciente,
1078 3017 1142 3057 ac
1186 3002 1264 3056 sic
1306 2999 1538 3055 hominis
1564 2999 1755 3052 volun-

206 3107 300 3152 tate
320 3099 437 3154 mala
462 3112 570 3154 non
604 3105 979 3161 evacuaretur,
1010 3094 1105 3150 sed
1128 3092 1475 3149 nihilominus
1506 3091 1757 3162 implere-

206 3196 283 3241 tur
301 3189 657 3260 omnipotentis
686 3188 846 3243 bona.

262 3279 457 3338 CAPUT
494 3280 615 3339 CV.
647 3310 723 3323 —
755 3280 1002 3334 Voluntas
1028 3279 1245 3333 hominis
1267 3278 1336 3331 ad
1364 3276 1546 3331 bonum
1575 3284 1621 3330 et
1648 3290 1757 3328 ma-

197 3371 287 3424 lum
306 3373 439 3427 aliter
462 3374 624 3428 libera
650 3374 707 3427 in
733 3370 897 3442 primo
939 3379 1073 3426 statu
1096 3411 1112 3438 ,
1143 3370 1290 3424 aliter
1334 3370 1388 3423 in
1428 3369 1627 3423 ultimo.
1667 3365 1758 3422 Sic

197 3465 319 3519 enim
343 3467 614 3537 oportebat
639 3465 789 3536 prius
817 3463 1085 3518 hominem
1114 3461 1226 3516 ﬁeri
1247 3502 1262 3529 ,
1292 3469 1351 3515 ut
1378 3469 1432 3515 et
1460 3459 1598 3515 bene
1621 3458 1756 3513 velle

199 3566 378 3623 luisset,
402 3569 451 3613 et
472 3557 654 3622 male;
696 3570 797 3610 nec
823 3556 1009 3627 gratis,
1041 3554 1085 3608 si
1116 3553 1282 3617 bene;
1312 3566 1412 3606 nec
1438 3552 1683 3621 impune,
1710 3549 1755 3605 si

202 3647 354 3702 male:
380 3659 555 3718 postea
581 3662 713 3703 vero
742 3647 819 3702 sic
849 3647 972 3712 erit,
1003 3654 1062 3700 ut
1086 3644 1224 3699 male
1251 3643 1389 3698 velle
1420 3658 1523 3697 non
1554 3642 1752 3712 possit;

198 3754 286 3793 nec
306 3739 409 3795 ideo
430 3742 599 3797 libero
627 3740 832 3796 carebit
855 3738 1099 3792 arbitrio.
1124 3736 1289 3790 Multo
1315 3736 1512 3804 quippe
1535 3733 1753 3788 liberius

190 3834 278 3887 erit
304 3835 568 3891 arbitrium
592 3877 605 3900 ,
628 3832 776 3905 quod
803 3832 1024 3911 omnino
1051 3846 1156 3885 non
1186 3830 1380 3900 poterit
1410 3829 1610 3884 servire
1632 3843 1755 3897 pec-

190 3932 310 3977 cato.
335 3924 503 3996 Neque
526 3926 685 3981 enim
724 3922 987 3992 culpanda
1027 3932 1109 3976 est
1137 3922 1413 3985 voluntas,
1442 3929 1534 3974 aut
1560 3921 1753 3974 volun-

191 4021 259 4066 tas
282 4029 374 4070 non
412 4026 522 4084 est,
558 4024 655 4069 aut
689 4013 857 4069 libera
902 4011 1125 4066 dicenda
1171 4026 1274 4066 non
1320 4019 1435 4075 est,
1468 4025 1571 4080 qua
1612 4008 1752 4065 beati

192 4117 289 4158 esse
312 4104 381 4159 sic
404 4107 662 4160 volumus
681 4145 695 4169 ,
729 4112 785 4156 ut
811 4116 929 4157 esse
955 4101 1136 4156 miseri
1168 4117 1272 4155 non
1302 4101 1474 4155 solum
1499 4098 1750 4163 nolimus,

190 4194 268 4249 sed
304 4212 635 4268 nequaquam
677 4209 896 4265 prorsus
922 4193 1061 4247 velle
1102 4191 1387 4261 possimus.
1435 4190 1584 4247 Sicut
1625 4204 1753 4259 ergo

188 4287 337 4341 anima
359 4300 536 4344 nostra
571 4289 734 4343 etiam
756 4301 897 4342 nunc
923 4285 1067 4341 nolle
1095 4282 1484 4350 infelicitatem,
1513 4284 1584 4338 ita
1610 4283 1752 4339 nolle

190 4376 482 4447 iniquitatem
529 4393 759 4448 semper
802 4378 1047 4433 habitura
1091 4384 1193 4431 est.
1227 4375 1332 4431 Sed
1364 4375 1496 4431 ordo
1526 4382 1752 4445 prmter-

190 4472 445 4528 mittendus
488 4489 603 4529 non
657 4470 788 4538 fuit,
817 4471 870 4524 in
916 4486 1022 4540 quo
1077 4470 1215 4523 Deus
1260 4468 1425 4524 voluit
1469 4467 1753 4523 ostendere

190 4577 323 4629 quam
360 4563 555 4619 bonum
610 4562 685 4615 sit
725 4560 921 4614 animal
965 4560 1224 4614 rationale
1266 4559 1409 4629 quod
1453 4559 1613 4614 etiam
1646 4573 1751 4613 non

192 4665 383 4719 peccare
430 4655 600 4724 possit
631 4653 676 4718 ³,
705 4651 954 4722 quamvis
999 4650 1070 4705 sit
1114 4650 1307 4706 melius
1345 4650 1487 4720 quod
1532 4664 1754 4720 peccare

193 4757 278 4796 non
297 4746 452 4813 possit
483 4763 495 4798 :
524 4736 673 4800 sicut
694 4743 869 4798 minor
889 4742 986 4797 fuit
1015 4742 1386 4798 immortalitas
1407 4783 1420 4805 ,
1453 4742 1548 4797 sed
1577 4750 1751 4796 tamen

194 4832 303 4902 luit,
329 4837 376 4890 in
417 4854 519 4906 qua
565 4845 752 4906 posset
778 4835 939 4890 etiam
968 4850 1077 4889 non
1102 4835 1237 4891 mori
1260 4876 1274 4901 ,
1303 4836 1550 4906 quamvis
1584 4835 1755 4906 major

194 4925 337 4982 futura
363 4930 431 4983 sit
456 4930 507 4983 in
540 4944 648 4999 qua
670 4943 775 4982 non
804 4927 972 4998 possit
999 4927 1155 4982 mori.

248 5020 456 5077 CAPUT
493 5021 632 5077 CVI.
650 5051 721 5060 —
746 5019 930 5075 Libero
972 5022 1183 5075 arbitrio
1205 5021 1371 5092 gratia
1396 5023 1676 5075 necessaria
1699 5021 1753 5075 in

196 5113 333 5175 primo
352 5124 396 5169 et
417 5115 639 5171 secundo
681 5122 838 5169 statu.
888 5112 1036 5168 Illam
1060 5114 1135 5186 (a)
1160 5122 1345 5169 natura
1377 5112 1605 5169 humana
1629 5128 1753 5184 per—

249 5264 263 5293 ²
292 5264 356 5312 sic
374 5272 478 5315 Mss.
501 5264 624 5314 Editi
644 5277 782 5324 vero,
799 5264 921 5315 sicut
942 5271 989 5315 et
1010 5263 1202 5317 veritas.

247 5326 266 5389 ξ
296 5326 445 5385 Abest,
470 5340 585 5384 non,
607 5328 670 5375 ab
695 5327 914 5377 omnibus
937 5340 1091 5389 prope
1110 5335 1217 5379 Mss.

250 5385 267 5416 ⁸
296 5395 387 5454 ἶιω.
408 5394 481 5436 Er.
505 5396 622 5437 Dan.
648 5395 701 5437 et
724 5394 854 5456 tam,
880 5385 1007 5456 quod
1026 5385 1173 5456 etiam
1193 5392 1583 5456 peccarepossit;
1607 5401 1659 5445 et
1677 5396 1750 5445 in-

197 5444 272 5501 tra,
292 5446 336 5494 in
363 5460 455 5511 qua
486 5456 642 5518 posset
670 5449 818 5518 e_tiam_
837 5444 961 5518 mori
984 5463 1001 5499 :
1036 5444 1211 5502 omissa
1236 5444 1449 5515 negante
1486 5444 1748 5518 particula;

196 5520 320 5580 quam
337 5509 543 5580 utroque
564 5509 668 5580 loco
691 5512 741 5560 in
774 5510 1019 5575 plerisque
1047 5521 1151 5563 Mss.
1175 5509 1465 5580 reperimus,
1486 5509 1677 5569 necnon
1699 5509 1747 5571 in

203 5568 388 5620 editione
410 5568 611 5622 Arualdi.

252 5632 527 5695 (a)_Prustra
542 5640 709 5683 monet
729 5636 1005 5686 Iambertus
1023 5645 1222 5687 nanreus
1243 5647 1297 5690 nt
1324 5639 1459 5691 Illam
1481 5641 1749 5695 referamus

202 5688 826 5764 advoluntatcmnhontlnis,
863 5698 924 5764 de
956 5713 1047 5761 qua
1084 5688 1319 5764 superiori
1347 5688 1746 5764 ’έξίιὶιιὶιῗύἷεὶῖίἆ

203 5756 311 5802 l‘ctn
351 5757 589 5808 Lombardi
618 5760 955 5814 interpretatio
975 5756 1059 5812 'sic
1083 5756 1238 5814 locum
1260 5756 1451 5819 citantis
1482 5768 1531 5819 in
1548 5765 1577 5815 2
1592 5778 1742 5832 δραι..

3338 338 3445 395 282

1862 429 1994 486 didit
2016 446 2110 502 per
2130 434 2354 492 liberum
2387 439 2663 498 arbitrium
2691 462 2704 510 ;
2738 444 2873 502 hanc
2895 455 2976 504 est
3022 457 3301 520 acceptura
3339 467 3437 521 per

1859 524 2105 593 gratiam,
2130 541 2287 597 quam
2310 528 2502 598 fuerat,
2534 533 2579 587 si
2608 550 2711 590 non
2734 547 3315 610 peccasset,acceptura
3345 558 3441 611 per

1859 616 2107 671 meritum
2140 635 2153 671 :
2201 622 2442 689 quamvis
2469 623 2585 680 sine
2609 628 2774 696 gratia
2810 642 2909 684 nec
2927 638 3053 687 tunc
3078 631 3241 687 ullum
3272 634 3445 688 meri-

1860 712 1973 761 tum
1996 722 2115 764 esse
2156 710 2431 779 potuisset.
2454 714 2585 780 Quia
2617 718 2716 772 etsi
2747 729 3019 788 peccatum
3046 722 3097 776 in
3129 723 3244 779 solo
3266 723 3440 780 libero

1858 799 2078 854 arbitrio
2103 812 2218 857 erat
2235 805 2599 874 constitutum,
2633 824 2738 863 non
2757 817 2931 865 tamen
2957 812 3175 881 iustitiae
3197 816 3438 870 retinen-

1858 888 1941 944 da:
1986 892 2283 948 sufﬁciebat
2308 895 2533 951 liberum
2574 898 2870 965 arbitrium,
2900 902 3001 955 nisi
3024 904 3434 973 participatione

1859 982 2209 1043 immutabilis
2256 987 2382 1043 boni
2427 989 2664 1045 divinum
2713 991 3033 1061 adjutorium
3082 997 3437 1065 przeberetur.

1858 1073 2171 1133 Sicutenim
2191 1081 2325 1135 mori
2370 1091 2451 1137 est
2481 1082 2532 1136 in
2560 1082 2792 1139 hominis
2839 1094 3100 1155 potestate
3144 1102 3264 1141 cum
3288 1089 3438 1153 velit,

1860 1183 2016 1223 nemo
2044 1180 2125 1224 est
2145 1171 2285 1225 enim
2309 1174 2397 1242 qui
2424 1188 2529 1229 non
2545 1175 2798 1245 seipsum,
2828 1186 2886 1231 ut
2911 1178 3040 1232 nihil
3066 1178 3207 1233 aliud
3238 1180 3436 1245 dicam,

1857 1261 1939 1315 vel
1966 1276 2071 1316 non
2089 1264 2353 1320 vescendo
2396 1267 2563 1335 possit
2589 1267 2873 1333 occidere;
2916 1270 2982 1325 ad
3007 1271 3167 1325 vitam
3203 1286 3332 1326 vero
3360 1280 3439 1326 tc-

1860 1355 2085 1410 nendam
2110 1356 2355 1412 voluntas
2398 1373 2503 1413 non
2538 1360 2668 1415 satis
2694 1369 2799 1427 est,
2829 1360 2875 1416 si
2902 1361 3163 1431 adjutoria
3190 1362 3303 1418 sive
3343 1362 3441 1417 ali-

1860 1455 2157 1503 mentorum
2173 1449 2286 1503 sive
2302 1464 2755 1521 quorumcumque
2772 1454 3085 1508 tutaminum
3107 1454 3283 1509 desint
3314 1471 3328 1508 :
3359 1454 3439 1510 sic

1861 1540 2020 1594 homo
2045 1540 2099 1593 in
2142 1540 2386 1606 paradiso
2405 1540 2471 1595 ad
2501 1542 2937 1605 segoccidendum
2982 1545 3442 1615 relinquendoju-

1859 1631 2054 1685 stitiam
2082 1630 2304 1686 idoneus
2325 1641 2441 1687 erat
2464 1648 2561 1703 per
2587 1633 2934 1700 voluntatem,
2965 1644 3024 1690 ut
3057 1645 3234 1690 autem
3278 1636 3346 1690 ah
3370 1652 3438 1692 eo

1861 1732 2134 1778 teneretur
2152 1724 2254 1778 vita
2279 1724 2517 1793 justitiar,
2548 1740 2733 1794 parum
2760 1735 2877 1782 erat
2905 1727 3065 1791 velle,
3102 1728 3203 1782 nisi
3231 1728 3318 1783 ille
3343 1729 3434 1797 qui

1857 1813 2194 1869 euml‘ecerat
2221 1814 2515 1883 adjuvaret.
2543 1815 2650 1871 Sed
2678 1826 2797 1886 post
2821 1817 2965 1871 illam
3012 1816 3219 1872 ruinam
3260 1817 3432 1887 maior

1858 1913 1941 1959 est
1960 1904 2323 1960 misericordia
2346 1906 2460 1971 Dei,
2488 1907 2700 1976 quando
2720 1916 2775 1963 et
2812 1908 2985 1979 ipsum
3015 1908 3292 1963 arbitrium
3324 1910 3339 1939 ¹
3372 1909 3441 1963 li-
3484 1964 3491 1965 ,

1859 1994 2148 2049 berandum
2174 2004 2257 2050 est
2286 2011 2314 2049 a
2341 1998 2618 2064 servitute,
2650 1998 2736 2053 cui
2783 1999 3088 2055 dominatur
3111 2014 3235 2055 eum
3269 2009 3442 2055 morte

1863 2094 2154 2153 peceatum.
2186 2086 2295 2141 Nec
2335 2088 2555 2144 omnino
2599 2105 2695 2159 per
2735 2092 2995 2161 seipsum,
3025 2091 3118 2146 sed
3150 2107 3246 2161 per
3266 2092 3435 2146 solam

1863 2176 1952 2230 Dei
1978 2177 2219 2245 gratiam,
2244 2192 2363 2247 qum
2393 2178 2444 2231 in
2476 2179 2578 2234 ﬁde
2606 2178 2803 2235 Christi
2825 2183 2994 2250 posita
3021 2191 3126 2249 est,
3147 2182 3439 2248 liberatur;

1860 2276 1917 2321 ut
1940 2268 2186 2323 voluntas
2223 2268 2355 2338 ipsa,
2385 2270 2522 2324 sicut
2551 2273 2810 2340 scriptum
2836 2281 2938 2338 est,
2962 2288 2994 2327 a
3036 2274 3262 2328 Domino
3302 2289 3443 2342 prce-

1861 2369 2074 2430 paretur
2099 2360 2118 2430 (
2148 2359 2302 2414 Prov.
2352 2377 2463 2425 vnt,
2488 2363 2580 2429 55,
2626 2379 2725 2417 sec.
2750 2364 2895 2418 LXX
2922 2364 2963 2435 ),
2983 2380 3085 2435 qua
3126 2374 3318 2421 caetera
3348 2366 3443 2421 Dei

1861 2468 2081 2507 munera
2150 2452 2464 2524 capiantur,
2526 2470 2621 2524 per
2665 2470 2785 2526 qua:
2851 2457 3092 2513 veniatur
3131 2457 3198 2512 ad
3246 2472 3441 2514 munus

1862 2552 2142 2599 :rternum.

1930 2635 2157 2692 CAPUT
2195 2635 2350 2692 CVII.
2387 2667 2453 2678 —
2490 2636 2605 2692 Vita
2630 2646 2818 2693 aeterna
2839 2656 3026 2695 merces
3054 2650 3099 2694 et
3129 2647 3294 2695 tamen
3314 2658 3434 2712 gra-

1862 2728 1951 2781 tia.
1985 2725 2230 2783 Voluntas
2254 2728 2352 2783 Dei
2376 2729 2439 2783 de
2463 2731 2661 2784 homine
2703 2742 2939 2801 peccante
2972 2734 3196 2803 impleta.
3221 2734 3375 2790 Unde
3390 2744 3449 2790 et

1863 2819 2029 2888 ipsam
2058 2820 2219 2874 vitam
2272 2832 2550 2885 :cternam,
2580 2839 2699 2893 quae
2724 2834 2871 2880 certe
2899 2828 2917 2858 ¹
2945 2841 3155 2882 merces
3198 2838 3281 2882 est
3309 2843 3442 2898 ope-

1861 2925 1978 2964 rum
2000 2911 2283 2979 bonorum,
2310 2915 2535 2983 gratiam
2564 2915 2655 2970 Dei
2682 2918 2919 2987 appellat
2962 2919 3252 2990 Apostolus
3283 2939 3296 2975 :
3328 2922 3442 2976 Sti-

1862 3001 2103 3072 pendium
2125 3003 2274 3069 enim,
2305 3004 2495 3074 inquit,
2521 3008 2712 3075 peccati
2732 3025 2884 3063 .mors
2911 3026 2931 3076 ;
2957 3012 3121 3081 gratia
3164 3022 3328 3066 autem
3352 3012 3446 3068 Dei

1860 3092 1963 3145 vita
1986 3103 2175 3147 aeterna
2197 3094 2251 3147 in
2290 3094 2489 3149 Christo
2522 3097 2649 3151 Jesu
2688 3097 2915 3154 Domino
2944 3103 3158 3173 nostro(
3192 3102 3345 3159 Rom.
3367 3121 3442 3169 vr,

1859 3180 1933 3236 23
1955 3182 1996 3253 ).
2026 3181 2356 3252 Stipendium
2383 3201 2479 3254 pro
2505 3202 2667 3256 opere
2696 3189 2900 3244 militia:
2922 3190 3157 3247 debitum
3182 3195 3441 3263 redditur,

1862 3289 1968 3329 non
1988 3272 2217 3329 donatur
2247 3292 2260 3328 :
2294 3275 2412 3331 ideo
2458 3276 2608 3343 dixit,
2667 3278 2988 3348 Stipendium
3040 3286 3229 3352 peccati
3262 3303 3444 3350 mors;

1861 3376 1920 3422 ut
1944 3375 2170 3422 mortem
2207 3378 2422 3437 peccato
2438 3384 2545 3423 non
2569 3369 2833 3426 immerito
2859 3372 3077 3441 illatam,
3100 3376 3191 3430 sed
3211 3377 3443 3433 debitam

1861 3459 2272 3515 demonstraret.
2310 3459 2489 3515 Gratia
2516 3476 2645 3517 vero
2690 3461 2793 3517 nisi
2813 3465 2977 3533 gratis
3002 3474 3105 3530 est,
3142 3469 3307 3535 gratia
3337 3485 3442 3523 non

1861 3559 1962 3605 est.
1987 3550 2389 3621 Intelligendum
2420 3562 2504 3607 est
2532 3553 2689 3624 igitur
2710 3554 2868 3609 etiam
2910 3555 3020 3625 ipsa
3052 3556 3280 3612 hominis
3307 3560 3443 3614 bona

1859 3641 2049 3696 merita
2088 3656 2208 3696 eSSe
2249 3642 2343 3698 Dei
2392 3659 2653 3709 munera;
2683 3645 2875 3716 quibus
2925 3661 3043 3700 cum
3091 3649 3193 3702 vita
3234 3660 3434 3704 aeterna

1861 3732 2123 3799 redditur,
2145 3733 2273 3803 quid
2299 3734 2398 3788 nisi
2426 3736 2593 3805 gratia
2640 3751 2738 3805 pro
2777 3737 2943 3807 gratia
2975 3738 3212 3795 redditur
3240 3741 3432 3812 (Joan.

1857 3843 1899 3890 ι,
1931 3825 1999 3879 I6
2027 3822 2196 3897 )?Sic
2223 3840 2351 3896 ergo
2396 3824 2565 3883 lactus
2589 3836 2671 3882 est
2702 3828 2866 3883 homo
2893 3839 3091 3896 rectus,
3115 3841 3239 3887 utet
3265 3848 3449 3889 manc-

1859 3918 1984 3972 rein
2012 3918 2408 3974 earectitudine
2434 3927 2615 3988 posset
2644 3934 2748 3975 non
2775 3921 2891 3976 sine
2934 3922 3200 3991 adjutorio
3226 3924 3430 3993 divino,

1859 4019 1914 4065 et
1957 4026 2055 4066 suo
2081 4012 2196 4066 ﬁeri
2254 4027 2537 4082 pervorsus
2590 4013 2834 4069 arbitrio.
2892 4014 3218 4072 Utrnm'ibct
3249 4018 3441 4074 horum

1859 4103 2129 4175 elegisset,
2162 4104 2259 4159 Dei
2310 4105 2555 4161 voluntas
2603 4106 2774 4174 ﬁeret,
2804 4108 3079 4162 autetiam
3122 4109 3328 4175 abillo,
3354 4121 3447 4167 aut

1859 4207 2003 4253 certe
2019 4196 2086 4252 de
2107 4197 2217 4251 illo.
2245 4196 2473 4252 Proinde
2500 4198 2620 4268 quia
2660 4214 2809 4252 suam
2849 4199 3034 4254 maluit
3073 4200 3249 4257 facere
3278 4218 3439 4272 quam

1863 4289 1978 4358 Dei,
2002 4289 2071 4344 de
2099 4289 2189 4344 illo
2212 4288 2346 4344 facta
2372 4298 2455 4344 est
2476 4291 2720 4345 voluntas
2744 4291 2858 4358 Dei,
2882 4292 2970 4361 qui
2992 4309 3055 4346 ex
3083 4293 3268 4348 eadem
3303 4312 3447 4351 mas-

1860 4396 1918 4435 sa
1971 4381 2305 4451 perditionis,
2333 4396 2451 4450 qnzc
2502 4381 2570 4436 de
2625 4382 2766 4435 illius
2808 4382 2975 4451 stirpe
3005 4384 3281 4453 proﬂuxit,
3318 4386 3443 4442 facit

1858 4472 2001 4527 aliud
2024 4486 2116 4527 vas
2141 4471 2192 4525 in
2224 4471 2504 4536 honorem,
2538 4472 2679 4526 aliud
2727 4472 2779 4525 in
2835 4474 3210 4528 contumeliam
3236 4476 3255 4546 (
3284 4477 3439 4533 Rom.

1861 4580 1936 4630 Ix,
1964 4563 2028 4619 21
2062 4563 2081 4635 )
2113 4581 2125 4617 :
2157 4563 2208 4617 in
2236 4562 2515 4627 honorem,
2541 4578 2636 4635 per
2675 4563 3095 4619 miscricordiam
3126 4582 3140 4631 ;
3175 4566 3225 4621 in
3258 4580 3448 4623 contn-

1859 4656 2095 4717 meliam,
2125 4653 2496 4725 pcrjudicium
2532 4673 2544 4709 :
2577 4664 2806 4711 utnemo
2832 4657 3090 4728 glorietur
3117 4657 3169 4714 in
3187 4658 3442 4729 homine;

1858 4761 1921 4801 ac
1951 4761 2044 4814 per
2068 4745 2191 4811 hoc,
2219 4760 2316 4800 nec
2342 4745 2392 4799 in
2424 4760 2505 4800 se.

1929 4835 2157 4891 CAPUT
2193 4834 2373 4890 CVIII.
2396 4865 2461 4876 —-
2492 4834 2577 4891 Ea:
2623 4837 2728 4891 Deo
2757 4839 2899 4893 salus
2946 4850 3139 4908 nostra,
3188 4843 3259 4897 ita
3286 4852 3449 4899 utnec

1860 4943 1949 4996 per
1974 4926 2227 4981 Christum
2248 4928 2599 4990 liberaremur,
2643 4931 2685 4982 si
2710 4947 2808 4983 non
2830 4940 2956 4985 esset
2981 4931 3137 4990 lkus.
3170 4934 3301 4991 Nam
3350 4952 3446 4989 nc-

1858 5035 1961 5089 que
1979 5034 2072 5089 per
2096 5019 2268 5087 ipsum
2298 5020 2648 5074 liberaremur
2693 5037 2858 5077 unum
2889 5023 3233 5081 Mediamrem
3266 5028 3359 5082 Dei
3392 5040 3445 5081 et

1860 5109 2132 5164 hominum
2166 5109 2435 5164 hominem
2480 5110 2662 5166 Jesum
2705 5112 3213 5184 Christum(lTim.‘
3238 5134 3296 5184 ιι,
3348 5120 3443 5188 5),

1859 5204 1959 5259 nisi
1987 5211 2131 5258 esset
2156 5212 2210 5258 et
2240 5203 2399 5258 Deus.
2432 5203 2538 5259 Sed
2594 5219 2713 5259 cum
2742 5204 2913 5262 factus
2940 5216 3024 5263 cst
3052 5209 3241 5274 Adam,
3285 5209 3447 5263 homo

1857 5294 2062 5348 scilicet
2088 5302 2287 5358 rectus,
2317 5294 2608 5350 mediatore
2643 5310 2748 5349 non
2765 5310 2900 5366 Opus
2941 5308 3057 5352 erat
3076 5299 3117 5351 ³.
3144 5297 3276 5354 Cum
3314 5315 3445 5355 vero

1854 5404 1965 5451 (list.
2009 5402 2099 5459 29,
2141 5414 2245 5464 cap.
2276 5403 2334 5451 l:
2381 5402 2571 5463 «Illam,
2610 5405 2813 5471 _inquit,
2838 5406 3242 5459 immortalitatem
3279 5412 3325 5458 in
3351 5424 3446 5471 qua

1864 5484 1886 5511 α
1922 5471 2112 5532 poterat
2133 5477 2244 5532 non_
2266 5478 2385 5513 mort
2411 5474 2579 5532 natura
2610 5468 2816 5516 humana
2838 5506 2850 5526 ,
2877 5471 3084 5530 perdidit
3110 5485 3199 5532 per
3239 5468 3446 5520 liberum

1862 5544 1883 5571 α
1916 5527 2167 5575 arbitrium
2192 5540 2203 5574 :
2232 5527 2353 5593 hanc
2379 5542 2495 5577 vero
2518 5530 2565 5577 in
2590 5542 2685 5590 qua
2711 5544 2805 5579 non
2825 5527 3001 5592 poterit
3026 5527 3165 5591 mort,
3190 5540 3445 5593 acceptura

1860 5607 1883 5633 ιι
1916 5595 1993 5636 est
2010 5600 2100 5650 per
2121 5591 2341 5650 gratiam.
2364 5606 2387 5632 ι

1918 5652 1933 5682 ι
1972 5649 2018 5697 In
2043 5652 2256 5709 excusis,
2281 5649 2483 5716 liberant
2504 5650 2775 5701 arbitrium.
2807 5653 2969 5715 Abest,
2996 5654 3214 5716 hacrum,
3235 5665 3261 5700 a
3286 5658 3391 5703 Mss.

1916 5716 1935 5742 ³
1973 5719 2073 5775 Ain.
2092 5719 2166 5759 Er.
2193 5720 2307 5760 nan.
2335 5720 2385 5760 et
2407 5713 2591 5775 aliquot
2610 5721 2735 5771 Mss,
2754 5721 2901 5763 certa.

1919 5775 1937 5805 ³
1972 5774 2158 5837 Aliquot
2180 5782 2282 5824 Mss.
2316 5790 2324 5823 :
2352 5775 2580 5825 .ttediator
2603 5775 2646 5825 ei
2668 5788 2759 5825 non
2782 5789 2899 5839 opus
2922 5783 3043 5830 erat.
