3896 6382
500 326 607 381 285

496 455 667 512 genus
693 439 978 494 humanum
1012 445 1230 507 peccata
1268 436 1425 507 longe
1451 439 1833 504 separaverunt
1876 446 1907 485 a
1945 430 2080 495 Deo,

499 548 595 603 per
615 531 980 597 Mediatorem,
1030 528 1121 600 qui
1164 528 1312 583 solus
1343 527 1459 582 sine
1497 528 1715 597 peccato
1763 530 1917 578 natus
1965 531 2078 588 est,

496 625 647 690 vixit,
676 622 883 679 occisus
922 628 1025 688 est,
1048 619 1379 676 reconciliari
1408 634 1506 675 nos
1543 616 1821 688 oportebat
1850 616 1958 671 Deo
1994 629 2085 669 us-

498 732 603 788 que
627 716 694 771 ad
728 714 905 771 carnis
932 714 1381 769 resurrectionem
1416 711 1471 766 in
1494 710 1658 766 vitam
1695 716 1950 765 aeternam
1976 724 1992 763 :
2018 715 2080 761 ut

498 807 729 861 humana
760 803 1009 877 superbia
1042 819 1138 874 per
1162 803 1512 858 humilitatem
1543 801 1637 858 Dei
1674 808 1985 872 argueretur
2020 813 2085 855 ac

493 906 795 964 sanaretur,
851 906 906 952 et
930 896 1390 952 demonstraretur
1436 892 1639 949 homini
1680 906 1840 962 quam
1869 891 2028 960 longe
2050 904 2081 944 a

493 993 606 1047 Deo
639 997 966 1055 recesserat,
1007 1004 1126 1044 cum
1154 1003 1250 1058 per
1293 987 1629 1042 incarnatum
1659 984 1826 1039 Deum
1858 996 2079 1038 revoca-

491 1090 667 1148 retur,
699 1091 754 1136 et
779 1078 1082 1149 exemplum
1119 1076 1437 1134 obedientim
1472 1091 1566 1146 per
1590 1074 1863 1130 hominem
1910 1072 2078 1128 Deum

490 1174 795 1230 contumaci
825 1172 1028 1231 homini
1078 1170 1406 1242 przeberetur
1435 1186 1452 1236 ;
1503 1177 1558 1225 et
1597 1166 1883 1238 Unigenito
1908 1166 2082 1221 susci-

493 1268 672 1338 piente
714 1266 937 1320 formam
965 1262 1130 1330 servi,
1160 1277 1281 1333 quas
1308 1260 1439 1316 nihil
1473 1267 1598 1317 ante
1625 1262 1918 1322 meruerat,
1966 1255 2084 1310 fons

491 1358 673 1429 gratim
720 1355 1084 1427 panderetur;
1109 1360 1165 1410 et
1208 1352 1385 1409 carnis
1412 1351 1571 1407 etiam
1623 1348 1946 1405 resurrectio
1996 1362 2084 1402 re-

490 1447 721 1517 demptis
749 1446 1010 1517 promissa
1032 1446 1086 1501 in
1108 1445 1225 1515 ipso
1257 1442 1611 1513 liedemptore
1630 1449 2077 1511 prmmonstrare-

493 1550 609 1605 tur;
638 1547 695 1594 et
716 1554 811 1609 per
843 1536 1085 1593 eamdem
1114 1545 1355 1591 naturam
1395 1548 1555 1605 quam
1582 1547 1642 1588 se
1684 1531 1961 1602 decepisse
1979 1530 2076 1584 la:-

493 1629 732 1696 tabatur,
769 1627 1016 1683 diabolus
1061 1626 1403 1692 vinceretur;
1440 1639 1540 1680 nec
1567 1632 1745 1678 tamen
1772 1622 1934 1677 homo
1963 1621 2082 1692 glo-

490 1720 737 1785 riaretur,
768 1734 839 1775 ne
884 1720 1079 1774 iterum
1117 1716 1367 1786 superbia
1412 1722 1837 1770 nascereturzet
1861 1712 1908 1767 si
1951 1710 2081 1782 quid

490 1809 631 1864 aliud
659 1809 727 1864 de
753 1817 898 1864 tanto
928 1808 1232 1863 Mediatoris
1260 1813 1596 1861 sacramento
1619 1818 1651 1858 a
1674 1802 2081 1875 proficientibus

378 1932 453 1959 ..ρ
488 1900 670 1965 wideri
690 1910 744 1955 et
771 1899 875 1955 dici
904 1904 1099 1971 potest,
1142 1905 1233 1953 aut
1257 1904 1464 1953 tantum
1492 1894 1679 1962 videri,
1725 1893 1931 1951 etiamsi
1972 1892 2077 1949 dici

491 1999 819 2061 tmmpolest.

558 2080 786 2137 CAPUT
822 2079 957 2136 CIX.
983 2109 1057 2120 —
1082 2078 1172 2135 29.
1195 2077 1494 2132 Animarum
1520 2075 1835 2148 receptacula
1857 2083 1975 2129 ante
1998 2091 2081 2129 re-

488 2171 864 2226 surrectionem.
884 2170 1120 2238 Tempus
1140 2178 1319 2221 autem
1341 2165 1480 2236 quod
1503 2164 1641 2219 inter
1670 2164 1902 2219 hominis
1928 2178 2072 2218 mor-

488 2270 595 2316 tem
650 2268 704 2315 et
752 2259 998 2315 ultimam
1037 2258 1486 2314 resurrectionem
1547 2255 1918 2326 interpositum
1975 2262 2077 2321 est,

486 2350 693 2404 animas
721 2349 915 2405 abditis
968 2348 1326 2419 receptaculis
1368 2346 1627 2409 continet,
1652 2346 1791 2400 sicut
1820 2359 2077 2415 unaqum-

486 2455 591 2510 que
615 2440 772 2510 digna
815 2448 897 2494 est
920 2439 1005 2495 vel
1038 2440 1225 2509 requie
1272 2438 1356 2491 vel
1412 2450 1652 2491 (erumna
1676 2476 1692 2503 ,
1726 2451 1822 2506 pro
1849 2450 1914 2489 co
1938 2433 2079 2505 quod

488 2532 675 2585 sortita
697 2540 779 2584 est
819 2530 872 2583 in
898 2544 1060 2585 carne
1074 2544 1194 2585 cum
1221 2529 1449 2583 viveret.

557 2621 783 2677 CAPUT
819 2619 932 2677 CX.
960 2650 1033 2663 —-
1067 2620 1393 2689 Sacriﬁcium
1439 2618 1619 2673 altaris
1648 2624 1695 2672 et
1740 2616 2068 2688 eleemosyna:

487 2731 581 2785 pro
613 2714 883 2784 defunctis,
929 2722 1177 2786 quatenus
1220 2722 1267 2766 et
1314 2711 1615 2783 quibusnam
1640 2710 1854 2782 prosint.
1883 2708 2068 2780 Neque

486 2804 784 2876 negandum
828 2812 911 2860 est
957 2803 1330 2860 defunctorum
1358 2803 1565 2858 animas
1615 2802 1813 2870 pietate
1857 2816 2076 2856 suorum

486 2896 771 2951 viventium
798 2895 1045 2963 relevari,
1068 2910 1192 2950 cum
1215 2909 1311 2965 pro
1332 2894 1437 2949 illis
1466 2890 1785 2947 sacrificium
1818 2891 2077 2947 Mediato-

485 2989 563 3043 ris
581 2987 817 3055 offertur,
873 2987 957 3042 vel
1010 2988 1369 3058 eleemosynze
1417 2987 1471 3041 in
1502 2984 1742 3040 Ecclesia
1774 2985 1925 3040 fiunt.
1956 2983 2067 3041 Sed

486 3080 568 3134 eis
599 3079 713 3134 lucc
738 3086 979 3149 prosunt,
1001 3079 1230 3149 quicum
1256 3079 1515 3143 viverent,
1543 3084 1601 3131 ut
1628 3075 1745 3132 lucc
1793 3076 1895 3132 sibi
1925 3084 2076 3147 post-

491 3186 556 3225 ea
605 3170 810 3240 possint
864 3170 1136 3241 prodesse,
1181 3178 1512 3225 meruerunt.
1540 3170 1635 3225 Est
1670 3169 1813 3225 enim
1850 3169 2068 3240 quidam

486 3263 697 3318 vivendi
724 3261 935 3330 modus,
980 3277 1081 3318 nec
1122 3271 1227 3317 tam
1263 3263 1433 3318 bonus
1460 3271 1518 3318 ut
1557 3277 1664 3317 non
1709 3262 1947 3333 requirat
1976 3264 2075 3317 ista

486 3364 608 3425 post
640 3364 900 3418 mortem;
931 3369 1030 3410 nec
1076 3362 1183 3409 tam
1231 3355 1403 3409 malus
1429 3362 1488 3409 ut
1522 3369 1630 3410 non
1655 3355 1705 3410 ei
1733 3354 1937 3424 prosint
1974 3354 2075 3410 ista

485 3454 606 3515 post
638 3454 863 3502 mortem
896 3464 910 3501 :
939 3454 1023 3502 est
1049 3462 1180 3502 vero
1210 3447 1333 3502 talis
1360 3446 1412 3501 in
1441 3446 1606 3514 bono,
1633 3454 1691 3502 ut
1725 3446 1826 3503 ista
1856 3461 1964 3502 non
1988 3463 2075 3504 re-

483 3537 660 3607 quirat
682 3554 697 3603 ;
716 3547 770 3592 et
794 3544 877 3591 est
920 3551 1104 3591 rursus
1133 3537 1253 3591 talis
1273 3536 1326 3591 in
1356 3536 1520 3601 malo,
1548 3544 1608 3592 ut
1636 3551 1735 3591 nec
1760 3535 1844 3591 his
1865 3537 2068 3604 valeat,

481 3643 605 3683 cum
632 3643 697 3681 ex
725 3628 825 3682 hac
874 3629 981 3681 vita
1030 3628 1360 3695 transierit‘,
1394 3628 1657 3699 adjuvari.
1684 3627 1942 3695 Quocirca
1970 3628 2059 3685 hic

483 3732 643 3772 cunne
660 3718 905 3774 meritum
936 3728 1298 3788 comparatur,
1323 3733 1431 3789 quo
1478 3718 1649 3789 possit
1677 3726 1797 3788 post
1819 3718 1958 3774 hanc
1986 3719 2067 3775 vi-

482 3818 591 3864 tam
618 3808 841 3863 relevari
878 3809 1139 3879 quispiam
1193 3810 1276 3865 vel
1326 3811 1555 3880 gravari.
1603 3810 1772 3866 Nemo
1807 3826 1866 3865 se
1889 3820 2071 3866 autem

480 3910 682 3971 speret,
714 3900 854 3971 quod
874 3900 959 3957 hic
976 3901 1269 3971 neglexerit
1288 3903 1331 3969 ³,
1354 3916 1477 3957 cum
1496 3902 1712 3969 obierit,
1735 3901 1877 3972 apud
1894 3903 2059 3958 Deum

483 3995 797 4063 promereri.
840 3993 954 4048 Non
984 3994 1143 4064 igitur
1170 3994 1268 4049 ista
1317 4009 1438 4064 qua:
1476 4009 1572 4065 pro
1621 3992 1890 4050 defunctis
1923 4008 2072 4050 com-

479 4085 798 4141 mendandis
847 4084 1149 4156 frequentat
1187 4082 1449 4153 Ecclesia,
1495 4087 1571 4141 illi
1597 4087 1906 4157 apostolicae
1937 4095 2065 4143 sunt

480 4178 707 4234 adversa
724 4178 1024 4245 sentcntiae,
1053 4193 1156 4249 qua
1182 4178 1382 4233 dictum
1412 4188 1515 4246 est,
1548 4177 1733 4234 Omnes
1760 4179 1894 4234 enim
1912 4187 2054 4233 asta-

486 4269 649 4323 bimus
673 4278 790 4324 ante
826 4267 1047 4323 tribunal
1072 4268 1282 4335 Christi,
1313 4275 1368 4321 ut
1404 4270 1594 4341 referat
1614 4269 1957 4342 unusquisque
1984 4285 2069 4325 se-

478 4358 701 4414 cundum
726 4376 912 4430 eaque:
953 4376 1044 4431 per
1066 4376 1248 4430 corpus
1273 4360 1446 4431 gessit,
1476 4360 1579 4415 sive
1604 4360 1809 4427 bonum,
1840 4363 1943 4417 sive
1962 4378 2073 4416 ma-

479 4453 586 4507 lum
612 4454 629 4523 (
656 4451 805 4507 Rom.
854 4468 965 4518 xiv,
992 4452 1078 4518 l0,
1103 4462 1148 4507 et
1175 4451 1352 4508 llCor.
1383 4469 1436 4520 v,
1460 4452 1528 4508 10
1548 4452 1601 4524 );
1630 4452 1754 4522 quia
1778 4453 1937 4508 etiam
1968 4452 2072 4509 hoc

478 4545 733 4600 meritum
756 4544 855 4599 sibi
897 4545 1121 4614 quisque
1149 4544 1274 4598 dum
1298 4543 1351 4598 in
1380 4557 1606 4614 corpore
1631 4543 2069 4613 viveretcompa-

479 4636 638 4701 ravit,
671 4645 729 4689 ut
755 4636 804 4689 ei
825 4636 1032 4704 possint
1078 4636 1179 4690 ista
1209 4636 1483 4706 prodesse.
1509 4636 1628 4692 Non
1658 4636 1802 4691 enim
1821 4636 2070 4694 omnibus

479 4733 738 4795 prosunt;
770 4734 823 4779 et
874 4741 1040 4795 quare
1090 4740 1194 4780 non
1231 4728 1476 4783 omnibus
1524 4736 1767 4797 prosunt,
1820 4728 1921 4782 nisi
1950 4743 2073 4798 pro-

477 4826 597 4886 pter
623 4815 975 4871 dill‘erentiam
1000 4816 1121 4871 vita:
1150 4833 1306 4887 quam
1343 4820 1567 4890 quisque
1604 4818 1769 4890 gessit
1793 4819 1849 4873 in
1873 4834 2070 4889 corpo-

478 4908 583 4965 re?
608 4906 739 4964 Cum
767 4924 894 4980 ergo
923 4909 1180 4966 sacrificia
1204 4911 1316 4966 sive
1341 4912 1525 4967 altaris
1553 4912 1671 4967 sive
1692 4926 2071 4982 quarumcum-

478 5015 583 5072 que
607 5001 1066 5071 eleemosynarum
1110 5016 1206 5072 pro
1226 5001 1506 5073 haptizatis
1529 5002 1796 5059 defunctis
1820 5002 2069 5059 omnibus

477 5093 794 5160 offeruntur,
816 5109 914 5164 pro
940 5093 1096 5150 valde
1122 5094 1280 5155 bonis
1309 5095 1599 5165 gratiarum
1624 5095 1861 5151 actiones
1894 5104 2020 5149 sunt
2047 5112 2063 5162 ;

477 5199 576 5256 pro
602 5200 707 5240 non
738 5183 893 5240 valde
922 5184 1076 5239 malis
1123 5185 1531 5254 propitiationes
1574 5193 1739 5251 sunt;
1773 5199 1872 5256 pro
1912 5185 2069 5241 valde

478 5278 633 5332 malis
677 5276 886 5332 etiamsi
937 5278 1078 5332 nulla
1134 5286 1261 5332 sunt
1313 5276 1619 5346 adjumenta
1683 5286 2065 5348 mortuorum;

476 5369 894 5439 qualescumque
938 5369 1181 5424 vivorum
1235 5369 1636 5425 consolationes
1670 5378 1837 5424 sunt.
1867 5368 2069 5435 Quibus

478 5471 656 5516 autem
685 5468 929 5530 prosunt,
973 5471 1064 5516 aut
1108 5462 1173 5516 ad
1205 5462 1305 5517 hoc
1334 5470 1573 5532 prosunt,
1604 5470 1661 5515 ut
1689 5464 1759 5517 sit
1787 5463 1942 5532 plena
1970 5479 2061 5519 re-

545 5575 560 5605 ³
599 5583 697 5635 sm.
720 5578 795 5622 Er.
821 5578 875 5622 et
896 5571 1093 5635 quidam
1116 5580 1242 5631 Mss,
1265 5584 1375 5622 cum
1399 5570 1503 5621 haec
1523 5569 1619 5621 vita
1637 5570 1900 5624 transierit.

540 5635 561 5666 ι
578 5631 744 5698 Plures
766 5631 1073 5698 notae
1096 5641 1233 5682 Mssa
1262 5642 1403 5698 .V'emo
1416 5647 1466 5682 se
1480 5642 1639 5698 autem
1661 5642 1923 5697 prteparet,
1940 5636 2067 5698 quod

483 5696 561 5744 hic
610 5692 860 5759 negleaiit._
881 5694 1142 5759 iidemque
1177 5709 1286 5744 cum
1324 5692 1431 5744 aliis
1467 5692 1713 5759 plerisque
1758 5692 2055 5759 prosequun-

477 5764 556 5804 tur
572 5752 793 5819 sic,'cum
813 5752 981 5807 abierit
1012 5752 1255 5808 remittunt
1280 5752 1579 5822 promereri;
1604 5752 1796 5819 ciuisse,
1824 5752 1970 5822 apud.

1003 318 1464 384 ENClllRlDlON,
1508 317 1658 374 SIVE
1698 317 1788 373 DE
1825 314 2007 383 FIDE,
2049 312 2174 369 SPE
2215 314 2304 369 ΕΤ
2340 315 2762 389 CllARlTATE,
2806 321 2863 378 S.
2908 324 3273 383 AliGUSTlNl
3636 280 3753 402 ξεί,

2192 429 2396 495 missio,
2424 441 2515 489 aut
2559 443 2706 492 certe
2754 446 2811 493 ut
2857 438 3189 498 tolerabilior
3233 446 3323 500 liat
3350 447 3364 478 ¹
3396 447 3500 520 ipsa
3547 452 3723 515 damna.

2188 523 2265 578 tio
2293 522 2397 597 (a).

2258 613 2484 672 CAPUT
2518 616 2653 674 CXI.
2690 650 2766 665 —
2821 620 2949 679 Dum
2985 624 3208 681 civitates
3260 638 3372 699 post
3420 633 3646 702 judicium
3686 645 3725 697 in

2188 713 2375 760 acterna
2400 707 2481 763 uel
2500 707 2807 767 beatitudine
2851 714 2931 768 vel
2972 716 3192 772 miseria.
3241 719 3368 777 Post
3422 734 3671 786 resurrecti
3692 756 3723 787 l-

2188 810 2311 851 nem
2339 813 2469 853 vero
2517 797 2657 857 facto
2690 804 2942 860 universo
2969 809 3344 882 completoque
3380 814 3590 885 judicio,
3619 837 3719 879 suos

2189 888 2326 945 lines
2372 889 2645 949 habebunt
2698 895 2938 953 civitates
2980 898 3120 968 duae,
3153 918 3256 958 una
3307 906 3507 963 scilicet
3547 909 3724 981 Christi,

2187 981 2356 1037 altera
2371 982 2565 1039 diaboli
2599 1003 2614 1051 ;
2642 1003 2745 1042 una
2778 988 3062 1058 bonorum,
3093 994 3261 1061 altera
3302 1000 3588 1069 malorum;
3617 1016 3728 1062 utra-

2187 1087 2292 1164 que
2317 1081 2497 1130 tamen
2517 1084 2571 1131 et
2596 1079 2909 1148 angelorum
2939 1090 2995 1139 et
3021 1083 3317 1141 hominum.
3361 1088 3481 1146 Istis
3500 1094 3727 1164 voluntas,

2187 1163 2291 1220 illis
2312 1164 2535 1223 facultas
2576 1183 2681 1225 non
2718 1173 2916 1241 poterit
2964 1174 3067 1230 ulla
3098 1191 3219 1234 esse
3255 1183 3526 1251 peccandi,
3558 1187 3631 1243 vel
3650 1163 3729 1245 ulla

2186 1257 2419 1316 conditio
2447 1262 2741 1331 moriendi;
2769 1266 2884 1321 istis
2922 1267 2975 1322 in
3001 1278 3201 1328 aeterna
3233 1273 3345 1330 vita
3372 1291 3497 1333 vere
3515 1276 3729 1337 feliciter-

2187 1363 2290 1419 que
2317 1350 2634 1420 viventibus,
2665 1354 2771 1410 illis
2817 1357 3102 1415 infeliciter
3128 1362 3182 1417 in
3212 1373 3416 1421 acterna
3444 1377 3604 1425 morte
3640 1372 3731 1428 sine

2186 1441 2448 1497 moriendi
2480 1451 2743 1513 potestate
2766 1448 2787 1479 ²
2824 1447 3160 1520 durantibus,
3186 1454 3439 1524 quoniam
3461 1460 3651 1530 utrique
3677 1464 3734 1517 si-

2186 1547 2256 1587 ne
2281 1534 2408 1592 ﬂne.
2439 1535 2543 1593 Sed
2574 1537 2627 1593 in
2678 1538 3007 1599 beatitudine
3056 1544 3145 1600 isti
3170 1547 3306 1603 alius
3349 1550 3460 1606 alio
3494 1556 3731 1622 prazstabi-

2187 1624 2310 1695 lius,
2342 1627 2396 1682 in
2413 1628 2627 1686 miseria
2643 1645 2774 1688 vero
2798 1632 2873 1688 illi
2894 1634 3031 1693 alius
3068 1636 3177 1694 alio
3199 1639 3530 1699 tolerabilius
3555 1660 3732 1716 perma-

2186 1719 2410 1774 nebunt.

2257 1809 2482 1901 CnPUT
2517 1811 2676 1869 CXII.
2703 1844 2777 1856 —
2801 1815 3015 1874 Poenam
3057 1821 3421 1880 damnatorum
3435 1837 3655 1883 cateruam
3672 1835 3733 1901 fo-

2185 1915 2257 1953 re.
2282 1900 2503 1958 Frustra
2532 1903 2711 1976 itaque
2738 1909 3003 1976 nonnulli,
3036 1911 3145 1967 imo
3165 1929 3322 1984 quam
3353 1918 3584 1987 plurimi,
3604 1900 3727 1976 attor-

2186 2005 2307 2045 nam
2330 1991 2699 2050 damnatorum
2728 2012 2939 2067 pinnam
2983 2009 3037 2056 et
3056 2005 3324 2062 cruciatus
3350 2008 3467 2064 sine
3494 2009 3732 2066 intermis-

2185 2084 2335 2140 sione
2348 2096 2635 2156 perpetuos
2656 2089 2890 2147 humano
2917 2093 3240 2152 miserantur
3267 2100 3483 2168 affectu,
3502 2110 3651 2173 atque
3674 2104 3731 2158 ita

2185 2173 2423 2233 futurum
2446 2192 2567 2235 esse
2614 2196 2719 2236 non
2749 2181 2978 2239 credunt
2996 2184 3019 2217 ³
3044 2202 3059 2251 ;
3086 2201 3193 2243 non
3222 2189 3729 2264 quidem,Scripturis

2182 2264 2379 2321 divinis
2424 2268 2794 2339 adversando,
2824 2272 2918 2328 sed
2948 2289 3047 2345 pro
3083 2291 3182 2333 suo
3208 2289 3357 2335 motu
3381 2282 3515 2337 dura
3540 2299 3737 2354 quaeque

2184 2357 2494 2426 molliendo,
2524 2369 2579 2415 et
2602 2360 2656 2416 in
2682 2361 2941 2419 leniorem
2971 2364 3234 2424 ﬂectendo
3262 2375 3606 2441 sententiam,
3635 2390 3736 2445 qua:

2182 2455 2369 2517 putant
2396 2450 2449 2504 in
2492 2451 2573 2507 eis
2621 2452 2911 2511 terribilius
2944 2453 2968 2487 ⁵
3009 2470 3131 2514 esse
3182 2459 3345 2529 dicta,
3380 2479 3541 2534 quam
3592 2467 3743 2523 verius

2183 2537 2281 2611 (b).
2308 2539 2429 2595 Non
2453 2542 2595 2597 enim
2633 2542 2967 2614 obliviscetur,
3016 2549 3283 2620 inquiunt,
3335 2556 3566 2612 misereri
3609 2558 3741 2624 Deus,

2181 2640 2271 2685 aut
2295 2633 2561 2687 continebit
2579 2635 2632 2689 in
2653 2636 2729 2689 ira
2748 2652 2844 2691 sua
2872 2638 3217 2697 miserationes
3240 2660 3360 2699 suas
3380 2644 3558 2717 (Psal.
3585 2665 3743 2711 um,

2182 2721 2313 2796 10).
2360 2723 2700 2795 Hocquidem
2742 2726 2794 2781 in
2819 2728 3025 2797 psalmo
3052 2729 3243 2803 legitur
3291 2744 3478 2790 sancto
3507 2753 3522 2803 ;
3572 2739 3667 2794 sed
3692 2738 3742 2794 de

2179 2814 2265 2871 his
2288 2815 2403 2872 sine
2420 2817 2526 2871 ullo
2551 2818 2799 2888 scrupulo
2822 2819 3153 2891 intelligitur,
3172 2823 3264 2894 qui
3288 2841 3417 2881 vasa
3458 2829 3743 2885 misericor-

2179 2906 2281 2961 dia:
2301 2917 2692 2977 nuncupantur,
2740 2910 2863 2981 quia
2890 2920 2945 2965 et
2973 2911 3073 2982 ipsi
3113 2929 3220 2969 non
3250 2932 3349 2986 pro
3378 2919 3588 2975 meritis
3630 2922 3739 2984 suis,

2179 2997 2273 3053 sed
2301 2998 2412 3054 Deo
2436 3000 2727 3056 miserante
2762 3001 2828 3057 de
2858 3003 3075 3059 miseria
3102 3005 3418 3063 liberantur.
3447 3012 3555 3068 Aut
3593 3014 3635 3068 si
3660 3013 3741 3070 hoc

2180 3089 2246 3143 ad
2272 3105 2458 3147 omnes
2478 3092 2788 3148 existimant
2816 3095 3108 3165 pertinere,
3138 3113 3246 3154 non
3293 3101 3413 3157 ideo
3438 3119 3655 3161 necesse
3677 3114 3740 3161 est

2178 3181 2650 3240 utdamnationem
2666 3185 2949 3256 opinentur
2971 3202 3131 3258 posse
3160 3188 3299 3246 finiri
3326 3208 3516 3249 eorum
3547 3196 3613 3251 de
3640 3196 3731 3271 quii-

2176 3359 2413 3471 be;
2439 3357 2609 3422 plures
2638 3361 2895 3422 omittunt,
2939 3359 3064 3427 ﬁat;
3104 3367 3243 3430 cujus
3278 3366 3387 3419 loco
3427 3371 3636 3422 nonnulli
3674 3374 3740 3422 ha-

2174 3426 2478 3593 Zﬁe
2510 3484 2745 3534 Vaticanis
2776 3490 2828 3534 et
2847 3484 2972 3537 alius
2991 3498 3021 3537 e
3050 3486 3338 3542 Colbertiuis
3354 3527 3369 3553 ,
3394 3493 3498 3545 sine
3529 3493 3741 3545 moriendi

2237 3606 2260 3671 ξ
2290 3604 2482 3671 Aliquot
2503 3612 2629 3665 Mss,
2652 3608 2792 3668 idque
2813 3604 2883 3658 ita
2904 3608 3089 3671 futuros
3111 3623 3211 3661 esse
3227 3625 3320 3664 non
3343 3617 3566 3669 credunt.

2234 3665 2259 3732 ξ
2289 3665 2457 3732 Plures
2478 3674 2602 3732 Mss,
2628 3665 2796 3732 putant
2810 3665 2963 3732 magis
2982 3671 3260 3725 terribilius.

2236 3727 2805 3803 i“)..m¥‘9!‘?'!‘1!ic
2829 3727 2917 3803 ι)τῆ
2940 3734 3190 3803 υυυίὲίριιθ
3210 3750 3387 3803 eorum
3410 3741 3494 3803 qui
3523 3746 3625 3803 post
3645 3754 3738 3803 rur-

2173 3787 2348 3853 gatorii
2366 3800 2534 3853 pinnas
2563 3787 2779 3853 salvandi
2808 3787 2956 3853 sunt;
2978 3795 3304 3853 aeci;.iendam
3339 3787 3740 3853 docuit'sl—be'rtus

2173 3828 2923 3912 a;"‘;;s,"‘n"z's.:ait;'a‘{a723;
2937 3828 3508 3921 Erit‘ﬁ‘iﬁ‘a‘wi‘é
3529 3828 3740 3925 digii?

2173 3864 2403 3963 tatﬁolitem
2424 3912 2686 3963 probarunt
2718 3915 2924 3963 Maaistri
2958 3916 3191 3963 deineens
3220 3921 3268 3963 in
3295 3875 3527 3963 numam
3564 3930 3739 3963 Sinnian-

2172 3912 2403 3981 tationem
2424 3912 2686 3981 probarunt
2718 3915 2924 3976 Magistri
2958 3912 3191 3981 deinceps
3220 3912 3269 3970 in
3295 3912 3539 3973 eumdem
3564 3912 3739 3974 Senien-

2173 3975 2347 4024 tiaram
2370 3972 2547 4024 locum.
2573 3972 2985 4044 Attamen'Petrus
3007 3972 3296 4044 Lombardus
3320 3996 3384 4033 eo
3418 3972 3640 4036 loci’dist.
3662 3983 3737 4044 45,

2170 4048 2278 4145 αις.
2301 4043 2459 4099 Neque
2489 4035 2773 4144 negandum.
2790 4042 2861 4110 est
2874 4072 2889 4096 ,
2928 4052 3016 4100 pro
3043 4040 3386 4114 damnatorum
3421 4035 3737 4110 quorumdam,

2170 4108 2235 4145 au
2278 4109 2523 4145 nunquam
2559 4096 2776 4145 iberandt
2809 4106 2924 4145 smn
2943 4110 3193 4145 nnmmne
3210 4108 3416 4145 nonaniL
3442 4109 3629 4145 mranrln
3648 4108 3737 4145 enh-

2169 4096 2256 4207 gn‘}
2278 4096 2523 4159 nunquam
2539 4096 2776 4169 liberandi
2809 4096 3193 4211 sinus-unumne
3210 4108 3419 4180 accepit,
3439 4096 3629 4173 quando
3647 4096 3738 4158 sub'

2258 4171 2289 4208 e
2307 4157 2602 4221 concludens
2621 4158 2745 4208 dunt
2767 4174 2781 4209 :
2814 4177 2838 4206 ι
2857 4167 2932 4211 Me
2967 4170 3161 4215 ioci-iter
3182 4166 3322 4218 malis
3342 4169 3662 4221 suﬁ‘raaantur
3689 4167 3737 4217 ad

2179 4184 2289 4208 tuus:
2307 4184 2602 4232 wuuufmu?
2621 4184 2745 4208 ωιιι
2767 4184 2780 4209 ;
2814 4184 2838 4206 ι
2857 4184 3161 4215 mcunuunter
3182 4184 3322 4218 matis
3342 4184 3662 4234 sumagantur
3689 4184 3737 4217 aa

2179 4220 2781 4295 ξρρὲιξφφίρεῖίφξοιξθξω
2798 4229 2911 4294 Nam
2932 4224 2994 4272 ab
3017 4224 3123 4295 istis,
3139 4228 3457 4295 ωςάίοςτίιθι-
3478 4232 3610 4295 malis
3630 4243 3739 4295 me

2172 4283 2601 4348 sus_secernit_eos
2622 4283 2704 4343 qui
2728 4295 2757 4330 a
2778 4284 2936 4348 poenis
2957 4289 3249 4348 purgatoriis
3277 4291 3386 4341 sive
3420 4283 3735 4343 celerius'sive

2172 4342 2356 4418 tardius
2375 4341 2693 4418 absolvuntur
2702 4341 2797 4418 per
2810 4341 3035 4418 Ecclesia:
3050 4341 3251 4418 preces,
3266 4341 3586 4418 appellatque
3593 4341 3739 4418 omnes

2172 4403 2317 4476 huius
2331 4405 2538 4476 generis
2551 4403 2860 4476 mediocriter
2874 4403 3155 4476 bonos._'lt_es
3169 4403 3313 4473 palef
3324 4403 3560 4476 perleciis
3576 4415 3734 4476 ibidem

2171 4464 2574 4532 mpitulis,_Solet
2608 4465 2820 4527 moveri;
2852 4474 2932 4532 et,
2966 4470 3059 4519 Sed
3085 4464 3279 4522 iterum.
3308 4464 3429 4527 ﬁinc
3451 4476 3609 4526 Glossa
3638 4473 3734 4532 i112,

2172 4534 2347 4600 (ιυωῇ-
2386 4527 2463 4586 15,
2489 4539 2593 4600 αιρι
2630 4527 2993 4600 Τςηιρυδνὶιωᾳ
3022 4534 3236 4600 apposita
3271 4542 3378 4585 est:
3424 4527 3737 4588 «mediocriter

2180 4587 2204 4634 ἑ
2225 4587 2363 4638 malis
2377 4587 2580 4661 prosunt
2705 4587 2796 4640 hoc
2818 4587 2887 4661 fut
2916 4587 3099 4661 minus:
3114 4595 3401 4661 puniantur,
3422 4587 3659 4661 nunquam
3684 4605 3739 4645 ta-

2180 4605 2204 4634 ι
2225 4602 2363 4638 utaris
2408 4602 2580 4637 rosum
2622 4602 2680 4637 aa
2705 4602 2796 4640 noc
2832 4602 2887 4642 ut
2916 4604 3077 4641 minus
3114 4602 3401 4657 puniantur,
3422 4610 3659 4661 nunquam
3684 4605 3739 4645 ta-

2179 4666 2204 4695 ι
2225 4662 2339 4698 men
2377 4602 2790 4717 fiberabunturq
2816 4660 2903 4701 Pro
2946 4654 3036 4702 hac
3062 4654 3173 4717 ipsa
3208 4658 3439 4717 Opinione
3466 4661 3530 4711 ab
3567 4659 3739 4708 Alberto

2179 4666 2204 4695 ι
2225 4666 2339 4698 men
2383 4666 2786 4721 tmeranuntur.)
2816 4666 2903 4701 I’I‘O
2946 4666 3036 4702 uae
3062 4666 3173 4764 ‘ilpsa

2173 4717 2338 4782 magno
2360 4714 2901 4782 citatur‘Praapomtivus.
2924 4721 3059 4782 luce
3098 4730 3192 4782 one

2174 4779 2337 4845 cantat
2357 4773 2587 4845 inscripta
2609 4773 2785 4845 c_ntissa
2811 4788 2898 4845 pro
2917 4778 3057 4845 cujus
3080 4780 3234 4827 anima
3252 4773 3520 4845 dubitatui,
3543 4799 3566 4826 ι
3595 4783 3640 4829 in
3660 4792 3739 4845 qua

2173 4833 2339 4899 ist_ha_ec
2355 4832 2536 4895 legitur
2549 4835 2703 4883 oratio
2726 4848 2739 4882 :
2774 4853 2797 4882 ει
2811 4832 3130 4899 ὒῃιηίιῐοιεηε
3148 4847 3198 4889 et
3216 4832 3494 4894 misericors
3508 4832 3653 4898 'Deus,
3671 4832 3739 4899 qui

2180 4912 2204 4941 ε
2226 4894 2692 4968 habespptestatem
2714 4894 3023 4968 mortiﬁeare,
3049 4907 3101 4968 et
3123 4902 3299 4951 iterum
3316 4904 3561 4954 viviﬁcare
3579 4918 3592 4963 ;
3608 4894 3738 4951 dedu-

2180 4973 2203 5003 α
2224 4968 2341 5005 cere
2382 4956 2440 5025 ad
2459 4956 2667 5015 inferos,
2693 4964 2745 5007 et
2780 4960 2960 5009 iterum
2992 4956 3261 5025 reducere;
3288 4972 3340 5014 et
3372 4979 3516 5016 vocas
3551 4956 3607 5014 ea
3644 4974 3736 5025 qua:

2180 5035 2203 5064 α
2226 5030 2322 5087 non
2335 5024 2465 5087 sunt,
2489 5024 2716 5087 tanquam
2733 5032 2916 5087 eaquae
2938 5030 3056 5087 su_nt_
3065 5036 3079 5083 ;
3099 5026 3235 5087 c_uju_s
3248 5022 3475 5087 potestas
3493 5034 3543 5077 et
3566 5029 3612 5075 in
3630 5022 3737 5087 cutio

2179 5097 2204 5126 ι
2227 5081 2343 5148 et__in
2365 5086 2515 5148 terra,
2541 5081 2661 5130 etin
2683 5083 2801 5130 mari
2819 5081 2879 5148 et
2898 5084 2949 5133 in
2983 5081 3319 5148 inferis'pleha
3340 5090 3524 5141 assistit
3548 5103 3560 5139 :
3586 5096 3633 5138 te
3658 5085 3733 5148 hu-

2180 5158 2203 5187 (
2225 5140 2367 5191 miles
2396 5146 2766 5205 trementesque
2801 5144 3120 5205 deprecamur
3153 5140 3239 5205 pro
3260 5150 3418 5200 anima
3455 5149 3615 5199 famuli
3651 5147 3737 5201 tui,

2180 5220 2204 5249 α
2225 5214 2370 5274 quam
2424 5203 2613 5274 traxisti
2650 5203 2716 5274 de
2748 5203 2976 5274 praesenti
3011 5203 3190 5274 saeculo
3228 5210 3413 5274 absque
3458 5210 3737 5274 poenitentiae

2178 5282 2203 5311 α
2223 5264 2404 5325 spatio;
2427 5270 2483 5313 ut
2503 5265 2545 5313 si
2577 5264 2773 5329 forsitan
2808 5267 2876 5329 ob
2921 5268 3208 5329 gravitatem
3239 5264 3494 5321 criminum
3511 5286 3602 5321 non
3644 5282 3734 5318 me-

2180 5342 2204 5373 s
2224 5332 2361 5398 retur
2382 5338 2591 5398 surgere
2613 5326 2683 5398 ad_
2698 5325 3033 5398 gloriam,_'per
3056 5329 3160 5378 haec
3181 5343 3315 5380 sacra
3352 5332 3607 5398 oblationis
3631 5332 3734 5398 lihar

2179 5387 2371 5451 gmina,
2399 5386 2489 5451 vel
2514 5386 2784 5451 tolerabilia
2821 5386 3072 5451 ﬁant'ipsa
3113 5398 3370 5442 tormenta.
3389 5411 3411 5439 ι
3448 5392 3735 5445 Adrevaldus,

2172 5447 2258 5497 lib.
2280 5447 2346 5497 de
2649 5451 2800 5499 sancti
2832 5447 3076 5516 Beltedicti
3093 5490 3105 5512 ,
3134 5466 3241 5516 cap.
3266 5453 3320 5503 21
3345 5490 3359 5514 ,
3383 5456 3552 5506 scribit
3587 5454 3735 5516 Floria:

2168 5522 2349 5579 censes
2362 5511 2711 5579 pronanimabus
2733 5512 3007 5572 pralonum
3026 5515 3074 5579 in
3096 5511 3206 5565 acie
3226 5511 3460 5566 cessurum
3505 5526 3669 5579 preces
3686 5511 3735 5559 ad

2172 5571 2420 5638 Dominum
2441 5571 2699 5638 uidisses:
2716 5571 2958 5638 quatenus
2980 5577 3071 5624 etsi
3106 5579 3357 5638 perpetuis
3378 5592 3474 5627 non
3498 5571 3732 5628 mereren-

2178 5587 2420 5621 uommum
2441 5587 2649 5631 “101858;
2675 5589 2699 5618 ι
2752 5587 2958 5624 uateuus
2980 5587 3071 5624 eis:
3106 5587 3357 5638 perpetuis
3378 5592 3474 5627 non
3498 5587 3732 5628 mereren-

2178 5650 2202 5679 ι
2224 5642 2306 5705 tur_
2336 5630 2520 5705 absolvi
2544 5587 2851 5703 cruciatibus,
2873 5635 3048 5686 saltem
3084 5639 3349 5689 minoribus
3380 5640 3690 5691 multarentur
3709 5645 3732 5681 ι

2179 5714 2201 5742 ι
2223 5695 2391 5744 stricto
2410 5694 2577 5754 iudice
2603 5696 2775 5754 lminis.
2794 5711 2817 5741 ι

2234 5756 2305 5819 (b)
2342 5754 2439 5804 \id.
2467 5753 2530 5805 de
2553 5753 2752 5807 civitate
2773 5759 2855 5808 Dei
2880 5755 2962 5808 lib.
2991 5758 3068 5821 3|,
3098 5772 3233 5824 capp.
3270 5760 3340 5824 l8,
3363 5761 3441 5812 24.

3195 4719 3463 4785 nsi_c_odice
3482 4724 3739 4785 pervetusw
