  <div class='ocr_page' id='page_1' title='image "/cluster/home/n/w/nwhite01/storage/ocr_20150623/40-41/uva.x000217726/148.png"; bbox 0 0 3896 6382; ppageno 0'>
   <div class='ocr_carea' id='block_1_1' title="bbox 209 318 300 374">
    <p class='ocr_par' dir='ltr' id='par_1_1' title="bbox 209 318 300 374">
     <span class='ocr_line' id='line_1_1' title="bbox 209 318 300 374; baseline 0 0"><span class='ocrx_word' id='word_1_1' title='bbox 209 318 300 374; x_wconf 73' lang='lat'><strong>283</strong></span> 
     </span>
    </p>
   </div>
   <div class='ocr_carea' id='block_1_2' title="bbox 202 421 1740 494">
    <p class='ocr_par' dir='ltr' id='par_1_2' title="bbox 202 421 1740 494">
     <span class='ocr_line' id='line_1_2' title="bbox 202 421 1740 494; baseline -0.01 -3"><span class='ocrx_word' id='word_1_2' title='bbox 202 435 293 490; x_wconf 83' lang='lat' dir='ltr'><strong>bus</strong></span> <span class='ocrx_word' id='word_1_3' title='bbox 312 432 490 488; x_wconf 85' lang='lat' dir='ltr'><strong>dictum</strong></span> <span class='ocrx_word' id='word_1_4' title='bbox 530 433 620 492; x_wconf 86' lang='lat' dir='ltr'><strong>est,</strong></span> <span class='ocrx_word' id='word_1_5' title='bbox 654 424 722 478; x_wconf 88' lang='lat' dir='ltr'><strong>Et</strong></span> <span class='ocrx_word' id='word_1_6' title='bbox 764 424 913 479; x_wconf 77' lang='lat' dir='ltr'><strong>ibunt</strong></span> <span class='ocrx_word' id='word_1_7' title='bbox 936 424 1021 478; x_wconf 87' lang='lat' dir='ltr'><strong>isti</strong></span> <span class='ocrx_word' id='word_1_8' title='bbox 1048 422 1100 478; x_wconf 89' lang='lat' dir='ltr'><strong>in</strong></span> <span class='ocrx_word' id='word_1_9' title='bbox 1128 421 1424 494; x_wconf 71' lang='lat' dir='ltr'><strong>supplicium</strong></span> <span class='ocrx_word' id='word_1_10' title='bbox 1448 430 1691 476; x_wconf 80' lang='lat' dir='ltr'><strong>tetenmm</strong></span> <span class='ocrx_word' id='word_1_11' title='bbox 1722 436 1740 475; x_wconf 91' lang='lat'><strong><em>:</em></strong></span> 
     </span>
    </p>
   </div>
   <div class='ocr_carea' id='block_1_3' title="bbox 204 511 1744 587">
    <p class='ocr_par' dir='ltr' id='par_1_3' title="bbox 204 511 1744 587">
     <span class='ocr_line' id='line_1_3' title="bbox 204 511 1744 587; baseline -0.009 -7"><span class='ocrx_word' id='word_1_12' title='bbox 204 526 372 580; x_wconf 87' lang='lat' dir='ltr'><strong>neisto</strong></span> <span class='ocrx_word' id='word_1_13' title='bbox 395 518 534 575; x_wconf 90' lang='lat' dir='ltr'><strong>modo</strong></span> <span class='ocrx_word' id='word_1_14' title='bbox 561 524 777 587; x_wconf 90' lang='lat' dir='ltr'><strong>putetur</strong></span> <span class='ocrx_word' id='word_1_15' title='bbox 804 515 1055 571; x_wconf 85' lang='lat' dir='ltr'><strong>habitura</strong></span> <span class='ocrx_word' id='word_1_16' title='bbox 1082 513 1243 569; x_wconf 84' lang='lat' dir='ltr'><strong>tinem</strong></span> <span class='ocrx_word' id='word_1_17' title='bbox 1269 511 1586 583; x_wconf 84' lang='lat' dir='ltr'><strong>quandoque</strong></span> <span class='ocrx_word' id='word_1_18' title='bbox 1619 511 1744 567; x_wconf 87' lang='lat' dir='ltr'><strong>feli-</strong></span> 
     </span>
    </p>
   </div>
   <div class='ocr_carea' id='block_1_4' title="bbox 198 604 1741 678">
    <p class='ocr_par' dir='ltr' id='par_1_4' title="bbox 198 604 1741 678">
     <span class='ocr_line' id='line_1_4' title="bbox 198 604 1741 678; baseline -0.008 -6"><span class='ocrx_word' id='word_1_19' title='bbox 198 618 314 672; x_wconf 85' lang='lat' dir='ltr'><strong>citas</strong></span> <span class='ocrx_word' id='word_1_20' title='bbox 331 613 475 670; x_wconf 87' lang='lat' dir='ltr'><strong>etiam</strong></span> <span class='ocrx_word' id='word_1_21' title='bbox 499 610 722 675; x_wconf 88' lang='lat' dir='ltr'><strong>illorum,</strong></span> <span class='ocrx_word' id='word_1_22' title='bbox 751 607 823 663; x_wconf 91' lang='lat' dir='ltr'><strong>de</strong></span> <span class='ocrx_word' id='word_1_23' title='bbox 850 607 1045 678; x_wconf 86' lang='lat' dir='ltr'><strong>quibus</strong></span> <span class='ocrx_word' id='word_1_24' title='bbox 1068 621 1099 662; x_wconf 91' lang='lat' dir='ltr'><strong>e</strong></span> <span class='ocrx_word' id='word_1_25' title='bbox 1126 605 1393 662; x_wconf 90' lang='lat' dir='ltr'><strong>contrario</strong></span> <span class='ocrx_word' id='word_1_26' title='bbox 1414 604 1615 661; x_wconf 90' lang='lat' dir='ltr'><strong>dictum</strong></span> <span class='ocrx_word' id='word_1_27' title='bbox 1635 613 1741 670; x_wconf 90' lang='lat' dir='ltr'><strong>est,</strong></span> 
     </span>
    </p>
   </div>
   <div class='ocr_carea' id='block_1_5' title="bbox 197 693 1744 768">
    <p class='ocr_par' dir='ltr' id='par_1_5' title="bbox 197 693 1744 768">
     <span class='ocr_line' id='line_1_5' title="bbox 197 693 1744 768; baseline -0.006 -7"><span class='ocrx_word' id='word_1_28' title='bbox 197 705 319 761; x_wconf 70' lang='lat' dir='ltr'><strong>luti</strong></span> <span class='ocrx_word' id='word_1_29' title='bbox 356 698 750 757; x_wconf 78' lang='lat' dir='ltr'><strong>auteminvitam</strong></span> <span class='ocrx_word' id='word_1_30' title='bbox 771 695 1049 767; x_wconf 78' lang='lat' dir='ltr'><strong>tetemam(</strong></span> <span class='ocrx_word' id='word_1_31' title='bbox 1074 695 1262 749; x_wconf 74' lang='lat' dir='ltr'><strong>Matth.</strong></span> <span class='ocrx_word' id='word_1_32' title='bbox 1300 709 1434 763; x_wconf 80' lang='lat' dir='ltr'><strong>xxv,</strong></span> <span class='ocrx_word' id='word_1_33' title='bbox 1462 694 1531 751; x_wconf 77' lang='grc'><strong>46</strong></span> <span class='ocrx_word' id='word_1_34' title='bbox 1634 694 1744 751; x_wconf 90' lang='lat' dir='ltr'><strong>Sed</strong></span> 
     </span>
    </p>
   </div>
   <div class='ocr_carea' id='block_1_6' title="bbox 196 788 1738 869">
    <p class='ocr_par' dir='ltr' id='par_1_6' title="bbox 196 788 1738 869">
     <span class='ocr_line' id='line_1_6' title="bbox 196 788 1738 869; baseline -0.006 -18"><span class='ocrx_word' id='word_1_35' title='bbox 196 794 725 869; x_wconf 71' lang='lat' dir='ltr'><strong>ptenasdamnatorum</strong></span> <span class='ocrx_word' id='word_1_36' title='bbox 755 790 922 845; x_wconf 89' lang='lat' dir='ltr'><strong>certis</strong></span> <span class='ocrx_word' id='word_1_37' title='bbox 959 798 1262 858; x_wconf 91' lang='lat' dir='ltr'><strong>temporum</strong></span> <span class='ocrx_word' id='word_1_38' title='bbox 1308 788 1602 843; x_wconf 76' lang='lat' dir='ltr'><strong>intervallis</strong></span> <span class='ocrx_word' id='word_1_39' title='bbox 1620 788 1738 844; x_wconf 55' lang='lat' dir='ltr'><strong>exi.</strong></span> 
     </span>
    </p>
   </div>
   <div class='ocr_carea' id='block_1_7' title="bbox 194 877 1721 950">
    <p class='ocr_par' dir='ltr' id='par_1_7' title="bbox 194 877 1721 950">
     <span class='ocr_line' id='line_1_7' title="bbox 194 877 1721 950; baseline -0.005 -9"><span class='ocrx_word' id='word_1_40' title='bbox 194 888 404 947; x_wconf 82' lang='lat' dir='ltr'><strong>stiment,</strong></span> <span class='ocrx_word' id='word_1_41' title='bbox 445 882 486 937; x_wconf 91' lang='lat' dir='ltr'><strong>si</strong></span> <span class='ocrx_word' id='word_1_42' title='bbox 523 880 625 936; x_wconf 88' lang='lat' dir='ltr'><strong>hoc</strong></span> <span class='ocrx_word' id='word_1_43' title='bbox 672 880 755 935; x_wconf 92' lang='lat' dir='ltr'><strong>eis</strong></span> <span class='ocrx_word' id='word_1_44' title='bbox 805 879 1004 950; x_wconf 84' lang='lat' dir='ltr'><strong>placet,</strong></span> <span class='ocrx_word' id='word_1_45' title='bbox 1043 877 1380 949; x_wconf 71' lang='lat' dir='ltr'><strong>aliquatenus</strong></span> <span class='ocrx_word' id='word_1_46' title='bbox 1406 877 1424 909; x_wconf 87' lang='grc'>¹</span> <span class='ocrx_word' id='word_1_47' title='bbox 1470 878 1721 948; x_wconf 88' lang='lat' dir='ltr'><strong>mitigari.</strong></span> 
     </span>
    </p>
   </div>
   <div class='ocr_carea' id='block_1_8' title="bbox 194 967 1740 1049">
    <p class='ocr_par' dir='ltr' id='par_1_8' title="bbox 194 967 1740 1049">
     <span class='ocr_line' id='line_1_8' title="bbox 194 967 1740 1049; baseline -0.006 -18"><span class='ocrx_word' id='word_1_48' title='bbox 194 977 344 1031; x_wconf 81' lang='lat' dir='ltr'><strong>Etiam</strong></span> <span class='ocrx_word' id='word_1_49' title='bbox 368 973 442 1028; x_wconf 87' lang='lat' dir='ltr'><strong>sic</strong></span> <span class='ocrx_word' id='word_1_50' title='bbox 467 972 655 1043; x_wconf 88' lang='lat' dir='ltr'><strong>quippe</strong></span> <span class='ocrx_word' id='word_1_51' title='bbox 699 970 921 1041; x_wconf 76' lang='lat' dir='ltr'><strong>intelligi</strong></span> <span class='ocrx_word' id='word_1_52' title='bbox 968 976 1147 1039; x_wconf 90' lang='lat' dir='ltr'><strong>potest</strong></span> <span class='ocrx_word' id='word_1_53' title='bbox 1171 982 1390 1024; x_wconf 90' lang='lat' dir='ltr'><strong>manere</strong></span> <span class='ocrx_word' id='word_1_54' title='bbox 1430 968 1503 1049; x_wconf 86' lang='lat' dir='ltr'><strong>in_</strong></span> <span class='ocrx_word' id='word_1_55' title='bbox 1532 967 1637 1023; x_wconf 90' lang='lat' dir='ltr'><strong>illis</strong></span> <span class='ocrx_word' id='word_1_56' title='bbox 1660 967 1740 1023; x_wconf 86' lang='lat' dir='ltr'><strong>ira</strong></span> 
     </span>
    </p>
   </div>
   <div class='ocr_carea' id='block_1_9' title="bbox 193 1058 1742 1137">
    <p class='ocr_par' dir='ltr' id='par_1_9' title="bbox 193 1058 1742 1137">
     <span class='ocr_line' id='line_1_9' title="bbox 193 1058 1742 1137; baseline -0.003 -16"><span class='ocrx_word' id='word_1_57' title='bbox 193 1063 476 1137; x_wconf 78' lang='lat' dir='ltr'><strong>Dei(loau.</strong></span> <span class='ocrx_word' id='word_1_58' title='bbox 521 1078 603 1129; x_wconf 85' lang='lat' dir='ltr'><strong>tn,</strong></span> <span class='ocrx_word' id='word_1_59' title='bbox 640 1063 713 1118; x_wconf 75' lang='lat'><strong>36</strong></span> <span class='ocrx_word' id='word_1_60' title='bbox 741 1060 785 1133; x_wconf 86' lang='lat'><strong>),</strong></span> <span class='ocrx_word' id='word_1_61' title='bbox 830 1061 932 1117; x_wconf 85' lang='lat' dir='ltr'><strong>hoc</strong></span> <span class='ocrx_word' id='word_1_62' title='bbox 983 1068 1066 1116; x_wconf 88' lang='lat' dir='ltr'><strong>est</strong></span> <span class='ocrx_word' id='word_1_63' title='bbox 1112 1060 1225 1132; x_wconf 89' lang='lat' dir='ltr'><strong>ipsa</strong></span> <span class='ocrx_word' id='word_1_64' title='bbox 1276 1060 1548 1116; x_wconf 85' lang='lat' dir='ltr'><strong>damnatio</strong></span> <span class='ocrx_word' id='word_1_65' title='bbox 1575 1058 1596 1134; x_wconf 97' lang='lat'>(</span> <span class='ocrx_word' id='word_1_66' title='bbox 1626 1060 1742 1117; x_wconf 64' lang='lat' dir='ltr'><strong>haec</strong></span> 
     </span>
    </p>
   </div>
   <div class='ocr_carea' id='block_1_10' title="bbox 195 1150 1736 1222">
    <p class='ocr_par' dir='ltr' id='par_1_10' title="bbox 195 1150 1736 1222">
     <span class='ocr_line' id='line_1_10' title="bbox 195 1150 1736 1222; baseline -0.004 -10"><span class='ocrx_word' id='word_1_67' title='bbox 195 1154 318 1212; x_wconf 83' lang='lat' dir='ltr'><strong>enim</strong></span> <span class='ocrx_word' id='word_1_68' title='bbox 336 1161 539 1209; x_wconf 82' lang='lat' dir='ltr'><strong>vocatur</strong></span> <span class='ocrx_word' id='word_1_69' title='bbox 562 1153 642 1207; x_wconf 90' lang='lat' dir='ltr'><strong>ira</strong></span> <span class='ocrx_word' id='word_1_70' title='bbox 671 1152 791 1219; x_wconf 86' lang='lat' dir='ltr'><strong>Dei,</strong></span> <span class='ocrx_word' id='word_1_71' title='bbox 811 1166 919 1207; x_wconf 90' lang='lat' dir='ltr'><strong>non</strong></span> <span class='ocrx_word' id='word_1_72' title='bbox 945 1151 1112 1205; x_wconf 82' lang='lat' dir='ltr'><strong>divini</strong></span> <span class='ocrx_word' id='word_1_73' title='bbox 1140 1150 1308 1205; x_wconf 90' lang='lat' dir='ltr'><strong>animi</strong></span> <span class='ocrx_word' id='word_1_74' title='bbox 1341 1150 1736 1222; x_wconf 81' lang='lat' dir='ltr'><strong>perturbatio),</strong></span> 
     </span>
    </p>
   </div>
   <div class='ocr_carea' id='block_1_11' title="bbox 150 1240 1738 1307">
    <p class='ocr_par' dir='ltr' id='par_1_11' title="bbox 150 1240 1738 1307">
     <span class='ocr_line' id='line_1_11' title="bbox 150 1240 1738 1307; baseline -0.001 -8"><span class='ocrx_word' id='word_1_75' title='bbox 150 1270 157 1307; x_wconf 66' lang='grc' dir='ltr'><em>ρ</em></span> <span class='ocrx_word' id='word_1_76' title='bbox 193 1244 311 1300; x_wconf 85' lang='lat' dir='ltr'><strong>utin</strong></span> <span class='ocrx_word' id='word_1_77' title='bbox 352 1243 427 1299; x_wconf 79' lang='lat' dir='ltr'><strong>ira</strong></span> <span class='ocrx_word' id='word_1_78' title='bbox 453 1258 561 1307; x_wconf 88' lang='lat' dir='ltr'><strong>sua,</strong></span> <span class='ocrx_word' id='word_1_79' title='bbox 610 1242 717 1297; x_wconf 85' lang='lat' dir='ltr'><strong>hoc</strong></span> <span class='ocrx_word' id='word_1_80' title='bbox 771 1248 856 1296; x_wconf 89' lang='lat' dir='ltr'><strong>est</strong></span> <span class='ocrx_word' id='word_1_81' title='bbox 897 1247 1150 1297; x_wconf 90' lang='lat' dir='ltr'><strong>manente</strong></span> <span class='ocrx_word' id='word_1_82' title='bbox 1183 1240 1261 1295; x_wconf 89' lang='lat' dir='ltr'><strong>ira</strong></span> <span class='ocrx_word' id='word_1_83' title='bbox 1279 1255 1397 1306; x_wconf 88' lang='lat' dir='ltr'><strong>sua,</strong></span> <span class='ocrx_word' id='word_1_84' title='bbox 1427 1257 1533 1297; x_wconf 89' lang='lat' dir='ltr'><strong>non</strong></span> <span class='ocrx_word' id='word_1_85' title='bbox 1563 1251 1738 1298; x_wconf 89' lang='lat' dir='ltr'><strong>tamen</strong></span> 
     </span>
    </p>
   </div>
   <div class='ocr_carea' id='block_1_12' title="bbox 144 1300 153 1334">
    <p class='ocr_par' dir='ltr' id='par_1_12' title="bbox 144 1300 153 1334">
     <span class='ocr_line' id='line_1_12' title="bbox 144 1300 153 1334; baseline 0 0"><span class='ocrx_word' id='word_1_86' title='bbox 144 1300 153 1334; x_wconf 90' lang='lat' dir='ltr'><strong>l</strong></span> 
     </span>
    </p>
   </div>
   <div class='ocr_carea' id='block_1_13' title="bbox 195 1332 1731 1403">
    <p class='ocr_par' dir='ltr' id='par_1_13' title="bbox 195 1332 1731 1403">
     <span class='ocr_line' id='line_1_13' title="bbox 195 1332 1731 1403; baseline -0.001 -13"><span class='ocrx_word' id='word_1_87' title='bbox 195 1334 440 1391; x_wconf 76' lang='lat' dir='ltr'><strong>contineat</strong></span> <span class='ocrx_word' id='word_1_88' title='bbox 474 1332 847 1388; x_wconf 82' lang='lat' dir='ltr'><strong>miserationes</strong></span> <span class='ocrx_word' id='word_1_89' title='bbox 885 1345 1011 1386; x_wconf 88' lang='lat' dir='ltr'><strong>suas</strong></span> <span class='ocrx_word' id='word_1_90' title='bbox 1038 1348 1053 1397; x_wconf 90' lang='lat'><strong>;</strong></span> <span class='ocrx_word' id='word_1_91' title='bbox 1081 1346 1187 1386; x_wconf 89' lang='lat' dir='ltr'><strong>non</strong></span> <span class='ocrx_word' id='word_1_92' title='bbox 1215 1340 1421 1387; x_wconf 67' lang='lat' dir='ltr'><strong>atterno</strong></span> <span class='ocrx_word' id='word_1_93' title='bbox 1466 1332 1731 1403; x_wconf 90' lang='lat' dir='ltr'><strong>supplicio</strong></span> 
     </span>
    </p>
   </div>
   <div class='ocr_carea' id='block_1_14' title="bbox 185 1423 1740 1496">
    <p class='ocr_par' dir='ltr' id='par_1_14' title="bbox 185 1423 1740 1496">
     <span class='ocr_line' id='line_1_14' title="bbox 185 1423 1740 1496; baseline -0.002 -14"><span class='ocrx_word' id='word_1_94' title='bbox 185 1425 535 1492; x_wconf 80' lang='lat' dir='ltr'><strong>ﬁnemdaudo,</strong></span> <span class='ocrx_word' id='word_1_95' title='bbox 587 1423 684 1479; x_wconf 89' lang='lat' dir='ltr'><strong>sed</strong></span> <span class='ocrx_word' id='word_1_96' title='bbox 737 1424 979 1479; x_wconf 82' lang='lat' dir='ltr'><strong>levamen</strong></span> <span class='ocrx_word' id='word_1_97' title='bbox 1032 1423 1336 1479; x_wconf 89' lang='lat' dir='ltr'><strong>adhibendo</strong></span> <span class='ocrx_word' id='word_1_98' title='bbox 1383 1424 1467 1479; x_wconf 86' lang='lat' dir='ltr'><strong>vel</strong></span> <span class='ocrx_word' id='word_1_99' title='bbox 1504 1424 1740 1496; x_wconf 84' lang='lat' dir='ltr'><strong>interpo-</strong></span> 
     </span>
    </p>
   </div>
   <div class='ocr_carea' id='block_1_15' title="bbox 185 1513 1738 1583">
    <p class='ocr_par' dir='ltr' id='par_1_15' title="bbox 185 1513 1738 1583">
     <span class='ocr_line' id='line_1_15' title="bbox 185 1513 1738 1583; baseline -0.001 -11"><span class='ocrx_word' id='word_1_100' title='bbox 185 1516 343 1573; x_wconf 87' lang='lat' dir='ltr'><strong>uendo</strong></span> <span class='ocrx_word' id='word_1_101' title='bbox 367 1515 697 1572; x_wconf 79' lang='lat' dir='ltr'><strong>cruciatibus.</strong></span> <span class='ocrx_word' id='word_1_102' title='bbox 721 1514 858 1583; x_wconf 87' lang='lat' dir='ltr'><strong>Quia</strong></span> <span class='ocrx_word' id='word_1_103' title='bbox 886 1529 986 1569; x_wconf 88' lang='lat' dir='ltr'><strong>nec</strong></span> <span class='ocrx_word' id='word_1_104' title='bbox 1030 1513 1280 1570; x_wconf 86' lang='lat' dir='ltr'><strong>Psalmus</strong></span> <span class='ocrx_word' id='word_1_105' title='bbox 1308 1514 1403 1582; x_wconf 85' lang='lat' dir='ltr'><strong>ait,</strong></span> <span class='ocrx_word' id='word_1_106' title='bbox 1434 1514 1516 1569; x_wconf 85' lang='lat' dir='ltr'><strong>Ad</strong></span> <span class='ocrx_word' id='word_1_107' title='bbox 1546 1516 1738 1571; x_wconf 81' lang='lat' dir='ltr'><strong>ﬁnien-</strong></span> 
     </span>
    </p>
   </div>
   <div class='ocr_carea' id='block_1_16' title="bbox 185 1606 1735 1678">
    <p class='ocr_par' dir='ltr' id='par_1_16' title="bbox 185 1606 1735 1678">
     <span class='ocr_line' id='line_1_16' title="bbox 185 1606 1735 1678; baseline -0.002 -14"><span class='ocrx_word' id='word_1_108' title='bbox 185 1610 294 1664; x_wconf 82' lang='lat' dir='ltr'><strong>dam</strong></span> <span class='ocrx_word' id='word_1_109' title='bbox 322 1610 447 1663; x_wconf 85' lang='lat' dir='ltr'><strong>iram</strong></span> <span class='ocrx_word' id='word_1_110' title='bbox 468 1623 634 1671; x_wconf 91' lang='lat' dir='ltr'><strong>suam,</strong></span> <span class='ocrx_word' id='word_1_111' title='bbox 669 1607 775 1674; x_wconf 85' lang='lat' dir='ltr'><strong>vel,</strong></span> <span class='ocrx_word' id='word_1_112' title='bbox 835 1615 956 1678; x_wconf 92' lang='lat' dir='ltr'><strong>post</strong></span> <span class='ocrx_word' id='word_1_113' title='bbox 1007 1606 1143 1662; x_wconf 90' lang='lat' dir='ltr'><strong>iram</strong></span> <span class='ocrx_word' id='word_1_114' title='bbox 1203 1606 1545 1674; x_wconf 88' lang='lat' dir='ltr'><strong>suam;sed,</strong></span> <span class='ocrx_word' id='word_1_115' title='bbox 1576 1607 1735 1661; x_wconf 90' lang='lat' dir='ltr'><strong>inira</strong></span> 
     </span>
    </p>
   </div>
   <div class='ocr_carea' id='block_1_17' title="bbox 183 1697 1730 1769">
    <p class='ocr_par' dir='ltr' id='par_1_17' title="bbox 183 1697 1730 1769">
     <span class='ocr_line' id='line_1_17' title="bbox 183 1697 1730 1769; baseline 0 -15"><span class='ocrx_word' id='word_1_116' title='bbox 183 1716 283 1755; x_wconf 70' lang='lat' dir='ltr'><strong>sua.</strong></span> <span class='ocrx_word' id='word_1_117' title='bbox 302 1698 425 1767; x_wconf 65' lang='lat' dir='ltr'><strong>Quae</strong></span> <span class='ocrx_word' id='word_1_118' title='bbox 452 1700 489 1753; x_wconf 88' lang='lat' dir='ltr'><strong>si</strong></span> <span class='ocrx_word' id='word_1_119' title='bbox 514 1698 629 1753; x_wconf 89' lang='lat' dir='ltr'><strong>sola</strong></span> <span class='ocrx_word' id='word_1_120' title='bbox 648 1706 794 1753; x_wconf 88' lang='lat' dir='ltr'><strong>esset</strong></span> <span class='ocrx_word' id='word_1_121' title='bbox 822 1707 1018 1769; x_wconf 87' lang='lat' dir='ltr'><strong>quanta</strong></span> <span class='ocrx_word' id='word_1_122' title='bbox 1046 1698 1117 1753; x_wconf 89' lang='lat' dir='ltr'><strong>ibi</strong></span> <span class='ocrx_word' id='word_1_123' title='bbox 1143 1698 1363 1753; x_wconf 91' lang='lat' dir='ltr'><strong>minima</strong></span> <span class='ocrx_word' id='word_1_124' title='bbox 1388 1697 1612 1767; x_wconf 82' lang='lat' dir='ltr'><strong>cogitari</strong></span> <span class='ocrx_word' id='word_1_125' title='bbox 1640 1713 1730 1768; x_wconf 81' lang='lat' dir='ltr'><strong>po-</strong></span> 
     </span>
    </p>
   </div>
   <div class='ocr_carea' id='block_1_18' title="bbox 186 1789 1724 1860">
    <p class='ocr_par' dir='ltr' id='par_1_18' title="bbox 186 1789 1724 1860">
     <span class='ocr_line' id='line_1_18' title="bbox 186 1789 1724 1860; baseline -0.001 -15"><span class='ocrx_word' id='word_1_126' title='bbox 186 1799 307 1853; x_wconf 86' lang='lat' dir='ltr'><strong>test;</strong></span> <span class='ocrx_word' id='word_1_127' title='bbox 336 1790 492 1859; x_wconf 88' lang='lat' dir='ltr'><strong>perire</strong></span> <span class='ocrx_word' id='word_1_128' title='bbox 536 1804 567 1843; x_wconf 84' lang='lat' dir='ltr'><strong>a</strong></span> <span class='ocrx_word' id='word_1_129' title='bbox 606 1804 777 1860; x_wconf 87' lang='lat' dir='ltr'><strong>regno</strong></span> <span class='ocrx_word' id='word_1_130' title='bbox 828 1789 945 1852; x_wconf 87' lang='lat' dir='ltr'><strong>Dei,</strong></span> <span class='ocrx_word' id='word_1_131' title='bbox 973 1789 1230 1845; x_wconf 82' lang='lat' dir='ltr'><strong>exsulare</strong></span> <span class='ocrx_word' id='word_1_132' title='bbox 1276 1806 1308 1845; x_wconf 90' lang='lat' dir='ltr'><strong>a</strong></span> <span class='ocrx_word' id='word_1_133' title='bbox 1337 1790 1553 1846; x_wconf 86' lang='lat' dir='ltr'><strong>civitate</strong></span> <span class='ocrx_word' id='word_1_134' title='bbox 1605 1790 1724 1856; x_wconf 91' lang='lat' dir='ltr'><strong>Dei,</strong></span> 
     </span>
    </p>
   </div>
   <div class='ocr_carea' id='block_1_19' title="bbox 185 1879 1736 1951">
    <p class='ocr_par' dir='ltr' id='par_1_19' title="bbox 185 1879 1736 1951">
     <span class='ocr_line' id='line_1_19' title="bbox 185 1879 1736 1951; baseline 0.001 -18"><span class='ocrx_word' id='word_1_135' title='bbox 185 1879 390 1935; x_wconf 84' lang='lat' dir='ltr'><strong>alienari</strong></span> <span class='ocrx_word' id='word_1_136' title='bbox 420 1894 448 1932; x_wconf 89' lang='lat' dir='ltr'><strong>a</strong></span> <span class='ocrx_word' id='word_1_137' title='bbox 472 1880 570 1933; x_wconf 84' lang='lat' dir='ltr'><strong>vita</strong></span> <span class='ocrx_word' id='word_1_138' title='bbox 610 1879 729 1948; x_wconf 91' lang='lat' dir='ltr'><strong>Dei,</strong></span> <span class='ocrx_word' id='word_1_139' title='bbox 774 1894 962 1934; x_wconf 84' lang='lat' dir='ltr'><strong>carere</strong></span> <span class='ocrx_word' id='word_1_140' title='bbox 1009 1888 1116 1934; x_wconf 90' lang='lat' dir='ltr'><strong>tam</strong></span> <span class='ocrx_word' id='word_1_141' title='bbox 1149 1895 1343 1951; x_wconf 87' lang='lat' dir='ltr'><strong>magna</strong></span> <span class='ocrx_word' id='word_1_142' title='bbox 1393 1880 1736 1936; x_wconf 85' lang='lat' dir='ltr'><strong>multitudine</strong></span> 
     </span>
    </p>
   </div>
   <div class='ocr_carea' id='block_1_20' title="bbox 188 1968 1732 2041">
    <p class='ocr_par' dir='ltr' id='par_1_20' title="bbox 188 1968 1732 2041">
     <span class='ocr_line' id='line_1_20' title="bbox 188 1968 1732 2041; baseline -0.001 -16"><span class='ocrx_word' id='word_1_143' title='bbox 188 1968 467 2025; x_wconf 83' lang='lat' dir='ltr'><strong>dulcedinis</strong></span> <span class='ocrx_word' id='word_1_144' title='bbox 498 1970 592 2025; x_wconf 84' lang='lat' dir='ltr'><strong>Det</strong></span> <span class='ocrx_word' id='word_1_145' title='bbox 622 1984 783 2041; x_wconf 90' lang='lat' dir='ltr'><strong>quam</strong></span> <span class='ocrx_word' id='word_1_146' title='bbox 842 1969 1124 2024; x_wconf 85' lang='lat' dir='ltr'><strong>abscondit</strong></span> <span class='ocrx_word' id='word_1_147' title='bbox 1172 1970 1486 2025; x_wconf 84' lang='lat' dir='ltr'><strong>timentibus</strong></span> <span class='ocrx_word' id='word_1_148' title='bbox 1530 1985 1589 2025; x_wconf 91' lang='lat' dir='ltr'><strong>se</strong></span> <span class='ocrx_word' id='word_1_149' title='bbox 1628 1970 1732 2041; x_wconf 81' lang='grc' dir='ltr'><strong>(α),</strong></span> 
     </span>
    </p>
   </div>
   <div class='ocr_carea' id='block_1_21' title="bbox 190 2061 1732 2135">
    <p class='ocr_par' dir='ltr' id='par_1_21' title="bbox 190 2061 1732 2135">
     <span class='ocr_line' id='line_1_21' title="bbox 190 2061 1732 2135; baseline 0 -18"><span class='ocrx_word' id='word_1_150' title='bbox 190 2062 403 2133; x_wconf 83' lang='lat' dir='ltr'><strong>perfecit</strong></span> <span class='ocrx_word' id='word_1_151' title='bbox 446 2072 606 2117; x_wconf 81' lang='lat' dir='ltr'><strong>autem</strong></span> <span class='ocrx_word' id='word_1_152' title='bbox 652 2062 990 2133; x_wconf 88' lang='lat' dir='ltr'><strong>sperantibus</strong></span> <span class='ocrx_word' id='word_1_153' title='bbox 1047 2063 1101 2117; x_wconf 90' lang='lat' dir='ltr'><strong>in</strong></span> <span class='ocrx_word' id='word_1_154' title='bbox 1131 2076 1190 2117; x_wconf 86' lang='lat' dir='ltr'><strong>se</strong></span> <span class='ocrx_word' id='word_1_155' title='bbox 1211 2061 1381 2135; x_wconf 82' lang='lat' dir='ltr'><strong>(Psal.</strong></span> <span class='ocrx_word' id='word_1_156' title='bbox 1414 2079 1539 2129; x_wconf 77' lang='lat' dir='ltr'><strong>xxx,</strong></span> <span class='ocrx_word' id='word_1_157' title='bbox 1587 2063 1658 2117; x_wconf 77' lang='lat'><strong>20</strong></span> <span class='ocrx_word' id='word_1_158' title='bbox 1691 2064 1732 2133; x_wconf 93' lang='lat'><strong>),</strong></span> 
     </span>
    </p>
   </div>
   <div class='ocr_carea' id='block_1_22' title="bbox 199 2152 1734 2224">
    <p class='ocr_par' dir='ltr' id='par_1_22' title="bbox 199 2152 1734 2224">
     <span class='ocr_line' id='line_1_22' title="bbox 199 2152 1734 2224; baseline 0.001 -18"><span class='ocrx_word' id='word_1_159' title='bbox 199 2161 301 2207; x_wconf 83' lang='lat' dir='ltr'><strong>tam</strong></span> <span class='ocrx_word' id='word_1_160' title='bbox 327 2152 527 2223; x_wconf 75' lang='lat' dir='ltr'><strong>grandis</strong></span> <span class='ocrx_word' id='word_1_161' title='bbox 551 2164 629 2208; x_wconf 91' lang='lat' dir='ltr'><strong>est</strong></span> <span class='ocrx_word' id='word_1_162' title='bbox 661 2168 835 2224; x_wconf 76' lang='lat' dir='ltr'><strong>pmna,</strong></span> <span class='ocrx_word' id='word_1_163' title='bbox 859 2162 917 2208; x_wconf 90' lang='lat' dir='ltr'><strong>ut</strong></span> <span class='ocrx_word' id='word_1_164' title='bbox 961 2153 1010 2209; x_wconf 91' lang='lat' dir='ltr'><strong>ei</strong></span> <span class='ocrx_word' id='word_1_165' title='bbox 1039 2153 1184 2207; x_wconf 88' lang='lat' dir='ltr'><strong>nulla</strong></span> <span class='ocrx_word' id='word_1_166' title='bbox 1228 2154 1433 2223; x_wconf 90' lang='lat' dir='ltr'><strong>possint</strong></span> <span class='ocrx_word' id='word_1_167' title='bbox 1464 2163 1734 2209; x_wconf 89' lang='lat' dir='ltr'><strong>tormenta</strong></span> 
     </span>
    </p>
   </div>
   <div class='ocr_carea' id='block_1_23' title="bbox 194 2230 1732 2314">
    <p class='ocr_par' dir='ltr' id='par_1_23' title="bbox 194 2230 1732 2314">
     <span class='ocr_line' id='line_1_23' title="bbox 194 2230 1732 2314; baseline 0.003 -19"><span class='ocrx_word' id='word_1_168' title='bbox 194 2257 306 2314; x_wconf 76' lang='lat' dir='ltr'><strong>qua:</strong></span> <span class='ocrx_word' id='word_1_169' title='bbox 330 2230 551 2298; x_wconf 85' lang='lat' dir='ltr'><strong>novimus</strong></span> <span class='ocrx_word' id='word_1_170' title='bbox 570 2244 876 2313; x_wconf 85' lang='lat' dir='ltr'><strong>comparari,</strong></span> <span class='ocrx_word' id='word_1_171' title='bbox 907 2244 952 2297; x_wconf 91' lang='lat' dir='ltr'><strong>si</strong></span> <span class='ocrx_word' id='word_1_172' title='bbox 975 2244 1064 2299; x_wconf 91' lang='lat' dir='ltr'><strong>illa</strong></span> <span class='ocrx_word' id='word_1_173' title='bbox 1090 2244 1159 2299; x_wconf 90' lang='lat' dir='ltr'><strong>sit</strong></span> <span class='ocrx_word' id='word_1_174' title='bbox 1184 2253 1407 2311; x_wconf 64' lang='lat' dir='ltr'><strong>aeterna,</strong></span> <span class='ocrx_word' id='word_1_175' title='bbox 1428 2245 1528 2299; x_wconf 89' lang='lat' dir='ltr'><strong>ista</strong></span> <span class='ocrx_word' id='word_1_176' title='bbox 1551 2253 1732 2300; x_wconf 90' lang='lat' dir='ltr'><strong>autem</strong></span> 
     </span>
    </p>
   </div>
   <div class='ocr_carea' id='block_1_24' title="bbox 186 2332 1199 2405">
    <p class='ocr_par' dir='ltr' id='par_1_24' title="bbox 186 2332 1199 2405">
     <span class='ocr_line' id='line_1_24' title="bbox 186 2332 1199 2405; baseline 0 -18"><span class='ocrx_word' id='word_1_177' title='bbox 186 2332 285 2388; x_wconf 85' lang='lat' dir='ltr'><strong>sint</strong></span> <span class='ocrx_word' id='word_1_178' title='bbox 306 2335 573 2403; x_wconf 85' lang='lat' dir='ltr'><strong>quamlibet</strong></span> <span class='ocrx_word' id='word_1_179' title='bbox 591 2334 770 2389; x_wconf 90' lang='lat' dir='ltr'><strong>multis</strong></span> <span class='ocrx_word' id='word_1_180' title='bbox 792 2335 1003 2390; x_wconf 65' lang='lat' dir='ltr'><strong>saeculis</strong></span> <span class='ocrx_word' id='word_1_181' title='bbox 1021 2334 1199 2405; x_wconf 85' lang='lat' dir='ltr'><strong>longa.</strong></span> 
     </span>
    </p>
   </div>
   <div class='ocr_carea' id='block_1_25' title="bbox 251 2424 1730 2498">
    <p class='ocr_par' dir='ltr' id='par_1_25' title="bbox 251 2424 1730 2498">
     <span class='ocr_line' id='line_1_25' title="bbox 251 2424 1730 2498; baseline 0 -19"><span class='ocrx_word' id='word_1_182' title='bbox 251 2424 460 2481; x_wconf 82' lang='lat' dir='ltr'><strong>CAPUT</strong></span> <span class='ocrx_word' id='word_1_183' title='bbox 478 2425 651 2482; x_wconf 78' lang='lat' dir='ltr'><strong>CXIII.</strong></span> <span class='ocrx_word' id='word_1_184' title='bbox 682 2455 753 2466; x_wconf 89' lang='lat'><strong><em>—</em></strong></span> <span class='ocrx_word' id='word_1_185' title='bbox 782 2426 925 2481; x_wconf 79' lang='lat' dir='ltr'><strong>Mors</strong></span> <span class='ocrx_word' id='word_1_186' title='bbox 948 2427 1241 2496; x_wconf 79' lang='lat' dir='ltr'><strong>impiorum,</strong></span> <span class='ocrx_word' id='word_1_187' title='bbox 1274 2437 1328 2481; x_wconf 86' lang='lat' dir='ltr'><strong>ut</strong></span> <span class='ocrx_word' id='word_1_188' title='bbox 1357 2428 1458 2480; x_wconf 82' lang='lat' dir='ltr'><strong>vita</strong></span> <span class='ocrx_word' id='word_1_189' title='bbox 1493 2427 1690 2498; x_wconf 86' lang='lat' dir='ltr'><strong>piorum</strong></span> <span class='ocrx_word' id='word_1_190' title='bbox 1714 2469 1730 2493; x_wconf 92' lang='lat'><strong>,</strong></span> 
     </span>
    </p>
   </div>
   <div class='ocr_carea' id='block_1_26' title="bbox 186 2515 1732 2587">
    <p class='ocr_par' dir='ltr' id='par_1_26' title="bbox 186 2515 1732 2587">
     <span class='ocr_line' id='line_1_26' title="bbox 186 2515 1732 2587; baseline 0.002 -20"><span class='ocrx_word' id='word_1_191' title='bbox 186 2525 420 2584; x_wconf 74' lang='lat' dir='ltr'><strong>perpetua.</strong></span> <span class='ocrx_word' id='word_1_192' title='bbox 448 2515 674 2571; x_wconf 83' lang='lat' dir='ltr'><strong>Manebit</strong></span> <span class='ocrx_word' id='word_1_193' title='bbox 712 2530 845 2587; x_wconf 87' lang='lat' dir='ltr'><strong>ergo</strong></span> <span class='ocrx_word' id='word_1_194' title='bbox 869 2516 987 2571; x_wconf 89' lang='lat' dir='ltr'><strong>sine</strong></span> <span class='ocrx_word' id='word_1_195' title='bbox 1025 2516 1129 2571; x_wconf 83' lang='lat' dir='ltr'><strong>fine</strong></span> <span class='ocrx_word' id='word_1_196' title='bbox 1162 2531 1309 2572; x_wconf 90' lang='lat' dir='ltr'><strong>mors</strong></span> <span class='ocrx_word' id='word_1_197' title='bbox 1353 2516 1442 2569; x_wconf 91' lang='lat' dir='ltr'><strong>illa</strong></span> <span class='ocrx_word' id='word_1_198' title='bbox 1476 2528 1732 2587; x_wconf 88' lang='lat' dir='ltr'><strong>perpetua</strong></span> 
     </span>
    </p>
   </div>
   <div class='ocr_carea' id='block_1_27' title="bbox 186 2604 1734 2675">
    <p class='ocr_par' dir='ltr' id='par_1_27' title="bbox 186 2604 1734 2675">
     <span class='ocr_line' id='line_1_27' title="bbox 186 2604 1734 2675; baseline 0.003 -17"><span class='ocrx_word' id='word_1_199' title='bbox 186 2604 539 2673; x_wconf 79' lang='lat' dir='ltr'><strong>damatorum,</strong></span> <span class='ocrx_word' id='word_1_200' title='bbox 574 2607 627 2661; x_wconf 91' lang='lat' dir='ltr'><strong>id</strong></span> <span class='ocrx_word' id='word_1_201' title='bbox 656 2617 739 2662; x_wconf 86' lang='lat' dir='ltr'><strong>est</strong></span> <span class='ocrx_word' id='word_1_202' title='bbox 765 2606 1015 2662; x_wconf 83' lang='lat' dir='ltr'><strong>alienatio</strong></span> <span class='ocrx_word' id='word_1_203' title='bbox 1054 2623 1101 2661; x_wconf 73' lang='lat' dir='ltr'><strong>a~</strong></span> <span class='ocrx_word' id='word_1_204' title='bbox 1125 2608 1231 2662; x_wconf 89' lang='lat' dir='ltr'><strong>vita</strong></span> <span class='ocrx_word' id='word_1_205' title='bbox 1266 2608 1381 2675; x_wconf 92' lang='lat' dir='ltr'><strong>Dei,</strong></span> <span class='ocrx_word' id='word_1_206' title='bbox 1406 2618 1459 2663; x_wconf 91' lang='lat' dir='ltr'><strong>et</strong></span> <span class='ocrx_word' id='word_1_207' title='bbox 1484 2608 1734 2663; x_wconf 79' lang='lat' dir='ltr'><strong>erunibus</strong></span> 
     </span>
    </p>
   </div>
   <div class='ocr_carea' id='block_1_28' title="bbox 186 2698 1734 2768">
    <p class='ocr_par' dir='ltr' id='par_1_28' title="bbox 186 2698 1734 2768">
     <span class='ocr_line' id='line_1_28' title="bbox 186 2698 1734 2768; baseline 0.002 -17"><span class='ocrx_word' id='word_1_208' title='bbox 186 2698 273 2751; x_wconf 86' lang='lat' dir='ltr'><strong>erit</strong></span> <span class='ocrx_word' id='word_1_209' title='bbox 296 2698 396 2768; x_wconf 87' lang='lat' dir='ltr'><strong>ipsa</strong></span> <span class='ocrx_word' id='word_1_210' title='bbox 420 2699 736 2765; x_wconf 90' lang='lat' dir='ltr'><strong>communis,</strong></span> <span class='ocrx_word' id='word_1_211' title='bbox 778 2699 1027 2768; x_wconf 76' lang='lat' dir='ltr'><strong>qumlibet</strong></span> <span class='ocrx_word' id='word_1_212' title='bbox 1052 2700 1075 2729; x_wconf 82' lang='grc'>²</span> <span class='ocrx_word' id='word_1_213' title='bbox 1106 2698 1352 2755; x_wconf 87' lang='lat' dir='ltr'><strong>homines</strong></span> <span class='ocrx_word' id='word_1_214' title='bbox 1381 2698 1448 2753; x_wconf 91' lang='lat' dir='ltr'><strong>de</strong></span> <span class='ocrx_word' id='word_1_215' title='bbox 1478 2698 1734 2754; x_wconf 85' lang='lat' dir='ltr'><strong>varietate</strong></span> 
     </span>
    </p>
   </div>
   <div class='ocr_carea' id='block_1_29' title="bbox 188 2791 1733 2858">
    <p class='ocr_par' dir='ltr' id='par_1_29' title="bbox 188 2791 1733 2858">
     <span class='ocr_line' id='line_1_29' title="bbox 188 2791 1733 2858; baseline 0.003 -14"><span class='ocrx_word' id='word_1_216' title='bbox 188 2805 425 2858; x_wconf 65' lang='lat' dir='ltr'><strong>plenarum</strong></span> <span class='ocrx_word' id='word_1_217' title='bbox 444 2832 459 2856; x_wconf 92' lang='lat'><strong>,</strong></span> <span class='ocrx_word' id='word_1_218' title='bbox 485 2791 553 2846; x_wconf 91' lang='lat' dir='ltr'><strong>de</strong></span> <span class='ocrx_word' id='word_1_219' title='bbox 579 2791 829 2846; x_wconf 88' lang='lat' dir='ltr'><strong>dolorum</strong></span> <span class='ocrx_word' id='word_1_220' title='bbox 870 2791 1197 2847; x_wconf 84' lang='lat' dir='ltr'><strong>relevatione</strong></span> <span class='ocrx_word' id='word_1_221' title='bbox 1222 2792 1307 2847; x_wconf 88' lang='lat' dir='ltr'><strong>vel</strong></span> <span class='ocrx_word' id='word_1_222' title='bbox 1338 2792 1733 2849; x_wconf 88' lang='lat' dir='ltr'><strong>intermissione</strong></span> 
     </span>
    </p>
   </div>
   <div class='ocr_carea' id='block_1_30' title="bbox 186 2880 1735 2951">
    <p class='ocr_par' dir='ltr' id='par_1_30' title="bbox 186 2880 1735 2951">
     <span class='ocr_line' id='line_1_30' title="bbox 186 2880 1735 2951; baseline 0.004 -17"><span class='ocrx_word' id='word_1_223' title='bbox 186 2894 269 2948; x_wconf 88' lang='lat' dir='ltr'><strong>pro</strong></span> <span class='ocrx_word' id='word_1_224' title='bbox 290 2880 387 2937; x_wconf 89' lang='lat' dir='ltr'><strong>suis</strong></span> <span class='ocrx_word' id='word_1_225' title='bbox 407 2881 652 2937; x_wconf 85' lang='lat' dir='ltr'><strong>humanis</strong></span> <span class='ocrx_word' id='word_1_226' title='bbox 678 2883 910 2937; x_wconf 90' lang='lat' dir='ltr'><strong>motibus</strong></span> <span class='ocrx_word' id='word_1_227' title='bbox 930 2881 1267 2951; x_wconf 89' lang='lat' dir='ltr'><strong>suspicentur</strong></span> <span class='ocrx_word' id='word_1_228' title='bbox 1294 2900 1308 2938; x_wconf 87' lang='lat'><strong>:</strong></span> <span class='ocrx_word' id='word_1_229' title='bbox 1337 2883 1477 2939; x_wconf 90' lang='lat' dir='ltr'><strong>sicut</strong></span> <span class='ocrx_word' id='word_1_230' title='bbox 1497 2884 1735 2940; x_wconf 88' lang='lat' dir='ltr'><strong>manebit</strong></span> 
     </span>
    </p>
   </div>
   <div class='ocr_carea' id='block_1_31' title="bbox 189 2972 1734 3051">
    <p class='ocr_par' dir='ltr' id='par_1_31' title="bbox 189 2972 1734 3051">
     <span class='ocr_line' id='line_1_31' title="bbox 189 2972 1734 3051; baseline 0.006 -29"><span class='ocrx_word' id='word_1_231' title='bbox 189 2972 491 3028; x_wconf 77' lang='lat' dir='ltr'><strong>communiter</strong></span> <span class='ocrx_word' id='word_1_232' title='bbox 504 2973 754 3029; x_wconf 89' lang='lat' dir='ltr'><strong>omnium</strong></span> <span class='ocrx_word' id='word_1_233' title='bbox 782 2973 889 3029; x_wconf 91' lang='lat' dir='ltr'><strong>vita</strong></span> <span class='ocrx_word' id='word_1_234' title='bbox 917 2984 1115 3031; x_wconf 70' lang='lat' dir='ltr'><strong>aeterna</strong></span> <span class='ocrx_word' id='word_1_235' title='bbox 1143 2984 1467 3043; x_wconf 89' lang='lat' dir='ltr'><strong>sanctorum,</strong></span> <span class='ocrx_word' id='word_1_236' title='bbox 1496 2976 1734 3051; x_wconf 85' lang='lat' dir='ltr'><strong>qualibet</strong></span> 
     </span>
    </p>
   </div>
   <div class='ocr_carea' id='block_1_32' title="bbox 188 3058 1337 3138">
    <p class='ocr_par' dir='ltr' id='par_1_32' title="bbox 188 3058 1337 3138">
     <span class='ocr_line' id='line_1_32' title="bbox 188 3058 1337 3138; baseline 0.006 -24"><span class='ocrx_word' id='word_1_237' title='bbox 188 3058 413 3117; x_wconf 83' lang='lat' dir='ltr'><strong>bonorum</strong></span> <span class='ocrx_word' id='word_1_238' title='bbox 435 3063 688 3119; x_wconf 84' lang='lat' dir='ltr'><strong>distantia</strong></span> <span class='ocrx_word' id='word_1_239' title='bbox 714 3066 1051 3121; x_wconf 90' lang='lat' dir='ltr'><strong>concorditer</strong></span> <span class='ocrx_word' id='word_1_240' title='bbox 1079 3065 1337 3138; x_wconf 81' lang='lat' dir='ltr'><strong>fulgeant.</strong></span> 
     </span>
    </p>
   </div>
   <div class='ocr_carea' id='block_1_33' title="bbox 249 3150 1733 3229">
    <p class='ocr_par' dir='ltr' id='par_1_33' title="bbox 249 3150 1733 3229">
     <span class='ocr_line' id='line_1_33' title="bbox 249 3150 1733 3229; baseline 0.005 -24"><span class='ocrx_word' id='word_1_241' title='bbox 249 3150 437 3209; x_wconf 82' lang='lat' dir='ltr'><strong>CAPUT</strong></span> <span class='ocrx_word' id='word_1_242' title='bbox 469 3154 660 3210; x_wconf 77' lang='lat' dir='ltr'><strong>CXIV.</strong></span> <span class='ocrx_word' id='word_1_243' title='bbox 691 3184 763 3195; x_wconf 89' lang='lat'><strong>—</strong></span> <span class='ocrx_word' id='word_1_244' title='bbox 788 3154 878 3210; x_wconf 80' lang='lat'><strong>30.</strong></span> <span class='ocrx_word' id='word_1_245' title='bbox 905 3154 1154 3228; x_wconf 78' lang='lat' dir='ltr'><strong>Exposita</strong></span> <span class='ocrx_word' id='word_1_246' title='bbox 1191 3157 1314 3226; x_wconf 83' lang='lat' dir='ltr'><strong>ﬁde,</strong></span> <span class='ocrx_word' id='word_1_247' title='bbox 1359 3158 1467 3229; x_wconf 80' lang='lat' dir='ltr'><strong>agit</strong></span> <span class='ocrx_word' id='word_1_248' title='bbox 1502 3156 1566 3212; x_wconf 83' lang='lat' dir='ltr'><strong>de</strong></span> <span class='ocrx_word' id='word_1_249' title='bbox 1600 3174 1690 3229; x_wconf 92' lang='lat' dir='ltr'><strong>spe</strong></span> <span class='ocrx_word' id='word_1_250' title='bbox 1714 3173 1733 3212; x_wconf 93' lang='lat'><strong><em>:</em></strong></span> 
     </span>
    </p>
   </div>
   <div class='ocr_carea' id='block_1_34' title="bbox 186 3244 1731 3322">
    <p class='ocr_par' dir='ltr' id='par_1_34' title="bbox 186 3244 1731 3322">
     <span class='ocr_line' id='line_1_34' title="bbox 186 3244 1731 3322; baseline 0.005 -25"><span class='ocrx_word' id='word_1_251' title='bbox 186 3259 285 3313; x_wconf 68' lang='lat' dir='ltr'><strong>qua</strong></span> <span class='ocrx_word' id='word_1_252' title='bbox 307 3244 389 3299; x_wconf 75' lang='lat' dir='ltr'><strong>huc</strong></span> <span class='ocrx_word' id='word_1_253' title='bbox 419 3250 668 3318; x_wconf 77' lang='lat' dir='ltr'><strong>pertinent</strong></span> <span class='ocrx_word' id='word_1_254' title='bbox 708 3251 953 3303; x_wconf 80' lang='lat' dir='ltr'><strong>contineri</strong></span> <span class='ocrx_word' id='word_1_255' title='bbox 992 3251 1220 3304; x_wconf 87' lang='lat' dir='ltr'><strong>oratione</strong></span> <span class='ocrx_word' id='word_1_256' title='bbox 1256 3249 1532 3306; x_wconf 87' lang='lat' dir='ltr'><strong>dominica.</strong></span> <span class='ocrx_word' id='word_1_257' title='bbox 1572 3251 1731 3322; x_wconf 85' lang='lat' dir='ltr'><strong>Spem</strong></span> 
     </span>
    </p>
   </div>
   <div class='ocr_carea' id='block_1_35' title="bbox 184 3338 1726 3412">
    <p class='ocr_par' dir='ltr' id='par_1_35' title="bbox 184 3338 1726 3412">
     <span class='ocr_line' id='line_1_35' title="bbox 184 3338 1726 3412; baseline 0.006 -24"><span class='ocrx_word' id='word_1_258' title='bbox 184 3338 226 3389; x_wconf 87' lang='lat' dir='ltr'><strong>in</strong></span> <span class='ocrx_word' id='word_1_259' title='bbox 248 3354 295 3392; x_wconf 82' lang='lat' dir='ltr'><strong>se</strong></span> <span class='ocrx_word' id='word_1_260' title='bbox 320 3339 414 3409; x_wconf 79' lang='lat' dir='ltr'><strong>ipso</strong></span> <span class='ocrx_word' id='word_1_261' title='bbox 429 3358 623 3412; x_wconf 85' lang='lat' dir='ltr'><strong>ponens</strong></span> <span class='ocrx_word' id='word_1_262' title='bbox 665 3342 982 3398; x_wconf 84' lang='lat' dir='ltr'><strong>maledictus.</strong></span> <span class='ocrx_word' id='word_1_263' title='bbox 1002 3342 1081 3397; x_wconf 86' lang='lat' dir='ltr'><strong>Ex</strong></span> <span class='ocrx_word' id='word_1_264' title='bbox 1103 3343 1203 3397; x_wconf 88' lang='lat' dir='ltr'><strong>ista</strong></span> <span class='ocrx_word' id='word_1_265' title='bbox 1223 3342 1347 3398; x_wconf 87' lang='lat' dir='ltr'><strong>fidei</strong></span> <span class='ocrx_word' id='word_1_266' title='bbox 1369 3343 1726 3408; x_wconf 82' lang='lat' dir='ltr'><strong>confessione,</strong></span> 
     </span>
    </p>
   </div>
   <div class='ocr_carea' id='block_1_36' title="bbox 181 3430 1732 3505">
    <p class='ocr_par' dir='ltr' id='par_1_36' title="bbox 181 3430 1732 3505">
     <span class='ocr_line' id='line_1_36' title="bbox 181 3430 1732 3505; baseline 0.005 -24"><span class='ocrx_word' id='word_1_267' title='bbox 181 3444 283 3496; x_wconf 67' lang='lat' dir='ltr'><strong>quae</strong></span> <span class='ocrx_word' id='word_1_268' title='bbox 304 3430 516 3487; x_wconf 87' lang='lat' dir='ltr'><strong>breviter</strong></span> <span class='ocrx_word' id='word_1_269' title='bbox 546 3432 811 3505; x_wconf 81' lang='lat' dir='ltr'><strong>Symbolo</strong></span> <span class='ocrx_word' id='word_1_270' title='bbox 835 3432 1158 3501; x_wconf 89' lang='lat' dir='ltr'><strong>continetur,</strong></span> <span class='ocrx_word' id='word_1_271' title='bbox 1190 3442 1242 3489; x_wconf 91' lang='lat' dir='ltr'><strong>et</strong></span> <span class='ocrx_word' id='word_1_272' title='bbox 1270 3434 1555 3489; x_wconf 90' lang='lat' dir='ltr'><strong>carnaliter</strong></span> <span class='ocrx_word' id='word_1_273' title='bbox 1584 3433 1732 3504; x_wconf 87' lang='lat' dir='ltr'><strong>cogi-</strong></span> 
     </span>
    </p>
   </div>
   <div class='ocr_carea' id='block_1_37' title="bbox 182 3521 1729 3594">
    <p class='ocr_par' dir='ltr' id='par_1_37' title="bbox 182 3521 1729 3594">
     <span class='ocr_line' id='line_1_37' title="bbox 182 3521 1729 3594; baseline 0.006 -23"><span class='ocrx_word' id='word_1_274' title='bbox 182 3526 274 3573; x_wconf 85' lang='lat' dir='ltr'><strong>tata</strong></span> <span class='ocrx_word' id='word_1_275' title='bbox 296 3521 368 3576; x_wconf 87' lang='lat' dir='ltr'><strong>lac</strong></span> <span class='ocrx_word' id='word_1_276' title='bbox 386 3523 726 3592; x_wconf 85' lang='lat' dir='ltr'><strong>parvulorum</strong></span> <span class='ocrx_word' id='word_1_277' title='bbox 753 3532 857 3591; x_wconf 69' lang='lat' dir='ltr'><strong>est,</strong></span> <span class='ocrx_word' id='word_1_278' title='bbox 899 3523 1247 3594; x_wconf 88' lang='lat' dir='ltr'><strong>spiritualiter</strong></span> <span class='ocrx_word' id='word_1_279' title='bbox 1272 3532 1450 3580; x_wconf 85' lang='lat' dir='ltr'><strong>autem</strong></span> <span class='ocrx_word' id='word_1_280' title='bbox 1481 3523 1729 3580; x_wconf 82' lang='lat' dir='ltr'><strong>conside-</strong></span> 
     </span>
    </p>
   </div>
   <div class='ocr_carea' id='block_1_38' title="bbox 184 3614 1732 3686">
    <p class='ocr_par' dir='ltr' id='par_1_38' title="bbox 184 3614 1732 3686">
     <span class='ocr_line' id='line_1_38' title="bbox 184 3614 1732 3686; baseline 0.005 -22"><span class='ocrx_word' id='word_1_281' title='bbox 184 3619 283 3665; x_wconf 85' lang='lat' dir='ltr'><strong>rata</strong></span> <span class='ocrx_word' id='word_1_282' title='bbox 303 3621 439 3684; x_wconf 83' lang='lat' dir='ltr'><strong>atque</strong></span> <span class='ocrx_word' id='word_1_283' title='bbox 462 3624 693 3672; x_wconf 83' lang='lat' dir='ltr'><strong>tractata</strong></span> <span class='ocrx_word' id='word_1_284' title='bbox 725 3615 876 3672; x_wconf 92' lang='lat' dir='ltr'><strong>cibus</strong></span> <span class='ocrx_word' id='word_1_285' title='bbox 909 3624 994 3671; x_wconf 89' lang='lat' dir='ltr'><strong>est</strong></span> <span class='ocrx_word' id='word_1_286' title='bbox 1036 3614 1251 3671; x_wconf 78' lang='lat' dir='ltr'><strong>fortium</strong></span> <span class='ocrx_word' id='word_1_287' title='bbox 1275 3654 1291 3679; x_wconf 85' lang='lat'><strong>,</strong></span> <span class='ocrx_word' id='word_1_288' title='bbox 1336 3616 1572 3671; x_wconf 89' lang='lat' dir='ltr'><strong>nascitur</strong></span> <span class='ocrx_word' id='word_1_289' title='bbox 1608 3630 1732 3686; x_wconf 90' lang='lat' dir='ltr'><strong>spes</strong></span> 
     </span>
    </p>
   </div>
   <div class='ocr_carea' id='block_1_39' title="bbox 186 3700 1731 3774">
    <p class='ocr_par' dir='ltr' id='par_1_39' title="bbox 186 3700 1731 3774">
     <span class='ocr_line' id='line_1_39' title="bbox 186 3700 1731 3774; baseline 0.006 -20"><span class='ocrx_word' id='word_1_290' title='bbox 186 3700 305 3755; x_wconf 87' lang='lat' dir='ltr'><strong>bona</strong></span> <span class='ocrx_word' id='word_1_291' title='bbox 331 3703 570 3774; x_wconf 81' lang='lat' dir='ltr'><strong>ﬁdelium,</strong></span> <span class='ocrx_word' id='word_1_292' title='bbox 596 3705 689 3762; x_wconf 91' lang='lat' dir='ltr'><strong>cui</strong></span> <span class='ocrx_word' id='word_1_293' title='bbox 718 3705 953 3761; x_wconf 87' lang='lat' dir='ltr'><strong>cbaritas</strong></span> <span class='ocrx_word' id='word_1_294' title='bbox 979 3716 1161 3762; x_wconf 89' lang='lat' dir='ltr'><strong>sancta</strong></span> <span class='ocrx_word' id='word_1_295' title='bbox 1191 3707 1499 3762; x_wconf 87' lang='lat' dir='ltr'><strong>comitatur.</strong></span> <span class='ocrx_word' id='word_1_296' title='bbox 1530 3706 1633 3763; x_wconf 84' lang='lat' dir='ltr'><strong>Sed</strong></span> <span class='ocrx_word' id='word_1_297' title='bbox 1663 3708 1731 3764; x_wconf 90' lang='lat' dir='ltr'><strong>de</strong></span> 
     </span>
    </p>
   </div>
   <div class='ocr_carea' id='block_1_40' title="bbox 179 3788 1729 3868">
    <p class='ocr_par' dir='ltr' id='par_1_40' title="bbox 179 3788 1729 3868">
     <span class='ocr_line' id='line_1_40' title="bbox 179 3788 1729 3868; baseline 0.005 -22"><span class='ocrx_word' id='word_1_298' title='bbox 179 3788 238 3847; x_wconf 88' lang='lat' dir='ltr'><strong>iis</strong></span> <span class='ocrx_word' id='word_1_299' title='bbox 260 3794 476 3851; x_wconf 88' lang='lat' dir='ltr'><strong>omnibus</strong></span> <span class='ocrx_word' id='word_1_300' title='bbox 502 3812 633 3868; x_wconf 71' lang='lat' dir='ltr'><strong>quae</strong></span> <span class='ocrx_word' id='word_1_301' title='bbox 678 3795 907 3852; x_wconf 81' lang='lat' dir='ltr'><strong>fideliter</strong></span> <span class='ocrx_word' id='word_1_302' title='bbox 946 3805 1072 3852; x_wconf 89' lang='lat' dir='ltr'><strong>sunt</strong></span> <span class='ocrx_word' id='word_1_303' title='bbox 1112 3797 1400 3864; x_wconf 89' lang='lat' dir='ltr'><strong>credenda,</strong></span> <span class='ocrx_word' id='word_1_304' title='bbox 1431 3812 1494 3853; x_wconf 92' lang='lat' dir='ltr'><strong>ea</strong></span> <span class='ocrx_word' id='word_1_305' title='bbox 1524 3806 1729 3853; x_wconf 90' lang='lat' dir='ltr'><strong>tantum</strong></span> 
     </span>
    </p>
   </div>
   <div class='ocr_carea' id='block_1_41' title="bbox 176 3882 1728 3958">
    <p class='ocr_par' dir='ltr' id='par_1_41' title="bbox 176 3882 1728 3958">
     <span class='ocr_line' id='line_1_41' title="bbox 176 3882 1728 3958; baseline 0.006 -22"><span class='ocrx_word' id='word_1_306' title='bbox 176 3882 234 3936; x_wconf 81' lang='lat' dir='ltr'><strong>ad</strong></span> <span class='ocrx_word' id='word_1_307' title='bbox 270 3897 402 3954; x_wconf 86' lang='lat' dir='ltr'><strong>spem</strong></span> <span class='ocrx_word' id='word_1_308' title='bbox 438 3888 712 3956; x_wconf 85' lang='lat' dir='ltr'><strong>pertinent</strong></span> <span class='ocrx_word' id='word_1_309' title='bbox 739 3903 858 3958; x_wconf 72' lang='lat' dir='ltr'><strong>qua:</strong></span> <span class='ocrx_word' id='word_1_310' title='bbox 887 3888 1129 3944; x_wconf 89' lang='lat' dir='ltr'><strong>oratione</strong></span> <span class='ocrx_word' id='word_1_311' title='bbox 1154 3887 1422 3945; x_wconf 90' lang='lat' dir='ltr'><strong>dominica</strong></span> <span class='ocrx_word' id='word_1_312' title='bbox 1449 3890 1728 3945; x_wconf 87' lang='lat' dir='ltr'><strong>continen-</strong></span> 
     </span>
    </p>
   </div>
   <div class='ocr_carea' id='block_1_42' title="bbox 178 3974 1732 4047">
    <p class='ocr_par' dir='ltr' id='par_1_42' title="bbox 178 3974 1732 4047">
     <span class='ocr_line' id='line_1_42' title="bbox 178 3974 1732 4047; baseline 0.006 -20"><span class='ocrx_word' id='word_1_313' title='bbox 178 3980 263 4029; x_wconf 89' lang='lat' dir='ltr'><strong>tur.</strong></span> <span class='ocrx_word' id='word_1_314' title='bbox 304 3974 599 4034; x_wconf 74' lang='lat' dir='ltr'><strong>Halcdictus</strong></span> <span class='ocrx_word' id='word_1_315' title='bbox 642 3978 789 4034; x_wconf 90' lang='lat' dir='ltr'><strong>enim</strong></span> <span class='ocrx_word' id='word_1_316' title='bbox 822 3979 1022 4047; x_wconf 87' lang='lat' dir='ltr'><strong>omnis,</strong></span> <span class='ocrx_word' id='word_1_317' title='bbox 1063 3979 1201 4034; x_wconf 91' lang='lat' dir='ltr'><strong>sicut</strong></span> <span class='ocrx_word' id='word_1_318' title='bbox 1245 3980 1423 4035; x_wconf 91' lang='lat' dir='ltr'><strong>divina</strong></span> <span class='ocrx_word' id='word_1_319' title='bbox 1470 3990 1732 4037; x_wconf 88' lang='lat' dir='ltr'><strong>testantur</strong></span> 
     </span>
    </p>
   </div>
   <div class='ocr_carea' id='block_1_43' title="bbox 178 4064 1732 4144">
    <p class='ocr_par' dir='ltr' id='par_1_43' title="bbox 178 4064 1732 4144">
     <span class='ocr_line' id='line_1_43' title="bbox 178 4064 1732 4144; baseline 0.007 -26"><span class='ocrx_word' id='word_1_320' title='bbox 178 4064 374 4137; x_wconf 87' lang='lat' dir='ltr'><strong>eloquia,</strong></span> <span class='ocrx_word' id='word_1_321' title='bbox 398 4072 479 4138; x_wconf 82' lang='lat' dir='ltr'><strong>qui</strong></span> <span class='ocrx_word' id='word_1_322' title='bbox 499 4086 654 4141; x_wconf 83' lang='lat' dir='ltr'><strong>spem</strong></span> <span class='ocrx_word' id='word_1_323' title='bbox 682 4069 824 4141; x_wconf 84' lang='lat' dir='ltr'><strong>ponit</strong></span> <span class='ocrx_word' id='word_1_324' title='bbox 851 4071 904 4125; x_wconf 90' lang='lat' dir='ltr'><strong>in</strong></span> <span class='ocrx_word' id='word_1_325' title='bbox 928 4070 1129 4125; x_wconf 82' lang='lat' dir='ltr'><strong>homine</strong></span> <span class='ocrx_word' id='word_1_326' title='bbox 1155 4069 1364 4141; x_wconf 81' lang='lat' dir='ltr'><strong>(Jerem.</strong></span> <span class='ocrx_word' id='word_1_327' title='bbox 1389 4088 1516 4139; x_wconf 83' lang='lat' dir='ltr'><strong>xvn,</strong></span> <span class='ocrx_word' id='word_1_328' title='bbox 1547 4073 1603 4144; x_wconf 84' lang='lat'><strong>5)</strong></span> <span class='ocrx_word' id='word_1_329' title='bbox 1629 4091 1641 4127; x_wconf 90' lang='lat'>:</span> <span class='ocrx_word' id='word_1_330' title='bbox 1667 4088 1732 4129; x_wconf 91' lang='lat' dir='ltr'><strong>ac</strong></span> 
     </span>
    </p>
   </div>
   <div class='ocr_carea' id='block_1_44' title="bbox 178 4156 1728 4234">
    <p class='ocr_par' dir='ltr' id='par_1_44' title="bbox 178 4156 1728 4234">
     <span class='ocr_line' id='line_1_44' title="bbox 178 4156 1728 4234; baseline 0.007 -24"><span class='ocrx_word' id='word_1_331' title='bbox 178 4170 255 4224; x_wconf 86' lang='lat' dir='ltr'><strong>per</strong></span> <span class='ocrx_word' id='word_1_332' title='bbox 275 4156 365 4216; x_wconf 83' lang='lat' dir='ltr'><strong>hoc</strong></span> <span class='ocrx_word' id='word_1_333' title='bbox 387 4170 439 4217; x_wconf 88' lang='lat' dir='ltr'><strong>et</strong></span> <span class='ocrx_word' id='word_1_334' title='bbox 467 4162 519 4217; x_wconf 91' lang='lat' dir='ltr'><strong>in</strong></span> <span class='ocrx_word' id='word_1_335' title='bbox 557 4176 618 4218; x_wconf 90' lang='lat' dir='ltr'><strong>se</strong></span> <span class='ocrx_word' id='word_1_336' title='bbox 645 4163 761 4233; x_wconf 91' lang='lat' dir='ltr'><strong>ipso</strong></span> <span class='ocrx_word' id='word_1_337' title='bbox 786 4162 877 4232; x_wconf 91' lang='lat' dir='ltr'><strong>qui</strong></span> <span class='ocrx_word' id='word_1_338' title='bbox 907 4178 1057 4232; x_wconf 90' lang='lat' dir='ltr'><strong>spem</strong></span> <span class='ocrx_word' id='word_1_339' title='bbox 1090 4164 1255 4232; x_wconf 89' lang='lat' dir='ltr'><strong>ponit,</strong></span> <span class='ocrx_word' id='word_1_340' title='bbox 1284 4164 1442 4234; x_wconf 83' lang='lat' dir='ltr'><strong>hujus</strong></span> <span class='ocrx_word' id='word_1_341' title='bbox 1463 4165 1728 4221; x_wconf 87' lang='lat' dir='ltr'><strong>maledicti</strong></span> 
     </span>
    </p>
   </div>
   <div class='ocr_carea' id='block_1_45' title="bbox 176 4245 1729 4326">
    <p class='ocr_par' dir='ltr' id='par_1_45' title="bbox 176 4245 1729 4326">
     <span class='ocr_line' id='line_1_45' title="bbox 176 4245 1729 4326; baseline 0.007 -26"><span class='ocrx_word' id='word_1_342' title='bbox 176 4245 353 4305; x_wconf 86' lang='lat' dir='ltr'><strong>vinculo</strong></span> <span class='ocrx_word' id='word_1_343' title='bbox 377 4252 690 4307; x_wconf 87' lang='lat' dir='ltr'><strong>innectitur.</strong></span> <span class='ocrx_word' id='word_1_344' title='bbox 718 4251 844 4308; x_wconf 89' lang='lat' dir='ltr'><strong>Ideo</strong></span> <span class='ocrx_word' id='word_1_345' title='bbox 868 4268 974 4307; x_wconf 90' lang='lat' dir='ltr'><strong>non</strong></span> <span class='ocrx_word' id='word_1_346' title='bbox 1002 4252 1147 4309; x_wconf 91' lang='lat' dir='ltr'><strong>nisia</strong></span> <span class='ocrx_word' id='word_1_347' title='bbox 1168 4254 1390 4310; x_wconf 89' lang='lat' dir='ltr'><strong>Domino</strong></span> <span class='ocrx_word' id='word_1_348' title='bbox 1420 4256 1529 4311; x_wconf 91' lang='lat' dir='ltr'><strong>Deo</strong></span> <span class='ocrx_word' id='word_1_349' title='bbox 1546 4266 1729 4326; x_wconf 87' lang='lat' dir='ltr'><strong>petere</strong></span> 
     </span>
    </p>
   </div>
   <div class='ocr_carea' id='block_1_46' title="bbox 174 4337 1731 4420">
    <p class='ocr_par' dir='ltr' id='par_1_46' title="bbox 174 4337 1731 4420">
     <span class='ocr_line' id='line_1_46' title="bbox 174 4337 1731 4420; baseline 0.006 -25"><span class='ocrx_word' id='word_1_350' title='bbox 174 4337 415 4409; x_wconf 85' lang='lat' dir='ltr'><strong>debemus,</strong></span> <span class='ocrx_word' id='word_1_351' title='bbox 437 4344 708 4416; x_wconf 86' lang='lat' dir='ltr'><strong>quidquid</strong></span> <span class='ocrx_word' id='word_1_352' title='bbox 736 4360 1014 4415; x_wconf 90' lang='lat' dir='ltr'><strong>speramus</strong></span> <span class='ocrx_word' id='word_1_353' title='bbox 1030 4361 1128 4402; x_wconf 91' lang='lat' dir='ltr'><strong>nos</strong></span> <span class='ocrx_word' id='word_1_354' title='bbox 1143 4348 1224 4402; x_wconf 89' lang='lat' dir='ltr'><strong>vel</strong></span> <span class='ocrx_word' id='word_1_355' title='bbox 1251 4348 1387 4404; x_wconf 90' lang='lat' dir='ltr'><strong>bene</strong></span> <span class='ocrx_word' id='word_1_356' title='bbox 1415 4358 1731 4420; x_wconf 89' lang='lat' dir='ltr'><strong>operaturos</strong></span> 
     </span>
    </p>
   </div>
   <div class='ocr_carea' id='block_1_47' title="bbox 177 4431 1201 4507">
    <p class='ocr_par' dir='ltr' id='par_1_47' title="bbox 177 4431 1201 4507">
     <span class='ocr_line' id='line_1_47' title="bbox 177 4431 1201 4507; baseline 0.005 -21"><span class='ocrx_word' id='word_1_357' title='bbox 177 4431 245 4487; x_wconf 74' lang='lat' dir='ltr'><strong>vel</strong></span> <span class='ocrx_word' id='word_1_358' title='bbox 268 4450 352 4504; x_wconf 83' lang='lat' dir='ltr'><strong>pro</strong></span> <span class='ocrx_word' id='word_1_359' title='bbox 378 4436 399 4468; x_wconf 81' lang='grc'>⁸</span> <span class='ocrx_word' id='word_1_360' title='bbox 423 4437 585 4492; x_wconf 89' lang='lat' dir='ltr'><strong>bonis</strong></span> <span class='ocrx_word' id='word_1_361' title='bbox 610 4437 866 4507; x_wconf 90' lang='lat' dir='ltr'><strong>operibus</strong></span> <span class='ocrx_word' id='word_1_362' title='bbox 894 4437 1201 4507; x_wconf 90' lang='lat' dir='ltr'><strong>adepturos.</strong></span> 
     </span>
    </p>
   </div>
   <div class='ocr_carea' id='block_1_48' title="bbox 230 4523 1728 4602">
    <p class='ocr_par' dir='ltr' id='par_1_48' title="bbox 230 4523 1728 4602">
     <span class='ocr_line' id='line_1_48' title="bbox 230 4523 1728 4602; baseline 0.005 -24"><span class='ocrx_word' id='word_1_363' title='bbox 230 4523 433 4582; x_wconf 77' lang='lat' dir='ltr'><strong>CAPUT</strong></span> <span class='ocrx_word' id='word_1_364' title='bbox 469 4527 639 4585; x_wconf 83' lang='lat' dir='ltr'><strong>CXV.</strong></span> <span class='ocrx_word' id='word_1_365' title='bbox 680 4557 754 4568; x_wconf 93' lang='lat'><strong><em>—</em></strong></span> <span class='ocrx_word' id='word_1_366' title='bbox 796 4527 1056 4583; x_wconf 86' lang='lat' dir='ltr'><strong>Orationis</strong></span> <span class='ocrx_word' id='word_1_367' title='bbox 1101 4529 1365 4584; x_wconf 76' lang='lat' dir='ltr'><strong>dominica:</strong></span> <span class='ocrx_word' id='word_1_368' title='bbox 1402 4531 1542 4602; x_wconf 83' lang='lat' dir='ltr'><strong>apud</strong></span> <span class='ocrx_word' id='word_1_369' title='bbox 1586 4529 1728 4585; x_wconf 79' lang='lat' dir='ltr'><strong>Mat-</strong></span> 
     </span>
    </p>
   </div>
   <div class='ocr_carea' id='block_1_49' title="bbox 176 4615 1728 4695">
    <p class='ocr_par' dir='ltr' id='par_1_49' title="bbox 176 4615 1728 4695">
     <span class='ocr_line' id='line_1_49' title="bbox 176 4615 1728 4695; baseline 0.009 -30"><span class='ocrx_word' id='word_1_370' title='bbox 176 4615 332 4670; x_wconf 73' lang='lat' dir='ltr'><strong>uicum</strong></span> <span class='ocrx_word' id='word_1_371' title='bbox 359 4620 621 4687; x_wconf 78' lang='lat' dir='ltr'><strong>petitiones</strong></span> <span class='ocrx_word' id='word_1_372' title='bbox 660 4628 869 4692; x_wconf 78' lang='lat' dir='ltr'><strong>septem.</strong></span> <span class='ocrx_word' id='word_1_373' title='bbox 916 4620 1143 4677; x_wconf 84' lang='lat' dir='ltr'><strong>Proinde</strong></span> <span class='ocrx_word' id='word_1_374' title='bbox 1171 4622 1311 4692; x_wconf 91' lang='lat' dir='ltr'><strong>apud</strong></span> <span class='ocrx_word' id='word_1_375' title='bbox 1351 4624 1728 4695; x_wconf 82' lang='lat' dir='ltr'><strong>evangelistam</strong></span> 
     </span>
    </p>
   </div>
   <div class='ocr_carea' id='block_1_50' title="bbox 176 4704 1727 4783">
    <p class='ocr_par' dir='ltr' id='par_1_50' title="bbox 176 4704 1727 4783">
     <span class='ocr_line' id='line_1_50' title="bbox 176 4704 1727 4783; baseline 0.008 -23"><span class='ocrx_word' id='word_1_376' title='bbox 176 4704 440 4765; x_wconf 68' lang='lat' dir='ltr'><strong>Matthaanm</strong></span> <span class='ocrx_word' id='word_1_377' title='bbox 474 4722 689 4783; x_wconf 85' lang='lat' dir='ltr'><strong>septem</strong></span> <span class='ocrx_word' id='word_1_378' title='bbox 733 4712 1014 4782; x_wconf 89' lang='lat' dir='ltr'><strong>petitiones</strong></span> <span class='ocrx_word' id='word_1_379' title='bbox 1052 4715 1328 4771; x_wconf 88' lang='lat' dir='ltr'><strong>continere</strong></span> <span class='ocrx_word' id='word_1_380' title='bbox 1355 4715 1619 4772; x_wconf 91' lang='lat' dir='ltr'><strong>dominica</strong></span> <span class='ocrx_word' id='word_1_381' title='bbox 1649 4719 1727 4773; x_wconf 87' lang='lat' dir='ltr'><strong>vi-</strong></span> 
     </span>
    </p>
   </div>
   <div class='ocr_carea' id='block_1_51' title="bbox 176 4799 1726 4879">
    <p class='ocr_par' dir='ltr' id='par_1_51' title="bbox 176 4799 1726 4879">
     <span class='ocr_line' id='line_1_51' title="bbox 176 4799 1726 4879; baseline 0.01 -26"><span class='ocrx_word' id='word_1_382' title='bbox 176 4799 303 4855; x_wconf 84' lang='lat' dir='ltr'><strong>detur</strong></span> <span class='ocrx_word' id='word_1_383' title='bbox 324 4808 488 4860; x_wconf 83' lang='lat' dir='ltr'><strong>oratio</strong></span> <span class='ocrx_word' id='word_1_384' title='bbox 531 4825 545 4861; x_wconf 93' lang='lat'><strong>:</strong></span> <span class='ocrx_word' id='word_1_385' title='bbox 592 4821 818 4877; x_wconf 87' lang='lat' dir='ltr'><strong>quarum</strong></span> <span class='ocrx_word' id='word_1_386' title='bbox 849 4807 1017 4863; x_wconf 87' lang='lat' dir='ltr'><strong>tribus</strong></span> <span class='ocrx_word' id='word_1_387' title='bbox 1040 4815 1240 4863; x_wconf 66' lang='lat' dir='ltr'><strong>aeterna</strong></span> <span class='ocrx_word' id='word_1_388' title='bbox 1269 4819 1577 4879; x_wconf 92' lang='lat' dir='ltr'><strong>poscuntur,</strong></span> <span class='ocrx_word' id='word_1_389' title='bbox 1601 4812 1726 4867; x_wconf 89' lang='lat' dir='ltr'><strong>reli-</strong></span> 
     </span>
    </p>
   </div>
   <div class='ocr_carea' id='block_1_52' title="bbox 177 4892 1729 4972">
    <p class='ocr_par' dir='ltr' id='par_1_52' title="bbox 177 4892 1729 4972">
     <span class='ocr_line' id='line_1_52' title="bbox 177 4892 1729 4972; baseline 0.008 -26"><span class='ocrx_word' id='word_1_390' title='bbox 177 4892 274 4959; x_wconf 85' lang='lat' dir='ltr'><strong>quis</strong></span> <span class='ocrx_word' id='word_1_391' title='bbox 296 4905 534 4965; x_wconf 88' lang='lat' dir='ltr'><strong>quatuor,</strong></span> <span class='ocrx_word' id='word_1_392' title='bbox 568 4897 882 4968; x_wconf 88' lang='lat' dir='ltr'><strong>temporalia</strong></span> <span class='ocrx_word' id='word_1_393' title='bbox 904 4940 919 4966; x_wconf 93' lang='lat'><strong>,</strong></span> <span class='ocrx_word' id='word_1_394' title='bbox 947 4915 1064 4970; x_wconf 78' lang='lat' dir='ltr'><strong>qua:</strong></span> <span class='ocrx_word' id='word_1_395' title='bbox 1094 4908 1268 4955; x_wconf 90' lang='lat' dir='ltr'><strong>tamen</strong></span> <span class='ocrx_word' id='word_1_396' title='bbox 1295 4910 1511 4972; x_wconf 91' lang='lat' dir='ltr'><strong>propter</strong></span> <span class='ocrx_word' id='word_1_397' title='bbox 1531 4912 1729 4959; x_wconf 61' lang='lat' dir='ltr'><strong>aeterna</strong></span> 
     </span>
    </p>
   </div>
   <div class='ocr_carea' id='block_1_53' title="bbox 175 4988 1725 5065">
    <p class='ocr_par' dir='ltr' id='par_1_53' title="bbox 175 4988 1725 5065">
     <span class='ocr_line' id='line_1_53' title="bbox 175 4988 1725 5065; baseline 0.008 -26"><span class='ocrx_word' id='word_1_398' title='bbox 175 4988 513 5056; x_wconf 77' lang='lat' dir='ltr'><strong>consequentia</strong></span> <span class='ocrx_word' id='word_1_399' title='bbox 553 4998 682 5043; x_wconf 89' lang='lat' dir='ltr'><strong>sunt</strong></span> <span class='ocrx_word' id='word_1_400' title='bbox 726 4992 1049 5047; x_wconf 88' lang='lat' dir='ltr'><strong>necessaria.</strong></span> <span class='ocrx_word' id='word_1_401' title='bbox 1094 4992 1225 5047; x_wconf 88' lang='lat' dir='ltr'><strong>Nam</strong></span> <span class='ocrx_word' id='word_1_402' title='bbox 1275 4994 1416 5065; x_wconf 86' lang='lat' dir='ltr'><strong>quod</strong></span> <span class='ocrx_word' id='word_1_403' title='bbox 1462 4995 1725 5065; x_wconf 90' lang='lat' dir='ltr'><strong>dicimus,</strong></span> 
     </span>
    </p>
   </div>
   <div class='ocr_carea' id='block_1_54' title="bbox 177 5067 1731 5155">
    <p class='ocr_par' dir='ltr' id='par_1_54' title="bbox 177 5067 1731 5155">
     <span class='ocr_line' id='line_1_54' title="bbox 177 5067 1731 5155; baseline 0.011 -31"><span class='ocrx_word' id='word_1_404' title='bbox 177 5067 500 5146; x_wconf 77' lang='lat' dir='ltr'><strong>Sanctiﬁcetur</strong></span> <span class='ocrx_word' id='word_1_405' title='bbox 524 5096 708 5134; x_wconf 82' lang='lat' dir='ltr'><strong>nomen</strong></span> <span class='ocrx_word' id='word_1_406' title='bbox 731 5090 888 5147; x_wconf 88' lang='lat' dir='ltr'><strong>tuum,</strong></span> <span class='ocrx_word' id='word_1_407' title='bbox 916 5082 1158 5136; x_wconf 76' lang='lat' dir='ltr'><strong>Adveniet</strong></span> <span class='ocrx_word' id='word_1_408' title='bbox 1180 5099 1389 5155; x_wconf 80' lang='lat' dir='ltr'><strong>regnum</strong></span> <span class='ocrx_word' id='word_1_409' title='bbox 1415 5095 1577 5154; x_wconf 86' lang='lat' dir='ltr'><strong>tuum,</strong></span> <span class='ocrx_word' id='word_1_410' title='bbox 1612 5086 1731 5141; x_wconf 82' lang='lat' dir='ltr'><strong>Fiat</strong></span> 
     </span>
    </p>
   </div>
   <div class='ocr_carea' id='block_1_55' title="bbox 178 5291 1725 5410">
    <p class='ocr_par' dir='ltr' id='par_1_55' title="bbox 178 5291 1725 5410">
     <span class='ocr_line' id='line_1_55' title="bbox 178 5291 1725 5410; baseline 0.005 -67"><span class='ocrx_word' id='word_1_411' title='bbox 178 5291 459 5410; x_wconf 33' lang='lat' dir='ltr'><strong>m’xa‘ictts.</strong></span> <span class='ocrx_word' id='word_1_412' title='bbox 504 5305 565 5348; x_wconf 76' lang='lat' dir='ltr'><strong>At</strong></span> <span class='ocrx_word' id='word_1_413' title='bbox 586 5291 1152 5363; x_wconf 42' lang='lat' dir='ltr'><strong>meammeam</strong></span> <span class='ocrx_word' id='word_1_414' title='bbox 1193 5307 1246 5351; x_wconf 92' lang='lat' dir='ltr'><strong>et</strong></span> <span class='ocrx_word' id='word_1_415' title='bbox 1281 5299 1420 5362; x_wconf 83' lang='lat' dir='ltr'><strong>infra,</strong></span> <span class='ocrx_word' id='word_1_416' title='bbox 1462 5300 1725 5363; x_wconf 84' lang='lat' dir='ltr'><strong>bonorum,</strong></span> 
     </span>
    </p>
   </div>
   <div class='ocr_carea' id='block_1_56' title="bbox 230 5413 1229 5486">
    <p class='ocr_par' dir='ltr' id='par_1_56' title="bbox 230 5413 1229 5486">
     <span class='ocr_line' id='line_1_56' title="bbox 230 5413 1229 5486; baseline -0.003 -11"><span class='ocrx_word' id='word_1_417' title='bbox 230 5413 249 5486; x_wconf 58' lang='grc' dir='ltr'><em>ξ</em></span> <span class='ocrx_word' id='word_1_418' title='bbox 542 5432 652 5485; x_wconf 88' lang='lat' dir='ltr'><strong>pro,</strong></span> <span class='ocrx_word' id='word_1_419' title='bbox 673 5422 817 5473; x_wconf 75' lang='lat' dir='ltr'><strong>abest</strong></span> <span class='ocrx_word' id='word_1_420' title='bbox 836 5437 864 5474; x_wconf 86' lang='lat' dir='ltr'><strong>a</strong></span> <span class='ocrx_word' id='word_1_421' title='bbox 882 5422 1100 5486; x_wconf 86' lang='lat' dir='ltr'><strong>pluribus</strong></span> <span class='ocrx_word' id='word_1_422' title='bbox 1117 5430 1229 5474; x_wconf 73' lang='lat' dir='ltr'><strong>Mss.</strong></span> 
     </span>
    </p>
   </div>
   <div class='ocr_carea' id='block_1_57' title="bbox 229 5474 1728 5547">
    <p class='ocr_par' dir='ltr' id='par_1_57' title="bbox 229 5474 1728 5547">
     <span class='ocr_line' id='line_1_57' title="bbox 229 5474 1728 5547; baseline 0.003 -14"><span class='ocrx_word' id='word_1_423' title='bbox 229 5474 302 5547; x_wconf 57' lang='grc' dir='ltr'><strong>(ᾳ),</strong></span> <span class='ocrx_word' id='word_1_424' title='bbox 320 5474 595 5532; x_wconf 65' lang='lat' dir='ltr'><strong>Imbeftt&#39;ts</strong></span> <span class='ocrx_word' id='word_1_425' title='bbox 625 5474 833 5547; x_wconf 52' lang='lat' dir='ltr'><strong>canens</strong></span> <span class='ocrx_word' id='word_1_426' title='bbox 863 5474 965 5536; x_wconf 75' lang='lat' dir='ltr'><strong>tboo</strong></span> <span class='ocrx_word' id='word_1_427' title='bbox 998 5485 1272 5537; x_wconf 71' lang='lat' dir='ltr'><strong>timentibus</strong></span> <span class='ocrx_word' id='word_1_428' title='bbox 1287 5521 1303 5547; x_wconf 91' lang='lat'><strong>,</strong></span> <span class='ocrx_word' id='word_1_429' title='bbox 1326 5487 1572 5537; x_wconf 78' lang='lat' dir='ltr'><strong>substituit</strong></span> <span class='ocrx_word' id='word_1_430' title='bbox 1609 5490 1728 5538; x_wconf 81' lang='lat' dir='ltr'><strong>tem-</strong></span> 
     </span>
    </p>
   </div>
   <div class='ocr_carea' id='block_1_58' title="bbox 180 5536 1727 5612">
    <p class='ocr_par' dir='ltr' id='par_1_58' title="bbox 180 5536 1727 5612">
     <span class='ocr_line' id='line_1_58' title="bbox 180 5536 1727 5612; baseline 0.006 -23"><span class='ocrx_word' id='word_1_431' title='bbox 398 5555 500 5612; x_wconf 76' lang='lat' dir='ltr'><strong>_uon</strong></span> <span class='ocrx_word' id='word_1_432' title='bbox 515 5550 743 5612; x_wconf 61' lang='lat' dir='ltr'><strong>vetentm</strong></span> <span class='ocrx_word' id='word_1_433' title='bbox 758 5536 1301 5612; x_wconf 81' lang='lat' dir='ltr'><strong>librorum</strong></span> <span class='ocrx_word' id='word_1_434' title='bbox 1322 5536 1411 5600; x_wconf 75' lang='lat' dir='ltr'><strong>sed</strong></span> <span class='ocrx_word' id='word_1_435' title='bbox 1437 5536 1727 5610; x_wconf 76' lang='lat' dir='ltr'><strong>postulante,</strong></span> 
     </span>
    </p>
   </div>
   <div class='ocr_carea' id='block_1_59' title="bbox 182 5601 1729 5671">
    <p class='ocr_par' dir='ltr' id='par_1_59' title="bbox 182 5601 1729 5671">
     <span class='ocr_line' id='line_1_59' title="bbox 182 5601 1729 5671; baseline -0.001 -10"><span class='ocrx_word' id='word_1_436' title='bbox 182 5601 435 5671; x_wconf 44' lang='lat'><strong>2‘33,“</strong></span> <span class='ocrx_word' id='word_1_437' title='bbox 444 5606 741 5671; x_wconf 43' lang='lat' dir='ltr'><strong>omjectage,</strong></span> <span class='ocrx_word' id='word_1_438' title='bbox 754 5610 979 5659; x_wconf 61' lang='grc' dir='ltr'><strong>πιϋὼεεί</strong></span> <span class='ocrx_word' id='word_1_439' title='bbox 999 5611 1058 5660; x_wconf 77' lang='lat' dir='ltr'><strong>ad</strong></span> <span class='ocrx_word' id='word_1_440' title='bbox 1080 5611 1207 5660; x_wconf 86' lang='lat' dir='ltr'><strong>aliud</strong></span> <span class='ocrx_word' id='word_1_441' title='bbox 1222 5601 1512 5662; x_wconf 72' lang='lat' dir='ltr'><strong>membrum.</strong></span> <span class='ocrx_word' id='word_1_442' title='bbox 1534 5601 1729 5671; x_wconf 71' lang='lat' dir='ltr'><strong>sperth</strong></span> 
     </span>
    </p>
   </div>
   <div class='ocr_carea' id='block_1_60' title="bbox 180 5654 1726 5746">
    <p class='ocr_par' dir='ltr' id='par_1_60' title="bbox 180 5654 1726 5746">
     <span class='ocr_line' id='line_1_60' title="bbox 180 5654 1726 5746; baseline -0.003 1"><span class='ocrx_word' id='word_1_443' title='bbox 365 5676 424 5746; x_wconf 70' lang='grc' dir='ltr'>ξε.</span> <span class='ocrx_word' id='word_1_444' title='bbox 438 5677 456 5714; x_wconf 90' lang='lat'><strong>-&#39;</strong></span> <span class='ocrx_word' id='word_1_445' title='bbox 1080 5654 1726 5746; x_wconf 57' lang='grc' dir='ltr'><strong>ἰὲὶῖεῖθῖῖῖιξέἧηῆἱίῶὼ</strong></span> 
     </span>
    </p>
   </div>
   <div class='ocr_carea' id='block_1_61' title="bbox 182 5721 1563 5801">
    <p class='ocr_par' dir='ltr' id='par_1_61' title="bbox 182 5721 1563 5801">
     <span class='ocr_line' id='line_1_61' title="bbox 182 5721 1563 5801; baseline 0.005 -19"><span class='ocrx_word' id='word_1_446' title='bbox 182 5721 344 5772; x_wconf 61' lang='grc' dir='ltr'><strong>ωΡεΙιο</strong></span> <span class='ocrx_word' id='word_1_447' title='bbox 365 5724 442 5784; x_wconf 67' lang='grc' dir='ltr'><strong>³ο»</strong></span> <span class='ocrx_word' id='word_1_448' title='bbox 465 5735 517 5779; x_wconf 85' lang='lat' dir='ltr'><strong>et</strong></span> <span class='ocrx_word' id='word_1_449' title='bbox 541 5741 604 5780; x_wconf 81' lang='lat' dir='ltr'><strong>ex</strong></span> <span class='ocrx_word' id='word_1_450' title='bbox 629 5728 714 5779; x_wconf 78' lang='lat' dir='ltr'><strong>lib.</strong></span> <span class='ocrx_word' id='word_1_451' title='bbox 731 5730 783 5782; x_wconf 76' lang='grc'>21</span> <span class='ocrx_word' id='word_1_452' title='bbox 812 5721 875 5782; x_wconf 69' lang='lat' dir='ltr'><strong>de</strong></span> <span class='ocrx_word' id='word_1_453' title='bbox 893 5721 1089 5787; x_wconf 64' lang='lat' dir='ltr'><strong>Civitati:</strong></span> <span class='ocrx_word' id='word_1_454' title='bbox 1108 5721 1368 5801; x_wconf 40' lang='lat' dir='ltr'><strong>utimini.</strong></span> <span class='ocrx_word' id='word_1_455' title='bbox 1385 5721 1465 5798; x_wconf 80' lang='lat' dir='ltr'><strong>I8,</strong></span> <span class='ocrx_word' id='word_1_456' title='bbox 1488 5733 1563 5782; x_wconf 62' lang='grc' dir='ltr'><strong>Ἢ-</strong></span> 
     </span>
    </p>
   </div>
   <div class='ocr_carea' id='block_1_62' title="bbox 1578 304 2019 362">
    <p class='ocr_par' dir='ltr' id='par_1_62' title="bbox 1578 304 2019 362">
     <span class='ocr_line' id='line_1_62' title="bbox 1578 304 2019 362; baseline -0.002 -2"><span class='ocrx_word' id='word_1_457' title='bbox 1578 305 1781 360; x_wconf 76' lang='lat' dir='ltr'><strong>LIBER</strong></span> <span class='ocrx_word' id='word_1_458' title='bbox 1820 304 2019 362; x_wconf 83' lang='lat' dir='ltr'><strong>UNUS.</strong></span> 
     </span>
    </p>
   </div>
   <div class='ocr_carea' id='block_1_63' title="bbox 3324 317 3432 375">
    <p class='ocr_par' dir='ltr' id='par_1_63' title="bbox 3324 317 3432 375">
     <span class='ocr_line' id='line_1_63' title="bbox 3324 317 3432 375; baseline 0 0"><span class='ocrx_word' id='word_1_459' title='bbox 3324 317 3432 375; x_wconf 64' lang='lat'><strong>286</strong></span> 
     </span>
    </p>
   </div>
   <div class='ocr_carea' id='block_1_64' title="bbox 1850 421 3431 503">
    <p class='ocr_par' dir='ltr' id='par_1_64' title="bbox 1850 421 3431 503">
     <span class='ocr_line' id='line_1_64' title="bbox 1850 421 3431 503; baseline 0.009 -28"><span class='ocrx_word' id='word_1_460' title='bbox 1850 421 2081 476; x_wconf 80' lang='lat' dir='ltr'><strong>voluntas</strong></span> <span class='ocrx_word' id='word_1_461' title='bbox 2108 432 2194 475; x_wconf 87' lang='lat' dir='ltr'><strong>tua</strong></span> <span class='ocrx_word' id='word_1_462' title='bbox 2218 422 2346 477; x_wconf 83' lang='lat' dir='ltr'><strong>sicut</strong></span> <span class='ocrx_word' id='word_1_463' title='bbox 2371 423 2422 479; x_wconf 87' lang='lat' dir='ltr'><strong>in</strong></span> <span class='ocrx_word' id='word_1_464' title='bbox 2450 423 2573 479; x_wconf 80' lang='lat' dir='ltr'><strong>ctelo</strong></span> <span class='ocrx_word' id='word_1_465' title='bbox 2599 434 2647 481; x_wconf 85' lang='lat' dir='ltr'><strong>et</strong></span> <span class='ocrx_word' id='word_1_466' title='bbox 2671 427 2722 481; x_wconf 88' lang='lat' dir='ltr'><strong>in</strong></span> <span class='ocrx_word' id='word_1_467' title='bbox 2745 438 2876 483; x_wconf 88' lang='lat' dir='ltr'><strong>terra</strong></span> <span class='ocrx_word' id='word_1_468' title='bbox 2899 428 3062 503; x_wconf 89' lang='lat' dir='ltr'><strong>(quod</strong></span> <span class='ocrx_word' id='word_1_469' title='bbox 3080 446 3186 487; x_wconf 90' lang='lat' dir='ltr'><strong>non</strong></span> <span class='ocrx_word' id='word_1_470' title='bbox 3202 433 3431 488; x_wconf 86' lang='lat' dir='ltr'><strong>absurde</strong></span> 
     </span>
    </p>
   </div>
   <div class='ocr_carea' id='block_1_65' title="bbox 1849 511 3433 593">
    <p class='ocr_par' dir='ltr' id='par_1_65' title="bbox 1849 511 3433 593">
     <span class='ocr_line' id='line_1_65' title="bbox 1849 511 3433 593; baseline 0.009 -29"><span class='ocrx_word' id='word_1_471' title='bbox 1849 511 2061 581; x_wconf 91' lang='lat' dir='ltr'><strong>quidam</strong></span> <span class='ocrx_word' id='word_1_472' title='bbox 2092 512 2490 581; x_wconf 85' lang='lat' dir='ltr'><strong>intellexerunt,</strong></span> <span class='ocrx_word' id='word_1_473' title='bbox 2524 517 2577 570; x_wconf 92' lang='lat' dir='ltr'><strong>in</strong></span> <span class='ocrx_word' id='word_1_474' title='bbox 2602 519 2793 586; x_wconf 89' lang='lat' dir='ltr'><strong>spiritu</strong></span> <span class='ocrx_word' id='word_1_475' title='bbox 2817 530 2871 575; x_wconf 92' lang='lat' dir='ltr'><strong>et</strong></span> <span class='ocrx_word' id='word_1_476' title='bbox 2897 521 3168 593; x_wconf 89' lang='lat' dir='ltr'><strong>corpore),</strong></span> <span class='ocrx_word' id='word_1_477' title='bbox 3213 525 3433 579; x_wconf 90' lang='lat' dir='ltr'><strong>omnino</strong></span> 
     </span>
    </p>
   </div>
   <div class='ocr_carea' id='block_1_66' title="bbox 1848 602 3432 683">
    <p class='ocr_par' dir='ltr' id='par_1_66' title="bbox 1848 602 3432 683">
     <span class='ocr_line' id='line_1_66' title="bbox 1848 602 3432 683; baseline 0.007 -27"><span class='ocrx_word' id='word_1_478' title='bbox 1848 602 1964 657; x_wconf 90' lang='lat' dir='ltr'><strong>sine</strong></span> <span class='ocrx_word' id='word_1_479' title='bbox 1992 602 2096 658; x_wconf 84' lang='lat' dir='ltr'><strong>fine</strong></span> <span class='ocrx_word' id='word_1_480' title='bbox 2122 604 2395 659; x_wconf 89' lang='lat' dir='ltr'><strong>retinenda</strong></span> <span class='ocrx_word' id='word_1_481' title='bbox 2425 614 2549 660; x_wconf 92' lang='lat' dir='ltr'><strong>sunt</strong></span> <span class='ocrx_word' id='word_1_482' title='bbox 2582 625 2595 661; x_wconf 90' lang='lat'><strong>:</strong></span> <span class='ocrx_word' id='word_1_483' title='bbox 2623 615 2677 663; x_wconf 91' lang='lat' dir='ltr'><strong>et</strong></span> <span class='ocrx_word' id='word_1_484' title='bbox 2700 607 2788 663; x_wconf 87' lang='lat' dir='ltr'><strong>hic</strong></span> <span class='ocrx_word' id='word_1_485' title='bbox 2814 610 3058 666; x_wconf 84' lang='lat' dir='ltr'><strong>inchoata</strong></span> <span class='ocrx_word' id='word_1_486' title='bbox 3083 613 3122 677; x_wconf 77' lang='grc' dir='ltr'><strong>ί,</strong></span> <span class='ocrx_word' id='word_1_487' title='bbox 3146 622 3432 683; x_wconf 77' lang='lat' dir='ltr'><strong>quantum-</strong></span> 
     </span>
    </p>
   </div>
   <div class='ocr_carea' id='block_1_67' title="bbox 1848 692 3430 771">
    <p class='ocr_par' dir='ltr' id='par_1_67' title="bbox 1848 692 3430 771">
     <span class='ocr_line' id='line_1_67' title="bbox 1848 692 3430 771; baseline 0.005 -24"><span class='ocrx_word' id='word_1_488' title='bbox 1848 705 2075 762; x_wconf 90' lang='lat' dir='ltr'><strong>cumque</strong></span> <span class='ocrx_word' id='word_1_489' title='bbox 2100 692 2425 763; x_wconf 86' lang='lat' dir='ltr'><strong>proficimus,</strong></span> <span class='ocrx_word' id='word_1_490' title='bbox 2444 706 2706 765; x_wconf 82' lang='lat' dir='ltr'><strong>augentur</strong></span> <span class='ocrx_word' id='word_1_491' title='bbox 2724 698 2777 753; x_wconf 92' lang='lat' dir='ltr'><strong>in</strong></span> <span class='ocrx_word' id='word_1_492' title='bbox 2798 700 2984 767; x_wconf 90' lang='lat' dir='ltr'><strong>nobis;</strong></span> <span class='ocrx_word' id='word_1_493' title='bbox 3020 701 3249 771; x_wconf 87' lang='lat' dir='ltr'><strong>perfecta</strong></span> <span class='ocrx_word' id='word_1_494' title='bbox 3278 719 3430 771; x_wconf 84' lang='lat' dir='ltr'><strong>vero,</strong></span> 
     </span>
    </p>
   </div>
   <div class='ocr_carea' id='block_1_68' title="bbox 1847 781 3431 860">
    <p class='ocr_par' dir='ltr' id='par_1_68' title="bbox 1847 781 3431 860">
     <span class='ocr_line' id='line_1_68' title="bbox 1847 781 3431 860; baseline 0.009 -27"><span class='ocrx_word' id='word_1_495' title='bbox 1847 781 1988 850; x_wconf 90' lang='lat' dir='ltr'><strong>quod</strong></span> <span class='ocrx_word' id='word_1_496' title='bbox 2016 783 2068 835; x_wconf 91' lang='lat' dir='ltr'><strong>in</strong></span> <span class='ocrx_word' id='word_1_497' title='bbox 2096 783 2196 836; x_wconf 87' lang='lat' dir='ltr'><strong>alia</strong></span> <span class='ocrx_word' id='word_1_498' title='bbox 2227 784 2333 837; x_wconf 90' lang='lat' dir='ltr'><strong>vita</strong></span> <span class='ocrx_word' id='word_1_499' title='bbox 2362 786 2684 853; x_wconf 82' lang='lat' dir='ltr'><strong>sperandum</strong></span> <span class='ocrx_word' id='word_1_500' title='bbox 2706 798 2805 853; x_wconf 87' lang='lat' dir='ltr'><strong>est,</strong></span> <span class='ocrx_word' id='word_1_501' title='bbox 2837 804 3051 859; x_wconf 89' lang='lat' dir='ltr'><strong>semper</strong></span> <span class='ocrx_word' id='word_1_502' title='bbox 3076 793 3431 860; x_wconf 87' lang='lat' dir='ltr'><strong>possidebun-</strong></span> 
     </span>
    </p>
   </div>
   <div class='ocr_carea' id='block_1_69' title="bbox 1848 872 3430 951">
    <p class='ocr_par' dir='ltr' id='par_1_69' title="bbox 1848 872 3430 951">
     <span class='ocr_line' id='line_1_69' title="bbox 1848 872 3430 951; baseline 0.007 -24"><span class='ocrx_word' id='word_1_503' title='bbox 1848 881 1952 927; x_wconf 90' lang='lat' dir='ltr'><strong>tur.</strong></span> <span class='ocrx_word' id='word_1_504' title='bbox 1983 872 2135 942; x_wconf 83' lang='lat' dir='ltr'><strong>Quod</strong></span> <span class='ocrx_word' id='word_1_505' title='bbox 2171 891 2296 929; x_wconf 85' lang='lat' dir='ltr'><strong>vero</strong></span> <span class='ocrx_word' id='word_1_506' title='bbox 2323 875 2567 939; x_wconf 85' lang='lat' dir='ltr'><strong>dicimus,</strong></span> <span class='ocrx_word' id='word_1_507' title='bbox 2602 876 2797 932; x_wconf 85' lang='lat' dir='ltr'><strong>Panem</strong></span> <span class='ocrx_word' id='word_1_508' title='bbox 2825 890 3049 934; x_wconf 87' lang='lat' dir='ltr'><strong>nostrum</strong></span> <span class='ocrx_word' id='word_1_509' title='bbox 3077 883 3430 951; x_wconf 80' lang='lat' dir='ltr'><strong>quotidianum</strong></span> 
     </span>
    </p>
   </div>
   <div class='ocr_carea' id='block_1_70' title="bbox 1847 963 3428 1040">
    <p class='ocr_par' dir='ltr' id='par_1_70' title="bbox 1847 963 3428 1040">
     <span class='ocr_line' id='line_1_70' title="bbox 1847 963 3428 1040; baseline 0.007 -24"><span class='ocrx_word' id='word_1_510' title='bbox 1847 963 1915 1017; x_wconf 90' lang='lat' dir='ltr'><strong>da</strong></span> <span class='ocrx_word' id='word_1_511' title='bbox 1943 965 2085 1019; x_wconf 86' lang='lat' dir='ltr'><strong>nobis</strong></span> <span class='ocrx_word' id='word_1_512' title='bbox 2114 965 2282 1031; x_wconf 80' lang='lat' dir='ltr'><strong>hodie,</strong></span> <span class='ocrx_word' id='word_1_513' title='bbox 2318 966 2384 1020; x_wconf 88' lang='lat' dir='ltr'><strong>Et</strong></span> <span class='ocrx_word' id='word_1_514' title='bbox 2421 966 2611 1021; x_wconf 86' lang='lat' dir='ltr'><strong>dimitte</strong></span> <span class='ocrx_word' id='word_1_515' title='bbox 2646 969 2790 1023; x_wconf 87' lang='lat' dir='ltr'><strong>nobis</strong></span> <span class='ocrx_word' id='word_1_516' title='bbox 2819 969 2985 1023; x_wconf 86' lang='lat' dir='ltr'><strong>debita</strong></span> <span class='ocrx_word' id='word_1_517' title='bbox 3008 982 3200 1040; x_wconf 87' lang='lat' dir='ltr'><strong>nostra,</strong></span> <span class='ocrx_word' id='word_1_518' title='bbox 3227 975 3354 1028; x_wconf 84' lang='lat' dir='ltr'><strong>sicut</strong></span> <span class='ocrx_word' id='word_1_519' title='bbox 3380 983 3428 1029; x_wconf 87' lang='lat' dir='ltr'><strong>et</strong></span> 
     </span>
    </p>
   </div>
   <div class='ocr_carea' id='block_1_71' title="bbox 1846 1056 3429 1136">
    <p class='ocr_par' dir='ltr' id='par_1_71' title="bbox 1846 1056 3429 1136">
     <span class='ocr_line' id='line_1_71' title="bbox 1846 1056 3429 1136; baseline 0.006 -26"><span class='ocrx_word' id='word_1_520' title='bbox 1846 1073 1937 1111; x_wconf 86' lang='lat' dir='ltr'><strong>nos</strong></span> <span class='ocrx_word' id='word_1_521' title='bbox 1965 1056 2261 1112; x_wconf 78' lang='lat' dir='ltr'><strong>dimittimus</strong></span> <span class='ocrx_word' id='word_1_522' title='bbox 2288 1058 2589 1115; x_wconf 85' lang='lat' dir='ltr'><strong>debitoribus</strong></span> <span class='ocrx_word' id='word_1_523' title='bbox 2609 1063 2815 1129; x_wconf 85' lang='lat' dir='ltr'><strong>nostris,</strong></span> <span class='ocrx_word' id='word_1_524' title='bbox 2845 1061 2914 1116; x_wconf 89' lang='lat' dir='ltr'><strong>Et</strong></span> <span class='ocrx_word' id='word_1_525' title='bbox 2949 1080 3012 1117; x_wconf 88' lang='lat' dir='ltr'><strong>ne</strong></span> <span class='ocrx_word' id='word_1_526' title='bbox 3037 1081 3128 1120; x_wconf 87' lang='lat' dir='ltr'><strong>nos</strong></span> <span class='ocrx_word' id='word_1_527' title='bbox 3152 1066 3339 1136; x_wconf 79' lang='lat' dir='ltr'><strong>inferas</strong></span> <span class='ocrx_word' id='word_1_528' title='bbox 3377 1068 3429 1120; x_wconf 85' lang='lat' dir='ltr'><strong>in</strong></span> 
     </span>
    </p>
   </div>
   <div class='ocr_carea' id='block_1_72' title="bbox 1845 1150 3423 1229">
    <p class='ocr_par' dir='ltr' id='par_1_72' title="bbox 1845 1150 3423 1229">
     <span class='ocr_line' id='line_1_72' title="bbox 1845 1150 3423 1229; baseline 0.006 -26"><span class='ocrx_word' id='word_1_529' title='bbox 1845 1151 2171 1203; x_wconf 87' lang='lat' dir='ltr'><strong>tentationem</strong></span> <span class='ocrx_word' id='word_1_530' title='bbox 2190 1192 2203 1214; x_wconf 96' lang='lat'><strong>,</strong></span> <span class='ocrx_word' id='word_1_531' title='bbox 2239 1150 2344 1205; x_wconf 82' lang='lat' dir='ltr'><strong>Sed</strong></span> <span class='ocrx_word' id='word_1_532' title='bbox 2372 1150 2528 1206; x_wconf 83' lang='lat' dir='ltr'><strong>libera</strong></span> <span class='ocrx_word' id='word_1_533' title='bbox 2556 1169 2648 1206; x_wconf 90' lang='lat' dir='ltr'><strong>nos</strong></span> <span class='ocrx_word' id='word_1_534' title='bbox 2675 1170 2706 1206; x_wconf 94' lang='lat' dir='ltr'><strong>a</strong></span> <span class='ocrx_word' id='word_1_535' title='bbox 2731 1152 2866 1207; x_wconf 75' lang='lat' dir='ltr'><strong>malo</strong></span> <span class='ocrx_word' id='word_1_536' title='bbox 2889 1153 3103 1224; x_wconf 76' lang='lat' dir='ltr'><strong>(Matth.</strong></span> <span class='ocrx_word' id='word_1_537' title='bbox 3128 1172 3199 1221; x_wconf 76' lang='lat' dir='ltr'><strong>v1,</strong></span> <span class='ocrx_word' id='word_1_538' title='bbox 3220 1156 3380 1229; x_wconf 72' lang='lat'><strong>9-15)</strong></span> <span class='ocrx_word' id='word_1_539' title='bbox 3408 1199 3423 1222; x_wconf 91' lang='lat'><strong>,</strong></span> 
     </span>
    </p>
   </div>
   <div class='ocr_carea' id='block_1_73' title="bbox 1844 1240 3428 1317">
    <p class='ocr_par' dir='ltr' id='par_1_73' title="bbox 1844 1240 3428 1317">
     <span class='ocr_line' id='line_1_73' title="bbox 1844 1240 3428 1317; baseline 0.005 -24"><span class='ocrx_word' id='word_1_540' title='bbox 1844 1240 1962 1310; x_wconf 89' lang='lat' dir='ltr'><strong>quis</strong></span> <span class='ocrx_word' id='word_1_541' title='bbox 1988 1256 2093 1295; x_wconf 91' lang='lat' dir='ltr'><strong>non</strong></span> <span class='ocrx_word' id='word_1_542' title='bbox 2121 1241 2300 1296; x_wconf 88' lang='lat' dir='ltr'><strong>videat</strong></span> <span class='ocrx_word' id='word_1_543' title='bbox 2329 1242 2393 1296; x_wconf 91' lang='lat' dir='ltr'><strong>ad</strong></span> <span class='ocrx_word' id='word_1_544' title='bbox 2425 1244 2701 1311; x_wconf 74' lang='lat' dir='ltr'><strong>prmsentis</strong></span> <span class='ocrx_word' id='word_1_545' title='bbox 2728 1246 2850 1299; x_wconf 76' lang='lat' dir='ltr'><strong>vita:</strong></span> <span class='ocrx_word' id='word_1_546' title='bbox 2888 1245 3231 1317; x_wconf 80' lang='lat' dir='ltr'><strong>indigentiam</strong></span> <span class='ocrx_word' id='word_1_547' title='bbox 3260 1249 3428 1317; x_wconf 89' lang='lat' dir='ltr'><strong>perti-</strong></span> 
     </span>
    </p>
   </div>
   <div class='ocr_carea' id='block_1_74' title="bbox 1843 1333 3429 1409">
    <p class='ocr_par' dir='ltr' id='par_1_74' title="bbox 1843 1333 3429 1409">
     <span class='ocr_line' id='line_1_74' title="bbox 1843 1333 3429 1409; baseline 0.005 -22"><span class='ocrx_word' id='word_1_548' title='bbox 1843 1333 2081 1389; x_wconf 80' lang='lat' dir='ltr'><strong>nere&#39;tln</strong></span> <span class='ocrx_word' id='word_1_549' title='bbox 2111 1334 2197 1389; x_wconf 87' lang='lat' dir='ltr'><strong>illa</strong></span> <span class='ocrx_word' id='word_1_550' title='bbox 2222 1335 2398 1405; x_wconf 87' lang='lat' dir='ltr'><strong>itaque</strong></span> <span class='ocrx_word' id='word_1_551' title='bbox 2421 1336 2521 1389; x_wconf 86' lang='lat' dir='ltr'><strong>vita</strong></span> <span class='ocrx_word' id='word_1_552' title='bbox 2552 1346 2748 1392; x_wconf 82' lang='lat' dir='ltr'><strong>acterna</strong></span> <span class='ocrx_word' id='word_1_553' title='bbox 2769 1337 2855 1391; x_wconf 92' lang='lat' dir='ltr'><strong>ubi</strong></span> <span class='ocrx_word' id='word_1_554' title='bbox 2883 1353 2979 1392; x_wconf 93' lang='lat' dir='ltr'><strong>nos</strong></span> <span class='ocrx_word' id='word_1_555' title='bbox 3004 1353 3217 1409; x_wconf 86' lang='lat' dir='ltr'><strong>semper</strong></span> <span class='ocrx_word' id='word_1_556' title='bbox 3244 1353 3429 1409; x_wconf 83' lang='lat' dir='ltr'><strong>spera-</strong></span> 
     </span>
    </p>
   </div>
   <div class='ocr_carea' id='block_1_75' title="bbox 1844 1424 3429 1502">
    <p class='ocr_par' dir='ltr' id='par_1_75' title="bbox 1844 1424 3429 1502">
     <span class='ocr_line' id='line_1_75' title="bbox 1844 1424 3429 1502; baseline 0.004 -24"><span class='ocrx_word' id='word_1_557' title='bbox 1844 1439 1962 1480; x_wconf 89' lang='lat' dir='ltr'><strong>mus</strong></span> <span class='ocrx_word' id='word_1_558' title='bbox 1990 1424 2217 1492; x_wconf 90' lang='lat' dir='ltr'><strong>futuros,</strong></span> <span class='ocrx_word' id='word_1_559' title='bbox 2246 1434 2301 1480; x_wconf 91' lang='lat' dir='ltr'><strong>et</strong></span> <span class='ocrx_word' id='word_1_560' title='bbox 2328 1427 2561 1483; x_wconf 91' lang='lat' dir='ltr'><strong>nominis</strong></span> <span class='ocrx_word' id='word_1_561' title='bbox 2591 1428 2681 1482; x_wconf 90' lang='lat' dir='ltr'><strong>Dei</strong></span> <span class='ocrx_word' id='word_1_562' title='bbox 2712 1427 3089 1495; x_wconf 85' lang='lat' dir='ltr'><strong>sanctificatio,</strong></span> <span class='ocrx_word' id='word_1_563' title='bbox 3118 1438 3173 1485; x_wconf 92' lang='lat' dir='ltr'><strong>et</strong></span> <span class='ocrx_word' id='word_1_564' title='bbox 3204 1445 3429 1502; x_wconf 82' lang='lat' dir='ltr'><strong>regnum</strong></span> 
     </span>
    </p>
   </div>
   <div class='ocr_carea' id='block_1_76' title="bbox 1842 1515 3430 1591">
    <p class='ocr_par' dir='ltr' id='par_1_76' title="bbox 1842 1515 3430 1591">
     <span class='ocr_line' id='line_1_76' title="bbox 1842 1515 3430 1591; baseline 0.004 -21"><span class='ocrx_word' id='word_1_565' title='bbox 1842 1515 1981 1586; x_wconf 86' lang='lat' dir='ltr'><strong>ejus,</strong></span> <span class='ocrx_word' id='word_1_566' title='bbox 2009 1524 2064 1571; x_wconf 91' lang='lat' dir='ltr'><strong>et</strong></span> <span class='ocrx_word' id='word_1_567' title='bbox 2095 1516 2341 1581; x_wconf 82' lang='lat' dir='ltr'><strong>voluntas</strong></span> <span class='ocrx_word' id='word_1_568' title='bbox 2384 1516 2499 1587; x_wconf 89' lang='lat' dir='ltr'><strong>ejus</strong></span> <span class='ocrx_word' id='word_1_569' title='bbox 2545 1520 2595 1571; x_wconf 88' lang='lat' dir='ltr'><strong>in</strong></span> <span class='ocrx_word' id='word_1_570' title='bbox 2644 1528 2828 1574; x_wconf 90' lang='lat' dir='ltr'><strong>nostro</strong></span> <span class='ocrx_word' id='word_1_571' title='bbox 2877 1520 3064 1590; x_wconf 87' lang='lat' dir='ltr'><strong>spiritu</strong></span> <span class='ocrx_word' id='word_1_572' title='bbox 3107 1528 3162 1576; x_wconf 91' lang='lat' dir='ltr'><strong>et</strong></span> <span class='ocrx_word' id='word_1_573' title='bbox 3204 1534 3430 1591; x_wconf 90' lang='lat' dir='ltr'><strong>corpore</strong></span> 
     </span>
    </p>
   </div>
   <div class='ocr_carea' id='block_1_77' title="bbox 1843 1607 3429 1681">
    <p class='ocr_par' dir='ltr' id='par_1_77' title="bbox 1843 1607 3429 1681">
     <span class='ocr_line' id='line_1_77' title="bbox 1843 1607 3429 1681; baseline 0.002 -18"><span class='ocrx_word' id='word_1_574' title='bbox 1843 1607 2077 1678; x_wconf 80' lang='lat' dir='ltr'><strong>perfecte</strong></span> <span class='ocrx_word' id='word_1_575' title='bbox 2104 1616 2262 1680; x_wconf 88' lang='lat' dir='ltr'><strong>atque</strong></span> <span class='ocrx_word' id='word_1_576' title='bbox 2291 1609 2662 1665; x_wconf 85' lang='lat' dir='ltr'><strong>immortaliter</strong></span> <span class='ocrx_word' id='word_1_577' title='bbox 2682 1611 3085 1681; x_wconf 88' lang='lat' dir='ltr'><strong>permanebunt.</strong></span> <span class='ocrx_word' id='word_1_578' title='bbox 3117 1611 3275 1667; x_wconf 88' lang='lat' dir='ltr'><strong>Panis</strong></span> <span class='ocrx_word' id='word_1_579' title='bbox 3300 1626 3429 1668; x_wconf 85' lang='lat' dir='ltr'><strong>vero</strong></span> 
     </span>
    </p>
   </div>
   <div class='ocr_carea' id='block_1_78' title="bbox 1841 1700 3423 1773">
    <p class='ocr_par' dir='ltr' id='par_1_78' title="bbox 1841 1700 3423 1773">
     <span class='ocr_line' id='line_1_78' title="bbox 1841 1700 3423 1773; baseline 0.002 -19"><span class='ocrx_word' id='word_1_580' title='bbox 1841 1700 2180 1772; x_wconf 88' lang='lat' dir='ltr'><strong>quotidianus</strong></span> <span class='ocrx_word' id='word_1_581' title='bbox 2205 1701 2326 1757; x_wconf 90' lang='lat' dir='ltr'><strong>ideo</strong></span> <span class='ocrx_word' id='word_1_582' title='bbox 2354 1700 2529 1757; x_wconf 92' lang='lat' dir='ltr'><strong>dictus</strong></span> <span class='ocrx_word' id='word_1_583' title='bbox 2554 1710 2636 1758; x_wconf 91' lang='lat' dir='ltr'><strong>est</strong></span> <span class='ocrx_word' id='word_1_584' title='bbox 2664 1702 2787 1773; x_wconf 85' lang='lat' dir='ltr'><strong>quia</strong></span> <span class='ocrx_word' id='word_1_585' title='bbox 2823 1702 2910 1756; x_wconf 89' lang='lat' dir='ltr'><strong>hic</strong></span> <span class='ocrx_word' id='word_1_586' title='bbox 2934 1710 3017 1757; x_wconf 91' lang='lat' dir='ltr'><strong>est</strong></span> <span class='ocrx_word' id='word_1_587' title='bbox 3046 1702 3379 1757; x_wconf 88' lang='lat' dir='ltr'><strong>necessarius</strong></span> <span class='ocrx_word' id='word_1_588' title='bbox 3405 1742 3423 1769; x_wconf 91' lang='lat'><strong>,</strong></span> 
     </span>
    </p>
   </div>
   <div class='ocr_carea' id='block_1_79' title="bbox 1841 1792 3425 1864">
    <p class='ocr_par' dir='ltr' id='par_1_79' title="bbox 1841 1792 3425 1864">
     <span class='ocr_line' id='line_1_79' title="bbox 1841 1792 3425 1864; baseline 0.002 -19"><span class='ocrx_word' id='word_1_589' title='bbox 1841 1801 2069 1862; x_wconf 89' lang='lat' dir='ltr'><strong>quantus</strong></span> <span class='ocrx_word' id='word_1_590' title='bbox 2094 1793 2284 1848; x_wconf 66' lang='lat' dir='ltr'><strong>animae</strong></span> <span class='ocrx_word' id='word_1_591' title='bbox 2321 1792 2572 1863; x_wconf 76' lang='lat' dir='ltr'><strong>cernique</strong></span> <span class='ocrx_word' id='word_1_592' title='bbox 2612 1793 2926 1849; x_wconf 88' lang='lat' dir='ltr'><strong>tribuendus</strong></span> <span class='ocrx_word' id='word_1_593' title='bbox 2963 1802 3083 1862; x_wconf 90' lang='lat' dir='ltr'><strong>est,</strong></span> <span class='ocrx_word' id='word_1_594' title='bbox 3129 1794 3241 1849; x_wconf 87' lang='lat' dir='ltr'><strong>sive</strong></span> <span class='ocrx_word' id='word_1_595' title='bbox 3270 1792 3425 1864; x_wconf 87' lang='lat' dir='ltr'><strong>spiri-</strong></span> 
     </span>
    </p>
   </div>
   <div class='ocr_carea' id='block_1_80' title="bbox 1844 1883 3427 1954">
    <p class='ocr_par' dir='ltr' id='par_1_80' title="bbox 1844 1883 3427 1954">
     <span class='ocr_line' id='line_1_80' title="bbox 1844 1883 3427 1954; baseline 0 -16"><span class='ocrx_word' id='word_1_596' title='bbox 1844 1883 2085 1950; x_wconf 89' lang='lat' dir='ltr'><strong>tualiter,</strong></span> <span class='ocrx_word' id='word_1_597' title='bbox 2125 1884 2240 1939; x_wconf 84' lang='lat' dir='ltr'><strong>sive</strong></span> <span class='ocrx_word' id='word_1_598' title='bbox 2286 1884 2606 1951; x_wconf 87' lang='lat' dir='ltr'><strong>carnaliter,</strong></span> <span class='ocrx_word' id='word_1_599' title='bbox 2666 1884 2780 1940; x_wconf 86' lang='lat' dir='ltr'><strong>sive</strong></span> <span class='ocrx_word' id='word_1_600' title='bbox 2828 1893 3051 1954; x_wconf 89' lang='lat' dir='ltr'><strong>utroque</strong></span> <span class='ocrx_word' id='word_1_601' title='bbox 3100 1883 3427 1954; x_wconf 82' lang='lat' dir='ltr'><strong>intelligatur</strong></span> 
     </span>
    </p>
   </div>
   <div class='ocr_carea' id='block_1_81' title="bbox 1840 1973 3428 2046">
    <p class='ocr_par' dir='ltr' id='par_1_81' title="bbox 1840 1973 3428 2046">
     <span class='ocr_line' id='line_1_81' title="bbox 1840 1973 3428 2046; baseline -0.001 -18"><span class='ocrx_word' id='word_1_602' title='bbox 1840 1974 2019 2028; x_wconf 89' lang='lat' dir='ltr'><strong>modo.</strong></span> <span class='ocrx_word' id='word_1_603' title='bbox 2048 1974 2149 2031; x_wconf 85' lang='lat' dir='ltr'><strong>Hic</strong></span> <span class='ocrx_word' id='word_1_604' title='bbox 2174 1983 2258 2031; x_wconf 89' lang='lat' dir='ltr'><strong>est</strong></span> <span class='ocrx_word' id='word_1_605' title='bbox 2283 1975 2444 2030; x_wconf 88' lang='lat' dir='ltr'><strong>etiam</strong></span> <span class='ocrx_word' id='word_1_606' title='bbox 2473 1990 2631 2045; x_wconf 89' lang='lat' dir='ltr'><strong>quam</strong></span> <span class='ocrx_word' id='word_1_607' title='bbox 2660 1975 2927 2046; x_wconf 86' lang='lat' dir='ltr'><strong>poscimus</strong></span> <span class='ocrx_word' id='word_1_608' title='bbox 2946 1973 3212 2041; x_wconf 86' lang='lat' dir='ltr'><strong>remissio,</strong></span> <span class='ocrx_word' id='word_1_609' title='bbox 3230 1973 3318 2029; x_wconf 91' lang='lat' dir='ltr'><strong>ubi</strong></span> <span class='ocrx_word' id='word_1_610' title='bbox 3344 1983 3428 2030; x_wconf 85' lang='lat' dir='ltr'><strong>est</strong></span> 
     </span>
    </p>
   </div>
   <div class='ocr_carea' id='block_1_82' title="bbox 1839 2063 3424 2135">
    <p class='ocr_par' dir='ltr' id='par_1_82' title="bbox 1839 2063 3424 2135">
     <span class='ocr_line' id='line_1_82' title="bbox 1839 2063 3424 2135; baseline -0.001 -16"><span class='ocrx_word' id='word_1_611' title='bbox 1839 2065 2145 2119; x_wconf 90' lang='lat' dir='ltr'><strong>commissio</strong></span> <span class='ocrx_word' id='word_1_612' title='bbox 2172 2075 2544 2134; x_wconf 87' lang='lat' dir='ltr'><strong>peccatorum;</strong></span> <span class='ocrx_word' id='word_1_613' title='bbox 2585 2065 2673 2120; x_wconf 84' lang='lat' dir='ltr'><strong>hic</strong></span> <span class='ocrx_word' id='word_1_614' title='bbox 2710 2065 3030 2120; x_wconf 86' lang='lat' dir='ltr'><strong>teutationes</strong></span> <span class='ocrx_word' id='word_1_615' title='bbox 3066 2080 3183 2135; x_wconf 75' lang='lat' dir='ltr'><strong>qum</strong></span> <span class='ocrx_word' id='word_1_616' title='bbox 3222 2079 3321 2119; x_wconf 91' lang='lat' dir='ltr'><strong>nos</strong></span> <span class='ocrx_word' id='word_1_617' title='bbox 3357 2063 3424 2118; x_wconf 89' lang='lat' dir='ltr'><strong>ad</strong></span> 
     </span>
    </p>
   </div>
   <div class='ocr_carea' id='block_1_83' title="bbox 1839 2154 3424 2226">
    <p class='ocr_par' dir='ltr' id='par_1_83' title="bbox 1839 2154 3424 2226">
     <span class='ocr_line' id='line_1_83' title="bbox 1839 2154 3424 2226; baseline 0.001 -18"><span class='ocrx_word' id='word_1_618' title='bbox 1839 2156 2166 2225; x_wconf 86' lang='lat' dir='ltr'><strong>peccandum</strong></span> <span class='ocrx_word' id='word_1_619' title='bbox 2196 2155 2281 2210; x_wconf 87' lang='lat' dir='ltr'><strong>vel</strong></span> <span class='ocrx_word' id='word_1_620' title='bbox 2320 2155 2559 2211; x_wconf 90' lang='lat' dir='ltr'><strong>alliciunt</strong></span> <span class='ocrx_word' id='word_1_621' title='bbox 2605 2156 2688 2211; x_wconf 86' lang='lat' dir='ltr'><strong>vel</strong></span> <span class='ocrx_word' id='word_1_622' title='bbox 2733 2156 3040 2225; x_wconf 86' lang='lat' dir='ltr'><strong>impellunt;</strong></span> <span class='ocrx_word' id='word_1_623' title='bbox 3082 2154 3168 2210; x_wconf 91' lang='lat' dir='ltr'><strong>hic</strong></span> <span class='ocrx_word' id='word_1_624' title='bbox 3191 2155 3424 2226; x_wconf 92' lang='lat' dir='ltr'><strong>denique</strong></span> 
     </span>
    </p>
   </div>
   <div class='ocr_carea' id='block_1_84' title="bbox 1838 2247 3422 2321">
    <p class='ocr_par' dir='ltr' id='par_1_84' title="bbox 1838 2247 3422 2321">
     <span class='ocr_line' id='line_1_84' title="bbox 1838 2247 3422 2321; baseline 0.002 -21"><span class='ocrx_word' id='word_1_625' title='bbox 1838 2248 2033 2301; x_wconf 88' lang='lat' dir='ltr'><strong>malum</strong></span> <span class='ocrx_word' id='word_1_626' title='bbox 2063 2247 2205 2304; x_wconf 84' lang='lat' dir='ltr'><strong>unde</strong></span> <span class='ocrx_word' id='word_1_627' title='bbox 2231 2247 2473 2321; x_wconf 90' lang='lat' dir='ltr'><strong>cupimus</strong></span> <span class='ocrx_word' id='word_1_628' title='bbox 2502 2247 2716 2303; x_wconf 86' lang='lat' dir='ltr'><strong>liberari</strong></span> <span class='ocrx_word' id='word_1_629' title='bbox 2745 2265 2758 2301; x_wconf 90' lang='lat'><strong>:</strong></span> <span class='ocrx_word' id='word_1_630' title='bbox 2785 2249 2893 2304; x_wconf 91' lang='lat' dir='ltr'><strong>illic</strong></span> <span class='ocrx_word' id='word_1_631' title='bbox 2916 2258 3095 2304; x_wconf 87' lang='lat' dir='ltr'><strong>autem</strong></span> <span class='ocrx_word' id='word_1_632' title='bbox 3129 2247 3261 2303; x_wconf 88' lang='lat' dir='ltr'><strong>nihil</strong></span> <span class='ocrx_word' id='word_1_633' title='bbox 3287 2248 3422 2303; x_wconf 91' lang='lat' dir='ltr'><strong>isto-</strong></span> 
     </span>
    </p>
   </div>
   <div class='ocr_carea' id='block_1_85' title="bbox 1838 2351 2096 2396">
    <p class='ocr_par' dir='ltr' id='par_1_85' title="bbox 1838 2351 2096 2396">
     <span class='ocr_line' id='line_1_85' title="bbox 1838 2351 2096 2396; baseline -0.008 -2"><span class='ocrx_word' id='word_1_634' title='bbox 1838 2356 1956 2395; x_wconf 74' lang='lat' dir='ltr'><strong>I&#39;lllll</strong></span> <span class='ocrx_word' id='word_1_635' title='bbox 1996 2351 2096 2396; x_wconf 72' lang='lat' dir='ltr'><strong>CSI.</strong></span> 
     </span>
    </p>
   </div>
   <div class='ocr_carea' id='block_1_86' title="bbox 1909 2430 3425 2502">
    <p class='ocr_par' dir='ltr' id='par_1_86' title="bbox 1909 2430 3425 2502">
     <span class='ocr_line' id='line_1_86' title="bbox 1909 2430 3425 2502; baseline -0.003 -13"><span class='ocrx_word' id='word_1_636' title='bbox 1909 2433 2132 2489; x_wconf 83' lang='lat' dir='ltr'><strong>CAPUT</strong></span> <span class='ocrx_word' id='word_1_637' title='bbox 2175 2431 2356 2487; x_wconf 83' lang='lat' dir='ltr'><strong>CXVI.</strong></span> <span class='ocrx_word' id='word_1_638' title='bbox 2387 2462 2459 2473; x_wconf 92' lang='lat'>—</span> <span class='ocrx_word' id='word_1_639' title='bbox 2487 2430 2760 2488; x_wconf 87' lang='lat' dir='ltr'><strong>Petitiones</strong></span> <span class='ocrx_word' id='word_1_640' title='bbox 2799 2442 2992 2485; x_wconf 87' lang='lat' dir='ltr'><strong>tantum</strong></span> <span class='ocrx_word' id='word_1_641' title='bbox 3031 2430 3247 2501; x_wconf 84' lang='lat' dir='ltr'><strong>quinque</strong></span> <span class='ocrx_word' id='word_1_642' title='bbox 3285 2430 3425 2502; x_wconf 86' lang='lat' dir='ltr'><strong>apud</strong></span> 
     </span>
    </p>
   </div>
   <div class='ocr_carea' id='block_1_87' title="bbox 1837 2524 3423 2595">
    <p class='ocr_par' dir='ltr' id='par_1_87' title="bbox 1837 2524 3423 2595">
     <span class='ocr_line' id='line_1_87' title="bbox 1837 2524 3423 2595; baseline -0.001 -15"><span class='ocrx_word' id='word_1_643' title='bbox 1837 2524 2051 2593; x_wconf 87' lang='lat' dir='ltr'><strong>Lucam,</strong></span> <span class='ocrx_word' id='word_1_644' title='bbox 2072 2526 2158 2595; x_wconf 82' lang='lat' dir='ltr'><strong>qui</strong></span> <span class='ocrx_word' id='word_1_645' title='bbox 2178 2542 2291 2579; x_wconf 89' lang='lat' dir='ltr'><strong>cum</strong></span> <span class='ocrx_word' id='word_1_646' title='bbox 2320 2524 2564 2580; x_wconf 78' lang='lat' dir='ltr'><strong>Matt/uec</strong></span> <span class='ocrx_word' id='word_1_647' title='bbox 2597 2524 2915 2581; x_wconf 82' lang='lat' dir='ltr'><strong>conciliatur.</strong></span> <span class='ocrx_word' id='word_1_648' title='bbox 2937 2524 3277 2595; x_wconf 83' lang='lat' dir='ltr'><strong>Evangelista</strong></span> <span class='ocrx_word' id='word_1_649' title='bbox 3294 2539 3423 2579; x_wconf 88' lang='lat' dir='ltr'><strong>vero</strong></span> 
     </span>
    </p>
   </div>
   <div class='ocr_carea' id='block_1_88' title="bbox 1836 2617 3422 2688">
    <p class='ocr_par' dir='ltr' id='par_1_88' title="bbox 1836 2617 3422 2688">
     <span class='ocr_line' id='line_1_88' title="bbox 1836 2617 3422 2688; baseline -0.002 -14"><span class='ocrx_word' id='word_1_650' title='bbox 1836 2618 2008 2674; x_wconf 88' lang='lat' dir='ltr'><strong>Lucas</strong></span> <span class='ocrx_word' id='word_1_651' title='bbox 2038 2619 2092 2673; x_wconf 91' lang='lat' dir='ltr'><strong>in</strong></span> <span class='ocrx_word' id='word_1_652' title='bbox 2116 2618 2356 2674; x_wconf 88' lang='lat' dir='ltr'><strong>oratione</strong></span> <span class='ocrx_word' id='word_1_653' title='bbox 2396 2617 2661 2674; x_wconf 86' lang='lat' dir='ltr'><strong>dominica</strong></span> <span class='ocrx_word' id='word_1_654' title='bbox 2707 2618 2987 2688; x_wconf 88' lang='lat' dir='ltr'><strong>petitiones</strong></span> <span class='ocrx_word' id='word_1_655' title='bbox 3028 2633 3135 2674; x_wconf 92' lang='lat' dir='ltr'><strong>non</strong></span> <span class='ocrx_word' id='word_1_656' title='bbox 3175 2624 3378 2687; x_wconf 89' lang='lat' dir='ltr'><strong>septem</strong></span> <span class='ocrx_word' id='word_1_657' title='bbox 3404 2657 3422 2685; x_wconf 92' lang='lat'><strong>,</strong></span> 
     </span>
    </p>
   </div>
   <div class='ocr_carea' id='block_1_89' title="bbox 1837 2710 3425 2781">
    <p class='ocr_par' dir='ltr' id='par_1_89' title="bbox 1837 2710 3425 2781">
     <span class='ocr_line' id='line_1_89' title="bbox 1837 2710 3425 2781; baseline 0 -15"><span class='ocrx_word' id='word_1_658' title='bbox 1837 2710 1931 2766; x_wconf 89' lang='lat' dir='ltr'><strong>sed</strong></span> <span class='ocrx_word' id='word_1_659' title='bbox 1954 2710 2186 2781; x_wconf 89' lang='lat' dir='ltr'><strong>quinque</strong></span> <span class='ocrx_word' id='word_1_660' title='bbox 2211 2710 2520 2780; x_wconf 82' lang='lat' dir='ltr'><strong>complexus</strong></span> <span class='ocrx_word' id='word_1_661' title='bbox 2539 2719 2621 2765; x_wconf 77' lang='lat' dir='ltr'><strong>est</strong></span> <span class='ocrx_word' id='word_1_662' title='bbox 2641 2728 2655 2766; x_wconf 89' lang='lat'><strong>:</strong></span> <span class='ocrx_word' id='word_1_663' title='bbox 2674 2726 2773 2766; x_wconf 91' lang='lat' dir='ltr'><strong>nec</strong></span> <span class='ocrx_word' id='word_1_664' title='bbox 2797 2711 2864 2765; x_wconf 88' lang='lat' dir='ltr'><strong>ab</strong></span> <span class='ocrx_word' id='word_1_665' title='bbox 2895 2711 2996 2765; x_wconf 91' lang='lat' dir='ltr'><strong>isto</strong></span> <span class='ocrx_word' id='word_1_666' title='bbox 3024 2711 3202 2780; x_wconf 90' lang='lat' dir='ltr'><strong>utique</strong></span> <span class='ocrx_word' id='word_1_667' title='bbox 3220 2710 3425 2767; x_wconf 81' lang='lat' dir='ltr'><strong>discre-</strong></span> 
     </span>
    </p>
   </div>
   <div class='ocr_carea' id='block_1_90' title="bbox 1836 2799 3416 2875">
    <p class='ocr_par' dir='ltr' id='par_1_90' title="bbox 1836 2799 3416 2875">
     <span class='ocr_line' id='line_1_90' title="bbox 1836 2799 3416 2875; baseline 0 -20"><span class='ocrx_word' id='word_1_668' title='bbox 1836 2803 2008 2875; x_wconf 85' lang='lat' dir='ltr'><strong>pavit,</strong></span> <span class='ocrx_word' id='word_1_669' title='bbox 2033 2802 2127 2857; x_wconf 90' lang='lat' dir='ltr'><strong>sed</strong></span> <span class='ocrx_word' id='word_1_670' title='bbox 2159 2800 2427 2872; x_wconf 90' lang='lat' dir='ltr'><strong>quomodo</strong></span> <span class='ocrx_word' id='word_1_671' title='bbox 2455 2801 2572 2856; x_wconf 65' lang='lat' dir='ltr'><strong>istae</strong></span> <span class='ocrx_word' id='word_1_672' title='bbox 2608 2808 2815 2872; x_wconf 89' lang='lat' dir='ltr'><strong>septem</strong></span> <span class='ocrx_word' id='word_1_673' title='bbox 2855 2802 2964 2857; x_wconf 88' lang='lat' dir='ltr'><strong>sint</strong></span> <span class='ocrx_word' id='word_1_674' title='bbox 2995 2799 3351 2871; x_wconf 74' lang='lat' dir='ltr'><strong>intelligenda:</strong></span> <span class='ocrx_word' id='word_1_675' title='bbox 3371 2802 3416 2869; x_wconf 80' lang='lat'><strong>’,</strong></span> 
     </span>
    </p>
   </div>
   <div class='ocr_carea' id='block_1_91' title="bbox 1836 2892 3420 2964">
    <p class='ocr_par' dir='ltr' id='par_1_91' title="bbox 1836 2892 3420 2964">
     <span class='ocr_line' id='line_1_91' title="bbox 1836 2892 3420 2964; baseline -0.001 -17"><span class='ocrx_word' id='word_1_676' title='bbox 1836 2892 1950 2964; x_wconf 89' lang='lat' dir='ltr'><strong>ipsa</strong></span> <span class='ocrx_word' id='word_1_677' title='bbox 1994 2908 2090 2949; x_wconf 90' lang='lat' dir='ltr'><strong>sua</strong></span> <span class='ocrx_word' id='word_1_678' title='bbox 2135 2892 2397 2949; x_wconf 85' lang='lat' dir='ltr'><strong>brevitate</strong></span> <span class='ocrx_word' id='word_1_679' title='bbox 2440 2893 2790 2948; x_wconf 74' lang='lat' dir='ltr'><strong>commonuit.</strong></span> <span class='ocrx_word' id='word_1_680' title='bbox 2842 2892 3047 2948; x_wconf 86' lang='lat' dir='ltr'><strong>Nomen</strong></span> <span class='ocrx_word' id='word_1_681' title='bbox 3089 2892 3283 2963; x_wconf 89' lang='lat' dir='ltr'><strong>quippe</strong></span> <span class='ocrx_word' id='word_1_682' title='bbox 3324 2892 3420 2947; x_wconf 91' lang='lat' dir='ltr'><strong>Dei</strong></span> 
     </span>
    </p>
   </div>
   <div class='ocr_carea' id='block_1_92' title="bbox 1836 2984 3423 3056">
    <p class='ocr_par' dir='ltr' id='par_1_92' title="bbox 1836 2984 3423 3056">
     <span class='ocr_line' id='line_1_92' title="bbox 1836 2984 3423 3056; baseline -0.001 -16"><span class='ocrx_word' id='word_1_683' title='bbox 1836 2985 2196 3041; x_wconf 83' lang='lat' dir='ltr'><strong>sanctificatur</strong></span> <span class='ocrx_word' id='word_1_684' title='bbox 2234 2985 2286 3041; x_wconf 92' lang='lat' dir='ltr'><strong>in</strong></span> <span class='ocrx_word' id='word_1_685' title='bbox 2326 2984 2548 3055; x_wconf 90' lang='lat' dir='ltr'><strong>spiritu,</strong></span> <span class='ocrx_word' id='word_1_686' title='bbox 2582 2984 2677 3040; x_wconf 89' lang='lat' dir='ltr'><strong>Dei</strong></span> <span class='ocrx_word' id='word_1_687' title='bbox 2704 2995 2881 3040; x_wconf 88' lang='lat' dir='ltr'><strong>autem</strong></span> <span class='ocrx_word' id='word_1_688' title='bbox 2908 2999 3133 3056; x_wconf 85' lang='lat' dir='ltr'><strong>regnum</strong></span> <span class='ocrx_word' id='word_1_689' title='bbox 3162 2984 3215 3040; x_wconf 93' lang='lat' dir='ltr'><strong>in</strong></span> <span class='ocrx_word' id='word_1_690' title='bbox 3247 2984 3423 3039; x_wconf 87' lang='lat' dir='ltr'><strong>carnis</strong></span> 
     </span>
    </p>
   </div>
   <div class='ocr_carea' id='block_1_93' title="bbox 1836 3077 3421 3149">
    <p class='ocr_par' dir='ltr' id='par_1_93' title="bbox 1836 3077 3421 3149">
     <span class='ocr_line' id='line_1_93' title="bbox 1836 3077 3421 3149; baseline -0.004 -13"><span class='ocrx_word' id='word_1_691' title='bbox 1836 3080 2230 3136; x_wconf 78' lang='lat' dir='ltr'><strong>resurrectione</strong></span> <span class='ocrx_word' id='word_1_692' title='bbox 2268 3087 2550 3134; x_wconf 91' lang='lat' dir='ltr'><strong>venturum</strong></span> <span class='ocrx_word' id='word_1_693' title='bbox 2590 3086 2692 3133; x_wconf 90' lang='lat' dir='ltr'><strong>est.</strong></span> <span class='ocrx_word' id='word_1_694' title='bbox 2740 3077 3039 3133; x_wconf 86' lang='lat' dir='ltr'><strong>Ostendens</strong></span> <span class='ocrx_word' id='word_1_695' title='bbox 3077 3092 3205 3149; x_wconf 86' lang='lat' dir='ltr'><strong>ergo</strong></span> <span class='ocrx_word' id='word_1_696' title='bbox 3251 3077 3421 3132; x_wconf 84' lang='lat' dir='ltr'><strong>Lucas</strong></span> 
     </span>
    </p>
   </div>
   <div class='ocr_carea' id='block_1_94' title="bbox 1837 3168 3420 3242">
    <p class='ocr_par' dir='ltr' id='par_1_94' title="bbox 1837 3168 3420 3242">
     <span class='ocr_line' id='line_1_94' title="bbox 1837 3168 3420 3242; baseline -0.004 -15"><span class='ocrx_word' id='word_1_697' title='bbox 1837 3170 2388 3242; x_wconf 89' lang='lat' dir='ltr'><strong>tertiampetitionem</strong></span> <span class='ocrx_word' id='word_1_698' title='bbox 2416 3169 2641 3224; x_wconf 91' lang='lat' dir='ltr'><strong>duarum</strong></span> <span class='ocrx_word' id='word_1_699' title='bbox 2673 3169 3008 3239; x_wconf 90' lang='lat' dir='ltr'><strong>superiorum</strong></span> <span class='ocrx_word' id='word_1_700' title='bbox 3045 3183 3165 3224; x_wconf 90' lang='lat' dir='ltr'><strong>esse</strong></span> <span class='ocrx_word' id='word_1_701' title='bbox 3190 3168 3420 3238; x_wconf 90' lang='lat' dir='ltr'><strong>quodam</strong></span> 
     </span>
    </p>
   </div>
   <div class='ocr_carea' id='block_1_95' title="bbox 1835 3258 3423 3334">
    <p class='ocr_par' dir='ltr' id='par_1_95' title="bbox 1835 3258 3423 3334">
     <span class='ocr_line' id='line_1_95' title="bbox 1835 3258 3423 3334; baseline -0.005 -14"><span class='ocrx_word' id='word_1_702' title='bbox 1835 3264 1996 3320; x_wconf 89' lang='lat' dir='ltr'><strong>modo</strong></span> <span class='ocrx_word' id='word_1_703' title='bbox 2025 3263 2430 3334; x_wconf 87' lang='lat' dir='ltr'><strong>repetitionem,</strong></span> <span class='ocrx_word' id='word_1_704' title='bbox 2459 3264 2627 3333; x_wconf 84' lang='lat' dir='ltr'><strong>magis</strong></span> <span class='ocrx_word' id='word_1_705' title='bbox 2656 3278 2775 3318; x_wconf 90' lang='lat' dir='ltr'><strong>eam</strong></span> <span class='ocrx_word' id='word_1_706' title='bbox 2813 3260 3271 3332; x_wconf 75' lang='lat' dir='ltr'><strong>prmtermittendo</strong></span> <span class='ocrx_word' id='word_1_707' title='bbox 3299 3258 3423 3313; x_wconf 89' lang='lat' dir='ltr'><strong>facit</strong></span> 
     </span>
    </p>
   </div>
   <div class='ocr_carea' id='block_1_96' title="bbox 1834 3351 3425 3428">
    <p class='ocr_par' dir='ltr' id='par_1_96' title="bbox 1834 3351 3425 3428">
     <span class='ocr_line' id='line_1_96' title="bbox 1834 3351 3425 3428; baseline -0.006 -15"><span class='ocrx_word' id='word_1_708' title='bbox 1834 3357 2075 3428; x_wconf 89' lang='lat' dir='ltr'><strong>intelligi.</strong></span> <span class='ocrx_word' id='word_1_709' title='bbox 2112 3355 2315 3411; x_wconf 90' lang='lat' dir='ltr'><strong>Deinde</strong></span> <span class='ocrx_word' id='word_1_710' title='bbox 2356 3364 2463 3411; x_wconf 91' lang='lat' dir='ltr'><strong>trcs</strong></span> <span class='ocrx_word' id='word_1_711' title='bbox 2505 3354 2637 3408; x_wconf 87' lang='lat' dir='ltr'><strong>alias</strong></span> <span class='ocrx_word' id='word_1_712' title='bbox 2666 3353 2923 3423; x_wconf 86' lang='lat' dir='ltr'><strong>adjungit,</strong></span> <span class='ocrx_word' id='word_1_713' title='bbox 2967 3352 3036 3407; x_wconf 92' lang='lat' dir='ltr'><strong>de</strong></span> <span class='ocrx_word' id='word_1_714' title='bbox 3073 3367 3207 3422; x_wconf 89' lang='lat' dir='ltr'><strong>pane</strong></span> <span class='ocrx_word' id='word_1_715' title='bbox 3248 3351 3425 3422; x_wconf 81' lang='lat' dir='ltr'><strong>quoti-</strong></span> 
     </span>
    </p>
   </div>
   <div class='ocr_carea' id='block_1_97' title="bbox 1833 3442 3419 3517">
    <p class='ocr_par' dir='ltr' id='par_1_97' title="bbox 1833 3442 3419 3517">
     <span class='ocr_line' id='line_1_97' title="bbox 1833 3442 3419 3517; baseline -0.007 -11"><span class='ocrx_word' id='word_1_716' title='bbox 1833 3450 1992 3506; x_wconf 89' lang='lat' dir='ltr'><strong>diano</strong></span> <span class='ocrx_word' id='word_1_717' title='bbox 2011 3491 2026 3515; x_wconf 93' lang='lat'><strong>,</strong></span> <span class='ocrx_word' id='word_1_718' title='bbox 2063 3448 2132 3504; x_wconf 91' lang='lat' dir='ltr'><strong>de</strong></span> <span class='ocrx_word' id='word_1_719' title='bbox 2175 3447 2491 3504; x_wconf 89' lang='lat' dir='ltr'><strong>remissione</strong></span> <span class='ocrx_word' id='word_1_720' title='bbox 2518 3453 2854 3517; x_wconf 86' lang='lat' dir='ltr'><strong>peccatorum</strong></span> <span class='ocrx_word' id='word_1_721' title='bbox 2875 3484 2891 3511; x_wconf 95' lang='lat'><strong>,</strong></span> <span class='ocrx_word' id='word_1_722' title='bbox 2921 3442 2989 3499; x_wconf 91' lang='lat' dir='ltr'><strong>de</strong></span> <span class='ocrx_word' id='word_1_723' title='bbox 3018 3442 3309 3498; x_wconf 87' lang='lat' dir='ltr'><strong>tentatione</strong></span> <span class='ocrx_word' id='word_1_724' title='bbox 3340 3442 3419 3496; x_wconf 88' lang='lat' dir='ltr'><strong>vi-</strong></span> 
     </span>
    </p>
   </div>
   <div class='ocr_carea' id='block_1_98' title="bbox 1835 3532 3421 3613">
    <p class='ocr_par' dir='ltr' id='par_1_98' title="bbox 1835 3532 3421 3613">
     <span class='ocr_line' id='line_1_98' title="bbox 1835 3532 3421 3613; baseline -0.006 -16"><span class='ocrx_word' id='word_1_725' title='bbox 1835 3541 1994 3598; x_wconf 90' lang='lat' dir='ltr'><strong>tanda</strong></span> <span class='ocrx_word' id='word_1_726' title='bbox 2044 3540 2196 3612; x_wconf 89' lang='lat' dir='ltr'><strong>(Luc.</strong></span> <span class='ocrx_word' id='word_1_727' title='bbox 2234 3556 2286 3595; x_wconf 76' lang='lat' dir='ltr'><strong>x1</strong></span> <span class='ocrx_word' id='word_1_728' title='bbox 2310 3579 2325 3607; x_wconf 91' lang='lat'><strong>,</strong></span> <span class='ocrx_word' id='word_1_729' title='bbox 2366 3536 2505 3613; x_wconf 70' lang='grc'><strong>2-4).</strong></span> <span class='ocrx_word' id='word_1_730' title='bbox 2553 3539 2624 3594; x_wconf 86' lang='lat' dir='ltr'><strong>At</strong></span> <span class='ocrx_word' id='word_1_731' title='bbox 2675 3553 2803 3591; x_wconf 83' lang='lat' dir='ltr'><strong>vero</strong></span> <span class='ocrx_word' id='word_1_732' title='bbox 2841 3535 2981 3606; x_wconf 92' lang='lat' dir='ltr'><strong>quod</strong></span> <span class='ocrx_word' id='word_1_733' title='bbox 3013 3535 3105 3590; x_wconf 87' lang='lat' dir='ltr'><strong>ille</strong></span> <span class='ocrx_word' id='word_1_734' title='bbox 3145 3534 3197 3588; x_wconf 90' lang='lat' dir='ltr'><strong>in</strong></span> <span class='ocrx_word' id='word_1_735' title='bbox 3235 3532 3421 3588; x_wconf 89' lang='lat' dir='ltr'><strong>ultimo</strong></span> 
     </span>
    </p>
   </div>
   <div class='ocr_carea' id='block_1_99' title="bbox 1836 3626 3421 3705">
    <p class='ocr_par' dir='ltr' id='par_1_99' title="bbox 1836 3626 3421 3705">
     <span class='ocr_line' id='line_1_99' title="bbox 1836 3626 3421 3705; baseline -0.007 -15"><span class='ocrx_word' id='word_1_736' title='bbox 1836 3635 2031 3705; x_wconf 89' lang='lat' dir='ltr'><strong>posuit,</strong></span> <span class='ocrx_word' id='word_1_737' title='bbox 2062 3633 2164 3688; x_wconf 82' lang='lat' dir='ltr'><strong>Sed</strong></span> <span class='ocrx_word' id='word_1_738' title='bbox 2192 3633 2348 3688; x_wconf 79' lang='lat' dir='ltr'><strong>libera</strong></span> <span class='ocrx_word' id='word_1_739' title='bbox 2367 3649 2459 3688; x_wconf 84' lang='lat' dir='ltr'><strong>nos</strong></span> <span class='ocrx_word' id='word_1_740' title='bbox 2478 3649 2509 3685; x_wconf 91' lang='lat' dir='ltr'><strong>a</strong></span> <span class='ocrx_word' id='word_1_741' title='bbox 2528 3632 2700 3697; x_wconf 86' lang='lat' dir='ltr'><strong>malo;</strong></span> <span class='ocrx_word' id='word_1_742' title='bbox 2726 3630 2827 3685; x_wconf 86' lang='lat' dir='ltr'><strong>iste</strong></span> <span class='ocrx_word' id='word_1_743' title='bbox 2852 3644 2958 3684; x_wconf 92' lang='lat' dir='ltr'><strong>non</strong></span> <span class='ocrx_word' id='word_1_744' title='bbox 2987 3628 3182 3700; x_wconf 89' lang='lat' dir='ltr'><strong>posuit,</strong></span> <span class='ocrx_word' id='word_1_745' title='bbox 3231 3635 3289 3681; x_wconf 90' lang='lat' dir='ltr'><strong>ut</strong></span> <span class='ocrx_word' id='word_1_746' title='bbox 3338 3626 3421 3680; x_wconf 91' lang='lat' dir='ltr'><strong>in-</strong></span> 
     </span>
    </p>
   </div>
   <div class='ocr_carea' id='block_1_100' title="bbox 1836 3718 3421 3797">
    <p class='ocr_par' dir='ltr' id='par_1_100' title="bbox 1836 3718 3421 3797">
     <span class='ocr_line' id='line_1_100' title="bbox 1836 3718 3421 3797; baseline -0.006 -14"><span class='ocrx_word' id='word_1_747' title='bbox 1836 3728 2198 3797; x_wconf 86' lang='lat' dir='ltr'><strong>telligercmus</strong></span> <span class='ocrx_word' id='word_1_748' title='bbox 2223 3726 2290 3781; x_wconf 89' lang='lat' dir='ltr'><strong>ad</strong></span> <span class='ocrx_word' id='word_1_749' title='bbox 2320 3724 2449 3782; x_wconf 90' lang='lat' dir='ltr'><strong>illud</strong></span> <span class='ocrx_word' id='word_1_750' title='bbox 2472 3723 2715 3796; x_wconf 90' lang='lat' dir='ltr'><strong>superius</strong></span> <span class='ocrx_word' id='word_1_751' title='bbox 2746 3722 2887 3794; x_wconf 90' lang='lat' dir='ltr'><strong>quod</strong></span> <span class='ocrx_word' id='word_1_752' title='bbox 2920 3722 2987 3777; x_wconf 92' lang='lat' dir='ltr'><strong>de</strong></span> <span class='ocrx_word' id='word_1_753' title='bbox 3023 3719 3320 3776; x_wconf 88' lang='lat' dir='ltr'><strong>tentatione</strong></span> <span class='ocrx_word' id='word_1_754' title='bbox 3339 3718 3421 3773; x_wconf 86' lang='lat' dir='ltr'><strong>di-</strong></span> 
     </span>
    </p>
   </div>
   <div class='ocr_carea' id='block_1_101' title="bbox 1834 3811 3418 3888">
    <p class='ocr_par' dir='ltr' id='par_1_101' title="bbox 1834 3811 3418 3888">
     <span class='ocr_line' id='line_1_101' title="bbox 1834 3811 3418 3888; baseline -0.006 -14"><span class='ocrx_word' id='word_1_755' title='bbox 1834 3828 1977 3874; x_wconf 90' lang='lat' dir='ltr'><strong>ctum</strong></span> <span class='ocrx_word' id='word_1_756' title='bbox 2007 3826 2111 3886; x_wconf 90' lang='lat' dir='ltr'><strong>est,</strong></span> <span class='ocrx_word' id='word_1_757' title='bbox 2141 3817 2427 3888; x_wconf 89' lang='lat' dir='ltr'><strong>pertinere.</strong></span> <span class='ocrx_word' id='word_1_758' title='bbox 2461 3816 2584 3871; x_wconf 87' lang='lat' dir='ltr'><strong>Ideo</strong></span> <span class='ocrx_word' id='word_1_759' title='bbox 2621 3816 2818 3886; x_wconf 91' lang='lat' dir='ltr'><strong>quippe</strong></span> <span class='ocrx_word' id='word_1_760' title='bbox 2847 3814 2940 3881; x_wconf 90' lang='lat' dir='ltr'><strong>ait,</strong></span> <span class='ocrx_word' id='word_1_761' title='bbox 2966 3811 3072 3868; x_wconf 86' lang='lat' dir='ltr'><strong>Sed</strong></span> <span class='ocrx_word' id='word_1_762' title='bbox 3099 3811 3254 3867; x_wconf 86' lang='lat' dir='ltr'><strong>libera</strong></span> <span class='ocrx_word' id='word_1_763' title='bbox 3274 3827 3293 3875; x_wconf 87' lang='lat'><strong><em>;</em></strong></span> <span class='ocrx_word' id='word_1_764' title='bbox 3313 3826 3418 3866; x_wconf 91' lang='lat' dir='ltr'><strong>non</strong></span> 
     </span>
    </p>
   </div>
   <div class='ocr_carea' id='block_1_102' title="bbox 1834 3901 3420 3979">
    <p class='ocr_par' dir='ltr' id='par_1_102' title="bbox 1834 3901 3420 3979">
     <span class='ocr_line' id='line_1_102' title="bbox 1834 3901 3420 3979; baseline -0.004 -15"><span class='ocrx_word' id='word_1_765' title='bbox 1834 3912 1926 3975; x_wconf 87' lang='lat' dir='ltr'><strong>ait,</strong></span> <span class='ocrx_word' id='word_1_766' title='bbox 1944 3911 2012 3965; x_wconf 85' lang='lat' dir='ltr'><strong>Et</strong></span> <span class='ocrx_word' id='word_1_767' title='bbox 2038 3910 2227 3976; x_wconf 89' lang='lat' dir='ltr'><strong>libera,</strong></span> <span class='ocrx_word' id='word_1_768' title='bbox 2255 3918 2508 3979; x_wconf 88' lang='lat' dir='ltr'><strong>tanquam</strong></span> <span class='ocrx_word' id='word_1_769' title='bbox 2530 3922 2687 3963; x_wconf 91' lang='lat' dir='ltr'><strong>unam</strong></span> <span class='ocrx_word' id='word_1_770' title='bbox 2718 3905 3033 3977; x_wconf 89' lang='lat' dir='ltr'><strong>petitionem</strong></span> <span class='ocrx_word' id='word_1_771' title='bbox 3057 3918 3178 3959; x_wconf 87' lang='lat' dir='ltr'><strong>esse</strong></span> <span class='ocrx_word' id='word_1_772' title='bbox 3199 3901 3420 3959; x_wconf 87' lang='lat' dir='ltr'><strong>demon-</strong></span> 
     </span>
    </p>
   </div>
   <div class='ocr_carea' id='block_1_103' title="bbox 1835 3993 3419 4073">
    <p class='ocr_par' dir='ltr' id='par_1_103' title="bbox 1835 3993 3419 4073">
     <span class='ocr_line' id='line_1_103' title="bbox 1835 3993 3419 4073; baseline -0.006 -17"><span class='ocrx_word' id='word_1_773' title='bbox 1835 4012 2010 4056; x_wconf 81' lang='lat' dir='ltr'><strong>strans</strong></span> <span class='ocrx_word' id='word_1_774' title='bbox 2044 3999 2176 4073; x_wconf 89' lang='lat' dir='ltr'><strong>(noli</strong></span> <span class='ocrx_word' id='word_1_775' title='bbox 2205 3999 2309 4054; x_wconf 84' lang='lat' dir='ltr'><strong>hoc</strong></span> <span class='ocrx_word' id='word_1_776' title='bbox 2327 3997 2371 4065; x_wconf 87' lang='grc'><strong>³,</strong></span> <span class='ocrx_word' id='word_1_777' title='bbox 2389 3998 2484 4055; x_wconf 90' lang='lat' dir='ltr'><strong>sed</strong></span> <span class='ocrx_word' id='word_1_778' title='bbox 2505 3996 2644 4070; x_wconf 83' lang='lat' dir='ltr'><strong>hoc)</strong></span> <span class='ocrx_word' id='word_1_779' title='bbox 2670 4015 2683 4050; x_wconf 91' lang='lat'>:</span> <span class='ocrx_word' id='word_1_780' title='bbox 2708 4005 2764 4052; x_wconf 88' lang='lat' dir='ltr'><strong>ut</strong></span> <span class='ocrx_word' id='word_1_781' title='bbox 2805 3996 2936 4051; x_wconf 90' lang='lat' dir='ltr'><strong>sciat</strong></span> <span class='ocrx_word' id='word_1_782' title='bbox 2965 3994 3326 4065; x_wconf 87' lang='lat' dir='ltr'><strong>unusquisque</strong></span> <span class='ocrx_word' id='word_1_783' title='bbox 3364 3993 3419 4047; x_wconf 91' lang='lat' dir='ltr'><strong>in</strong></span> 
     </span>
    </p>
   </div>
   <div class='ocr_carea' id='block_1_104' title="bbox 1834 4086 3421 4161">
    <p class='ocr_par' dir='ltr' id='par_1_104' title="bbox 1834 4086 3421 4161">
     <span class='ocr_line' id='line_1_104' title="bbox 1834 4086 3421 4161; baseline -0.006 -13"><span class='ocrx_word' id='word_1_784' title='bbox 1834 4109 1899 4148; x_wconf 91' lang='lat' dir='ltr'><strong>co</strong></span> <span class='ocrx_word' id='word_1_785' title='bbox 1913 4108 1969 4147; x_wconf 89' lang='lat' dir='ltr'><strong>se</strong></span> <span class='ocrx_word' id='word_1_786' title='bbox 1982 4090 2198 4148; x_wconf 89' lang='lat' dir='ltr'><strong>liberari</strong></span> <span class='ocrx_word' id='word_1_787' title='bbox 2222 4105 2250 4144; x_wconf 92' lang='lat' dir='ltr'><strong>a</strong></span> <span class='ocrx_word' id='word_1_788' title='bbox 2271 4090 2430 4155; x_wconf 89' lang='lat' dir='ltr'><strong>malo,</strong></span> <span class='ocrx_word' id='word_1_789' title='bbox 2450 4088 2592 4161; x_wconf 89' lang='lat' dir='ltr'><strong>quod</strong></span> <span class='ocrx_word' id='word_1_790' title='bbox 2610 4103 2715 4144; x_wconf 91' lang='lat' dir='ltr'><strong>non</strong></span> <span class='ocrx_word' id='word_1_791' title='bbox 2738 4087 2962 4142; x_wconf 83' lang='lat' dir='ltr'><strong>infertur</strong></span> <span class='ocrx_word' id='word_1_792' title='bbox 2984 4086 3421 4142; x_wconf 86' lang='lat' dir='ltr'><strong>intentationem.</strong></span> 
     </span>
    </p>
   </div>
   <div class='ocr_carea' id='block_1_105' title="bbox 1905 4177 3423 4248">
    <p class='ocr_par' dir='ltr' id='par_1_105' title="bbox 1905 4177 3423 4248">
     <span class='ocr_line' id='line_1_105' title="bbox 1905 4177 3423 4248; baseline -0.007 -9"><span class='ocrx_word' id='word_1_793' title='bbox 1905 4182 2130 4239; x_wconf 79' lang='lat' dir='ltr'><strong>CAPUT</strong></span> <span class='ocrx_word' id='word_1_794' title='bbox 2169 4180 2372 4237; x_wconf 71' lang='lat' dir='ltr'><strong>CXVII.</strong></span> <span class='ocrx_word' id='word_1_795' title='bbox 2401 4210 2471 4219; x_wconf 93' lang='lat'><strong>—</strong></span> <span class='ocrx_word' id='word_1_796' title='bbox 2492 4182 2579 4235; x_wconf 79' lang='grc'><strong>51.</strong></span> <span class='ocrx_word' id='word_1_797' title='bbox 2601 4178 2681 4233; x_wconf 89' lang='lat' dir='ltr'><strong>De</strong></span> <span class='ocrx_word' id='word_1_798' title='bbox 2704 4180 2949 4233; x_wconf 83' lang='lat' dir='ltr'><strong>charitate</strong></span> <span class='ocrx_word' id='word_1_799' title='bbox 2975 4193 3088 4248; x_wconf 66' lang='lat' dir='ltr'><strong>qua:</strong></span> <span class='ocrx_word' id='word_1_800' title='bbox 3105 4194 3219 4232; x_wconf 87' lang='lat' dir='ltr'><strong>cum</strong></span> <span class='ocrx_word' id='word_1_801' title='bbox 3236 4177 3338 4247; x_wconf 82' lang='lat' dir='ltr'><strong>ﬁde</strong></span> <span class='ocrx_word' id='word_1_802' title='bbox 3361 4193 3423 4229; x_wconf 84' lang='lat' dir='ltr'><strong>ac</strong></span> 
     </span>
    </p>
   </div>
   <div class='ocr_carea' id='block_1_106' title="bbox 1834 4266 3426 4346">
    <p class='ocr_par' dir='ltr' id='par_1_106' title="bbox 1834 4266 3426 4346">
     <span class='ocr_line' id='line_1_106' title="bbox 1834 4266 3426 4346; baseline -0.006 -16"><span class='ocrx_word' id='word_1_803' title='bbox 1834 4293 1923 4346; x_wconf 86' lang='lat' dir='ltr'><strong>spe</strong></span> <span class='ocrx_word' id='word_1_804' title='bbox 1947 4274 2123 4329; x_wconf 83' lang='lat' dir='ltr'><strong>adesse</strong></span> <span class='ocrx_word' id='word_1_805' title='bbox 2151 4270 2314 4326; x_wconf 86' lang='lat' dir='ltr'><strong>debet.</strong></span> <span class='ocrx_word' id='word_1_806' title='bbox 2357 4270 2474 4326; x_wconf 81' lang='lat' dir='ltr'><strong>Jam</strong></span> <span class='ocrx_word' id='word_1_807' title='bbox 2519 4286 2681 4341; x_wconf 90' lang='lat' dir='ltr'><strong>porro</strong></span> <span class='ocrx_word' id='word_1_808' title='bbox 2708 4269 2939 4325; x_wconf 84' lang='lat' dir='ltr'><strong>charitas</strong></span> <span class='ocrx_word' id='word_1_809' title='bbox 2961 4310 2977 4337; x_wconf 94' lang='lat'><strong>,</strong></span> <span class='ocrx_word' id='word_1_810' title='bbox 3017 4283 3176 4338; x_wconf 91' lang='lat' dir='ltr'><strong>quam</strong></span> <span class='ocrx_word' id='word_1_811' title='bbox 3218 4266 3426 4323; x_wconf 89' lang='lat' dir='ltr'><strong>duabus</strong></span> 
     </span>
    </p>
   </div>
   <div class='ocr_carea' id='block_1_107' title="bbox 1838 4356 3421 4431">
    <p class='ocr_par' dir='ltr' id='par_1_107' title="bbox 1838 4356 3421 4431">
     <span class='ocr_line' id='line_1_107' title="bbox 1838 4356 3421 4431; baseline -0.007 -11"><span class='ocrx_word' id='word_1_812' title='bbox 1838 4367 1971 4431; x_wconf 89' lang='lat' dir='ltr'><strong>istis,</strong></span> <span class='ocrx_word' id='word_1_813' title='bbox 1992 4365 2046 4420; x_wconf 89' lang='lat' dir='ltr'><strong>id</strong></span> <span class='ocrx_word' id='word_1_814' title='bbox 2066 4373 2167 4430; x_wconf 88' lang='lat' dir='ltr'><strong>est,</strong></span> <span class='ocrx_word' id='word_1_815' title='bbox 2193 4363 2295 4419; x_wconf 82' lang='lat' dir='ltr'><strong>fide</strong></span> <span class='ocrx_word' id='word_1_816' title='bbox 2314 4377 2377 4417; x_wconf 92' lang='lat' dir='ltr'><strong>ac</strong></span> <span class='ocrx_word' id='word_1_817' title='bbox 2396 4376 2490 4431; x_wconf 84' lang='lat' dir='ltr'><strong>Spe</strong></span> <span class='ocrx_word' id='word_1_818' title='bbox 2508 4361 2763 4430; x_wconf 85' lang='lat' dir='ltr'><strong>majorem</strong></span> <span class='ocrx_word' id='word_1_819' title='bbox 2783 4360 2921 4414; x_wconf 86' lang='lat' dir='ltr'><strong>dixit</strong></span> <span class='ocrx_word' id='word_1_820' title='bbox 2937 4356 3280 4427; x_wconf 85' lang='lat' dir='ltr'><strong>Apostolus(l</strong></span> <span class='ocrx_word' id='word_1_821' title='bbox 3301 4356 3421 4411; x_wconf 89' lang='lat' dir='ltr'><strong>Cor.</strong></span> 
     </span>
    </p>
   </div>
   <div class='ocr_carea' id='block_1_108' title="bbox 1836 4452 3426 4529">
    <p class='ocr_par' dir='ltr' id='par_1_108' title="bbox 1836 4452 3426 4529">
     <span class='ocr_line' id='line_1_108' title="bbox 1836 4452 3426 4529; baseline -0.008 -16"><span class='ocrx_word' id='word_1_822' title='bbox 1836 4474 1949 4523; x_wconf 74' lang='lat' dir='ltr'><strong>xm,</strong></span> <span class='ocrx_word' id='word_1_823' title='bbox 1988 4457 2096 4529; x_wconf 79' lang='lat'><strong>15),</strong></span> <span class='ocrx_word' id='word_1_824' title='bbox 2124 4464 2321 4526; x_wconf 90' lang='lat' dir='ltr'><strong>quanto</strong></span> <span class='ocrx_word' id='word_1_825' title='bbox 2352 4454 2403 4508; x_wconf 91' lang='lat' dir='ltr'><strong>in</strong></span> <span class='ocrx_word' id='word_1_826' title='bbox 2430 4468 2766 4523; x_wconf 90' lang='lat' dir='ltr'><strong>quocumque</strong></span> <span class='ocrx_word' id='word_1_827' title='bbox 2793 4452 2963 4520; x_wconf 88' lang='lat' dir='ltr'><strong>major</strong></span> <span class='ocrx_word' id='word_1_828' title='bbox 2988 4458 3099 4517; x_wconf 88' lang='lat' dir='ltr'><strong>est,</strong></span> <span class='ocrx_word' id='word_1_829' title='bbox 3135 4459 3281 4503; x_wconf 90' lang='lat' dir='ltr'><strong>tanto</strong></span> <span class='ocrx_word' id='word_1_830' title='bbox 3312 4462 3426 4501; x_wconf 86' lang='lat' dir='ltr'><strong>me-</strong></span> 
     </span>
    </p>
   </div>
   <div class='ocr_carea' id='block_1_109' title="bbox 1835 4538 3422 4616">
    <p class='ocr_par' dir='ltr' id='par_1_109' title="bbox 1835 4538 3422 4616">
     <span class='ocr_line' id='line_1_109' title="bbox 1835 4538 3422 4616; baseline -0.007 -12"><span class='ocrx_word' id='word_1_831' title='bbox 1835 4550 1936 4604; x_wconf 90' lang='lat' dir='ltr'><strong>lior</strong></span> <span class='ocrx_word' id='word_1_832' title='bbox 1960 4555 2042 4603; x_wconf 90' lang='lat' dir='ltr'><strong>est</strong></span> <span class='ocrx_word' id='word_1_833' title='bbox 2070 4548 2121 4601; x_wconf 91' lang='lat' dir='ltr'><strong>in</strong></span> <span class='ocrx_word' id='word_1_834' title='bbox 2150 4562 2255 4616; x_wconf 90' lang='lat' dir='ltr'><strong>quo</strong></span> <span class='ocrx_word' id='word_1_835' title='bbox 2274 4555 2374 4600; x_wconf 87' lang='lat' dir='ltr'><strong>est.</strong></span> <span class='ocrx_word' id='word_1_836' title='bbox 2399 4544 2529 4599; x_wconf 90' lang='lat' dir='ltr'><strong>Cum</strong></span> <span class='ocrx_word' id='word_1_837' title='bbox 2551 4543 2693 4598; x_wconf 90' lang='lat' dir='ltr'><strong>enim</strong></span> <span class='ocrx_word' id='word_1_838' title='bbox 2714 4543 2985 4613; x_wconf 78' lang='lat' dir='ltr'><strong>qumritnr,</strong></span> <span class='ocrx_word' id='word_1_839' title='bbox 3005 4548 3180 4594; x_wconf 86' lang='lat' dir='ltr'><strong>utrum</strong></span> <span class='ocrx_word' id='word_1_840' title='bbox 3195 4538 3422 4610; x_wconf 90' lang='lat' dir='ltr'><strong>quisque</strong></span> 
     </span>
    </p>
   </div>
   <div class='ocr_carea' id='block_1_110' title="bbox 1835 4633 3418 4708">
    <p class='ocr_par' dir='ltr' id='par_1_110' title="bbox 1835 4633 3418 4708">
     <span class='ocr_line' id='line_1_110' title="bbox 1835 4633 3418 4708; baseline -0.009 -9"><span class='ocrx_word' id='word_1_841' title='bbox 1835 4644 1905 4699; x_wconf 88' lang='lat' dir='ltr'><strong>sit</strong></span> <span class='ocrx_word' id='word_1_842' title='bbox 1932 4643 2090 4697; x_wconf 83' lang='lat' dir='ltr'><strong>homo</strong></span> <span class='ocrx_word' id='word_1_843' title='bbox 2116 4640 2311 4705; x_wconf 87' lang='lat' dir='ltr'><strong>bonus,</strong></span> <span class='ocrx_word' id='word_1_844' title='bbox 2339 4654 2444 4692; x_wconf 91' lang='lat' dir='ltr'><strong>non</strong></span> <span class='ocrx_word' id='word_1_845' title='bbox 2471 4637 2722 4708; x_wconf 62' lang='lat' dir='ltr'><strong>quaeritur</strong></span> <span class='ocrx_word' id='word_1_846' title='bbox 2740 4634 2862 4707; x_wconf 90' lang='lat' dir='ltr'><strong>quid</strong></span> <span class='ocrx_word' id='word_1_847' title='bbox 2886 4633 3091 4700; x_wconf 86' lang='lat' dir='ltr'><strong>credat,</strong></span> <span class='ocrx_word' id='word_1_848' title='bbox 3108 4641 3199 4686; x_wconf 91' lang='lat' dir='ltr'><strong>aut</strong></span> <span class='ocrx_word' id='word_1_849' title='bbox 3219 4638 3418 4702; x_wconf 90' lang='lat' dir='ltr'><strong>speret,</strong></span> 
     </span>
    </p>
   </div>
   <div class='ocr_carea' id='block_1_111' title="bbox 1833 4724 3425 4805">
    <p class='ocr_par' dir='ltr' id='par_1_111' title="bbox 1833 4724 3425 4805">
     <span class='ocr_line' id='line_1_111' title="bbox 1833 4724 3425 4805; baseline -0.008 -14"><span class='ocrx_word' id='word_1_850' title='bbox 1833 4736 1929 4791; x_wconf 83' lang='lat' dir='ltr'><strong>sed</strong></span> <span class='ocrx_word' id='word_1_851' title='bbox 1958 4733 2083 4805; x_wconf 91' lang='lat' dir='ltr'><strong>quid</strong></span> <span class='ocrx_word' id='word_1_852' title='bbox 2109 4740 2273 4787; x_wconf 84' lang='lat' dir='ltr'><strong>amet.</strong></span> <span class='ocrx_word' id='word_1_853' title='bbox 2312 4730 2445 4784; x_wconf 86' lang='lat' dir='ltr'><strong>Nam</strong></span> <span class='ocrx_word' id='word_1_854' title='bbox 2484 4729 2574 4801; x_wconf 88' lang='lat' dir='ltr'><strong>qni</strong></span> <span class='ocrx_word' id='word_1_855' title='bbox 2625 4738 2771 4783; x_wconf 89' lang='lat' dir='ltr'><strong>recte</strong></span> <span class='ocrx_word' id='word_1_856' title='bbox 2810 4736 2990 4791; x_wconf 85' lang='lat' dir='ltr'><strong>amat,</strong></span> <span class='ocrx_word' id='word_1_857' title='bbox 3038 4725 3220 4797; x_wconf 86' lang='lat' dir='ltr'><strong>procul</strong></span> <span class='ocrx_word' id='word_1_858' title='bbox 3261 4724 3425 4779; x_wconf 88' lang='lat' dir='ltr'><strong>dubio</strong></span> 
     </span>
    </p>
   </div>
   <div class='ocr_carea' id='block_1_112' title="bbox 1836 4819 3416 4894">
    <p class='ocr_par' dir='ltr' id='par_1_112' title="bbox 1836 4819 3416 4894">
     <span class='ocr_line' id='line_1_112' title="bbox 1836 4819 3416 4894; baseline -0.008 -11"><span class='ocrx_word' id='word_1_859' title='bbox 1836 4837 1984 4883; x_wconf 90' lang='lat' dir='ltr'><strong>recte</strong></span> <span class='ocrx_word' id='word_1_860' title='bbox 2008 4824 2178 4882; x_wconf 89' lang='lat' dir='ltr'><strong>credit</strong></span> <span class='ocrx_word' id='word_1_861' title='bbox 2202 4833 2257 4878; x_wconf 92' lang='lat' dir='ltr'><strong>et</strong></span> <span class='ocrx_word' id='word_1_862' title='bbox 2282 4832 2462 4894; x_wconf 84' lang='lat' dir='ltr'><strong>sperat</strong></span> <span class='ocrx_word' id='word_1_863' title='bbox 2490 4841 2503 4877; x_wconf 94' lang='lat'><strong>:</strong></span> <span class='ocrx_word' id='word_1_864' title='bbox 2536 4822 2626 4893; x_wconf 88' lang='lat' dir='ltr'><strong>qui</strong></span> <span class='ocrx_word' id='word_1_865' title='bbox 2658 4836 2784 4877; x_wconf 90' lang='lat' dir='ltr'><strong>vero</strong></span> <span class='ocrx_word' id='word_1_866' title='bbox 2816 4836 2920 4874; x_wconf 91' lang='lat' dir='ltr'><strong>non</strong></span> <span class='ocrx_word' id='word_1_867' title='bbox 2965 4828 3150 4887; x_wconf 91' lang='lat' dir='ltr'><strong>amat,</strong></span> <span class='ocrx_word' id='word_1_868' title='bbox 3196 4819 3416 4873; x_wconf 77' lang='lat' dir='ltr'><strong>inaniter</strong></span> 
     </span>
    </p>
   </div>
   <div class='ocr_carea' id='block_1_113' title="bbox 1834 4909 3422 4982">
    <p class='ocr_par' dir='ltr' id='par_1_113' title="bbox 1834 4909 3422 4982">
     <span class='ocr_line' id='line_1_113' title="bbox 1834 4909 3422 4982; baseline -0.007 -10"><span class='ocrx_word' id='word_1_869' title='bbox 1834 4916 2025 4982; x_wconf 87' lang='lat' dir='ltr'><strong>credit,</strong></span> <span class='ocrx_word' id='word_1_870' title='bbox 2054 4914 2265 4971; x_wconf 87' lang='lat' dir='ltr'><strong>etiamsi</strong></span> <span class='ocrx_word' id='word_1_871' title='bbox 2302 4914 2409 4967; x_wconf 89' lang='lat' dir='ltr'><strong>sint</strong></span> <span class='ocrx_word' id='word_1_872' title='bbox 2436 4928 2561 4967; x_wconf 87' lang='lat' dir='ltr'><strong>vera</strong></span> <span class='ocrx_word' id='word_1_873' title='bbox 2596 4927 2714 4981; x_wconf 84' lang='lat' dir='ltr'><strong>quae</strong></span> <span class='ocrx_word' id='word_1_874' title='bbox 2740 4909 2943 4973; x_wconf 89' lang='lat' dir='ltr'><strong>credit;</strong></span> <span class='ocrx_word' id='word_1_875' title='bbox 2971 4909 3197 4964; x_wconf 89' lang='lat' dir='ltr'><strong>inaniter</strong></span> <span class='ocrx_word' id='word_1_876' title='bbox 3219 4918 3422 4980; x_wconf 88' lang='lat' dir='ltr'><strong>sperat,</strong></span> 
     </span>
    </p>
   </div>
   <div class='ocr_carea' id='block_1_114' title="bbox 1835 5002 3423 5072">
    <p class='ocr_par' dir='ltr' id='par_1_114' title="bbox 1835 5002 3423 5072">
     <span class='ocr_line' id='line_1_114' title="bbox 1835 5002 3423 5072; baseline -0.006 -9"><span class='ocrx_word' id='word_1_877' title='bbox 1835 5009 2041 5063; x_wconf 86' lang='lat' dir='ltr'><strong>etiamsi</strong></span> <span class='ocrx_word' id='word_1_878' title='bbox 2069 5007 2133 5061; x_wconf 89' lang='lat' dir='ltr'><strong>ad</strong></span> <span class='ocrx_word' id='word_1_879' title='bbox 2164 5022 2344 5061; x_wconf 87' lang='lat' dir='ltr'><strong>veram</strong></span> <span class='ocrx_word' id='word_1_880' title='bbox 2365 5004 2670 5060; x_wconf 88' lang='lat' dir='ltr'><strong>felicitatem</strong></span> <span class='ocrx_word' id='word_1_881' title='bbox 2692 5002 2985 5058; x_wconf 88' lang='lat' dir='ltr'><strong>doceantur</strong></span> <span class='ocrx_word' id='word_1_882' title='bbox 3014 5002 3283 5072; x_wconf 85' lang='lat' dir='ltr'><strong>pertinere</strong></span> <span class='ocrx_word' id='word_1_883' title='bbox 3305 5017 3423 5070; x_wconf 78' lang='lat' dir='ltr'><strong>qua:</strong></span> 
     </span>
    </p>
   </div>
   <div class='ocr_carea' id='block_1_115' title="bbox 1833 5093 3423 5168">
    <p class='ocr_par' dir='ltr' id='par_1_115' title="bbox 1833 5093 3423 5168">
     <span class='ocr_line' id='line_1_115' title="bbox 1833 5093 3423 5168; baseline -0.006 -13"><span class='ocrx_word' id='word_1_884' title='bbox 1833 5108 2015 5168; x_wconf 50' lang='lat' dir='ltr'><strong>sl&#39;erat</strong></span> <span class='ocrx_word' id='word_1_885' title='bbox 2047 5117 2059 5152; x_wconf 91' lang='lat'><strong>:</strong></span> <span class='ocrx_word' id='word_1_886' title='bbox 2092 5099 2194 5153; x_wconf 90' lang='lat' dir='ltr'><strong>nisi</strong></span> <span class='ocrx_word' id='word_1_887' title='bbox 2217 5109 2271 5153; x_wconf 90' lang='lat' dir='ltr'><strong>et</strong></span> <span class='ocrx_word' id='word_1_888' title='bbox 2296 5096 2399 5152; x_wconf 85' lang='lat' dir='ltr'><strong>hoc</strong></span> <span class='ocrx_word' id='word_1_889' title='bbox 2427 5095 2612 5151; x_wconf 90' lang='lat' dir='ltr'><strong>credat</strong></span> <span class='ocrx_word' id='word_1_890' title='bbox 2631 5110 2694 5150; x_wconf 89' lang='lat' dir='ltr'><strong>ac</strong></span> <span class='ocrx_word' id='word_1_891' title='bbox 2718 5103 2918 5166; x_wconf 88' lang='lat' dir='ltr'><strong>speret,</strong></span> <span class='ocrx_word' id='word_1_892' title='bbox 2935 5093 3075 5165; x_wconf 91' lang='lat' dir='ltr'><strong>quod</strong></span> <span class='ocrx_word' id='word_1_893' title='bbox 3096 5093 3194 5148; x_wconf 90' lang='lat' dir='ltr'><strong>sibi</strong></span> <span class='ocrx_word' id='word_1_894' title='bbox 3222 5094 3423 5166; x_wconf 87' lang='lat' dir='ltr'><strong>petenti</strong></span> 
     </span>
    </p>
   </div>
   <div class='ocr_carea' id='block_1_116' title="bbox 1834 5182 3424 5258">
    <p class='ocr_par' dir='ltr' id='par_1_116' title="bbox 1834 5182 3424 5258">
     <span class='ocr_line' id='line_1_116' title="bbox 1834 5182 3424 5258; baseline -0.004 -15"><span class='ocrx_word' id='word_1_895' title='bbox 1834 5188 2019 5243; x_wconf 89' lang='lat' dir='ltr'><strong>donari</strong></span> <span class='ocrx_word' id='word_1_896' title='bbox 2063 5188 2234 5258; x_wconf 89' lang='lat' dir='ltr'><strong>possit</strong></span> <span class='ocrx_word' id='word_1_897' title='bbox 2272 5198 2329 5242; x_wconf 91' lang='lat' dir='ltr'><strong>ut</strong></span> <span class='ocrx_word' id='word_1_898' title='bbox 2357 5194 2518 5243; x_wconf 89' lang='lat' dir='ltr'><strong>amet.</strong></span> <span class='ocrx_word' id='word_1_899' title='bbox 2562 5186 2819 5255; x_wconf 87' lang='lat' dir='ltr'><strong>Quamvis</strong></span> <span class='ocrx_word' id='word_1_900' title='bbox 2862 5184 3005 5241; x_wconf 91' lang='lat' dir='ltr'><strong>enim</strong></span> <span class='ocrx_word' id='word_1_901' title='bbox 3051 5199 3270 5253; x_wconf 89' lang='lat' dir='ltr'><strong>sperare</strong></span> <span class='ocrx_word' id='word_1_902' title='bbox 3306 5182 3424 5237; x_wconf 86' lang='lat' dir='ltr'><strong>sine</strong></span> 
     </span>
    </p>
   </div>
   <div class='ocr_carea' id='block_1_117' title="bbox 1834 5277 3420 5351">
    <p class='ocr_par' dir='ltr' id='par_1_117' title="bbox 1834 5277 3420 5351">
     <span class='ocr_line' id='line_1_117' title="bbox 1834 5277 3420 5351; baseline -0.004 -16"><span class='ocrx_word' id='word_1_903' title='bbox 1834 5296 2018 5336; x_wconf 90' lang='lat' dir='ltr'><strong>amore</strong></span> <span class='ocrx_word' id='word_1_904' title='bbox 2043 5298 2147 5337; x_wconf 89' lang='lat' dir='ltr'><strong>non</strong></span> <span class='ocrx_word' id='word_1_905' title='bbox 2173 5280 2362 5351; x_wconf 90' lang='lat' dir='ltr'><strong>possit,</strong></span> <span class='ocrx_word' id='word_1_906' title='bbox 2393 5279 2505 5335; x_wconf 81' lang='lat' dir='ltr'><strong>ﬁeri</strong></span> <span class='ocrx_word' id='word_1_907' title='bbox 2538 5289 2714 5335; x_wconf 87' lang='lat' dir='ltr'><strong>tamen</strong></span> <span class='ocrx_word' id='word_1_908' title='bbox 2740 5285 2918 5350; x_wconf 88' lang='lat' dir='ltr'><strong>potest</strong></span> <span class='ocrx_word' id='word_1_909' title='bbox 2947 5287 3002 5332; x_wconf 93' lang='lat' dir='ltr'><strong>ut</strong></span> <span class='ocrx_word' id='word_1_910' title='bbox 3029 5277 3077 5330; x_wconf 93' lang='lat' dir='ltr'><strong>id</strong></span> <span class='ocrx_word' id='word_1_911' title='bbox 3107 5293 3213 5332; x_wconf 90' lang='lat' dir='ltr'><strong>non</strong></span> <span class='ocrx_word' id='word_1_912' title='bbox 3239 5286 3420 5340; x_wconf 88' lang='lat' dir='ltr'><strong>amet,</strong></span> 
     </span>
    </p>
   </div>
   <div class='ocr_carea' id='block_1_118' title="bbox 1834 5368 3419 5446">
    <p class='ocr_par' dir='ltr' id='par_1_118' title="bbox 1834 5368 3419 5446">
     <span class='ocr_line' id='line_1_118' title="bbox 1834 5368 3419 5446; baseline -0.005 -17"><span class='ocrx_word' id='word_1_913' title='bbox 1834 5376 1950 5431; x_wconf 88' lang='lat' dir='ltr'><strong>sine</strong></span> <span class='ocrx_word' id='word_1_914' title='bbox 1989 5390 2096 5446; x_wconf 92' lang='lat' dir='ltr'><strong>quo</strong></span> <span class='ocrx_word' id='word_1_915' title='bbox 2140 5374 2205 5429; x_wconf 90' lang='lat' dir='ltr'><strong>ad</strong></span> <span class='ocrx_word' id='word_1_916' title='bbox 2252 5373 2303 5428; x_wconf 90' lang='lat' dir='ltr'><strong>id</strong></span> <span class='ocrx_word' id='word_1_917' title='bbox 2341 5373 2482 5445; x_wconf 88' lang='lat' dir='ltr'><strong>quod</strong></span> <span class='ocrx_word' id='word_1_918' title='bbox 2528 5383 2707 5446; x_wconf 86' lang='lat' dir='ltr'><strong>sperat</strong></span> <span class='ocrx_word' id='word_1_919' title='bbox 2750 5388 2857 5427; x_wconf 90' lang='lat' dir='ltr'><strong>non</strong></span> <span class='ocrx_word' id='word_1_920' title='bbox 2905 5378 3084 5442; x_wconf 88' lang='lat' dir='ltr'><strong>potest</strong></span> <span class='ocrx_word' id='word_1_921' title='bbox 3122 5368 3419 5441; x_wconf 89' lang='lat' dir='ltr'><strong>pervenire.</strong></span> 
     </span>
    </p>
   </div>
   <div class='ocr_carea' id='block_1_119' title="bbox 1834 5442 3420 5536">
    <p class='ocr_par' dir='ltr' id='par_1_119' title="bbox 1834 5442 3420 5536">
     <span class='ocr_line' id='line_1_119' title="bbox 1834 5442 3420 5536; baseline -0.006 -15"><span class='ocrx_word' id='word_1_922' title='bbox 1834 5442 2108 5536; x_wconf 80' lang='lat' dir='ltr'><strong>Tanquam</strong></span> <span class='ocrx_word' id='word_1_923' title='bbox 2142 5466 2187 5522; x_wconf 92' lang='lat' dir='ltr'><strong>si</strong></span> <span class='ocrx_word' id='word_1_924' title='bbox 2225 5442 2406 5535; x_wconf 80' lang='lat' dir='ltr'><strong>speret</strong></span> <span class='ocrx_word' id='word_1_925' title='bbox 2442 5442 2603 5524; x_wconf 83' lang='lat' dir='ltr'><strong>vitam</strong></span> <span class='ocrx_word' id='word_1_926' title='bbox 2635 5442 2911 5527; x_wconf 66' lang='lat' dir='ltr'><strong>mter-nam,</strong></span> <span class='ocrx_word' id='word_1_927' title='bbox 2943 5461 3137 5536; x_wconf 88' lang='lat' dir='ltr'><strong>(quam</strong></span> <span class='ocrx_word' id='word_1_928' title='bbox 3168 5460 3287 5532; x_wconf 92' lang='lat' dir='ltr'><strong>quis</strong></span> <span class='ocrx_word' id='word_1_929' title='bbox 3314 5473 3420 5514; x_wconf 84' lang='lat' dir='ltr'><strong>non</strong></span> 
     </span>
    </p>
   </div>
   <div class='ocr_carea' id='block_1_120' title="bbox 1897 5547 3417 5620">
    <p class='ocr_par' dir='ltr' id='par_1_120' title="bbox 1897 5547 3417 5620">
     <span class='ocr_line' id='line_1_120' title="bbox 1897 5547 3417 5620; baseline -0.007 -13"><span class='ocrx_word' id='word_1_930' title='bbox 1897 5559 1914 5590; x_wconf 76' lang='grc'>⁸</span> <span class='ocrx_word' id='word_1_931' title='bbox 1928 5557 2150 5620; x_wconf 85' lang='lat' dir='ltr'><strong>Plerique</strong></span> <span class='ocrx_word' id='word_1_932' title='bbox 2166 5563 2296 5617; x_wconf 70' lang='lat' dir='ltr'><strong>Mss,</strong></span> <span class='ocrx_word' id='word_1_933' title='bbox 2320 5563 2366 5607; x_wconf 86' lang='lat' dir='ltr'><strong>et</strong></span> <span class='ocrx_word' id='word_1_934' title='bbox 2388 5556 2466 5607; x_wconf 87' lang='lat' dir='ltr'><strong>hic</strong></span> <span class='ocrx_word' id='word_1_935' title='bbox 2481 5547 3417 5620; x_wconf 16' lang='lat' dir='ltr'><strong>Aittchomuw‘quantumqueproﬁcimus.</strong></span> 
     </span>
    </p>
   </div>
   <div class='ocr_carea' id='block_1_121' title="bbox 1894 5605 3421 5681">
    <p class='ocr_par' dir='ltr' id='par_1_121' title="bbox 1894 5605 3421 5681">
     <span class='ocr_line' id='line_1_121' title="bbox 1894 5605 3421 5681; baseline -0.006 -14"><span class='ocrx_word' id='word_1_936' title='bbox 1894 5605 2146 5668; x_wconf 53' lang='grc' dir='ltr'><strong>ι-Αίιδξῑέιιμ</strong></span> <span class='ocrx_word' id='word_1_937' title='bbox 2172 5605 2369 5681; x_wconf 52' lang='lat' dir='ltr'><strong>eius;</strong></span> <span class='ocrx_word' id='word_1_938' title='bbox 2400 5605 2745 5681; x_wconf 54' lang='lat' dir='ltr'><strong>summa</strong></span> <span class='ocrx_word' id='word_1_939' title='bbox 2771 5605 2864 5668; x_wconf 81' lang='lat' dir='ltr'><strong>is&#39;ta</strong></span> <span class='ocrx_word' id='word_1_940' title='bbox 2888 5605 3070 5681; x_wconf 71' lang='lat' dir='ltr'><strong>septem</strong></span> <span class='ocrx_word' id='word_1_941' title='bbox 3100 5605 3217 5663; x_wconf 80' lang='lat' dir='ltr'><strong>s&#39;unt&#39;</strong></span> <span class='ocrx_word' id='word_1_942' title='bbox 3242 5605 3421 5663; x_wconf 66' lang='grc' dir='ltr'><strong>εηιειιι.</strong></span> 
     </span>
    </p>
   </div>
   <div class='ocr_carea' id='block_1_122' title="bbox 1830 5683 2723 5798">
    <p class='ocr_par' dir='ltr' id='par_1_122' title="bbox 1830 5683 2723 5798">
     <span class='ocr_line' id='line_1_122' title="bbox 1830 5683 2723 5798; baseline -0.003 -5"><span class='ocrx_word' id='word_1_943' title='bbox 1830 5683 2149 5796; x_wconf 51' lang='grc' dir='ltr'><strong>9εξάὲἰέλιδε.</strong></span> <span class='ocrx_word' id='word_1_944' title='bbox 2178 5743 2295 5795; x_wconf 81' lang='lat' dir='ltr'><strong>Editi</strong></span> <span class='ocrx_word' id='word_1_945' title='bbox 2321 5750 2503 5798; x_wconf 82' lang='lat' dir='ltr'><strong>autem,</strong></span> <span class='ocrx_word' id='word_1_946' title='bbox 2528 5753 2618 5792; x_wconf 86' lang='lat' dir='ltr'><strong>non</strong></span> <span class='ocrx_word' id='word_1_947' title='bbox 2636 5741 2723 5790; x_wconf 85' lang='lat' dir='ltr'><strong>Itoc</strong></span> 
     </span>
    </p>
   </div>
  </div>
