3896 6382
535 344 638 399 2δ7

534 464 678 512 amat
704 455 789 526 ‘?)
830 464 884 509 et
920 467 1024 507 non
1059 458 1202 505 amet
1227 446 1484 517 justitiam
1507 487 1520 510 ,
1559 444 1675 498 sine
1712 456 1814 511 qua
1854 454 2011 494 nemo
2039 437 2105 491 ad

534 550 676 602 illam
724 543 983 616 pervenit.
1032 541 1148 610 Ipsa
1190 548 1273 594 est
1309 550 1484 591 autem
1531 535 1662 589 tides
1701 532 1918 599 Christi,
1949 544 2107 599 quam

533 634 869 691 commendat
898 630 1205 701 Aposmlus,
1234 643 1352 698 quae
1392 641 1486 698 per
1530 624 1871 678 dilectionem
1915 634 2110 689 opera-

532 738 617 782 tur
644 726 664 799 (
685 726 853 781 Colat.
870 741 922 791 v,
940 722 1017 793 6);
1042 734 1095 777 et
1121 720 1260 792 quod
1289 720 1340 774 in
1364 718 1649 773 dilectione
1670 714 1903 768 nondum
1928 712 2105 775 habet,

530 818 660 885 petit
691 824 747 869 ιιι
771 815 1016 883 accipiat,
1050 812 1237 880 qmerit
1260 819 1315 863 ut
1339 809 1590 873 inveniat,
1620 805 1794 874 pulsat
1816 812 1873 857 ut
1898 802 2107 872 aperia-

531 920 615 962 tur
632 912 679 962 ei
699 908 917 980 (Matth.
939 922 1028 968 vn,
1055 906 1131 973 7).
1163 903 1319 957 Fides
1340 896 1566 970 namque
1591 894 1992 968 impetratquod
2023 895 2107 947 lex

528 1002 778 1070 imperat.
820 998 950 1052 Nam
985 997 1099 1051 sine
1142 996 1231 1049 Dei
1272 995 1445 1059 dono,
1498 991 1549 1045 id
1593 998 1705 1054 est,
1751 990 1865 1043 sine
1910 987 2109 1056 Spiritu

530 1102 749 1159 sancto,
794 1108 888 1161 per
944 1107 1100 1160 quem
1149 1089 1459 1143 dili‘unditur
1497 1086 1730 1141 charitas
1768 1085 1820 1138 in
1860 1083 2109 1137 cordibus

529 1184 725 1238 nostris
755 1183 930 1251 (Rom.
960 1198 1012 1246 v,
1044 1182 1124 1248 5),
1156 1180 1341 1248 jubere
1371 1179 1453 1232 lex
1482 1176 1711 1246 poterit,
1740 1189 1845 1229 non
1881 1175 2104 1243 juvare;

527 1286 581 1329 ct
608 1275 1063 1345 prmvaricatorem
1093 1274 1306 1341 insuper
1336 1269 1511 1324 facere
1532 1310 1546 1334 ,
1587 1268 1676 1337 qui
1709 1266 1775 1321 de
1815 1264 2106 1335 ignorantia

529 1380 587 1420 se
615 1379 871 1419 excusare
892 1378 998 1417 non
1021 1363 1210 1432 possit.
1240 1362 1441 1429 ltegnat
1465 1359 1607 1415 enim
1639 1356 1869 1414 carnalis
1906 1354 2110 1426 cupidi-

532 1466 632 1522 tas,
656 1456 745 1510 ulii
772 1470 875 1509 non
899 1464 982 1509 est
1010 1454 1098 1507 Dei
1129 1453 1379 1508 charitas.

597 1544 823 1600 CAPUT
853 1543 1077 1599 CXVIII.
1104 1574 1175 1583 —
1200 1543 1376 1598 Status
1418 1540 1494 1595 vel
1521 1549 1691 1595 aetates
1722 1539 1941 1593 hominis
1981 1555 2106 1607 qua-

528 1646 660 1701 tuor,
690 1644 806 1688 ante
831 1634 1032 1704 Legem,
1066 1634 1156 1687 sub
1182 1632 1331 1702 Lege,
1364 1632 1454 1685 sub
1480 1632 1665 1701 gratia,
1688 1639 1735 1682 et
1758 1630 1811 1681 in
1839 1644 1980 1697 pace.
2003 1626 2106 1682 Sed

525 1740 645 1778 eum
678 1725 730 1777 in
760 1724 1029 1778 altissimis
1057 1722 1367 1793 ignorantia:
1399 1720 1629 1775 tenebris
1657 1719 1799 1772 nulla
1828 1717 2107 1772 resistente

524 1814 730 1868 ratione
770 1813 1060 1868 secundum
1106 1828 1321 1867 carnem
1369 1810 1580 1873 vivitur,
1627 1809 1742 1864 hcce
1776 1817 1900 1863 sunt
1938 1808 2108 1878 prima

530 1905 781 1959 hominis.
816 1905 1018 1960 Deinde
1042 1920 1160 1958 cum
1192 1919 1283 1973 per
1317 1902 1485 1973 legem
1518 1900 1748 1971 cognitio
1786 1899 1944 1954 fuerit
1970 1898 2106 1953 facta

528 1996 750 2064 peccati,
773 1996 815 2048 si
838 1995 1071 2049 nondum
1088 1994 1298 2048 divinus
1324 1991 1796 2060 adjuvatSpiritus,
1815 1987 2105 2043 secundum

523 2087 694 2156 legem
722 2086 905 2140 volens
934 2086 1112 2139 vivere
1137 2084 1381 2149 vincitur,
1408 2090 1462 2137 et
1486 2083 1658 2135 sciens
1690 2088 1885 2149 peccat,
1916 2093 2106 2147 pecca-

522 2188 683 2247 toque
712 2178 953 2231 subditus
994 2176 1153 2231 servit
1191 2195 1204 2230 :
1246 2176 1289 2228 Α
1320 2191 1418 2246 quo
1444 2176 1573 2227 enim
1598 2174 1708 2244 quis
1742 2172 1963 2225 devictus
1987 2181 2059 2225 est
2087 2212 2103 2238 ,

522 2268 639 2320 huic
665 2276 708 2320 et
737 2284 908 2321 servus
931 2267 1161 2320 addictus
1187 2274 1257 2320 est
1288 2266 1305 2335 (
1329 2265 1371 2320 ll
1408 2264 1544 2319 Petr.
1575 2280 1613 2317 tt
1632 2305 1647 2329 ,
1684 2262 1800 2333 19);
1836 2262 1886 2316 id
1915 2269 2107 2332 agente

519 2358 741 2414 scientia
790 2360 1048 2424 mandati,
1081 2368 1138 2413 ut
1172 2367 1446 2429 peccatum
1491 2366 1742 2426 cperctur
1786 2357 1835 2409 in
1892 2354 2106 2410 homine

519 2462 731 2503 omnem
762 2449 1268 2517 concupiscentiam,
1300 2447 1515 2501 cumulo
1541 2446 1987 2516 praevaricationis
2010 2445 2104 2499 ad-

513 2538 678 2605 jecto,
708 2547 866 2607 atque
913 2538 981 2592 ita
1033 2538 1175 2609 quod
1222 2538 1478 2607 scriptmn
1531 2545 1614 2590 est
1661 2536 1960 2606 impleatur,
2000 2535 2107 2589 Lex

518 2629 815 2683 subintravit
834 2670 849 2695 ,
887 2638 939 2681 ut
973 2629 1253 2683 abundaret
1279 2630 1515 2683 delictum
1544 2629 1720 2699 (Rom.
1752 2644 1805 2695 v,
1834 2628 1948 2699 ‘20).
1981 2628 2106 2684 Ilsec

519 2730 644 2775 sunt
668 2721 901 2777 secunda
932 2721 1180 2777 hominis.
1222 2721 1279 2776 Si
1318 2731 1493 2777 autem
1534 2722 1829 2791 respexerit
1858 2721 2019 2786 Deus,
2046 2729 2106 2776 ut

519 2812 583 2865 ad
614 2813 877 2883 implenda
907 2830 1026 2884 qua:
1064 2812 1279 2868 mandat
1304 2814 1416 2883 ipse
1442 2812 1697 2882 adjuvare
1738 2812 2020 2879 credatur,
2051 2820 2105 2867 et

518 2905 599 2972 agi
633 2903 792 2958 homo
825 2905 1047 2975 coeperit
1074 2905 1169 2960 Dei
1195 2904 1825 2975 Spiritu,concupiscitur
1848 2904 2103 2960 adversus

521 3011 737 3051 carnem
777 2996 997 3052 fortiore
1036 3000 1232 3053 robore
1265 2998 1539 3053 charitatis
1578 2996 1774 3067 (Colat.
1806 3013 1859 3065 v,
1892 2997 2017 3067 17);
2047 3005 2105 3053 ιιι

517 3089 759 3157 quamvis
787 3088 960 3144 adhuc
986 3091 1054 3144 sit
1080 3090 1221 3160 quod
1250 3089 1450 3146 homini
1478 3099 1735 3160 repugnet
1770 3105 1835 3145 ex
1863 3090 2098 3157 homine,

519 3177 754 3232 nondum
783 3186 891 3233 tota
921 3179 1230 3235 infirmitate
1262 3190 1465 3245 sanata,
1497 3195 1563 3235 ex
1595 3180 1697 3234 lide
1725 3190 1898 3236 tamen
1921 3180 2099 3251 justus

516 3271 658 3325 vivat
683 3270 857 3342 (Rom.
898 3288 935 3339 ι,
983 3272 1094 3344 17),
1141 3273 1391 3343 justeque
1420 3274 1597 3338 vivat,
1630 3274 1682 3328 in
1710 3283 1963 3344 quantum
1996 3290 2101 3330 non

514 3362 656 3419 cedit
699 3365 851 3418 malre
886 3366 1329 3434 concupiscentiae
1354 3409 1369 3433 ,
1416 3366 1661 3421 vincente
1706 3366 2100 3423 delcctatione'|

509 3455 753 3524 jnstitim.
804 3455 927 3510 Ilazc
977 3466 1101 3511 sunt
1133 3458 1285 3513 tertia
1316 3457 1469 3513 bona:
1490 3459 1601 3528 spei
1632 3459 1884 3526 hominis;
1905 3461 1956 3514 in
1975 3461 2097 3531 qui-

515 3548 613 3602 bus
655 3550 698 3602 si
743 3550 823 3617 pia
860 3549 1249 3617 perseverantia
1279 3550 1504 3621 quisque
1532 3550 1792 3620 proﬁciat,
1834 3560 2098 3621 postrema

514 3654 616 3707 pax
648 3647 830 3705 restat,
862 3654 979 3708 quae
1016 3648 1139 3710 post
1179 3640 1317 3695 hanc
1348 3642 1511 3696 vitam
1544 3640 1594 3696 in
1628 3643 1810 3711 requie
1840 3644 2057 3713 spiritus
2082 3687 2096 3709 ,

512 3727 707 3783 deinde
740 3729 794 3782 in
828 3730 1218 3786 resurrectione
1245 3732 1403 3786 etiam
1428 3733 1605 3787 carnis
1635 3734 1959 3803 implebitur.
1991 3736 2098 3790 Ha-

514 3837 631 3875 rum
660 3823 899 3891 'quatuor
939 3822 1358 3877 dill‘erentiarnm
1402 3826 1568 3895 prima
1602 3834 1684 3880 est
1711 3836 1836 3882 ante
1860 3826 2055 3898 Legem
2079 3871 2092 3893 ,

513 3912 746 3968 secunda
775 3914 874 3969 sub
903 3913 1066 3984 Lege,
1098 3915 1251 3970 tertia
1294 3917 1392 3970 sub
1420 3916 1617 3986 gratia,
1648 3925 1833 3986 quarta
1875 3918 1928 3971 in
1970 3934 2098 3989 pace

515 4007 666 4074 plena
692 4016 847 4077 atque
878 4007 1132 4078 perfecta.
1156 4009 1245 4063 Sic
1263 4018 1341 4063 est
1365 4018 1419 4062 et
1450 4009 1542 4064 Dei
1572 4010 1795 4080 populus
1820 4010 2098 4068 ordinatus

516 4114 611 4167 per
639 4106 935 4167 temporum
977 4099 1251 4155 intervalla
1279 4141 1293 4164 ,
1337 4099 1474 4154 sicut
1517 4100 1629 4155 Deo
1666 4100 1895 4171 placuit,
1926 4104 2016 4173 qui
2045 4105 2096 4158 in

517 4204 763 4243 mensura
790 4198 845 4243 et
872 4204 1091 4244 numero
1113 4197 1168 4244 et
1195 4190 1429 4259 pondere
1463 4200 1654 4246 cuncta
1680 4191 1913 4263 disponit
1934 4192 2090 4266 (Sap.

515 4295 591 4345 χι,
624 4278 736 4349 21).
767 4279 896 4333 Nam
925 4278 1021 4334 fuit.
1045 4281 1288 4351 primitus
1314 4290 1437 4337 ante
1463 4281 1694 4353 Legem;
1727 4284 1961 4340 secundo
1998 4287 2097 4342 sub

512 4370 650 4441 Lege
673 4411 688 4435 ,
728 4387 846 4441 qua:
884 4370 1005 4426 data
1032 4380 1114 4426 est
1139 4364 1235 4441 per
1257 4372 1504 4444 Moysen;
1546 4372 1740 4430 deinde
1766 4374 1865 4431 sub
1888 4376 2056 4446 gratia
2079 4419 2093 4441 ,

508 4479 627 4531 qua:
664 4464 894 4519 revelata
940 4472 1023 4519 est
1065 4480 1161 4534 per
1200 4465 1427 4534 primum
1465 4466 1772 4523 Mediatoris
1808 4467 2093 4523 adventum

509 4553 689 4624 (Joan.
723 4573 774 4620 ι,
809 4554 921 4625 17).
952 4554 1083 4621 Qua:
1120 4554 1335 4624 quidem
1379 4555 1546 4626 gratia
1576 4572 1675 4613 nec
1702 4567 1860 4613 antea
1887 4556 2056 4613 deluit
2077 4598 2094 4625 ,

510 4646 702 4716 quibus
727 4663 845 4700 eam
878 4646 1111 4715 oportuit
1140 4646 1421 4716 impertiri,
1453 4648 1693 4718 quamvis
1718 4665 1815 4719 pro
1842 4651 2095 4719 temporis

512 4735 910 4802 dispensatione
937 4734 1109 4790 velata
1134 4744 1188 4791 et
1213 4738 1436 4792 occulta.
1465 4739 1649 4809 Neque
1675 4740 1817 4795 enim
1846 4741 2087 4812 antiquo.

511 4837 627 4874 rum
665 4822 985 4894 quicumque
1017 4825 1280 4895 justorum
1327 4840 1518 4900 prmter
1539 4831 1735 4885 Christi
1764 4831 1921 4887 fidem
1949 4834 2094 4888 salu-

508 4925 616 4969 tem
645 4915 818 4985 potuit
857 4915 1131 4985 invenire,
1180 4930 1271 4975 aut
1311 4938 1438 4976 vero
1476 4922 1577 4977 nisi
1616 4931 1669 4978 et
1712 4923 1817 4978 illis
1851 4926 2094 4995 cognitus

507 5007 694 5063 luisset
713 5006 755 5076 ³,
790 5010 1046 5079 potuisset
1071 5012 1223 5067 nobis
1254 5029 1349 5083 per
1372 5029 1558 5069 eorum
1580 5015 1932 5073 ministerium
1958 5017 2092 5073 alias

505 5102 760 5169 apertius,
790 5102 920 5157 alias
949 5104 1207 5159 occultius
1240 5105 1571 5175 prophetari.

571 5194 801 5254 CAPUT
839 5195 1024 5252 CXIX.
1052 5227 1122 5236 -
1147 5196 1502 5269 Regeneratio_
1523 5207 1727 5268 peccata
1773 5200 1937 5253 abolet
1978 5202 2093 5254 uni-

568 5321 864 5397 ξ
887 5328 963 5397 Er.
974 5328 1094 5392 pan.
1110 5330 1175 5397 _et
1195 5325 1379 5397 aliquot
1401 5332 1530 5384 Mss,
1546 5324 1761 5397 quamvis
1783 5338 1877 5376 non
1899 5324 2090 5397 habeat,

501 5389 659 5456 etnon
680 5389 806 5433 amet
820 5383 1089 5456 justitiam:
1110 5383 1454 5456 Lov._e't_/irn.,
1489 5383 1705 5456 quamvis
1727 5401 1821 5456 non
1850 5393 1976 5437 amet
1997 5383 2087 5450 ju-'

700 5457 716 5503 ;
738 5441 932 5507 omisso,
956 5458 1049 5496 non
1071 5445 1242 5498 habeat
1263 5441 1650 5499 eLEmendantur
1668 5452 1849 5500 auxilio
1866 5441 2092 5501 veterum

523 5522 532 5552 I
571 5519 750 5553 l'Ol'lllll.

523 5519 750 5556 lDl'Ol'lllll.

566 5570 585 5597 ¹
618 5574 726 5633 l.ov.
751 5575 803 5633 et
825 5575 955 5626 Arn.,
981 5569 1230 5621 dilectione
1249 5583 1268 5633 ;
1288 5571 1692 5624 dissentientibus
1714 5574 1856 5625 editis
1879 5573 1989 5624 aliis
2035 5583 2085 5625 et

501 5631 725 5679 otuuibus
745 5631 853 5681 fere
877 5640 984 5680 Mss.

567 5692 587 5763 ἒ
618 5694 690 5739 sic
710 5701 810 5763 Mss.
839 5692 1145 5763 tiditiautem
1174 5710 1184 5744 :
1214 5702 1267 5746 Λι
1294 5709 1398 5747 vero
1422 5694 1470 5746 ni
1496 5695 1578 5749 iet
1602 5697 1698 5749 illis
1732 5699 1944 5763 cognitus
1974 5699 2090 5763 fuis-

506 5756 585 5811 set,
614 5765 703 5801 non
723 5753 947 5815 potuisset
962 5755 1116 5818 nobis,
1142 5767 1235 5809 etc.
1790 5756 1796 5763 ’

802 334 1259 402 ENCIIIBIDION,
1300 332 1451 390 SIVE
1491 331 1580 386 DE
1620 329 1798 396 FIDE,
1840 326 1966 383 SPE
2008 323 2092 380 ET
2131 321 2548 392 CIIARI'I’ATE,
2590 324 2646 382 S.
2690 328 3055 388 AUGUSTth
3104 330 3302 389 LIBER
3332 337 3517 394 UNUS.
3652 344 3734 403 288

2218 453 2359 493 versa
2398 438 2451 494 in
2500 441 2676 510 quavis
2722 451 2889 498 tetate.
2945 443 3172 501 Servitus
3213 450 3302 505 sub
3346 451 3467 523 Lege
3522 460 3734 515 nonnultis

2211 530 2496 600 inexperta.
2527 531 2582 586 In
2608 547 2941 606 quacumque
2962 546 3139 593 autem
3163 550 3381 609 quatuor
3406 544 3604 602 istarum
3622 553 3735 607 velut

2214 629 2425 675 aitatum
2454 622 2717 692 singulum
2744 641 3008 698 quemque
3038 628 3301 686 hominem
3323 636 3481 703 gratia
3502 653 3736 708 regenera-

2216 711 2373 765 tionis
2400 712 2682 781 invenerit,
2715 716 2784 769 ibi
2814 716 2861 770 ei
2891 718 3229 775 remittuntur
3255 726 3507 791 praeterita
3536 729 3735 785 universa

2217 792 2457 868 peccata;
2479 813 2531 856 et
2556 816 2733 859 reatus
2759 806 2845 861 ille
2866 810 3134 864 nascendo
3158 821 3475 881 contractus,
3502 832 3735 875 renascen-

2215 892 2282 943 (IU
2309 892 2636 949 dissolvitur.
2672 896 2907 967 Tamque
2956 901 3181 957 multum
3219 904 3360 959 valet
3386 907 3518 975 quod
3555 908 3737 979 Spiritus

2215 982 2301 1034 ubi
2316 984 2420 1036 vult
2435 985 2615 1055 spirat.
2636 985 2813 1055 (Joan.
2833 1005 2909 1055 ut,
2929 988 3007 1061 8),
3032 1000 3090 1046 ut
3109 994 3317 1062 quidam
3335 997 3601 1053 secundam
3629 1001 3736 1055 illam

2216 1073 2523 1128 servitutem
2570 1077 2668 1131 sub
2715 1077 2859 1149 Lege
2897 1096 3002 1136 non
3030 1084 3275 1138 noverint
3303 1086 3344 1151 ί,
3373 1087 3462 1141 sed
3485 1104 3595 1143 cum
3620 1107 3737 1145 man-

2215 1162 2339 1217 dato
2369 1162 2621 1233 incipiant
2646 1167 2964 1236 adjutorium
2995 1168 3190 1229 habere
3216 1173 3467 1231 divinum.

2286 1251 2511 1309 CAPUT
2543 1255 2703 1310 CXX.
2740 1288 2811 1297 —
2853 1260 3151 1331 Regenerati
3199 1266 3456 1321 morientes
3497 1277 3601 1323 ante
3629 1287 3739 1323 usum

2216 1342 2425 1395 rationis
2474 1360 2572 1398 non
2611 1357 2835 1415 pereunt.
2880 1352 3174 1422 Antequam
3225 1356 3386 1423 possit
3427 1364 3589 1413 autem
3617 1359 3739 1414 homo

2215 1446 2380 1501 capax
2407 1448 2528 1489 esse
2557 1436 2808 1503 mandati,
2834 1442 3125 1496 smundun
3169 1459 3382 1499 carnem
3409 1447 3542 1500 vivat
3564 1464 3742 1503 necesse

2214 1532 2297 1577 est
2330 1542 2344 1578 :
2374 1524 2469 1578 sed
2511 1526 2553 1578 si
2588 1526 2698 1595 jam
2744 1528 3089 1587 Sacramento
3119 1537 3524 1603 regenerationis
3553 1538 3742 1591 imbutus

2214 1621 2314 1677 est,
2348 1613 2480 1668 nihil
2507 1616 2555 1669 ei
2597 1617 2767 1673 oberit
2812 1622 2856 1673 si
2890 1628 3014 1677 tunc
3054 1639 3121 1677 ex
3167 1624 3265 1679 hac
3308 1626 3409 1680 vita
3464 1628 3740 1697 migraverit.

2214 1703 2347 1767 Quia
2376 1705 2487 1758 ideo
2518 1706 2747 1762 Christus
2768 1720 2996 1766 mortuus
3034 1723 3107 1767 est
3129 1723 3174 1768 et
3195 1716 3483 1782 resurrexit,
3506 1726 3555 1770 ut
3578 1727 3617 1771 et
3636 1719 3742 1771 vivo-

2213 1810 2324 1846 rum
2351 1804 2396 1849 et
2425 1807 2735 1853 mortuorum
2754 1800 3036 1857 dominetur
3071 1804 3243 1875 (Rom.
3272 1821 3381 1871 xw,
3409 1805 3491 1873 9);
3516 1823 3603 1862 nec
3629 1818 3745 1861 tene-

2214 1886 2289 1940 bit
2315 1903 2534 1958 regnum
2557 1892 2746 1946 mortis
2762 1908 2902 1960 eum,
2932 1910 3029 1965 pro
3054 1913 3159 1967 quo
3181 1907 3418 1954 mortuus
3443 1910 3520 1955 est
3544 1900 3623 1955 ille
3644 1900 3745 1954 liber

2214 1978 2265 2032 in
2293 1982 2515 2037 mortuis
2542 1983 2711 2054 (Psal.
2745 2002 2977 2053 Lxxxvn,
3009 1988 3087 2060 6).
3133 1969 3138 1975 ⁶

2282 2071 2504 2129 CAPUT
2532 2074 2719 2131 CXXI.
2745 2109 2817 2119 —
2844 2080 2933 2136 52.
2956 2081 3189 2136 Charitas
3216 2084 3334 2152 ﬁnis
3358 2085 3575 2138 omnium
3601 2100 3748 2154 pracc-

2212 2172 2431 2233 ptorum.
2476 2167 2665 2224 Omnia
2710 2170 2868 2240 igitur
2901 2186 3163 2243 przecepta
3196 2176 3371 2229 divina
3399 2175 3678 2230 referuntur
3700 2175 3748 2227 ad

2211 2254 2616 2322 charitatem.de
2632 2277 2731 2329 qua
2745 2261 2871 2317 dicit
2883 2267 3192 2334 Apostolus:
3213 2265 3358 2320 Finis
3377 2276 3543 2321 autem
3558 2266 3751 2336 prtrcepti

2211 2356 2282 2400 est
2312 2348 2534 2403 charitas
2560 2351 2623 2404 de
2652 2354 2803 2407 corde
2831 2371 2958 2423 puro
2980 2396 2994 2419 ,
3039 2367 3084 2409 et
3115 2358 3421 2411 conscientia
3448 2356 3594 2423 bona,
3619 2366 3660 2410 et
3678 2355 3752 2423 ﬁde

2212 2453 2310 2491 non
2338 2439 2457 2508 ﬁcta
2484 2440 2535 2511 (Ι
2571 2441 2700 2495 Tim.
2732 2460 2777 2508 ι,
2809 2445 2887 2514 5).
2916 2446 3100 2501 Omnis
3150 2448 3328 2517 itaque
3376 2448 3619 2518 praecepti
3660 2446 3751 2501 ﬁnis

2211 2541 2292 2584 est
2314 2531 2579 2599 charitas;
2606 2535 2655 2589 id
2676 2545 2776 2601 est,
2800 2538 2865 2591 ad
2891 2539 3201 2595 charitatem
3230 2540 3460 2595 refertur
3478 2555 3635 2596 omne
3650 2554 3752 2609 prte-

2209 2632 2442 2692 ceptum.
2471 2624 2619 2692 Quod
2655 2643 2782 2683 vero
2811 2630 2877 2683 ita
2912 2631 2968 2685 lit
2999 2630 3079 2686 vel
3106 2632 3294 2687 timore
3319 2647 3513 2701 paenae,
3566 2633 3648 2688 vel
3681 2632 3752 2686 ali-

2209 2730 2310 2785 qua
2353 2719 2646 2774 intentione
2701 2723 2923 2787 carnali,
2979 2732 3037 2777 ut
3084 2739 3186 2779 non
3236 2723 3499 2779 referatur
3543 2725 3609 2779 ad
3644 2725 3753 2779 illam

2208 2806 2522 2864 charitatem
2549 2825 2707 2880 quam
2747 2812 2995 2868 dilfundit
3037 2814 3262 2885 Spiritus
3292 2826 3510 2871 sanctus
3538 2816 3594 2870 in
3618 2815 3754 2871 cordi-

2208 2896 2309 2954 bus
2354 2900 2551 2955 nostris
2594 2900 2769 2971 (Rom.
2802 2919 2854 2968 v,
2892 2904 2973 2973 5),
3002 2904 3233 2959 nondum
3262 2906 3319 2958 tit
3345 2904 3751 2975 quemadmodum

2208 2987 2325 3043 ﬁeri
2352 2999 2583 3058 oportet,
2616 2994 2859 3062 quamvis
2888 2994 3003 3049 ﬁeri
3034 2994 3294 3050 videatur.
3325 2995 3571 3051 Charitas
3595 2995 3754 3066 quippe

2209 3077 2307 3132 ista
2349 3080 2442 3135 Dei
2473 3089 2557 3136 est
2591 3093 2645 3136 et
2676 3084 2899 3152 proximi
2936 3102 2947 3137 :
2977 3092 3031 3140 et
3058 3086 3235 3156 utique
3262 3086 3312 3139 in
3339 3086 3417 3141 his
3440 3086 3625 3141 duobus
3650 3099 3752 3157 pra:-

2207 3170 2363 3240 ceptis
2407 3179 2514 3225 tota
2554 3170 2663 3227 Lex
2691 3175 2871 3244 pendet
2901 3185 2947 3229 et
2976 3173 3252 3247 Propheta?
3277 3176 3355 3249 (Μ
3363 3177 3491 3239 atth.
3520 3193 3640 3243 χχιι,
3664 3174 3750 3245 40).

2206 3259 2357 3315 Adde
2387 3260 2753 3332 Evangelium,
2774 3264 2907 3319 adde
2927 3266 3214 3335 Apostolos
3240 3285 3251 3321 :
3278 3283 3383 3322 non
3411 3268 3549 3323 enim
3575 3264 3750 3322 aliunde

2205 3366 2307 3405 vox
2353 3351 2451 3406 ista
2489 3362 2600 3416 est,
2649 3352 2796 3407 Finis
2841 3358 3077 3427 praerepti
3122 3366 3194 3411 est
3232 3359 3486 3425 Charitas;
3528 3368 3599 3425 et,
3645 3356 3752 3411 Deus

2205 3442 2423 3495 charitas
2450 3452 2519 3497 est
2549 3442 2604 3514 (Ι
2633 3444 2790 3499 Joan.
2832 3461 2909 3512 tv,
2954 3446 3068 3519 16).
3101 3448 3461 3520 Qumeumquc
3490 3464 3607 3521 ergo
3631 3461 3753 3501 man-

2205 3535 2293 3589 dat
2312 3536 2471 3599 Deus,
2498 3551 2561 3589 ex
2583 3536 2775 3606 quibus
2794 3555 2955 3593 unum
2977 3550 3079 3607 est,
3100 3540 3222 3596 Non
3251 3543 3569 3597 mazchaberis
3588 3538 3748 3611 (Exod.

2206 3641 2294 3689 xx,
2319 3625 2414 3690 M;
2447 3624 2635 3679 Matth.
2665 3643 2716 3692 v,
2746 3627 2874 3697 27);
2909 3638 2962 3684 et
2988 3645 3340 3704 qua-cumque
3368 3648 3471 3688 non
3499 3633 3748 3703 iubentur,

2204 3714 2298 3770 sed
2345 3716 2603 3784 spirituali
2634 3719 2856 3772 consilio
2888 3731 3170 3777 monentur
3196 3725 3241 3791 ³,
3282 3739 3349 3780 ex
3389 3725 3575 3795 quibus
3617 3733 3749 3776 unum

2204 3816 2303 3873 est,
2349 3806 2550 3861 Bonum
2598 3818 2671 3862 est
2710 3809 2900 3865 homini
2942 3813 3197 3867 mulierem
3228 3832 3329 3869 non
3358 3823 3557 3887 tangere
3582 3812 3630 3886 (Ι
3656 3809 3749 3867 Cor.

2203 3915 2294 3967 vn,
2325 3899 2377 3971 1)
2416 3920 2427 3954 :
2460 3909 2584 3955 tunc
2613 3911 2758 3957 recte
2788 3904 2945 3969 liunt,
2986 3920 3106 3960 cum
3137 3904 3446 3961 referuntur
3472 3906 3534 3960 ad
3562 3906 3748 3973 diligen-

2203 3988 2328 4044 dum
2366 3991 2552 4055 Deum,
2583 3998 2640 4045 et
2676 3993 2974 4061 proximum
3020 4004 3240 4064 propter
3284 3998 3475 4064 Deum,
3509 4006 3561 4051 et
3596 3996 3642 4049 in
3670 3993 3747 4046 hoc

2202 4082 2417 4147 saeculo,
2444 4091 2499 4139 et
2525 4083 2574 4137 in
2601 4083 2805 4149 futuro;
2842 4101 2981 4140 nunc
3012 4072 3174 4142 Deum
3204 4104 3303 4158 per
3330 4090 3510 4155 ﬁdem,
3541 4097 3654 4142 tunc
3677 4097 3748 4152 per

2202 4174 2467 4243 speciem,
2499 4184 2551 4229 et
2582 4175 2754 4245 ipsum
2786 4178 3086 4246 proximum
3132 4196 3275 4236 nunc
3318 4198 3414 4250 per
3457 4181 3624 4235 fidem.
3658 4174 3747 4229 Non

2200 4266 2340 4320 enim
2373 4265 2570 4320 scimus
2600 4267 2852 4323 mortales
2879 4269 3040 4323 corda
3071 4272 3401 4337 mortalium,
3445 4282 3565 4325 tunc
3605 4276 3747 4322 autem

2201 4354 2502 4410 illuminabit
2544 4355 2794 4411 Dominus
2836 4360 3131 4415 abscondita
3179 4364 3520 4426 tenebrarum,
3551 4372 3595 4416 et
3620 4356 3750 4412 mani-

2201 4445 2395 4514 festabit
2415 4448 2741 4520 cogitationes
2767 4443 2974 4515 cordis;
3000 4461 3046 4505 et
3077 4450 3189 4505 laus
3214 4454 3308 4506 erit
3336 4455 3595 4524 unicuique
3615 4468 3642 4503 a
3665 4448 3747 4501 Deo

2202 4536 2309 4605 (Ῑάο
2343 4554 2414 4606 ιν,
2442 4539 2497 4611 5)
2536 4558 2550 4593 :
2579 4541 2701 4609 quia
2729 4540 2780 4595 id
2809 4541 3113 4597 laudabitur
3140 4553 3193 4602 ct
3219 4543 3477 4607 diligetur
3495 4560 3522 4599 a
3545 4541 3750 4614 proximo

2200 4631 2252 4684 in
2282 4632 2545 4702 proximo,
2571 4633 2713 4702 quod
2739 4648 2807 4687 ne
2832 4634 3011 4702 lateat,
3034 4636 3101 4690 ab
3122 4637 3237 4706 ipso
3255 4634 3747 4694 illuminabiturDco.

2199 4724 2451 4778 Minuitur
2477 4724 2496 4755 ³
2519 4733 2694 4781 autem
2721 4727 2981 4797 cupiditas
3007 4729 3263 4784 eharitate
3294 4738 3585 4792 crescente,
3611 4725 3751 4782 donec

2202 4816 2377 4869 veniat
2404 4816 2490 4870 hic
2512 4816 2533 4847 ’⁵
2563 4816 2627 4870 ad
2652 4826 2848 4872 tantam
2876 4820 3315 4888 magnitudinem,
3351 4838 3448 4891 qua
3478 4820 3637 4888 major
3656 4828 3749 4869 esse

2202 4921 2303 4959 non
2354 4906 2566 4976 possit:
2602 4906 2854 4981 Majorem
2887 4910 3018 4962 enim
3065 4911 3359 4965 cltaritatem
3409 4927 3553 4965 nemo
3596 4907 3749 4965 habet,

2198 5014 2349 5065 quam
2370 5008 2425 5051 ut
2447 5000 2671 5052 animant
2690 5017 2835 5055 suant
2852 5001 2963 5072 quis
2984 5012 3139 5070 ponat
3160 5019 3250 5072 pro
3271 5005 3450 5057 amicis
3473 5004 3577 5058 suis
3598 4998 3746 5071 (Joan-

2200 5105 2286 5155 xv,
2312 5090 2423 5161 15).
2457 5090 2532 5144 lbi
2561 5098 2738 5145 autem
2766 5093 2885 5161 quis
2914 5094 3143 5162 explicet
3171 5106 3370 5164 quanta
3397 5095 3624 5150 charitas
3648 5087 3732 5148 erit

2262 5266 2298 5334 ι.
2314 5264 2451 5323 miti,
2474 5265 2736 5334 secundum
2761 5264 3187 5334 ilhtmservitutem
3207 5268 3296 5319 sub
3314 5278 3420 5334 tege
3442 5282 3544 5321 esse
3568 5279 3653 5317 non
3684 5272 3749 5311 n0-

2199 5325 2378 5393 rerint._
2396 5328 2563 5393 Verius
2587 5335 2712 5389 Mss,
2732 5329 2993 5393 secundum
3011 5343 3027 5390 ;
3043 5331 3229 5392 absque
3252 5325 3434 5393 verbo,
3455 5344 3573 5381 esse.
3597 5335 3751 5385 Nempe

2197 5388 2460 5461 secundam
2484 5389 2605 5461 hanc
2626 5390 2839 5461 appellat
2871 5388 3163 5443 servitutem
3187 5394 3279 5442 sub
3302 5388 3449 5457 lege',
3476 5403 3621 5456 quam
3647 5396 3750 5450 νηὶ·

2198 5456 2347 5499 Cessit
2365 5456 2579 5499 servitus
2600 5456 2693 5499 sul)
2716 5460 2930 5513 peccato.

2262 5514 2282 5544 ³
2317 5518 2365 5559 In
2385 5518 2512 5570 Mss,
2536 5522 2774 5563 voventur.

2264 5574 2284 5637 β
2316 5580 2425 5621 I.ov.
2458 5573 2859 5626 dissentientibus
2874 5577 3018 5628 editis
3038 5578 3144 5629 aliis
3167 5585 3219 5628 et
3239 5584 3365 5637 Mss,
3391 5580 3641 5630 minuetur.

2262 5636 2283 5666 δ
2316 5640 2801 5705 Unust;enna_nensis
2834 5644 2915 5705 his.
2939 5642 3142 5699 omittit,
3167 5640 3279 5705 hic;
3321 5632 3467 5705 quam
3505 5632 3751 5705 [articulant

2201 5698 2304 5811 1ιὲιο
2327 5700 2477 5808 εἶκένὶι
2500 5697 2745 5809 Arpaltlus,
2773 5708 2820 5750 et
2846 5698 2957 5751 illuc
2980 5697 3219 5757 transtulit
3242 5697 3519 5766 {Mtijorem'
3544 5701 3619 5751 hic
3648 5702 3751 5745 ιήειη

2203 5776 2224 5810 ι·
2262 5771 2337 5810 (ιη
2356 5772 2385 5807 (ι
2406 5772 2497 5811 em.
2526 5772 2551 5799 «τ
2576 5773 2616 5809 C.

2203 5766 2497 5819 charttatem,
2526 5769 2616 5809 etc.
