3940 6496
474 375 571 431 Ξ91

473 499 749 551 coronam,
781 484 823 539 si
852 482 1155 537 vicerimus.
1183 478 1287 535 Sed
1318 494 1383 533 ne
1409 479 1621 548 longum
1642 476 1713 530 sit
1737 473 1895 529 multa
1917 489 2062 529 coin-

475 591 809 640 memorare,
850 573 990 644 apud
1032 572 1330 643 apostolum
1372 568 1594 623 Paulum
1634 564 2065 621 manifestissime

474 669 668 740 legitur
692 684 706 720 :
738 664 881 737 Opus
907 663 1125 736 perfeci,
1158 676 1361 716 cursum
1386 657 1749 722 consummavi,
1779 656 1927 726 ﬁdem
1955 670 2063 708 ser-

473 759 619 823 vavi;
647 758 763 828 jam
803 763 1030 826 superest
1070 752 1195 806 mihi
1238 766 1425 805 corona
1460 749 1675 821 justitia:
1716 748 1792 818 (ll
1824 746 1956 800 Tim.
1988 760 2061 809 tv,

473 850 527 916 7,
556 848 636 919 8).
666 847 932 903 Debemus
968 860 1095 914 ergo
1135 856 1459 913 cognoscere
1491 841 1609 910 quis
1638 840 1707 895 sit
1736 840 1850 909 ipse
1877 837 2063 892 adver-

473 940 669 1003 sarius,
695 952 853 1009 quem
880 937 923 991 si
951 935 1234 990 vicerimus
1256 932 1648 988 coronabimur.
1677 929 1795 1000 Ipse
1818 938 1901 984 est
1920 928 2063 983 enim

474 1046 635 1100 quem
664 1029 920 1084 Dominus
942 1036 1126 1082 noster
1153 1026 1297 1096 prior
1322 1025 1467 1091 vicit,
1498 1032 1555 1079 ut
1579 1024 1739 1079 etiam
1770 1036 1867 1078 nos
1895 1022 1948 1077 in
1975 1021 2068 1076 illo

476 1129 851 1190 permanentes
886 1118 1182 1172 vincamus.
1224 1116 1291 1171 Et
1320 1115 1416 1171 Dei
1454 1114 1667 1185 quidem
1696 1113 1875 1168 Virtus
1908 1120 2067 1182 atque

479 1211 770 1281 Sapientia,
798 1218 853 1264 et
879 1209 1110 1265 Verbum
1142 1222 1237 1278 per
1264 1206 1405 1278 quod
1436 1206 1570 1260 facta
1597 1212 1720 1258 sunt
1748 1202 1946 1269 omnia,
1976 1201 2066 1271 qui

478 1304 647 1359 Filius
673 1302 764 1358 Dei
788 1302 974 1357 unicus
997 1311 1101 1369 est,
1129 1316 1289 1371 super
1307 1314 1519 1354 omnem
1540 1306 1833 1353 creaturam
1855 1310 2069 1365 semper

478 1393 927 1449 incommutabilis
951 1399 1150 1447 manet.
1184 1391 1252 1445 Et
1275 1391 1523 1461 quoniam
1550 1388 1648 1443 sub
1678 1388 1768 1442 illo
1802 1397 1887 1443 est
1918 1401 2072 1441 crea-

478 1495 598 1542 tura
626 1487 786 1541 etiam
827 1501 948 1557 quae
986 1499 1091 1540 non
1121 1484 1392 1555 peccavit,
1419 1492 1617 1553 quanto
1654 1481 1823 1552 magis
1851 1479 1951 1536 sub
1978 1479 2070 1534 illo

477 1588 561 1634 est
594 1578 770 1634 omnis
797 1586 1037 1633 creatura
1066 1577 1369 1647 peccatrix?
1395 1575 1542 1645 Ergo
1567 1574 1818 1645 quoniam
1844 1574 1943 1628 sub
1979 1572 2071 1627 illo

480 1676 607 1723 sunt
643 1683 831 1723 omnes
860 1668 1029 1722 sancti
1059 1666 1245 1737 Angeli
1263 1708 1279 1733 ,
1312 1664 1481 1721 multo
1508 1665 1679 1734 magis
1706 1665 1804 1719 sub
1830 1663 1921 1717 illo
1948 1671 2073 1718 sunt

478 1774 667 1817 omnes
693 1760 1128 1831 przevaricatores
1160 1758 1374 1829 angeli,
1405 1772 1631 1827 quorum
1658 1756 1901 1811 diabolus
1930 1755 2075 1824 prin-

479 1867 608 1922 ceps
626 1859 726 1908 est.
750 1851 853 1908 Sed
874 1852 997 1922 quia
1020 1858 1263 1906 naturam
1285 1855 1523 1903 nostram
1549 1847 1865 1917 deceperat,
1890 1845 2075 1916 digna-

482 1953 570 1998 tus
596 1952 682 1999 est
708 1943 1009 2014 unigenitus
1040 1941 1133 1997 Dei
1162 1941 1328 1995 Filius
1361 1940 1531 2009 ipsam
1561 1948 1805 1995 naturam
1838 1947 2073 1993 nostram

481 2034 788 2104 suscipere,
829 2042 888 2087 ut
922 2031 992 2087 de
1021 2032 1133 2102 ipsa
1162 2030 1405 2085 diabolus
1442 2030 1776 2097 vinceretur,
1820 2037 1874 2084 ct
1912 2044 2072 2099 quem

482 2138 699 2194 semper
726 2123 842 2193 ipse
868 2122 968 2178 sub
993 2135 1052 2176 se
1077 2122 1270 2187 habet,
1298 2121 1459 2177 etiam
1489 2121 1589 2175 sub
1616 2120 1769 2174 nobis
1803 2134 1926 2175 eum
1954 2134 2076 2175 esse

482 2214 702 2269 faceret.
730 2213 906 2285 Ipsum
931 2212 1193 2283 signiﬁcat
1210 2211 1396 2266 dicens
1419 2229 1432 2264 :
1464 2209 1707 2282 Princeps
1729 2212 1879 2281 hujus
1899 2210 2076 2264 mundi

480 2306 665 2360 missus
692 2313 762 2359 est
791 2306 930 2376 {oras
963 2302 1142 2377 (Joan.
1169 2318 1266 2370 xu,
1298 2301 1409 2375 51).
1443 2302 1557 2356 Non
1587 2302 1708 2372 quia
1739 2312 1891 2357 extra
1920 2318 2075 2357 mun-

483 2395 610 2451 dum
650 2396 848 2451 missus
886 2404 1004 2461 est,
1033 2393 1301 2465 quomodo
1334 2392 1548 2463 quidam
1580 2393 1814 2448 haeretici
1854 2400 2073 2464 putant:

483 2486 581 2541 sed
610 2484 755 2540 foras
783 2485 850 2539 ab
878 2485 1072 2539 animis
1101 2499 1287 2539 eorum
1323 2484 1413 2553 qui
1454 2483 1725 2537 eohzerent
1767 2484 1929 2539 verbo
1958 2484 2073 2551 Dei,

486 2585 547 2632 et
567 2590 672 2630 non
698 2574 918 2645 diligunt
944 2573 1223 2641 mundum,
1254 2572 1406 2643 cujus
1432 2573 1519 2628 ille
1544 2573 1789 2645 princeps
1812 2582 1927 2638 est;
1956 2574 2079 2643 quia

487 2665 791 2722 dominatur
813 2664 895 2721 eis
921 2664 1012 2735 qui
1039 2664 1268 2735 diligunt
1296 2664 1606 2735 temporalia
1632 2664 1798 2730 bona,
1829 2679 1949 2734 quae
1976 2663 2080 2719 hoc

489 2757 691 2814 tnundo
718 2756 911 2812 visibili
954 2757 1338 2811 continentur:
1370 2772 1474 2811 non
1518 2757 1641 2827 quia
1682 2756 1795 2828 ipse
1834 2756 2080 2811 dominus

488 2857 574 2905 est
597 2848 754 2918 hujus
779 2845 984 2912 mundi,
1008 2846 1102 2902 sed
1126 2848 1369 2918 princeps
1392 2847 1737 2918 cupiditatum
1759 2862 1942 2903 earum
1965 2849 2081 2919 qui-

490 2938 593 2994 bus
610 2935 1005 3008 co'neupiscitur
1029 2953 1186 2992 omne
1210 2937 1351 3007 quod
1380 2939 1601 3002 transit;
1627 2948 1683 2993 ut
1701 2939 1750 2995 ei
1771 2938 2083 3009 subjaceant

490 3030 581 3100 qui
610 3029 880 3101 neglignnt
901 3038 1163 3085 :etcrnum
1192 3030 1377 3096 Deum,
1411 3041 1465 3085 et
1489 3031 1713 3101 diligunt
1742 3032 2003 3086 instabilia
2027 3042 2083 3087 et

492 3119 787 3173 mutabilia.
811 3118 985 3173 Radix
1006 3120 1139 3173 enim
1165 3130 1237 3174 est
1263 3121 1489 3174 omnium
1515 3120 1764 3174 malorum
1792 3121 2081 3193 cupiditas;

491 3224 645 3278 quam
669 3209 877 3281 quidam
907 3218 1196 3281 appetentes
1214 3251 1230 3277 ,
1259 3227 1290 3264 a
1313 3211 1415 3280 ﬁde
1442 3221 1751 3278 erraverunt,
1785 3222 1831 3267 et
1858 3213 2085 3268 inserue-

491 3311 608 3353 runt
637 3317 692 3356 se
714 3299 973 3356 doloribus
1002 3301 1174 3369 multis
1206 3302 1248 3375 (l
1274 3302 1409 3357 Tim.
1433 3319 1509 3368 vr,
1546 3303 1654 3374 10).
1692 3304 1794 3360 Per
1828 3305 1963 3360 hanc
1991 3320 2084 3362 cu-

495 3391 768 3461 piditatem
792 3402 979 3464 regnat
999 3394 1050 3447 in
1075 3392 1290 3450 homine
1310 3394 1570 3463 diabolus,
1594 3403 1649 3451 et
1666 3410 1760 3451 cor
1778 3396 1893 3467 ejus
1915 3404 2080 3453 tenet.

493 3481 650 3536 Tales
677 3491 800 3538 sunt
826 3498 1014 3538 omnes
1043 3485 1132 3554 qui
1166 3485 1390 3556 diligunt
1417 3486 1572 3540 istum
1604 3487 1881 3542 mundum.
1925 3488 2086 3543 Mitti-

494 3584 579 3627 tur
607 3583 784 3630 autem
815 3575 1059 3631 diabolus
1094 3575 1271 3642 foras,
1301 3577 1514 3647 quando
1541 3592 1609 3633 ex
1648 3586 1759 3633 toto
1795 3580 1958 3636 corde
1994 3596 2082 3636 re-

495 3667 767 3720 nuntiatur
792 3666 915 3721 huic
944 3668 1163 3723 mundo.
1196 3667 1284 3725 Sic
1311 3669 1452 3724 enim
1487 3670 1821 3726 renuntiatur
1847 3671 2081 3741 diabolo,

494 3757 583 3825 qni
613 3757 858 3826 princeps
884 3767 966 3812 est
994 3758 1151 3828 hujus
1180 3759 1396 3825 mundi,
1435 3775 1557 3816 cum
1594 3763 1931 3820 renuntiatur
1966 3780 2086 3821 cor-

496 3848 720 3917 ruptelis
738 3888 753 3913 ,
782 3857 835 3902 et
853 3849 1065 3919 pompis
1083 3890 1097 3914 ,
1130 3858 1185 3904 et
1207 3851 1410 3921 angelis
1435 3851 1569 3921 ejus.
1598 3851 1827 3923 Ideoque
1848 3855 1961 3925 ipse
1984 3854 2085 3910 Do-

496 3940 671 3994 minus
692 3938 803 4007 jam
831 3937 1246 4008 triumphantem
1287 3951 1528 3997 naturam
1570 3942 1799 4000 hominis
1842 3954 2080 4017 portans,

497 4031 704 4093 Scitote,
738 4030 927 4101 inquit,
961 4032 1079 4100 quia
1103 4047 1193 4102 ego
1222 4032 1316 4086 vici
1342 4034 1585 4087 mundum
1615 4033 1795 4105 (Joan.
1826 4052 1940 4105 xvr,
1966 4035 2083 4112 55).

567 4120 796 4177 CAPUT
826 4119 891 4175 ll.
917 4150 988 4161 —
1010 4120 1065 4175 2.
1104 4121 1366 4189 Quomodo
1402 4125 1616 4179 vincitur
1652 4127 1903 4182 diabolus.
1957 4127 2085 4184 Vin-

495 4221 678 4267 cuntur
702 4212 974 4267 invisibiles
1010 4222 1274 4284 potestates
1294 4256 1308 4279 ,
1351 4214 1438 4269 ubi
1471 4218 1739 4272 vincuntur
1762 4219 2083 4289 cupiditates.

496 4304 645 4359 Multi
670 4314 848 4359 autem
874 4304 1060 4359 dicunt
1090 4323 1102 4360 :
1132 4305 1412 4372 Quomodo
1434 4322 1715 4377 possumus
1742 4311 1955 4367 vincere
1976 4311 2089 4368 dia-

496 4397 679 4453 bolum
707 4384 864 4468 quem
893 4413 997 4452 non
1025 4397 1307 4454 videmus?
1332 4399 1439 4458 Sed
1466 4400 1725 4457 habemus
1752 4403 2085 4474 magistrum,

496 4488 587 4560 qui
630 4488 784 4545 nobis
820 4488 1192 4545 demonstrare
1219 4488 1465 4560 dignatus
1493 4502 1576 4547 est
1603 4492 1871 4563 quomodo
1897 4494 2086 4550 invisi-

496 4579 631 4634 biles
671 4579 852 4633 hostes
882 4579 1181 4634 vincantur.
1221 4580 1297 4635 De
1325 4581 1417 4635 illo
1442 4582 1586 4637 enim
1613 4581 1742 4637 dicit
1762 4583 2084 4652 Apostolus:

499 4671 708 4725 Exuens
735 4686 790 4724 se
814 4687 998 4736 carne,
1032 4672 1345 4741 principatus
1374 4681 1423 4725 et
1457 4682 1724 4742 potestates
1761 4675 2084 4744 exemplavit,

500 4760 807 4830 ﬁducialiter
833 4761 1149 4828 triumphans
1170 4777 1252 4814 eos
1278 4762 1329 4813 in
1354 4763 1614 4832 semetipso
1642 4762 1858 4834 (Coloss.
1884 4781 1941 4832 ιι,
1974 4764 2084 4837 i5).

500 4852 574 4907 lbi
599 4866 725 4920 ergo
746 4850 1027 4905 vincuntur
1045 4852 1271 4906 inimica:
1291 4852 1443 4906 nobis
1466 4852 1756 4908 invisibiles
1775 4865 2083 4923 potestates,

499 4943 591 4999 ubi
622 4943 902 4997 vincuntur
931 4943 1223 4998 invisibiles
1248 4942 1564 5013 cupiditates
1591 4960 1605 4997 :
1633 4954 1685 4999 et
1721 4944 1842 4999 ideo
1875 4947 1996 5015 quia
2033 4948 2087 5003 in

499 5033 653 5091 nobis
694 5034 822 5105 ipsis
851 5034 1111 5088 vincimus
1142 5031 1509 5103 temporalium
1542 5049 1716 5089 rerum
1749 5035 2085 5106 cupiditates,

502 5140 721 5182 necesse
747 5134 830 5181 est
850 5134 906 5179 ut
926 5125 979 5179 in
1002 5125 1154 5179 nobis
1181 5125 1308 5195 ipsis
1334 5124 1607 5180 vincamus
1633 5135 1686 5181 et
1712 5127 1857 5182 illum
1884 5128 1971 5197 qni
1995 5144 2090 5198 per

500 5220 643 5289 ipsas
671 5216 989 5288 cupiditates
1018 5225 1206 5287 regnat
1235 5216 1289 5270 in
1316 5216 1550 5272 homine.
1580 5217 1803 5286 Quando
1828 5219 1969 5274 enim
2000 5219 2087 5275 di-

499 5320 643 5365 ctum
690 5321 773 5365 est
816 5310 1063 5378 diabolo,
1105 5308 1313 5364 Terram
1357 5310 1723 5377 manducabis;
1761 5310 1961 5366 dictum
2006 5321 2089 5367 est

503 5400 790 5472 peccatori,
819 5400 980 5454 Terra
1005 5417 1077 5464 es,
1104 5410 1150 5454 et
1176 5401 1226 5453 in
1252 5410 1438 5454 terram
1459 5400 1553 5454 ibis
1580 5398 1733 5471 (Gen.
1756 5418 1833 5469 ιιι,
1860 5403 1947 5470 id,
1972 5402 2085 5472 l9).

503 5492 666 5546 Datus
686 5499 770 5546 est
787 5505 917 5561 ergo
938 5492 988 5544 in
1012 5491 1187 5545 eihum
1209 5490 1420 5545 diabolo
1447 5500 1695 5561 peccator
1717 5494 1756 5547 ί.
1782 5492 1896 5548 Non
1921 5495 2088 5550 simus

504 5593 673 5645 terra.
704 5583 747 5637 si
780 5583 1024 5638 nolumus
1065 5581 1369 5637 manducari
1401 5597 1430 5635 a
1468 5594 1735 5653 serpente.
1764 5584 1911 5639 Sicut
1944 5585 2086 5639 enim

503 5679 640 5746 quod
685 5678 1100 5742 manducamus,
1137 5677 1190 5732 in
1217 5688 1456 5733 nostrum
1487 5693 1678 5749 corpus
1706 5677 2084 5742 convertimus,

567 5790 584 5821 ⁸
622 5788 844 5853 Plerique
868 5800 993 5853 3155.,
1013 5789 1209 5841 diaboli.

1441 367 1528 420 ΠΕ
1567 362 1796 420 AGONE
1833 360 2266 430 CHRISTMNO,
2300 361 2358 419 S.
2400 361 2771 420 AUGUSTINI

3662 365 3791 421 292

2172 482 2229 528 ut
2267 474 2416 529 cibus
2457 474 2570 544 ipse
2606 473 2898 530 secundum
2935 489 3127 547 corpus
3167 477 3268 532 hoc
3306 475 3569 533 efﬁciatur
3617 478 3785 547 quod

2170 581 2267 621 nos
2291 582 2478 622 sumus
2507 584 2519 619 :
2549 566 2626 621 sic
2667 567 2819 621 malis
2857 567 3090 621 moribus
3124 583 3216 637 per
3250 568 3543 638 nequitiam
3575 577 3647 623 et
3676 583 3783 623 su-

2169 658 2405 727 perbiam
2452 667 2507 713 et
2555 659 2879 728 impietatem
2926 658 3029 714 hoc
3071 658 3297 714 el'licitur
3342 661 3569 731 quisque
3616 662 3781 731 quod

2169 748 2441 815 diabolus,
2474 748 2524 803 id
2556 758 2670 816 est,
2702 750 2893 805 similis
2920 749 3069 821 ejus;
3100 760 3152 804 et
3189 750 3467 820 subjicitur
3495 751 3587 818 ei,
3625 752 3787 806 sicut

2170 841 2463 910 subjectum
2492 850 2574 895 est
2601 841 2754 896 nobis
2777 856 2971 913 corpus
2998 851 3257 897 nostrum.
3286 843 3355 897 Et
3379 843 3480 897 hoc
3505 853 3596 898 est
3622 843 3788 913 quod

2170 930 2392 1000 dicitur,
2424 933 2732 989 manducari
2756 948 2786 988 a
2810 942 3079 1004 serpente.
3109 934 3359 1005 Quisquis
3393 936 3577 1006 itaque
3614 935 3787 990 timet

2173 1024 2320 1078 illum
2357 1025 2532 1096 ignem
2577 1025 2666 1095 qui
2709 1032 2926 1096 paratus
2963 1034 3045 1080 est
3076 1025 3289 1080 diabolo
3323 1035 3378 1082 et
3404 1027 3620 1097 angelis
3654 1027 3783 1097 ejus

2177 1113 2386 1185 (Matth.
2421 1130 2549 1181 xxv,
2579 1116 2669 1186 41)
2691 1157 2705 1182 ,
2736 1115 2827 1170 det
2864 1130 3079 1186 operam
3120 1115 3449 1186 triumphare
3476 1116 3554 1173 de
3587 1117 3695 1171 illo
3728 1118 3786 1171 in

2172 1206 2479 1276 semetipso.
2509 1206 2614 1261 Eos
2640 1206 2780 1261 enim
2810 1208 2898 1277 qui
2934 1205 3063 1263 foris
3097 1221 3196 1261 nos
3233 1216 3580 1278 oppugnant,
3624 1207 3787 1261 intus

2172 1299 2469 1366 vincimus,
2512 1299 2771 1355 vincendo
2813 1299 3272 1368 concupiscentias
3312 1313 3409 1369 per
3437 1313 3580 1369 quas
3611 1298 3786 1352 nobis

2172 1386 2531 1445 dominantur.
2573 1388 2640 1443 Et
2677 1402 2810 1458 quos
2847 1387 3149 1443 invenerint
3184 1388 3266 1444 sui
3304 1388 3548 1454 similes,
3579 1376 3818 1444 secum‘

2173 1478 2239 1532 ad
2266 1494 2451 1549 poenas
2477 1478 2712 1534 trahunt.

2245 1571 2472 1627 CAPUT
2515 1571 2601 1626 lll.
2637 1601 2707 1611 —
2741 1571 2794 1627 5.
2830 1569 3099 1626 Daemones
3124 1570 3372 1636 quomodo
3397 1571 3452 1625 in
3474 1571 3784 1625 ealestibus

2174 1671 2323 1729 sunt,
2368 1671 2415 1716 et
2454 1671 2672 1716 rectores
2712 1660 3045 1716 tenebrarum.
3090 1661 3180 1716 Sic
3209 1670 3264 1716 et
3290 1661 3587 1731 Apostolus
3616 1660 3784 1727 dicit,

2175 1752 2317 1823 quod
2346 1752 2398 1808 in
2425 1753 2713 1823 semetipso
2750 1761 2949 1823 pugnat
2982 1752 3241 1808 adversus
3276 1758 3579 1821 potestates
3614 1760 3783 1807 exte-

2176 1845 2365 1899 riores.
2398 1845 2486 1898 Ait
2510 1844 2654 1899 enim
2688 1860 2701 1896 :
2735 1842 2857 1898 Non
2893 1852 2967 1897 est
3005 1843 3149 1898 nobis
3188 1842 3474 1898 colluctatio
3522 1841 3786 1896 adversus

2176 1952 2378 1991 carnem
2406 1943 2454 1991 el
2476 1936 2790 2006 sanguinem,
2819 1936 2908 1990 sed
2930 1936 3170 1991 adversus
3196 1936 3446 2007 principes
3470 1942 3523 1990 et
3548 1944 3785 2002 potesta-

2176 2035 2249 2082 tes
2277 2026 2426 2097 hujus
2454 2026 2660 2093 mundi,
2686 2035 2899 2082 rectores
2929 2027 3110 2080 harum
3139 2025 3485 2091 tenebrarum,
3520 2027 3785 2082 adem

2176 2116 2461 2189 spiritualia
2487 2118 2724 2189 nequitiae
2747 2119 2801 2171 in
2828 2118 3104 2172 calestibus
3143 2116 3356 2188 (Ephes.
3384 2130 3469 2183 v1,
3501 2115 3626 2188 12).
3659 2114 3786 2173 ϐω-

2179 2210 2289 2265 lum
2326 2210 2469 2265 enim
2508 2210 2699 2265 dicitur
2741 2218 2794 2265 et
2836 2210 2936 2265 iste
2975 2224 3097 2275 aer,
3136 2208 3227 2264 ubi
3263 2209 3405 2264 venti
3433 2216 3489 2264 et
3515 2210 3706 2265 nubes
3730 2218 3785 2264 et

2180 2302 2426 2373 procella:
2451 2309 2505 2357 et
2529 2289 2768 2357 turbines
2790 2301 2957 2365 ﬁunt;
2983 2300 3122 2357 sicut
3145 2299 3303 2355 etiam
3330 2299 3615 2369 Scriptura
3652 2300 3787 2354 dicit

2179 2393 2362 2449 multis
2385 2392 2517 2449 locis
2534 2434 2550 2460 ,
2576 2392 2644 2447 Et
2671 2391 2888 2446 intonuit
2915 2392 2979 2445 de
3005 2390 3129 2445 caelo
3156 2389 3405 2444 Dominus
3432 2388 3620 2460 (Psal.
3646 2405 3782 2456 xvn,

2182 2484 2308 2560 id);
2346 2496 2434 2552 et,
2468 2502 2586 2541 aea
2624 2484 2737 2540 caeli
2765 2483 2935 2557 (Psal.
2968 2499 3094 2550 vm,
3125 2481 3217 2554 9);
3257 2489 3346 2549 et,
3386 2481 3629 2536 volatilia
3671 2482 3788 2536 ccli

2182 2577 2393 2649 (Matth.
2415 2592 2490 2645 vt,
2512 2575 2644 2649 26);
2671 2591 2792 2632 cum
2822 2575 3160 2631 manifestum
3186 2574 3255 2629 sit
3275 2588 3402 2629 aves
3432 2574 3484 2628 in
3516 2588 3656 2629 aere
3688 2589 3782 2629 vo-

2182 2668 2315 2725 lare.
2346 2669 2415 2724 Et
2453 2684 2552 2725 nos
2587 2669 2642 2723 in
2670 2666 3053 2724 consuetudine
3078 2666 3219 2721 hunc
3242 2680 3422 2721 aerem
3450 2665 3665 2721 caelum
3692 2679 3789 2734 ap-

2182 2759 2442 2828 pellamus
2467 2775 2483 2813 :
2519 2772 2643 2813 nam
2668 2772 2789 2813 cum
2817 2757 2885 2813 de
2912 2771 3103 2812 sereno
3129 2755 3215 2811 vel
3241 2755 3421 2810 nubilo
3454 2755 3783 2825 quaerimus,

2182 2848 2468 2920 aliquando
2498 2848 2754 2915 dicimus,
2781 2843 2961 2916 Qualis
2987 2855 3064 2903 est
3096 2845 3229 2902 aer‘l
3253 2845 3576 2917 aliquando,
3609 2846 3787 2914 Quale

2182 2949 2266 2996 est
2289 2939 2527 2996 cmlum?
2551 2939 2663 2995 Hoc
2691 2939 2834 3006 dixi,
2869 2954 2939 2994 ne
2972 2938 3092 3009 quis
3119 2937 3385 2993 existimet
3418 2936 3490 2992 ibi
3530 2936 3787 2993 habitare

2182 3032 2322 3086 mala
2348 3030 2610 3086 daemonia
2630 3072 2646 3099 ,
2677 3031 2767 3086 ubi
2796 3030 2963 3086 solem
2991 3039 3045 3085 et
3072 3031 3249 3085 lunam
3286 3029 3469 3085 stellas
3507 3029 3665 3085 Deus
3702 3045 3789 3084 or—

2184 3122 2403 3177 dinavit.
2436 3122 2568 3191 Quae
2595 3121 2735 3177 mala
2769 3121 3031 3177 dzemonia
3067 3120 3188 3175 ideo
3216 3120 3505 3190 Apostolus
3540 3121 3788 3190 appellat

2184 3215 2501 3286 spiritualia,
2523 3216 2644 3286 quia
2664 3215 2823 3271 etiam
2847 3214 2969 3270 mali
2989 3212 3165 3284 angeli
3193 3212 3245 3267 in
3267 3211 3562 3282 Scripturis
3582 3213 3787 3267 divinis

2185 3305 2406 3376 spiritus
2424 3304 2777 3375 appellantur.
2802 3303 2925 3359 Ideo
2947 3311 3126 3358 autem
3150 3309 3386 3358 rectores
3408 3303 3604 3356 harum
3633 3310 3788 3358 tene-

2186 3396 2401 3452 brarum
2429 3410 2522 3451 eos
2550 3395 2699 3462 dicit,
2730 3394 2978 3465 quoniam
3008 3402 3315 3465 peccatores
3340 3392 3592 3449 homines
3628 3402 3788 3449 tene-

2187 3486 2310 3542 bras
2338 3486 2603 3557 appellat,
2644 3486 2835 3556 quibus
2877 3485 2962 3539 isti
3001 3484 3361 3540 dominantur.
3402 3482 3533 3540 ldeo
3569 3494 3627 3539 et
3674 3486 3788 3539 alio

2188 3579 2306 3634 loco
2325 3578 2474 3643 dicit,
2505 3576 2697 3633 Fuistis
2720 3578 2853 3632 enim
2877 3577 3151 3649 aliquando
3173 3577 3386 3632 tenebrte
3399 3591 3421 3642 ;
3445 3593 3581 3630 nam
3603 3587 3791 3631 autem

2188 3669 2280 3723 lum
2307 3670 2359 3722 in
2396 3667 2618 3723 Domino
2660 3667 2876 3739 (ΕρΙιες.
2912 3684 2967 3735 v,
3004 3667 3060 3739 8)
3089 3684 3103 3722 :
3132 3666 3254 3738 quia
3295 3681 3362 3721 ex
3405 3668 3790 3736 peccatoribus

2183 3760 2457 3832 iustiﬁcati
2482 3770 2653 3816 erant.
2679 3760 2795 3815 Non
2820 3774 2948 3831 ergo
2972 3759 3295 3815 arbitremur
3317 3757 3370 3813 in
3398 3772 3619 3812 summo
3644 3759 3790 3815 celo

2190 3852 2432 3907 habitare
2475 3852 2744 3908 diabolum
2785 3867 2905 3907 eum
2946 3850 3151 3922 angelis
3188 3850 3334 3918 suis,
3378 3847 3520 3905 unde
3568 3849 3791 3922 lapsum

2188 3961 2310 4002 esse
2346 3943 2636 4005 credimus.
2765 3933 2769 3935 λ

2259 4036 2483 4093 CAPUT
2512 4035 2598 4093 Ν.
2628 4065 2700 4076 -
2743 4036 2798 4091 4.
2838 4034 3239 4089 Manichaeorum
3262 4049 3402 4093 error
3437 4031 3502 4086 de
3527 4041 3688 4103 gente
3716 4043 3792 4087 te-

2190 4130 2458 4185 nebrarum
2486 4138 2660 4183 contra
2675 4128 2838 4182 Deum
2866 4126 3155 4181 rebellante.
3182 4124 3271 4181 Sic
3288 4123 3431 4180 enim
3457 4133 3795 4179 erraverunt

2188 4220 2504 4288 Manichml,
2555 4220 2644 4290 qui
2699 4219 2882 4274 dicunt
2930 4226 3054 4272 ante
3105 4215 3289 4271 mundi
3338 4212 3794 4270 constitutionem

2190 4312 2353 4367 fuisse
2379 4321 2593 4383 gentem
2619 4311 2958 4366 tenebrarum
2983 4349 2999 4375 ,
3041 4321 3161 4377 qua;
3188 4313 3373 4360 contra
3396 4304 3565 4359 Deum
3594 4304 3793 4361 νεώρια

2190 4404 2360 4458 lavit:
2408 4403 2459 4457 in
2500 4416 2608 4472 quo
2656 4400 2796 4455 bello
2845 4397 3074 4453 credunt
3121 4396 3306 4451 miseri
3352 4394 3795 4464 omnipotentem

2193 4497 2358 4551 Deum
2387 4509 2493 4548 non
2535 4493 2637 4548 sibi
2664 4492 2818 4547 aliter
2854 4489 3093 4560 potuisse
3122 4501 3437 4543 succurrere
3457 4530 3473 4552 ,
3519 4486 3628 4541 nisi
3659 4502 3797 4557 par—

2193 4596 2299 4641 tem
2326 4599 2475 4639 suam
2514 4590 2701 4638 contra
2729 4596 2847 4636 eam
2878 4581 3132 4634 mitteret.
3179 4578 3340 4647 Cujus
3366 4574 3544 4647 gentis
3572 4578 3797 4647 princi-

2190 4691 2287 4749 pes
2310 4716 2326 4743 ,
2373 4675 2511 4730 sicut
2539 4674 2616 4729 illi
2641 4672 2864 4738 dicunt,
2908 4671 3301 4726 devoraverunt
3326 4676 3532 4739 partem
3565 4666 3713 4735 Dei,
3743 4679 3800 4723 et

2193 4766 2470 4836 temperati
2509 4772 2633 4821 sunt
2659 4772 2718 4819 ut
2759 4771 2943 4836 posset
2978 4760 3208 4817 mundus
3246 4760 3313 4815 de
3356 4759 3460 4814 illis
3501 4757 3795 4815 fabricari.

2192 4858 2284 4913 Sic
2312 4857 2496 4912 dicunt
2517 4856 2681 4911 Deum
2710 4852 3018 4926 pervenisse
3039 4850 3106 4907 ad
3132 4850 3404 4906 victoriam
3421 4863 3543 4903 cum
3569 4851 3799 4920 magnis

2192 4945 2584 5004 calamitatibus
2608 4954 2666 5003 et
2703 4944 3024 5001 cruciatibus
3049 4950 3106 4998 et
3143 4940 3372 4997 miseriis
3408 4939 3798 4995 membrorum

2193 5054 2453 5095 suorum:
2486 5053 2605 5109 quas
2644 5035 2883 5092 membra
2922 5034 3107 5089 dicunt
3148 5047 3269 5088 esse
3296 5030 3586 5086 commixta
3631 5040 3799 5088 tene-

2193 5131 2369 5187 brosis
2394 5129 2687 5185 visceribus
2710 5126 3007 5198 principum
3032 5124 3243 5178 illorum
3263 5162 3278 5187 ,
3306 5130 3362 5176 ut
3390 5134 3484 5175 eos
3511 5128 3801 5190 tempera-

2194 5235 2354 5289 rent,
2382 5230 2437 5278 et
2462 5238 2492 5277 a
2522 5220 2703 5276 lurore
2745 5223 3169 5288 compescerent.
3221 5216 3288 5270 Et
3320 5228 3426 5268 non
3473 5212 3797 5286 intelligunt

2194 5325 2305 5372 tam
2333 5313 2644 5383 sacrilegam
2672 5324 2793 5366 esse
2835 5323 2985 5365 suam
3015 5316 3216 5363 sectam
3236 5346 3252 5372 ,
3278 5314 3335 5359 ut
3357 5303 3583 5359 credant
3606 5308 3800 5361 omni-

2194 5416 2463 5479 potentem
2492 5406 2658 5461 Deum
2689 5418 2793 5458 non
2822 5417 2917 5471 per
2942 5408 3240 5455 creaturam
3267 5409 3425 5467 quam
3447 5393 3669 5463 fecerit,
3696 5397 3801 5453 sed

2194 5516 2292 5573 per
2341 5500 2507 5569 ipsam
2566 5506 2808 5550 naturam
2855 5507 3004 5547 suam
3046 5490 3273 5545 bellasse
3319 5502 3443 5543 cum
3492 5488 3748 5544 tenebris
3782 5507 3800 5544 :

2193 5589 2337 5661 quod
2366 5587 2513 5642 nclas
2539 5594 2623 5640 est
2647 5583 2889 5638 credere.
2922 5581 3106 5652 Neque
3145 5578 3249 5633 hoc
3268 5576 3466 5646 solum,
3493 5575 3593 5632 sed
3618 5577 3799 5633 etiam

2196 5685 2316 5739 illos
2351 5681 2440 5749 qni
2478 5678 2601 5733 victi
2626 5684 2783 5739 sunt,
2825 5674 2994 5729 factos
3020 5687 3141 5728 esse
3169 5670 3447 5732 meliores,
3474 5683 3601 5739 quia
3641 5668 3802 5724 furor

2199 5789 2382 5832 eorum
2409 5781 2746 5840 compressus
2782 5777 2863 5823 est
2891 5783 2904 5820 :
2939 5765 3029 5822 Dei
3059 5773 3236 5819 autem
3277 5768 3523 5817 naturam
3548 5774 3679 5831 qua:
3713 5762 3796 5815 vi-
