3896 6382
174 335 268 389 295

168 449 263 511 cit,
303 444 479 498 factam
500 453 607 496 esse
630 437 1025 495 miserrimam.
1074 436 1261 494 Dicunt
1292 433 1449 491 etiam
1470 447 1586 489 eam
1618 448 1714 503 per

169 534 323 603 ipsam
350 528 757 587 commixtionem
797 526 1101 597 perdidisse
1132 524 1454 580 intellectum
1476 533 1529 579 et
1551 523 1718 579 beati-

169 623 385 678 tudinem
427 634 559 676 suam
580 658 597 685 ,
628 626 684 672 et
712 617 928 688 magnis
960 615 1229 673 erroribus
1254 623 1304 669 et
1327 614 1566 670 cladibus
1592 628 1712 671 esse

168 715 484 785 implicatam.
525 711 693 781 Quam
734 710 782 764 si
832 707 1119 778 aliquando
1164 708 1248 764 vel
1288 714 1452 762 totam
1500 708 1714 779 purgari

166 805 424 868 dicerent,
468 815 708 873 magnam
755 809 935 856 tamen
974 799 1295 870 impietatem
1334 809 1519 854 contra
1545 800 1720 855 omni-

166 904 411 968 potentem
441 894 597 950 Deum
625 892 994 960 afﬁrmarent,
1020 891 1173 963 cujus
1202 901 1406 961 partem
1436 891 1719 948 crederent

168 996 298 1043 tanto
330 994 557 1056 tempore
598 986 653 1039 in
687 984 966 1041 erroribus
1003 992 1058 1039 et
1094 983 1269 1053 poenis
1304 997 1426 1039 esse
1462 982 1716 1053 jactatam

164 1077 272 1134 sine
299 1075 464 1145 aliquo
492 1078 695 1147 peccati
722 1073 968 1131 crimine.
1016 1072 1169 1129 Nunc
1195 1089 1325 1128 vero
1354 1072 1589 1129 infelices
1618 1088 1716 1129 au-

164 1168 281 1222 dent
322 1166 485 1221 adhuc
538 1165 724 1221 dicere
776 1178 878 1220 nec
932 1172 1096 1220 totam
1145 1179 1304 1234 posse
1360 1164 1604 1235 purgari;
1661 1174 1717 1221 et

162 1257 311 1327 ipsam
354 1267 548 1328 partem
583 1273 705 1327 quze
746 1257 958 1327 purgari
998 1271 1105 1311 non
1146 1256 1408 1325 potuerit,
1453 1256 1718 1326 proﬁcere

158 1350 217 1405 sd
250 1351 503 1407 vinculum
525 1391 541 1415 ,
567 1359 629 1406 ut
660 1349 788 1405 inde
822 1349 1122 1404 involvatur
1146 1358 1200 1405 et
1227 1349 1462 1421 illigetur
1493 1351 1711 1407 malitia:

157 1440 393 1511 sepulcro
424 1442 479 1508 ³;
513 1450 569 1496 et
607 1442 687 1497 sic
725 1440 801 1497 ibi
841 1456 1055 1512 semper
1079 1441 1151 1496 sit
1188 1456 1309 1512 pars
1351 1443 1465 1514 ipsa
1494 1443 1586 1499 Dei
1616 1442 1717 1498 mi-

157 1547 301 1597 sera,
340 1547 458 1603 qua:
494 1532 623 1587 nihil
663 1532 937 1603 peccavit,
975 1540 1031 1587 et
1055 1530 1325 1603 aiﬂigatur
1357 1534 1410 1587 ln
1450 1543 1713 1588 meritum

155 1636 355 1678 carcere
384 1623 714 1678 tenebrarum
743 1624 787 1676 ³.
831 1622 942 1678 Hoc
975 1622 1051 1678 illi
1086 1623 1270 1679 dicunt
1291 1664 1306 1688 ,
1346 1630 1406 1679 ut
1438 1624 1710 1695 simplices

156 1711 344 1768 animas
367 1710 558 1769 fallant.
587 1710 695 1768 Sed
714 1712 837 1783 quis
864 1721 971 1767 tam
1001 1713 1228 1783 simplex
1251 1721 1331 1769 est
1349 1753 1366 1781 ,
1388 1721 1447 1769 ut
1476 1713 1576 1769 ista
1608 1729 1714 1768 non

156 1803 338 1858 sentiat
376 1817 491 1859 esse
529 1803 787 1873 sacrilega
810 1843 827 1869 ,
859 1803 1053 1873 quibus
1079 1801 1348 1859 amrmant
1374 1804 1715 1874 omnipoten-

156 1901 255 1947 tem
299 1892 459 1949 Deum
496 1894 815 1949 necessitate
858 1907 1172 1964 oppressum
1219 1908 1341 1950 esse
1360 1933 1379 1960 ,
1423 1902 1482 1949 ut
1505 1901 1713 1966 partem

158 1998 300 2037 suam
331 1983 517 2039 bonam
543 1992 593 2040 et
630 1985 971 2039 innocentem
1015 1984 1174 2039 tantis
1210 1983 1450 2039 cladibus
1476 1984 1712 2040 obruen-

161 2073 281 2129 dam
307 2082 362 2128 et
398 2084 531 2129 tanta
553 2074 875 2129 inmunditia
901 2072 1277 2145 inquinandam
1307 2073 1493 2140 daret,
1523 2083 1577 2130 et
1603 2090 1711 2129 non

168 2174 324 2219 totam
346 2166 558 2221 liberare
581 2175 785 2236 posset;
808 2173 867 2221 et
891 2165 1035 2242 quod
1065 2166 1292 2221 liberare
1318 2180 1424 2220 non
1456 2166 1708 2236 potuerit,

159 2258 371 2312 teternis
408 2258 617 2314 vinculis
641 2258 955 2329 colligaret?
1000 2257 1129 2327 Quis
1166 2271 1296 2328 ergo
1334 2258 1437 2313 ista
1479 2272 1587 2312 non
1617 2273 1712 2314 cx-

155 2358 376 2404 secaetur
398 2349 422 2405 2
446 2350 553 2420 quis
578 2365 682 2405 non
734 2350 994 2420 intelligat
1018 2347 1178 2419 impia
1206 2364 1327 2405 esse
1359 2356 1413 2404 et
1444 2348 1668 2404 nefanda
1686 2349 1714 2404 ἲ

154 2440 248 2497 Sed
282 2442 351 2496 illi
378 2441 580 2513 quando
604 2442 822 2511 capiunt
843 2441 1119 2507 homines,
1164 2457 1271 2496 non
1307 2442 1407 2496 ista
1451 2442 1598 2511 prius
1623 2441 1710 2497 di-

156 2543 297 2598 cunt;
323 2549 435 2605 quae
459 2535 502 2589 si
529 2536 796 2603 dicerent,
826 2535 1128 2591 riderentur
1145 2574 1162 2601 ,
1190 2545 1282 2589 aut
1310 2534 1619 2605 fugerentur
1641 2535 1712 2591 ab

156 2625 414 2680 omnibus'
441 2642 457 2680 :
484 2625 579 2681 sed
627 2626 835 2696 eligunt
878 2626 1103 2696 capitula
1133 2626 1200 2681 de
1242 2625 1564 2697 Scripturis,
1590 2640 1711 2697 qtae

158 2714 394 2783 simplices
431 2715 675 2771 homines
717 2730 823 2771 non
866 2716 1195 2787 intelligunt;
1236 2724 1292 2772 et
1328 2731 1425 2786 per
1452 2716 1542 2770 illa
1567 2715 1712 2771 deci-

158 2806 285 2875 piunt
313 2809 503 2865 animas
532 2809 812 2880 imperitas
831 2849 847 2876 ,
892 2808 1179 2879 quaerendo
1218 2807 1360 2864 unde
1383 2808 1453 2862 sit
1482 2807 1705 2863 malum.

159 2900 289 2954 Sicut
311 2903 357 2956 in
382 2903 473 2957 isto
500 2903 744 2971 capitulo
772 2901 993 2969 faciunt,
1022 2900 1167 2973 quod
1192 2900 1260 2956 ab
1284 2900 1543 2971 Apostolo
1573 2900 1709 2955 scri-

160 3000 290 3060 ptum
312 3002 413 3057 est,
456 2993 695 3047 Hectore!
732 2994 912 3046 harum
950 2992 1299 3058 tenebrarum,
1346 3001 1393 3046 et
1422 2991 1713 3062 spiritualia

158 3083 364 3151 aequitiae
385 3086 430 3138 in
453 3086 760 3141 caelestibus.
806 3084 1063 3154 Quaerunt
1099 3086 1241 3142 enim
1269 3085 1584 3156 deceptores
1609 3085 1707 3153 illi,

156 3181 205 3226 et
230 3173 519 3246 interrogant
546 3177 827 3231 hominem
856 3176 1156 3248 Scriptores
1184 3176 1392 3232 divinas
1410 3166 1523 3232 non
1541 3175 1704 3232 intel-

158 3264 394 3333 ligentem,
430 3268 571 3324 unde
593 3270 705 3324 sint
733 3268 786 3323 in
813 3268 952 3324 caelo
977 3277 1217 3325 rectores
1239 3268 1577 3324 tenebrarum
1606 3285 1621 3323 :
1652 3275 1712 3324 ut

153 3372 254 3411 cum
280 3362 587 3429 respondere
613 3376 721 3416 non
758 3363 1021 3432 potuerit,
1066 3361 1373 3418 traducatur
1405 3363 1475 3419 ab
1505 3362 1584 3418 eis
1614 3377 1711 3434 per

154 3451 508 3518 curiositatem;
540 3453 669 3524 quia
697 3453 875 3507 omnis
914 3454 1091 3507 anima
1121 3453 1330 3509 indocta
1362 3454 1571 3511 curiosa
1600 3464 1705 3510 est.

154 3539 242 3605 Qui
272 3553 426 3597 autem
467 3544 633 3599 tidem
662 3543 981 3599 catholicam
1026 3543 1166 3600 bene
1207 3544 1431 3611 didicit,
1463 3555 1518 3600 et
1552 3545 1709 3600 bonis

154 3635 361 3691 moribus
380 3646 429 3693 et
448 3654 576 3693 vera
616 3638 816 3709 pietate
842 3638 1077 3693 munitus
1100 3645 1215 3705 est,
1243 3639 1486 3708 quamvis
1516 3652 1705 3693 eorum

151 3724 369 3782 haeresim
409 3730 649 3791 nesciat,
696 3728 984 3799 respondet
1030 3728 1134 3783 illis
1182 3736 1379 3783 tamen.
1426 3728 1536 3784 Nec
1562 3728 1705 3783 enim

148 3816 298 3887 decipi
339 3829 530 3888 potest,
568 3818 662 3890 qui
688 3818 799 3889 jam
842 3818 990 3873 novit
1013 3817 1140 3889 quid
1176 3819 1437 3888 pertineat
1472 3818 1537 3873 ad
1558 3817 1705 3874 chri-

148 3907 340 3963 stianam
368 3910 539 3979 fidem,
571 3926 693 3981 quae
720 3909 983 3965 catholica
1006 3909 1230 3975 dicitur,
1266 3925 1361 3987 per
1380 3910 1563 3966 orbem
1597 3918 1705 3967 ter-

147 4015 295 4055 rarum
320 4018 512 4072 sparsa,
549 4013 609 4058 et
634 4012 821 4058 contra
847 4017 1035 4058 omnes
1069 4002 1259 4072 impios
1284 4012 1344 4057 et
1370 4012 1703 4073 peccatores,

148 4093 429 4163 negligentes
453 4106 646 4151 autem
696 4094 857 4150 etiam
887 4108 1014 4149 suos
1040 4092 1083 4161 ⁸,
1118 4093 1346 4149 Domino
1374 4094 1705 4167 gubernante

146 4198 299 4240 secura
307 4226 318 4239 .

199 4276 396 4335 CAPUT
437 4280 498 4335 ν.
543 4309 625 4321 -
667 4279 719 4335 5.
767 4277 1068 4348 Spirituaiia
1109 4278 1341 4352 nequitia:
1392 4279 1447 4334 in
1486 4279 1695 4335 caelesti-

146 4368 232 4429 bus,
255 4385 341 4439 quo
366 4387 513 4424 sensu
550 4369 767 4422 dictum.
800 4368 1060 4436 Quoniam
1087 4383 1216 4439 ergo
1238 4368 1547 4424 dicebamus
1575 4384 1697 4440 apo-

148 4459 307 4513 stolum
347 4461 574 4517 Paulum
630 4460 834 4517 dixisse
888 4460 1085 4516 habere
1132 4467 1229 4517 nes
1269 4462 1702 4519 colluctationem

146 4548 360 4607 adversus
390 4565 635 4611 rectores
664 4554 1006 4609 tenebrarum
1033 4562 1086 4609 et
1116 4554 1412 4624 spiritualia
1451 4557 1704 4627 nequitia}

149 4640 188 4691 in
226 4644 551 4710 caestibus;
610 4654 669 4699 et
717 4642 1059 4713 probavimus
1105 4643 1266 4698 etiam
1311 4644 1471 4699 istum
1519 4660 1700 4701 aerem

150 4738 273 4786 teme
290 4737 592 4804 proximum
624 4734 824 4790 coelum
870 4735 1044 4789 vocari
1078 4754 1094 4787 :
1123 4744 1334 4805 Oportet
1360 4735 1580 4792 credere
1608 4737 1704 4792 ad-

151 4835 326 4877 versum
358 4825 636 4881 diabolum
666 4833 722 4880 ct
756 4824 975 4896 angelos
1011 4824 1129 4896 ejus
1154 4841 1251 4880 nos
1278 4825 1567 4894 dimicare,
1610 4829 1700 4899 qui

147 4912 337 4977 gamlent
377 4915 871 4986 perturbationibus
913 4916 1132 4972 nostris.
1183 4915 1314 4971 Nam
1341 4928 1395 4973 et
1422 4919 1534 4988 ipse
1560 4920 1703 4989 Apo-

149 5004 284 5059 ttolus
305 5007 405 5065 alio
442 5008 566 5064 loco
600 5007 872 5063 diabolum
911 5008 1202 5078 principem
1246 5010 1524 5078 potestatis
1560 5012 1700 5067 aeris

198 5227 213 5293 ξ
238 5236 399 5293 omnes
419 5239 553 5293 tum,
585 5230 879 5293 sepulcrum.

196 5291 430 5360 'sonnulli
456 5288 587 5355 uss,
601 5288 977 5359 aﬂigutur_(vel,
998 5288 1235 5357 adigitur)
1251 5290 1301 5341 tn
1324 5295 1561 5342 atermtm
1582 5304 1697 5342 car-

147 5360 229 5442 m"
568 5414 739 5479 plures
758 5420 864 5466 Mss.
893 5420 947 5465 At
964 5414 1211 5465 editiones
1229 5413 1337 5464 aliae
1354 5449 1369 5475 ,
1410 5413 1699 5479 fugarentur

148 5472 196 5520 ab
213 5477 423 5520 omnem-
446 5486 574 5520 Tm
594 5486 723 5520 las“
759 5479 1036 5520 fmmresuur
1057 5477 1121 5520 ab

213 5477 423 5529 motibus.
446 5476 582 5528 Tres
594 5486 723 5537 Iss.,
756 5479 1036 5542 rogarentur
1057 5477 1121 5526 ab
1468 5476 1484 5479 '
1620 5538 1630 5549 .

197 5538 215 5565 ⁸
241 5540 343 5609 una
365 5550 462 5589 am.
501 5546 578 5589 Fx.
612 5548 664 5590 et
703 5546 843 5609 l.o_v_.,
883 5538 1355 5609 negligentes-autem
1523 5536 1696 5609 Melius

150 5601 254 5645 rarv.
269 5604 338 5649 cui
354 5611 542 5665 septem
566 5609 671 5652 Mss.
700 5600 1037 5664 sull'raganiuf,
1054 5600 1349 5665 negligentes
1372 5608 1529 5651 autem
1550 5600 1698 5665 etiam

148 5671 251 5726 {vos
282 5661 450 5726 nempe
474 5677 603 5722 suos,
624 5672 791 5726 contra
813 5661 933 5726 quos
954 5661 1267 5726 negligentis
1304 5674 1525 5726 securam
1550 5663 1695 5711 tidem

147 5720 265 5783 dicit,
288 5720 599 5781 intelligimus
617 5720 876 5776 catholicos
907 5723 934 5772 li
953 5720 1326 5783 lelészttatuor
1478 5724 1661 5775 habent

150 5780 197 5828 de
213 5785 535 5850 negligentibus
555 5797 713 5839 autent
738 5785 865 5848 suis;
897 5786 983 5835 sed
1014 5780 1156 5837 ante.

1557 319 1755 375 LIBER
1793 319 1995 380 UNUS.

3301 342 3405 400 294

1828 432 1986 504 hujus
2013 436 2242 505 appellat
2265 435 2481 511 (Ep/tes.
2502 455 2538 498 tt
2556 483 2574 510 ,
2597 441 2678 518 3).
2706 443 2959 514 Quamvis
2985 449 3073 507 ille
3099 451 3281 521 locus,
3309 458 3409 514 ubi

1824 525 1931 594 ait,
1963 526 2267 598 Spiritualia
2292 532 2525 603 nequitia:
2548 534 2602 589 in
2624 537 2935 608 coelestibus,
2967 545 3136 613 possit
3156 556 3211 601 et
3248 548 3409 606 aliter

1823 614 2079 688 intelligi,
2120 628 2178 673 ut
2201 634 2305 675 non
2335 622 2479 693 ipsos
2503 627 2937 695 praevaricatores
2975 636 3191 706 angelos
3222 639 3274 694 in
3296 655 3410 697 cm-

1824 706 2044 798 lestibus
2073 725 2193 766 esse
2217 710 2448 780 dixerit,
2475 716 2570 772 sed
2600 732 2697 773 nos
2723 721 2899 791 potius
2921 764 2938 790 ,
2984 726 3051 781 de
3084 730 3276 798 quibus
3299 734 3408 790 alio

1962 799 2125 869 dicit,
2156 801 2477 861 Conoersatio
2499 817 2673 864 nostra
2694 810 2747 865 in
2777 812 2913 866 cretis
2937 825 3010 870 est
3037 797 3293 892 (Philipp.
3324 840 3404 890 In,
3449 841 3454 851 ·

1822 889 1920 961 20)
1951 908 1966 945 :
1996 903 2053 947 ut
2080 909 2179 950 nos
2204 895 2255 949 in
2283 898 2590 956 caelestibus
2616 905 2924 975 constituti,
2955 908 3006 963 id
3028 919 3129 980 est,
3169 889 3223 968 in
3242 889 3403 986 spiri-

1824 982 2053 1038 tualibus
2087 988 2365 1057 praeceptis
2414 990 2509 1045 Dei
2556 993 2921 1063 ambulantes,
2965 982 3403 1061 dimittamus—ad-

1820 1087 2008 1130 versus
2037 1077 2328 1147 spiritualia
2373 1083 2657 1152 nequitiae,
2703 1101 2822 1155 qua:
2856 1103 2955 1144 nos
2995 1090 3118 1146 inde
3145 1107 3403 1152 conantur

1819 1163 2153 1223 abstrahere.
2198 1169 2364 1240 Magis
2402 1187 2530 1243 ergo
2569 1174 2699 1229 illud
2738 1179 3083 1246 quaerendum
3111 1192 3227 1251 est,
3276 1202 3411 1255 quo-

1819 1255 1983 1311 modo
2014 1256 2273 1314 adversus
2295 1275 2390 1316 eos
2408 1277 2543 1333 quos
2568 1280 2674 1320 non
2699 1266 2973 1337 videmus,
3015 1286 3248 1342 pugnare
3279 1289 3407 1344 pos-

1819 1345 2019 1413 simus,
2059 1356 2114 1403 et
2155 1350 2404 1417 vincere;
2449 1368 2517 1409 ne
2560 1364 2749 1426 putent
2771 1358 2920 1413 stulti
2943 1359 3199 1417 adversus
3226 1378 3407 1419 acrem

1820 1451 1919 1492 nos
1942 1436 2138 1495 debere
2162 1450 2389 1497 certare.

1887 1528 2112 1586 CAPUT
2150 1532 2240 1587 Vl.
2264 1563 2339 1575 —
2367 1533 2420 1589 6.
2449 1534 2645 1606 Corpus
2681 1539 3061 1611 castigandum,
3102 1552 3155 1597 ut
3178 1545 3408 1601 diabolus

1818 1628 1864 1673 et
1885 1620 2101 1675 mundus
2136 1622 2419 1679 vincantur.
2449 1624 2615 1681 Docet
2642 1626 2818 1699 itaque
2839 1630 3127 1699 Apostolus
3150 1634 3284 1703 ipse,
3319 1636 3407 1690 di-

1816 1723 1947 1764 cens
1976 1728 1990 1765 :
2023 1708 2144 1764 Non
2169 1712 2243 1766 sic
2284 1730 2488 1784 pugno,
2529 1717 2677 1787 quasi
2714 1733 2879 1773 aerem
2917 1720 3150 1788 cedens,-
3192 1727 3280 1779 sed
3316 1742 3407 1780 ca-

1815 1802 1945 1872 stigo
1988 1817 2174 1872 corpus
2210 1820 2408 1872 meum,
2450 1815 2498 1860 et
2531 1807 2585 1861 in
2616 1810 2902 1865 seruitutem
2932 1813 3105 1883 redigo
3124 1854 3138 1880 ,
3174 1831 3239 1869 ne
3278 1819 3411 1888 forte

1818 1890 1937 1944 aliis
1963 1892 2247 1962 praedicans
2272 1933 2285 1958 ,
2315 1893 2425 1965 ipse
2450 1898 2694 1966 reprobus
2719 1898 2946 1954 inveniar
2974 1901 3020 1972 (Ι
3046 1901 3163 1957 Cor.
3189 1920 3244 1959 Ix
3268 1946 3283 1971 ,
3310 1905 3406 1974 26,

1817 1981 1937 2053 27).
1988 1983 2117 2038 Item
2153 1985 2326 2040 dicit:
2358 1984 2647 2044 Imitatur-es
2688 1991 2787 2044 mei
2824 2001 3011 2060 estote,
3057 1995 3184 2049 sicut
3229 2005 3277 2051 et
3315 2014 3408 2070 ego

1813 2074 2000 2131 Christi
2045 2075 2155 2147 (Id.
2182 2094 2269 2143 xi,
2300 2078 2379 2151 1).
2432 2080 2608 2146 Quare
2651 2082 3050 2154 intelligendum
3088 2095 3204 2155 est,
3244 2090 3407 2145 etiam

1815 2166 1986 2235 ipsum
2032 2166 2349 2238 Apostolum
2392 2169 2445 2224 in
2486 2172 2775 2240 semetipso
2814 2174 3172 2244 triumphasse
3200 2178 3267 2234 de
3306 2195 3406 2249 po-

1816 2258 2096 2312 testatibus
2154 2258 2313 2329 hujus
2356 2260 2572 2326 mundi,
2625 2262 2765 2317 sicut
2813 2263 2880 2319 de
2922 2265 3149 2321 Domino
3196 2268 3409 2326 dixerat

1820 2347 1885 2417 (ll
1917 2347 2035 2403 Cor.
2068 2365 2124 2414 ιι,
2150 2351 2237 2415 ib,
2263 2359 2309 2404 et
2328 2349 2523 2406 Coloss.
2553 2367 2589 2407 ιι
2611 2393 2629 2420 ,
2652 2352 2742 2427 15)
2769 2395 2784 2419 ,
2817 2355 2969 2425 cujus
2992 2370 3052 2412 se
3084 2358 3406 2417 imitatorem

1815 2452 1936 2494 esse
1956 2440 2252 2510 proﬁtetur.
2278 2440 2550 2497 Imitemur
2567 2456 2697 2513 ergo
2724 2452 2779 2498 et
2807 2459 2905 2500 nos
2931 2446 3100 2513 illum,
3130 2449 3269 2504 sicut
3289 2449 3407 2506 hor-

1816 2538 1978 2597 tatur,
2009 2541 2063 2586 et
2087 2532 2408 2603 castigemus
2433 2548 2628 2604 corpus
2643 2543 2906 2605 nostrum,
2936 2548 2992 2592 et
3011 2539 3065 2593 in
3093 2540 3405 2597 servitutem

1813 2624 2117 2695 redigamus
2141 2666 2157 2691 ,
2198 2626 2243 2681 si
2273 2626 2526 2682 mundum
2566 2627 2816 2683 volumus
2852 2628 3088 2686 vincere.
3143 2632 3277 2699 Quia
3302 2648 3401 2704 per

1816 2715 2031 2770 illicitas
2071 2716 2453 2774 delectationes
2490 2733 2619 2773 suas
2641 2727 2696 2773 et
2724 2734 2944 2790 pompas
2971 2730 3025 2776 et
3050 2724 3407 2792 perniciosam

1813 2807 2175 2863 curiositatem
2214 2809 2369 2864 nobis
2411 2808 2675 2865 dominari
2721 2820 2897 2880 potest
2921 2810 3009 2868 hic
3033 2813 3297 2878 mundus,
3348 2815 3405 2871 id

1813 2905 1935 2963 est,
1985 2912 2049 2953 ea
2089 2912 2211 2968 quae
2254 2899 2305 2953 in
2352 2898 2455 2954 hoc
2480 2900 2683 2956 mundo
2727 2902 3027 2971 perniciosa
3051 2903 3407 2961 delectatione

1813 2988 2072 3058 colligant
2106 2998 2374 3045 amatores
2422 3005 2604 3050 rerum
2655 2994 3068 3062 temporalium,
3114 3005 3168 3052 et
3190 2996 3406 3053 diabolo

1818 3088 1981 3151 atque
2027 3081 2231 3151 angelis
2270 3081 2388 3152 ejus
2429 3084 2633 3138 servire
2672 3097 2867 3154 cogunt
2900 3103 2915 3141 :
2943 3087 3134 3156 quibus
3157 3089 3405 3146 omnibus

1810 3170 1859 3225 si
1886 3170 2305 3228 renuntiavimus
2326 3212 2342 3239 ,
2389 3173 2692 3244 redigamus
2724 3176 2741 3208 ‘
2772 3177 2823 3230 in
2859 3177 3167 3233 servitutem
3205 3195 3403 3250 corpus

1810 3270 2076 3315 ηοειινιιιη.

1880 3350 2106 3408 CAPUT
2132 3350 2243 3407 VII.
2269 3382 2343 3393 —
2371 3353 2425 3407 7.
2461 3351 2527 3408 Ut
2552 3369 2737 3425 corpus
2760 3355 2902 3409 nobis
2930 3358 3254 3429 subjiciatur,
3285 3361 3404 3414 sub-

1800 3444 2046 3515 jiciamus
2076 3460 2167 3498 nos
2188 3444 2329 3514 ipsos
2357 3443 2463 3498 Deo
2480 3487 2497 3510 ,
2529 3446 2611 3499 cui
2642 3446 2804 3502 omnis
2827 3457 3058 3502 creatura
3081 3449 3229 3503 sertit
3247 3491 3263 3518 ,
3286 3452 3403 3505 velit

1812 3534 1957 3588 nolit.
1974 3532 2242 3589 Justorum
2261 3542 2307 3589 et
2326 3534 2631 3607 injustorum
2649 3536 2703 3590 in
2728 3536 2879 3607 hujus
2901 3539 3015 3592 vita
3041 3539 3184 3593 bonis
3207 3549 3253 3594 et
3281 3556 3400 3594 ma-

1811 3625 1875 3680 tis
1917 3624 2204 3681 discrimen.
2256 3626 2361 3682 Sed
2403 3642 2469 3683 ne
2507 3628 2626 3698 quis
2653 3627 2791 3684 forte
2833 3628 2935 3685 hoc
2973 3629 3147 3700 ipsum
3175 3642 3399 3702 quaerat,

1811 3716 2082 3787 quomodo
2136 3718 2227 3773 ﬁat
2254 3727 2310 3773 ut
2353 3734 2550 3791 corpus
2585 3732 2826 3777 nostrum
2868 3723 3108 3778 servituti
3147 3724 3402 3795 subjicia-

1813 3822 1969 3873 mus;
2001 3806 2153 3863 facile
2184 3808 2405 3879 intelligi
2431 3818 2485 3865 et
2515 3811 2628 3866 ﬁeri
2659 3819 2850 3882 potest,
2882 3813 2927 3867 si
2955 3814 3105 3887 prius
3130 3830 3228 3871 nos
3250 3817 3398 3887 ipsos

1812 3896 2152 3967 subjiciamus
2178 3899 2287 3955 Deo
2307 3940 2323 3965 ,
2346 3899 2482 3954 bona
2509 3903 2782 3958 voluntate
2807 3912 2862 3959 et
2885 3904 3093 3961 sincera
3115 3906 3397 3963 charitate.

1811 3986 1945 4043 Nam
1968 3991 2144 4046 onmis
2164 4000 2405 4046 creatura
2424 4034 2441 4060 ,
2469 3993 2597 4048 velit
2626 3994 2795 4063 nolit,
2824 3996 2914 4050 uni
2944 3997 3052 4051 Deo
3081 4007 3136 4053 et
3172 3998 3401 4055 Domino

1813 4097 1914 4140 suo
1939 4084 2176 4155 subjecta
2197 4091 2299 4139 est.
2339 4084 2444 4141 Sed
2476 4085 2579 4140 hoc
2606 4086 2975 4155 admonemur,
3002 4100 3059 4145 ut
3087 4099 3196 4147 tota
3215 4091 3401 4146 volun-

1815 4182 1923 4230 tate
1953 4174 2247 4229 serviamus
2276 4174 2503 4234 Dumino
2535 4177 2643 4231 Deo
2674 4186 2878 4234 nostro.
2928 4180 3186 4247 Quoniam
3225 4180 3403 4252 justus

1811 4266 2100 4321 liberaliter
2135 4266 2336 4333 servit,
2383 4265 2613 4337 injustas
2640 4277 2817 4323 autem
2844 4270 3177 4339 compeditos
3206 4274 3393 4328 servit.

1809 4358 2006 4411 Omnes
2047 4363 2225 4411 tamen
2252 4355 2443 4411 divinae
2482 4358 2830 4428 providentiae
2867 4361 3149 4416 serviunt:
3180 4364 3271 4418 sed
3311 4366 3399 4420 alii

1809 4447 2071 4503 obediunt
2093 4457 2339 4519 tanquam
2365 4448 2479 4517 lilii,
2501 4459 2555 4504 et
2575 4449 2773 4505 faciunt
2798 4466 2918 4506 cum
2946 4467 3009 4506 ea
3037 4453 3177 4522 quod
3202 4455 3399 4510 bonum

1808 4548 1922 4606 est;
1968 4540 2057 4595 alii
2097 4555 2226 4596 vero
2269 4540 2501 4611 ligantur
2539 4549 2790 4612 tanquam
2816 4543 2991 4610 servi,
3024 4552 3079 4599 et
3108 4544 3167 4598 tit
3190 4544 3261 4600 de
3293 4545 3402 4601 illis

1806 4631 1952 4704 quod
1972 4631 2175 4704 justum
2206 4641 2307 4689 est.
2340 4631 2414 4686 Ita
2444 4633 2581 4687 Deus
2606 4633 2967 4704 omnipotens,
3000 4634 3256 4690 Dominus
3278 4637 3398 4691 uni-

1809 4738 1977 4777 versa:
1998 4732 2256 4777 creatura:
2275 4764 2289 4788 ,
2318 4722 2408 4792 qui
2438 4723 2554 4794 fecit
2584 4723 2753 4777 omnia
2777 4763 2792 4788 ,
2842 4724 2979 4779 sicut
3005 4725 3263 4796 scriptum
3290 4736 3395 4794 est,

1806 4813 1936 4868 bona
1961 4815 2107 4869 valde
2147 4813 2299 4889 (Gen.
2330 4831 2380 4880 ι,
2428 4815 2518 4889 51)
2545 4855 2561 4881 ,
2608 4815 2685 4870 sic
2712 4831 2773 4870 ea
2805 4816 3104 4884 ordinavit,
3150 4826 3210 4873 ut
3250 4828 3304 4873 et
3333 4819 3402 4876 de

1807 4903 1962 4961 bonis
2000 4914 2052 4960 ct
2077 4904 2144 4961 de
2182 4907 2336 4961 malis
2373 4906 2510 4962 bene
2549 4905 2725 4962 faciat.
2766 4906 2918 4976 Quod
2966 4908 3110 4964 enim
3150 4909 3294 4981 juste
3322 4912 3400 4977 lit,

1807 4996 1943 5051 bene
1977 4996 2052 5053 fit.
2105 4998 2256 5054 Juste
2296 5008 2475 5054 autem
2515 5008 2638 5053 sunt
2663 4998 2803 5054 beati
2837 5000 2999 5068 boni,
3029 5011 3084 5057 et
3107 5002 3248 5072 juste
3276 5004 3402 5059 mali

1808 5102 1993 5158 paruas
2024 5090 2315 5159 patiuntur.
2363 5090 2503 5161 Ergo
2536 5098 2590 5145 et
2614 5089 2681 5144 de
2708 5090 2864 5146 bonis
2890 5101 2944 5146 et
2972 5092 3039 5148 de
3081 5095 3235 5149 malis
3262 5093 3401 5151 bene

1806 5177 1933 5234 facit
1960 5180 2099 5235 Deus
2127 5222 2143 5248 ,
2169 5181 2419 5251 quoniam
2444 5182 2588 5251 juste
2626 5182 2804 5237 omnia
2827 5181 2969 5238 facit.
2997 5184 3130 5239 Boni
3160 5196 3283 5240 sunt
3308 5201 3403 5240 au-

1806 5278 1914 5327 tem
1940 5313 1955 5339 ,
1988 5272 2079 5342 qui
2116 5283 2223 5327 tota
2254 5272 2527 5329 voluntate
2564 5273 2673 5328 Deo
2713 5274 2987 5342 serviunt;
3034 5275 3161 5331 mali
3208 5286 3389 5331 autem

1806 5366 2125 5421 necessitate
2163 5365 2401 5420 serviunt
2433 5382 2447 5420 :
2476 5381 2633 5420 nemo
2677 5366 2821 5421 enim
2852 5367 2996 5437 leges
3044 5367 3393 5441 Omnipoten-

1806 5455 1872 5508 tis
1901 5456 2100 5511 evadit.
2140 5455 2244 5511 Sed
2270 5456 2413 5511 aliud
2440 5465 2524 5511 est
2553 5457 2727 5513 facere
2756 5459 2896 5528 quod
2925 5461 3009 5517 lex
3034 5461 3221 5531 jubet,
3248 5463 3393 5518 aliud

1806 5549 1911 5618 pati
1944 5550 2083 5620 quod
2112 5549 2196 5604 lex
2221 5547 2393 5619 jubet.
2418 5548 2756 5622 Quapropter
2783 5550 2908 5607 boni
2929 5554 3221 5609 secundum
3254 5555 3396 5625 leges

1869 5728 1882 5758 ¹
1923 5726 2037 5775 Fditi
2057 5761 2072 5783 ,
2116 5723 2163 5776 si
2184 5725 2547 5790 rentmtiamna,
2571 5725 2936 5790 redigim:ts.gAt
2958 5736 3063 5777 Mss.
3088 5742 3261 5780 omnes
3316 5744 3393 5781 re-

1805 5789 2025 5848 dipmuus
2049 5801 2067 5838 :
2094 5796 2145 5839 et
2170 5800 2235 5839 ex
2256 5787 2429 5838 iisdem
2454 5787 2649 5852 plures,
2680 5787 3073 5842 renuntiavimus.
