3940 6490
510 334 616 392 295

511 449 731 513 iaciunt,
761 444 884 500 mali
913 439 1203 499 secundum
1236 439 1378 508 leges
1407 436 1694 506 patiuntur.

582 539 638 594 8.
670 536 780 592 Nec
822 548 921 590 nos
961 541 1176 588 moveat
1215 528 1357 600 quod
1404 528 1455 581 in
1504 526 1606 581 hac
1648 527 1752 580 vita
1798 521 2091 578 secundum

510 642 730 684 carnem
769 640 926 697 quam
955 632 1201 694 portant,
1242 619 1369 690 justi
1411 618 1575 673 multa
1606 616 1786 687 gravia
1816 624 1870 669 et
1903 629 2095 683 aspera

514 722 767 777 tolerant.
793 720 935 776 Nihil
965 720 1108 775 enim
1136 717 1260 771 mali
1292 714 1589 785 patiuntur,
1621 711 1710 781 qui
1741 713 1851 779 jam
1876 717 2099 779 possunt

512 810 693 867 dicere
717 811 858 881 quod
901 810 988 864 ille
1026 808 1108 861 vir
1151 804 1440 876 spiritualis
1470 803 1702 858 exsultat
1746 810 1801 855 et
1846 798 2100 871 prmdicat

512 904 823 975 Apostolus,
842 900 1025 955 dicens
1049 916 1061 952 :
1091 896 1382 952 Cloriumur
1408 896 1460 947 in
1486 892 1927 955 tribuiatiouibus;
1948 891 2102 944 scieno

513 1004 588 1051 tes
623 992 862 1064 quoniam
910 988 1165 1043 tribulatio
1210 986 1502 1057 patientiam
1549 992 1820 1053 aperatur,
1860 981 2102 1051 patientia

515 1085 891 1157 probationem,
921 1080 1149 1151 probatio
1170 1095 1285 1133 vero
1314 1094 1454 1145 spem
1475 1118 1489 1143 ,
1518 1092 1631 1147 spes
1654 1085 1822 1129 autem
1849 1090 1950 1127 non
1977 1088 2101 1126 con-

516 1176 686 1250 fundit
714 1190 732 1229 :
758 1174 878 1245 quia
902 1173 1125 1228 charitas
1150 1170 1245 1225 Dei
1272 1168 1461 1237 di/Tusa
1492 1176 1564 1223 est
1588 1168 1640 1221 in
1665 1166 1896 1221 cordibus
1921 1164 2103 1218 nostris

514 1282 607 1339 per
652 1264 907 1335 Spiritum
948 1272 1177 1317 sanctum
1222 1261 1306 1331 qui
1351 1260 1501 1314 datus
1549 1267 1619 1313 est
1661 1256 1803 1311 nobis
1830 1255 2003 1326 (Rom.
2034 1271 2098 1319 v,

516 1353 662 1429 3-5).
714 1353 772 1411 Si
806 1368 935 1424 ergo
974 1353 1029 1407 in
1060 1352 1159 1406 hac
1183 1352 1286 1405 vita
1309 1392 1323 1416 ,
1366 1350 1454 1405 ubi
1497 1357 1640 1404 tanta
1669 1355 1930 1403 tormenta
1956 1354 2100 1411 sunt,

516 1454 743 1518 possunt
783 1445 907 1500 boni
939 1454 995 1499 et
1018 1444 1147 1514 justi
1179 1443 1321 1510 viri,
1349 1457 1471 1498 cum
1514 1440 1638 1497 talia
1667 1440 1969 1510 patiuntur,
1998 1451 2103 1491 non

514 1538 691 1594 solum
716 1552 871 1607 atquo
900 1536 1078 1590 animo
1122 1536 1350 1590 tolerare
1374 1574 1391 1600 ,
1419 1532 1511 1588 sed
1539 1532 1698 1588 etiam
1725 1532 1778 1586 in
1809 1531 1903 1585 Dei
1928 1530 2106 1585 chari-

516 1636 629 1687 tate
653 1628 871 1701 gloriari
901 1630 917 1661 ¹
945 1647 960 1695 ;
988 1627 1115 1698 quid
1143 1626 1484 1698 cogitandum
1512 1637 1594 1681 est
1622 1626 1688 1681 de
1717 1626 1806 1680 illa
1827 1625 1955 1689 vita,
1987 1639 2106 1695 qum

516 1722 674 1778 nobis
700 1720 1047 1791 promittitur,
1079 1719 1169 1774 ubi
1197 1718 1397 1772 nullam
1442 1716 1509 1771 de
1538 1731 1766 1786 corpore
1805 1715 2104 1770 molestiam

516 1812 848 1871 sentiemus?
875 1809 1137 1878 Quoniam
1165 1824 1270 1863 non
1296 1808 1362 1863 ad
1402 1808 1507 1863 hoc
1532 1816 1779 1876 resurget
1805 1821 1999 1876 corpus
2022 1806 2108 1876 ju-

517 1913 722 1960 storum
750 1944 766 1970 ,
807 1903 874 1958 ad
900 1902 1041 1973 quod
1089 1911 1333 1971 resurget
1378 1914 1573 1970 corpus
1613 1898 1897 1968 impiorum
1930 1916 1942 1951 :
1971 1898 2109 1951 sicut

517 1996 775 2066 scriptum
798 2003 901 2060 est,
937 1994 1124 2047 Omnes
1145 2008 1482 2063 resurgemus,
1509 1992 1597 2046 sed
1616 2007 1718 2044 non
1740 2006 1911 2044 omnes
1933 1990 2108 2042 immu-

522 2086 761 2141 tabimur.
792 2084 860 2139 Et
886 2099 954 2140 ne
978 2085 1258 2154 quisquam
1300 2090 1448 2153 putet
1470 2096 1574 2137 non
1599 2081 1757 2151 justis
1780 2079 2107 2135 immutatio-

521 2192 646 2233 nem
688 2178 843 2231 istant
872 2175 1142 2246 promitti,
1171 2174 1265 2229 sed
1298 2174 1474 2245 potius
1499 2172 1739 2244 iniustis,
1769 2181 1825 2228 et
1857 2187 1975 2227 eam
1996 2170 2109 2226 exi-

519 2270 704 2326 stimet
741 2284 863 2325 esse
902 2268 1203 2339 poenalem,
1248 2266 1488 2338 sequitur
1533 2274 1588 2321 et
1620 2265 1789 2322 dicit:
1819 2264 1887 2320 Et
1923 2264 2109 2319 mortui

518 2372 781 2434 resurgent
820 2361 1133 2430 incorrupti,
1165 2368 1211 2414 et
1248 2376 1339 2414 nos
1376 2359 1753 2413 immutabimur
1799 2357 1841 2429 (l
1866 2357 1985 2413 Cor.
2014 2372 2104 2423 xv,

520 2453 611 2518 5i,
638 2450 752 2526 52).
782 2452 1112 2522 Quicumque
1138 2465 1267 2521 ergo
1285 2450 1409 2504 mali
1432 2458 1576 2517 sunt,
1595 2450 1674 2506 sic
1697 2448 1922 2505 ordinati
1943 2458 2065 2503 sunt
2090 2466 2104 2502 :

519 2544 644 2615 quia
675 2552 729 2599 et
759 2542 1122 2612 unusquisque
1147 2541 1246 2597 sibi
1272 2582 1286 2606 ,
1324 2548 1380 2595 et
1416 2554 1602 2595 omnes
1627 2539 1850 2594 invicem
1880 2538 1980 2594 sibi
2008 2555 2107 2593 ne-

523 2642 667 2689 cent.
717 2632 831 2687 lloc
860 2633 1001 2687 enim
1032 2639 1292 2702 appetunt
1334 2630 1477 2701 quod
1520 2630 1818 2701 perniciose
1850 2629 2106 2700 diligitur,

520 2736 576 2784 et
600 2727 742 2798 quod
768 2727 845 2782 eis
876 2724 1033 2781 facile
1057 2724 1253 2780 auferri
1281 2732 1493 2794 potest;
1525 2733 1578 2779 et
1610 2723 1713 2777 hoc
1736 2722 1835 2777 sibi
1864 2724 2111 2779 auferunt

519 2820 768 2886 invicem,
797 2818 1010 2889 quando
1030 2836 1087 2875 se
1114 2826 1523 2889 persequuntur.
1571 2817 1639 2872 Et
1667 2816 1787 2873 ideo
1806 2817 2111 2872 cruciantur

518 2912 710 2982 quibus
737 2910 1050 2966 auferuntur
1089 2910 1403 2979 temporalia
1429 2949 1444 2974 ,
1485 2907 1607 2979 quia
1647 2907 1874 2978 diligunt
1899 2922 1962 2962 ea
1992 2924 2007 2962 :
2034 2907 2110 2961 illi

518 3015 695 3061 autem
719 3005 809 3076 qui
835 3003 1111 3068 auferunt,
1143 3003 1395 3073 gaudent.
1440 3001 1545 3057 Sed
1586 3001 1705 3055 talis
1730 3001 1911 3055 laetitia
1939 3000 2099 3056 caeci-

520 3106 601 3151 tas
628 3104 712 3152 est
730 3137 745 3163 ,
772 3104 827 3151 et
850 3110 1057 3150 summa
1083 3094 1299 3150 miseria
1327 3110 1340 3147 :
1374 3094 1485 3163 ipsa
1513 3092 1655 3148 enim
1681 3092 1849 3162 magis
1874 3091 2111 3162 implicat

517 3189 749 3244 animam
773 3230 789 3254 ,
831 3195 886 3244 et
912 3186 978 3242 ad
1016 3186 1217 3257 majora
1243 3192 1505 3241 tormenta
1536 3183 1798 3255 perducit.
1823 3182 1954 3237 Nam
1982 3172 2113 3254 gaul-

516 3278 609 3334 dct
631 3288 686 3335 et
710 3279 867 3348 piscis
887 3319 903 3345 ,
936 3277 1148 3348 quando
1185 3276 1401 3332 hamum
1428 3292 1534 3332 non
1557 3276 1771 3342 videns,
1802 3290 1981 3332 escam
2011 3276 2107 3331 de-

516 3379 669 3424 vorat
700 3387 712 3424 :
739 3368 833 3423 sed
862 3384 984 3423 cum
1025 3368 1257 3438 piscator
1281 3383 1403 3422 eum
1434 3366 1699 3422 adducere
1728 3368 1972 3438 cmperit,
2004 3368 2111 3422 vis-

515 3475 640 3518 cera
678 3460 794 3532 ejus
831 3469 1145 3532 torquentur
1184 3460 1393 3530 primo;
1434 3459 1629 3515 deinde
1651 3458 1721 3514 ab
1746 3461 1889 3515 omni
1925 3461 2109 3516 laetitia

515 3567 608 3609 sua
638 3569 734 3623 per
759 3555 928 3624 ipsam
955 3569 1132 3609 escam
1175 3553 1245 3609 de
1269 3568 1373 3624 qua
1399 3553 1609 3608 lmtatus
1634 3562 1736 3617 est,
1765 3554 1832 3608 ad
1859 3568 2108 3609 consum-

516 3645 751 3713 ptioncm
784 3645 1030 3699 trahitur.
1073 3645 1163 3699 Sic
1200 3653 1323 3699 sunt
1348 3658 1535 3699 omnes
1563 3644 1652 3713 qui
1687 3643 1755 3698 de
1782 3644 1937 3698 bonis
1968 3652 2105 3699 tem-

516 3737 789 3807 poralibus
813 3736 997 3791 beatos
1021 3751 1078 3791 se
1096 3746 1282 3805 putant
1312 3754 1325 3789 :
1360 3736 1575 3791 hamum
1597 3736 1740 3791 enim
1763 3745 2104 3807 acceperunt,

514 3835 714 3883 etcum
754 3827 844 3881 illo
869 3827 971 3881 sibi
994 3836 1290 3897 vagantur;
1334 3828 1512 3905 veniet
1552 3836 1763 3897 tempus
1791 3836 1848 3882 ut
1871 3828 2106 3884 sentiant

514 3928 713 3989 quanta
740 3928 1001 3973 tormenta
1027 3933 1149 3973 cum
1177 3918 1433 3973 aviditate
1466 3919 1859 3975 devoraverint.
1891 3921 1958 3975 Et
1986 3921 2105 3976 ideo

514 4012 670 4067 bonis
706 4012 836 4066 nihil
879 4020 1113 4076 nocent;
1163 4011 1286 4080 quia
1328 4010 1429 4067 hoc
1454 4012 1532 4067 eis
1556 4011 1805 4068 auferunt
1831 4013 1973 4083 quod
1998 4029 2102 4069 non

513 4104 778 4174 diligunt:
810 4119 931 4158 nam
957 4102 1098 4175 quod
1126 4103 1370 4174 diligunt,
1412 4112 1463 4158 et
1494 4104 1634 4159 unde
1665 4104 1803 4160 beati
1833 4114 1976 4170 sunt,
2003 4120 2102 4160 au-

514 4194 655 4250 ferre
686 4194 787 4249 illis
816 4210 975 4250 nemo
996 4204 1191 4265 potest.
1220 4195 1499 4252 Cruciatus
1518 4212 1647 4252 vero
1671 4200 1912 4265 corporis
1936 4197 2103 4253 malas

513 4287 719 4341 animas
771 4286 1144 4343 miserabiliter
1189 4287 1406 4358 alﬂigit,
1458 4290 1627 4345 bonas
1670 4299 1846 4345 autem
1893 4288 2104 4346 fortiter

512 4388 721 4451 purgat.
770 4379 857 4437 Sic
886 4380 944 4435 iit
984 4387 1045 4435 ut
1080 4388 1135 4436 et
1175 4382 1348 4436 malus
1378 4382 1539 4437 homo
1580 4391 1634 4438 ct
1676 4384 1845 4437 malus
1882 4382 2102 4454 angelus

511 4472 705 4527 divina:
735 4473 1081 4543 providentia:
1122 4473 1387 4539 militent;
1427 4473 1521 4529 sed
1549 4474 1791 4529 nesciunt
1821 4474 1945 4545 quid
1979 4474 2101 4529 boni

468 4568 469 4571 “
510 4563 580 4619 de
606 4564 710 4619 illis
736 4577 989 4635 operetur
1017 4566 1175 4620 Deus.
1214 4565 1329 4620 Non
1359 4568 1534 4635 itaque
1570 4582 1665 4636 pro
1693 4568 1897 4623 meritis
1916 4568 2097 4635 cilicii,

512 4654 607 4708 sed
640 4670 735 4722 pro
763 4657 967 4709 meritis
999 4656 1212 4709 malitia:
1238 4657 1647 4724 stipendiantur.

582 4742 809 4797 CAPUT
843 4744 973 4797 Vlll.
996 4774 1065 4783 —
1092 4745 1146 4799 9.
1179 4746 1363 4798 Omnia
1379 4746 1549 4799 divina
1579 4747 1890 4815 providentia
1919 4747 2100 4818 guber-

514 4834 646 4888 nari.
704 4833 809 4889 Sed
855 4846 913 4889 ut
965 4837 1045 4889 lite
1086 4837 1317 4901 animm,
1373 4853 1491 4907 qua:
1536 4837 1732 4892 habent
1775 4840 2099 4895 voluntatem

512 4925 741 4982 nocendi
784 4936 839 4981 et
877 4928 1139 4982 rationem
1178 4930 1486 4999 cogitandi,
1538 4930 1637 4984 suh
1664 4931 1859 4985 divinis
1891 4932 2097 5001 legibus

509 5021 769 5077 ordinata:
795 5031 937 5087 sunt,
967 5035 1034 5075 ne
1062 5020 1260 5091 aliquid
1289 5022 1541 5091 injustum
1568 5023 1794 5093 quisque
1825 5025 2057 5094 patiatur
2080 5044 2095 5092 ;

511 5114 583 5168 ita
610 5114 785 5169 omnia
818 5122 870 5168 et
910 5112 1161 5167 animalia
1199 5122 1251 5168 et
1278 5115 1575 5184 corporalia
1614 5116 1668 5170 in
1692 5132 1888 5187 genere
1926 5133 2023 5173 suo
2045 5128 2100 5175 et

512 5208 565 5261 in
596 5205 784 5262 ordine
811 5220 907 5261 suo
932 5205 1127 5260 divina:
1149 5206 1497 5278 providentiae
1526 5207 1729 5277 legibus
1763 5209 1969 5264 subdita
1998 5212 2095 5266 ad-

512 5283 901 5354 miuiStrantur.
932 5297 1058 5354 Ideo
1074 5298 1329 5355 Dominus
1347 5299 1474 5355 dicit
1503 5316 1518 5353 :
1548 5297 1732 5354 Nonne
1755 5300 1856 5354 duo
1873 5319 2097 5373 passeres

511 5412 625 5449 asse
649 5402 897 5461 veneunt,
944 5401 989 5447 et
1016 5409 1147 5448 unus
1183 5409 1357 5447 eorum
1394 5409 1496 5447 non
1520 5393 1655 5447 cadit
1687 5392 1739 5447 in
1780 5404 1964 5449 terram
1990 5398 2097 5451 sine

510 5488 765 5540 voluntate
784 5484 958 5539 Putris
977 5485 1123 5539 vestri
1146 5482 1354 5557 (Matth.
1384 5498 1441 5549 ι,
1468 5482 1560 5555 29)
1583 5482 1608 5538 7
1630 5482 1743 5539 Hoc
1768 5486 1909 5540 enim
1940 5486 2092 5553 dixit,

520 5580 704 5633 volens
740 5577 1023 5634 ostendere
1064 5575 1320 5649 quidquid
1362 5575 1679 5632 vilissimum
1719 5576 1966 5635 homines
1993 5595 2093 5650 pu-

507 5717 586 5835 g“:
614 5718 702 5825 istc,
739 5725 870 5767 Parv.
920 5722 1099 5770 ειιες.
1126 5721 1184 5768 At
1221 5720 1322 5767 tun.
1367 5720 1443 5765 nr.
1466 5720 1601 5779 ιον-ι
1640 5713 1877 5769 marita“
1909 5715 1961 5768 ἱη
1996 5725 2093 5770 Deo

588 5792 599 5821 Ι
632 5791 722 5826 Ui".

588 5791 722 5826 ΙΙιιὶἰ.

1470 322 1556 377 DE
1599 318 1825 378 AGONE
1863 313 2294 381 CIIRISTIANO,
2335 314 2392 371 S.
2436 313 2795 372 AUGUSTINI

3692 320 3805 378 ξπ

2202 438 2344 497 tant,
2393 432 2774 500 onmipotentia
2808 430 2899 485 Dei
2926 430 3227 501 gubernari.
3279 433 3366 489 Sic
3396 436 3536 490 enim
3561 446 3616 491 et
3646 441 3803 491 vola-

2204 519 2314 573 tilia
2334 520 2459 576 cmli
2489 520 2558 575 ab
2582 536 2649 576 eo
2672 522 2836 591 pasci,
2867 531 2922 577 et
2950 523 3056 578 lilia
3078 524 3188 594 agri
3214 524 3283 578 ab
3311 540 3377 580 eo
3404 528 3612 597 vestiri,
3642 529 3799 585 Veri-

2204 620 2284 665 tas
2330 611 2562 681 loquitur
2588 611 2800 686 (Matth.
2829 629 2879 668 Vl
2898 654 2912 678 ,
2942 613 3033 681 26,
3064 614 3163 681 28,
3190 614 3284 682 29,
3314 616 3428 689 50),
3474 635 3596 689 qua:
3621 622 3801 691 capil-

2203 701 2284 756 los
2311 702 2471 756 etiam
2514 711 2726 759 nostros
2764 714 3073 760 numeratos
3100 720 3221 761 esse
3260 707 3390 762 dicit
3431 708 3544 780 (Id.
3577 726 3612 765 ι
3634 752 3653 777 ,
3687 712 3803 781 50).

2203 791 2310 847 Sed
2340 793 2591 862 quoniam
2630 793 2855 851 mundas
2880 796 3086 850 animas
3115 797 3401 853 rationales
3444 814 3543 869 per
3584 815 3649 856 se
3692 802 3805 871 ipse

2205 881 2347 937 Deus
2370 891 2559 951 curat,
2612 884 2725 940 sive
2756 884 2809 939 in
2830 885 3047 955 optimis
3074 896 3131 942 et
3161 889 3369 959 magnis
3396 890 3618 961 Angelis
3644 932 3661 957 ,
3692 894 3807 948 sive

2206 974 2259 1028 in
2291 975 2595 1030 hominibus
2617 983 2728 1031 tota
2754 977 2853 1033 sibi
2885 978 3156 1034 voluntate
3183 980 3574 1048 servientibus;
3605 991 3801 1038 cetera

2205 1080 2334 1121 vero
2361 1082 2457 1137 per
2485 1068 2627 1137 ipsos
2654 1068 2952 1139 gubernat;
3002 1072 3283 1127 verissime
3307 1072 3410 1128 dici
3433 1075 3610 1143 potuit
3639 1077 3802 1130 etiam

2207 1156 2335 1211 illud
2372 1158 2441 1211 ab
2475 1159 2767 1229 Apostolo,
2817 1160 2938 1215 Non
2978 1163 3113 1215 enim
3146 1162 3210 1216 de
3250 1162 3403 1219 bobus
3439 1181 3568 1218 cura
3594 1175 3672 1219 est
3698 1165 3805 1221 Deo

2207 1247 2250 1318 (ι
2273 1247 2392 1304 Cor.
2426 1266 2500 1315 ix,
2533 1250 2617 1322 9).
2662 1251 2719 1306 ln
2745 1251 3034 1324 Scripturis
3060 1255 3202 1310 enim
3231 1257 3430 1312 sanctis
3452 1257 3598 1312 Deus
3625 1257 3803 1313 homi-

2207 1356 2302 1395 nes
2328 1339 2485 1397 docet
2529 1344 2799 1413 quomodo
2829 1360 2951 1400 cum
2991 1345 3298 1403 hominibus
3343 1359 3541 1419 agant,
3598 1360 3657 1407 et
3707 1352 3803 1423 ipsi

2211 1433 2319 1488 Deo
2339 1435 2573 1490 serviant
2605 1454 2617 1489 :
2650 1438 2919 1508 quomodo
2947 1448 3125 1496 autem
3166 1450 3326 1512 agant
3352 1457 3475 1497 cum
3510 1445 3805 1514 pecoribus

2208 1525 2321 1581 suis
2340 1568 2356 1595 ,
2386 1527 2485 1597 ipsi
2510 1529 2685 1584 sciunt
2710 1570 2726 1596 ,
2759 1531 2809 1585 id
2836 1540 2953 1597 est,
2997 1533 3268 1603 quomodo
3288 1535 3513 1590 salutem
3543 1551 3805 1607 pecorum

2209 1632 2426 1673 suorum
2458 1618 2763 1689 gubernent
2790 1636 2887 1676 usu
2914 1631 2969 1678 et
2998 1623 3187 1693 peritia
3214 1635 3270 1680 et
3293 1625 3501 1681 ratione
3534 1629 3802 1693 naturali;

2208 1726 2327 1781 quae
2355 1711 2568 1782 quidem
2605 1714 2784 1768 omnia
2810 1714 2879 1770 de
2918 1715 3125 1785 magnis
3167 1717 3250 1771 sui
3295 1715 3575 1773 Creatoris
3618 1720 3808 1789 opibus

2209 1812 2551 1872 acceperunt.
2606 1804 2709 1873 Qui
2761 1822 2891 1877 ergo
2940 1819 3116 1877 potest
3169 1810 3472 1881 intelligere
3530 1814 3808 1882 quomodo

2210 1894 2473 1951 universa:
2514 1906 2776 1953 creatura:
2813 1901 3062 1956 conditor
3091 1902 3231 1958 Deus
3253 1903 3520 1974 gubernet
3551 1920 3679 1960 eam
3711 1922 3804 1976 per

2210 1986 2416 2042 animas
2450 1998 2698 2057 sanctas,
2738 2005 2857 2060 qua:
2892 1994 3186 2049 ministeria
3220 1996 3237 2027 ⁸
3268 1995 3383 2066 ejus
3409 2005 3538 2051 sunt
3570 1999 3626 2051 in
3660 2000 3805 2054 ctelis

2211 2086 2265 2131 et
2317 2077 2370 2132 in
2412 2079 2610 2146 terris;
2660 2082 2783 2151 quia
2827 2090 2883 2138 et
2932 2084 3063 2154 ipsa:
3106 2075 3307 2142 sanctae
3348 2088 3546 2143 anima:
3574 2090 3649 2145 ab
3693 2090 3803 2161 ipso

2212 2165 2366 2223 facta:
2413 2177 2576 2235 sunt,
2624 2180 2679 2227 et
2722 2172 2776 2227 in
2806 2173 2923 2244 ejus
2965 2186 3212 2232 creatura
3248 2178 3538 2247 primatum
3582 2189 3801 2237 tenent:

2212 2259 2302 2329 qui
2349 2274 2476 2330 ergo
2520 2269 2699 2330 potest
2739 2263 3040 2337 intelligere
3065 2310 3079 2334 ,
3109 2268 3407 2339 intelligat,
3448 2280 3501 2326 et
3549 2271 3721 2329 intret
3756 2274 3804 2328 in

2211 2352 2459 2421 gaudium
2490 2353 2698 2411 Domini
2724 2357 2804 2411 sui
2839 2356 3048 2429 (Matth.
3076 2375 3207 2426 xxv,
3236 2359 3345 2431 2i).

2283 2440 2507 2497 CAPUT
2546 2443 2636 2499 IX.
2662 2477 2735 2487 —
2763 2446 2850 2502 10.
2884 2446 3122 2503 llortatio
3146 2449 3215 2502 ad
3232 2450 3542 2521 gustandam
3574 2451 3805 2507 dulcedi-

2212 2548 2325 2586 nem
2350 2532 2468 2589 Dei.
2501 2534 2557 2590 Si
2586 2546 2765 2593 autem
2802 2538 2905 2594 hoc
2931 2553 3035 2594 non
3068 2555 3349 2610 possumus
3369 2583 3385 2609 ,
3431 2543 3696 2612 quamdiu
3725 2559 3807 2597 su-

2216 2640 2334 2681 mus
2363 2626 2415 2680 in
2456 2642 2685 2698 corpore
2705 2669 2722 2696 ,
2753 2638 2807 2685 et
2851 2632 3252 2701 peregrinamur
3275 2647 3305 2687 a
3339 2632 3569 2687 Domino
3594 2632 3662 2704 (ll
3691 2634 3804 2690 Cor.

2214 2733 2281 2783 v,
2309 2716 2402 2788 6),
2452 2727 2725 2788 gustemus
2753 2720 2941 2776 saltem
2988 2737 3146 2793 quam
3197 2724 3375 2779 suavis
3400 2732 3484 2780 est
3526 2724 3803 2789 Dominus.

2214 2807 2387 2880 (Psal.
2414 2826 2618 2875 xxxiii,
2667 2810 2724 2884 9)
2754 2813 2872 2883 quia
2900 2812 3047 2869 dedit
3092 2814 3245 2870 nobis
3275 2816 3297 2847 ²
3320 2815 3509 2886 pignus
3551 2815 3805 2887 Spiritum

2217 2902 2282 2975 (ll
2306 2900 2425 2958 Cor.
2459 2919 2505 2970 ι,
2536 2903 2641 2972 22,
2670 2914 2717 2959 et
2749 2920 2781 2959 v
2801 2947 2817 2974 ,
2849 2905 2905 2978 5)
2925 2946 2940 2972 ,
2983 2907 3034 2961 in
3071 2922 3177 2978 quo
3204 2908 3499 2965 sentiamus
3545 2910 3669 2981 ejus
3694 2910 3807 2966 dul-

2212 2994 2455 3050 cedinem
2504 3013 2517 3049 :
2563 3005 2617 3052 et
2658 2995 3025 3053 desideremus
3070 2999 3243 3070 ipsum
3272 3000 3395 3056 vita:
3425 3000 3670 3069 fontem,
3721 3004 3805 3057 ubi

2212 3086 2388 3141 sobria
2408 3087 2667 3145 ebrietate
2689 3088 3011 3145 inundemur
3037 3100 3092 3146 et
3113 3091 3409 3163 irrigemur,
3435 3092 3581 3149 sicut
3609 3096 3804 3167 lignum

2213 3180 2353 3251 quod
2386 3180 2679 3251 plantatum
2706 3190 2787 3236 est
2810 3182 3103 3238 secundum
3134 3183 3393 3240 decursus
3422 3201 3690 3255 aquarum
3713 3229 3729 3251 ,
3756 3196 3806 3241 ct

2212 3272 2304 3327 dat
2331 3271 2563 3328 fructum
2602 3273 2654 3327 in
2697 3282 2939 3343 tempore
2968 3290 3100 3343 suo,
3132 3284 3187 3331 et
3221 3275 3341 3333 folia
3380 3277 3497 3348 ejus
3523 3294 3635 3333 non
3661 3280 3803 3334 deci-

2211 3365 2341 3421 dent
2365 3365 2537 3437 (Psal.
2569 3382 2616 3433 ι,
2643 3365 2743 3438 '5)?
2770 3367 3063 3422 Dicitenim
3085 3369 3313 3438 Spiritus
3367 3379 3590 3427 sanctus
3627 3388 3641 3423 :
3684 3370 3803 3425 Filii

2210 3466 2381 3511 autem
2408 3458 2672 3511 hominum
2699 3458 2753 3512 in
2778 3460 2994 3530 tegmine
3011 3459 3207 3515 alarum
3231 3469 3433 3514 tuarum
3456 3462 3735 3532 sperabunt
3786 3479 3803 3516 :

2210 3548 2588 3603 inebriabuntur
2636 3550 2699 3604 ab
2728 3550 2950 3606 ubertate
2977 3553 3155 3607 domus
3201 3563 3332 3621 tum,
3372 3563 3418 3608 et
3448 3564 3668 3611 torrente
3712 3572 3805 3610 vo-

2211 3639 2419 3709 luptatis
2445 3650 2545 3695 tua:
2581 3643 2775 3711 potabis
2801 3661 2905 3699 eos.
2946 3645 3199 3712 Quoniam
3226 3647 3367 3717 apud
3391 3656 3439 3701 te
3458 3657 3531 3701 est
3557 3649 3676 3717 fons
3695 3650 3805 3702 vita:

2211 3732 2386 3805 (Psal.
2429 3750 2608 3803 xxxv,
2655 3735 2829 3809 8-l0).
2860 3738 3003 3792 Talis
3025 3738 3254 3794 ebrietas
3284 3755 3389 3795 non
3430 3742 3627 3797 evertit
3651 3758 3803 3798 men-

2211 3832 2355 3892 tem,
2398 3825 2493 3880 sed
2539 3835 2716 3882 tamen
2756 3828 2892 3899 rapit
2917 3844 3160 3895 sursum,
3204 3840 3259 3886 et
3285 3831 3613 3889 oblivionem
3664 3851 3801 3906 pra:-

2207 3933 2313 3979 stat
2342 3926 2577 3980 omnium
2606 3934 2938 3982 terrenorum
2973 3943 2987 3981 :
3018 3928 3110 3983 sed
3132 3928 3176 3982 si
3206 3942 3489 3998 possumus
3518 3938 3635 3987 toto
3676 3932 3805 3987 alic-

2207 4025 2294 4072 ctu
2331 4017 2440 4087 jam
2468 4017 2682 4083 dicere,
2733 4018 3172 4086 Quemadmodum
3211 4018 3463 4074 desiderat
3508 4039 3692 4077 cervus
3740 4024 3805 4075 ad

2208 4111 2370 4179 fontes
2410 4126 2688 4182 aquarum,
2732 4111 2805 4165 ita
2833 4110 3084 4165 desiderat
3122 4112 3293 4167 anima
3322 4129 3432 4167 mea
3458 4114 3526 4169 ad
3552 4125 3631 4182 te,
3666 4116 3805 4171 Deus

2207 4200 2378 4269 (Psal.
2406 4218 2524 4268 xu,
2549 4201 2628 4274 2).

2276 4289 2504 4349 CAPUT
2540 4292 2609 4348 X.
2638 4324 2711 4335 —
2731 4296 2817 4349 Η.
2848 4295 3017 4351 Filius
3045 4296 3141 4352 Dei
3179 4308 3382 4369 propter
3408 4316 3500 4354 nos
3541 4301 3697 4356 homo
3721 4303 3803 4371 [a-

2205 4386 2332 4439 ctus.
2374 4383 2612 4439 Liberum
2634 4386 2918 4441 arbitrium.
2955 4388 3105 4457 Quod
3131 4391 3174 4443 si
3207 4389 3343 4445 forte
3374 4390 3553 4445 adhuc
3581 4403 3807 4463 propter

2205 4476 2545 4546 argritudines
2568 4478 2792 4546 animae,
2832 4494 2965 4548 quas
3000 4480 3069 4536 de
3102 4483 3281 4537 szeculi
3307 4498 3493 4538 amore
3512 4486 3765 4555 concepit
3787 4525 3802 4549 ,

2206 4583 2305 4622 nec
2330 4578 2545 4638 gustare
2569 4585 2754 4625 sumus
2796 4570 2973 4626 idonei
3002 4588 3159 4642 quam
3188 4574 3361 4629 dulcis
3388 4586 3470 4629 est
3501 4574 3765 4629 Dominus
3789 4617 3805 4641 ,

2205 4661 2290 4716 vcl
2318 4661 2599 4716 credamus
2639 4661 2832 4717 divina:
2856 4665 3190 4731 auctoritati,
3221 4682 3377 4734 quam
3406 4666 3574 4720 voluit
3594 4680 3721 4722 esse
3755 4668 3805 4721 in

2205 4750 2494 4821 Scripturis
2520 4753 2718 4808 sanctis
2741 4753 2809 4808 de
2830 4753 2967 4808 Filio
2992 4769 3088 4808 suo
3109 4796 3124 4822 ,
3155 4756 3242 4823 qui
3266 4758 3431 4827 factus
3459 4766 3533 4810 est
3562 4756 3608 4809 ei
3629 4773 3699 4810 ex
3726 4774 3809 4811 se-

2205 4844 2339 4897 mine
2371 4843 2538 4897 Duvid
2563 4846 2840 4900 secundum
2876 4863 3075 4901 carnem
3096 4890 3110 4913 ,
3140 4848 3278 4903 sicut
3304 4849 3592 4919 Apostolus
3618 4849 3804 4919 loqui-

2206 4945 2290 4989 tur
2315 4936 2490 5005 (Ilom.
2517 4952 2563 5002 ι,
2604 4936 2684 5007 5).
2717 4936 2902 4991 Omnia
2927 4940 3061 4992 enim
3102 4956 3190 5007 per
3235 4940 3404 5003 ipsum
3450 4944 3590 5009 facta
3641 4952 3805 5004 sunt,

2204 5026 2341 5080 sicut
2371 5027 2420 5079 in
2453 5027 2739 5095 Evangelio
2781 5028 3036 5095 scriptum
3063 5038 3180 5095 est,
3223 5039 3269 5083 et
3313 5030 3422 5084 sine
3467 5029 3807 5101 ipsofactum

2203 5126 2275 5171 est
2304 5117 2434 5170 nihil
2474 5116 2650 5188 (loan.
2676 5132 2725 5183 ι,
2760 5119 2839 5187 5).
2894 5118 2995 5185 Qui
3028 5129 3222 5175 nostra:
3268 5120 3647 5177 imbecillitatis
3696 5126 3807 5177 mi-

2202 5221 2377 5266 sertus
2417 5221 2527 5277 est;
2557 5228 2716 5283 quam
2746 5213 3160 5270 imbecillitatem
3198 5231 3300 5270 non
3329 5215 3443 5285 ejus
3466 5232 3629 5286 opere
3650 5259 3667 5283 ,
3706 5219 3805 5272 sed

2204 5311 2385 5358 nostra
2431 5303 2705 5359 voluntate
2751 5304 3062 5359 meruimus.
3118 5306 3249 5361 Nam
3314 5308 3453 5363 Deus
3518 5306 3805 5363 hominem

2204 5395 2720 5456 inextermiuabilem
2751 5395 2875 5451 fecit
2928 5396 3091 5467 (Sap.
3114 5413 3184 5460 ιι,
3208 5397 3338 5467 25),
3390 5407 3444 5452 et
3482 5398 3529 5452 ei
3561 5396 3804 5451 liberum

2204 5484 2490 5540 voluntatis
2521 5486 2798 5541 arbitrium
2835 5485 3005 5541 dedit.
3033 5485 3150 5542 Non
3177 5487 3318 5543 enim
3345 5498 3490 5542 esset
3515 5487 3764 5556 Optimus
3789 5530 3806 5552 ,

2202 5578 2246 5633 si
2277 5577 2367 5632 Dei
2396 5577 2672 5647 przcceptis
2711 5578 3063 5645 necessitate,
3093 5594 3201 5633 non
3240 5578 3513 5635 voluntate
3541 5581 3803 5636 serviret.

2266 5720 2281 5751 ι
2317 5715 2389 5764 sic
2411 5722 2545 5764 Parv.
2568 5726 2678 5777 cum
2702 5721 2808 5765 Mss.
2832 5713 2953 5765 ιι·Δίιί
2974 5725 3096 5764 vero
3116 5712 3215 5775 alii,
3238 5716 3485 5777 mysteria.

2266 5783 2285 5812 ³
2321 5784 2452 5829 Pan.
2481 5784 2532 5827 et
2557 5774 2782 5841 plerique
2806 5785 2938 5841 Mss,
2972 5774 3215 5839 Dominus,
3345 5777 3481 5830 dedit
3511 5775 3662 5827 notas.
