3896 6382
201 327 283 386 υτ
965 271 975 278 ’
1018 274 1046 279 λ
1163 270 1175 274 ’
1546 316 1698 378 LIBE

1806 316 1990 379 JNUS.

196 433 337 496 Facile
354 442 424 491 est
460 431 703 500 omnino,
750 422 1017 503 quantum
1040 426 1281 487 existimo
1313 445 1326 484 τ
1353 430 1493 501 quod
1522 432 1714 488 intelli-

196 544 299 601 gere
321 526 511 592 nolunt,
539 524 627 594 qui
675 523 1003 578 catholicam
1051 521 1399 577 deseruerunt
1425 521 1617 589 fidem,
1661 530 1717 578 et

192 618 416 675 christiani
456 614 626 670 vocari
664 613 875 669 volunt.
914 613 1044 667 Nam
1084 614 1128 668 si
1159 612 1433 669 nobiscum
1480 611 1717 669 fatentur

191 712 389 765 naturam
430 713 658 761 nostram
704 719 815 758 non
861 704 1038 758 sanari
1082 703 1184 758 nisi
1224 712 1366 759 recte
1408 702 1711 772 faciendo;

190 800 403 856 fateantur
425 813 532 853 eam
563 812 672 852 non
721 788 981 851 infirmai'i
1035 795 1137 851 nisi
1167 797 1456 867 peccando.
1487 798 1554 852 Et
1595 798 1715 854 ideo

186 900 357 947 nonest
392 887 705 944 credendum
748 888 980 941 animam
1007 896 1242 942 nostram
1269 888 1369 943 hoc
1409 903 1530 945 esse
1570 888 1713 960 quod

190 985 389 1040 Deusest
413 1001 425 1038 :
452 982 568 1049 quia
597 980 643 1035 si
682 981 785 1035 hoc
813 989 984 1046 esset,
1022 995 1121 1036 nec
1154 995 1247 1034 sua
1278 980 1582 1049 voluntate,
1613 996 1712 1038 nec

186 1076 324 1145 aliqua
356 1075 660 1130 necessitate
706 1073 759 1127 in
790 1072 1025 1128 deterius
1047 1072 1346 1128 mutaretur
1371 1074 1425 1139 ¹;
1457 1074 1710 1144 quoniam

184 1167 455 1221 omnimodo
480 1164 931 1221 incommutabilis
970 1164 1280 1235 intelligitur
1312 1165 1484 1230 Deus,
1516 1165 1612 1220 sed
1640 1166 1710 1220 ab

180 1258 242 1312 eis
262 1260 334 1327 qui
374 1273 465 1310 non
510 1257 562 1310 in
595 1256 941 1311 contentione
985 1264 1041 1310 et
1068 1256 1409 1312 aemulatione
1455 1265 1511 1312 et
1557 1270 1709 1312 vanae

175 1349 321 1419 gloria:
353 1349 623 1418 cupiditate
678 1357 859 1403 amant
888 1348 1031 1418 loqui
1082 1347 1224 1417 quod
1278 1349 1556 1415 nesciunt,
1611 1348 1708 1404 sed

174 1438 423 1494 humilitate
446 1438 731 1494 christiana
757 1438 995 1494 sentiunt
1019 1437 1087 1493 de
1114 1439 1343 1493 Domino
1371 1440 1422 1493 in
1446 1440 1703 1507 bonitate,

170 1532 280 1586 etin
316 1531 629 1601 simplicitate
681 1530 862 1586 cordis
910 1539 1156 1601 quaerunt
1184 1545 1305 1586 eum
1350 1530 1504 1604 (Sap.
1546 1548 1594 1597 ι,
1625 1533 1702 1603 1).

171 1620 292 1677 Hanc
312 1638 423 1693 ergo
447 1622 859 1677 imbecillitatem
896 1630 1132 1676 nostram
1163 1622 1432 1691 suscipere
1460 1621 1705 1691 dignatus

169 1725 235 1771 est
254 1715 401 1771 Filius
426 1716 541 1781 Dei,
568 1725 614 1770 et
650 1714 868 1769 Verbum
893 1731 1009 1768 caro
1030 1718 1219 1786 factum
1247 1724 1319 1768 est
1339 1756 1353 1779 ,
1391 1724 1436 1768 et
1467 1714 1705 1769 habitavit

167 1806 351 1860 ianobis
372 1805 527 1876 (Joan.
559 1823 608 1870 ι,
642 1807 732 1877 Η)
763 1824 777 1858 :
808 1820 911 1859 non
942 1806 1065 1875 quia
1094 1806 1364 1860 aeternitas
1390 1807 1475 1861 illa
1503 1814 1701 1861 mutata

168 1904 269 1963 est,
295 1896 377 1951 sed
400 1898 509 1966 quia
545 1896 854 1951 mutabilem
901 1904 1199 1950 creaturam
1231 1897 1571 1952 mutabilibus
1603 1898 1701 1953 ho-

170 1986 347 2041 minum
383 1989 533 2042 oculis
556 1987 818 2052 ostendit,
849 2002 1011 2057 quam
1057 1988 1479 2043 incommutabili
1530 1989 1699 2058 maje-

173 2084 298 2131 state
318 2079 542 2147 suscepit.

238 2166 436 2223 CAPUT
469 2169 550 2224 XI.
575 2170 749 2225 —12.
793 2170 982 2225 Modus
1027 2171 1278 2227 liberandi
1315 2172 1569 2228 hominem
1610 2191 1702 2245 per

168 2256 452 2313 ﬁliaide
482 2262 787 2316 int-ornatum
828 2280 981 2333 quam
1004 2264 1323 2318 conveniens.
1354 2265 1491 2320 Sunt
1522 2275 1699 2321 autem

165 2350 289 2405 stulti
322 2353 403 2422 qui
448 2353 648 2421 dicunt,
675 2354 792 2409 Non
839 2365 1048 2425 poterat
1084 2357 1239 2412 aliter
1282 2357 1553 2427 Sapientia
1603 2359 1698 2414 Dei

164 2438 370 2497 homines
393 2444 605 2500 liberare
625 2488 640 2512 ,
673 2446 777 2499 nisi
835 2446 1127 2516 susciperet
1162 2446 1434 2503 hominem
1455 2490 1469 2516 ,
1501 2457 1556 2503 et
1600 2463 1697 2503 na-

164 2542 363 2588 sceretur
383 2534 447 2590 de
481 2535 677 2591 femina
697 2579 713 2602 ,
746 2544 802 2592 et
843 2552 873 2591 a
901 2538 1269 2607 peccatoribus
1292 2539 1469 2593 omnia
1496 2539 1585 2594 illa
1607 2555 1700 2610 pa-

164 2629 359 2683 teretur?
402 2628 598 2697 Quibus
644 2630 874 2685 dicimus
906 2647 921 2683 :
949 2630 1167 2687 Poterat
1218 2632 1473 2695 omnino,
1506 2631 1602 2687 sed
1650 2632 1696 2688 si

166 2717 291 2774 aliter
316 2719 521 2788 faceret,
558 2723 812 2777 similiter
857 2733 1050 2779 vestrae
1090 2725 1330 2780 stultitia:
1371 2724 1692 2796 displiceret.

163 2805 211 2863 Si
244 2810 366 2866 enim
392 2826 487 2866 non
538 2820 830 2882 appareret
875 2814 1042 2869 oculis
1090 2824 1466 2885 peccatorum,
1517 2816 1697 2872 lumen

164 2899 263 2970 eius
282 2911 506 2960 aeternum
527 2906 721 2975 utique
738 2947 754 2971 ,
786 2906 926 2975 quod
968 2922 1062 2976 per
1100 2908 1381 2963 interiores
1403 2908 1588 2966 oculos
1613 2911 1695 2963 vi-

164 2987 319 3055 detur,
345 2994 609 3064 iuquinatis
654 2995 924 3050 mentibus
971 2997 1140 3052 videri
1170 3014 1275 3052 non
1302 3009 1501 3068 posset.
1546 2999 1697 3055 Nunc

162 3089 312 3136 autem
336 3086 437 3153 quia
461 3087 751 3141 visibiliter
784 3101 885 3142 nos
912 3101 1253 3142 commonere
1295 3089 1541 3158 dignatus
1572 3098 1656 3144 est
1676 3131 1691 3156 ,

163 3176 212 3222 ut
228 3169 287 3225 ad
323 3173 580 3231 invisibilia
637 3185 994 3245 pmpararet,
1039 3176 1287 3245 displicet
1332 3179 1540 3243 avaris,
1573 3181 1694 3249 quia

157 3276 245 3316 non
266 3277 453 3319 aureum
480 3281 683 3334 corpus
713 3265 930 3331 habuit;
959 3265 1204 3335 displicet
1229 3267 1509 3338 impudicis
1527 3310 1542 3335 ,
1571 3271 1695 3339 quia

155 3349 212 3405 de
230 3352 394 3408 femina
418 3367 573 3410 natus
603 3364 688 3411 est
717 3355 964 3427 (multum
993 3356 1137 3411 enim
1165 3356 1392 3413 oderunt
1419 3359 1690 3429 impudici,

153 3442 271 3510 quod
292 3446 575 3515 concipiunt
601 3455 655 3501 et
686 3446 901 3515 pariunt
933 3444 1202 3518 feminae);
1231 3447 1475 3518 displicet
1504 3466 1692 3521 super-

153 3529 257 3597 bis,
278 3535 401 3603 quod
435 3537 791 3592 contumelias
820 3537 1209 3607 patientissime
1237 3540 1483 3609 pertulit;
1511 3542 1696 3611 displi-

152 3630 232 3677 cet
265 3624 505 3696 delicatis,
536 3628 666 3700 quia
716 3629 983 3685 cruciatus
1011 3637 1127 3695 est;
1176 3629 1419 3700 displicet
1457 3633 1653 3689 timidis
1675 3678 1689 3700 ,

149 3712 257 3781 quia
279 3725 488 3773 mortuus
528 3728 639 3775 est.
674 3718 742 3774 Et
772 3726 827 3773 ut
854 3734 962 3774 non
992 3720 1115 3774 vitia
1163 3735 1259 3776 sua
1281 3722 1563 3778 videantur
1601 3725 1695 3781 de-

148 3800 369 3871 fendere,
393 3822 489 3863 non
515 3810 578 3864 in
614 3808 834 3864 homine
861 3808 1047 3865 dicunt
1089 3810 1190 3866 sibi
1220 3810 1323 3867 hoc
1368 3812 1650 3884 diaplicere
1672 3856 1689 3883 ,

148 3892 225 3945 sed
249 3893 296 3949 in
320 3895 443 3953 Filio
466 3899 591 3955 Dei.
634 3898 755 3954 Non
782 3899 925 3954 enim
963 3900 1261 3971 intelligunt
1282 3903 1409 3973 quid
1436 3905 1505 3958 sit
1538 3915 1693 3962 aeter-

148 3982 259 4039 nitas
280 3986 393 4055 Dei,
442 4005 566 4060 qua:
615 3989 889 4045 hominem
940 3992 1257 4062 assumpsit;
1314 4002 1369 4048 et
1404 3994 1530 4065 quid
1577 3986 1693 4066 ipsa

150 4073 337 4131 humana
376 4092 626 4137 creatura
648 4120 665 4145 ,
697 4094 817 4151 quae
862 4081 1247 4139 mutationibus
1273 4084 1468 4143 suisqin
1511 4088 1692 4156 pristi-

147 4180 246 4221 nam
270 4168 557 4231 ﬁrmitatem
595 4173 981 4242 revocabatur,
1009 4185 1068 4230 nt
1091 4176 1439 4248 disceremus,
1468 4180 1693 4240 docente

146 4258 239 4326 ipso
260 4262 469 4322 Domino
484 4309 501 4335 ,
533 4267 881 4323 infirmitates
905 4282 1038 4338 quas
1064 4270 1335 4338 peccando
1357 4272 1687 4343 collegimus,

144 4359 260 4406 recte
280 4352 511 4412 faciendo
558 4371 724 4427 posse
752 4357 950 4411 sanari.
990 4355 1379 4415 Ostendebatur
1404 4363 1547 4418 enim
1590 4380 1690 4419 no-

146 4436 281 4496 bisad
303 4460 452 4515 quam
482 4446 830 4518 fragilitatem
857 4445 1019 4501 homo
1050 4449 1320 4519 suaculpa
1350 4454 1689 4521 pervenerit,

146 4540 185 4583 et
205 4545 262 4587 ex
282 4550 376 4605 qua
419 4536 716 4608 fragilitate
758 4536 938 4592 divino
976 4538 1171 4594 auxilio
1208 4539 1481 4597 liberetur.
1509 4542 1691 4615 Itaque

146 4619 279 4678 Filius
303 4625 390 4682 Dei
436 4627 720 4683 hominem
768 4630 1087 4699 assumpsit,
1138 4638 1193 4686 et
1234 4632 1289 4686 in
1332 4633 1422 4689 illo
1458 4633 1690 4692 humana

147 4725 388 4783 Perpessus
425 4729 529 4775 est.
595 4720 728 4774 Haec
778 4721 1038 4775 medicina
1081 4721 1357 4778 hominum
1415 4733 1558 4782 tanta
1584 4738 1687 4796 est,

148 4816 302 4869 quam
319 4825 419 4866 non
447 4818 634 4881 potest
659 4812 899 4880 cogitari.
930 4812 1060 4868 Nam
1091 4829 1210 4885 quae
1242 4818 1488 4887 superbia
1514 4822 1689 4876 sanari

146 4904 313 4967 Ρθιεει,
362 4902 409 4958 si
456 4904 764 4959 humilitate
812 4904 930 4959 Filii
959 4905 1055 4961 Dei
1107 4922 1214 4962 non
1256 4913 1509 4967 sanatur?
1562 4912 1692 4980 Quae

146 4989 325 5043 avaritia
348 4995 524 5048 sanari
550 5002 763 5064 potest,
792 4996 839 5049 si
862 5005 1169 5066 paupertate
1206 4997 1323 5053 Filii
1352 5001 1445 5056 Dei
1476 5017 1580 5058 non
1604 5019 1691 5061 sa-

147 5081 307 5134 natur?
327 5082 452 5150 Quae
478 5085 763 5141 iracundia
786 5089 960 5142 sanari
989 5098 1201 5159 potest,
1224 5093 1268 5147 si
1293 5094 1542 5161 patientia
1570 5097 1691 5153 Filii

145 5165 221 5226 Dei
244 5188 339 5230 non
360 5180 616 5233 sanatur?
645 5178 775 5246 Quae
803 5181 1044 5250 impietas
1071 5184 1249 5238 sanari
1280 5195 1470 5255 potest,
1498 5189 1540 5242 si
1565 5189 1694 5245 cha-

145 5259 274 5319 τὶιειιε
297 5264 411 5323 Filii
440 5270 540 5326 Dei
579 5286 687 5325 non
713 5274 968 5327 sanatur?
994 5274 1271 5330 Postremo
1297 5293 1414 5347 quae
1442 5280 1693 5336 timiditas

146 5354 294 5408 sanari
316 5367 521 5427 potest,
574 5361 620 5414 si
663 5364 1050 5421 resurrectione
1076 5368 1317 5436 corporis
1358 5368 1553 5426 Christi
1589 5372 1721 5428 Do-t

147 5439 253 5497 mini
272 5446 293 5476 ’
319 5462 421 5503 non
462 5452 721 5506 sanatur?
749 5452 926 5524 Erigat
951 5469 1097 5525 spem
1125 5471 1275 5512 suam
1300 5473 1467 5530 genus
1504 5461 1694 5530 huma:

150 5541 280 5599 num,
304 5548 356 5591 et
378 5552 733 5612 recognoscat
764 5552 1004 5601 naturam
1032 5562 1214 5615 suam;
1240 5550 1417 5606 videat
1437 5563 1692 5624 quantum

198 5665 399 5737 {gemes
417 5672 528 5725 fere
552 5684 681 5737 ass,
704 5683 988 5730 moneretur.

196 5727 352 5807 ﬂgiti
372 5741 637 5807 Parv._Am.
653 5727 831 5807 _'si-._et
858 5727 1234 5807 omnium,
1282 5744 1460 5801 catini
1480 5750 1687 5804 Domit.

145 5787 426 5844 Numen
436 5787 599 5847 codex
625 5787 731 5862 ejus
751 5787 1298 5865 locohabeC—ﬁl'i-i“

399 5878 632 5942 Senem.
676 5884 950 5946 Auensr.
978 5888 1083 5955 Vl.

3299 335 3410 398 298

1821 430 1996 489 locum
2022 424 2210 490 haheat
2246 432 2297 489 in
2328 436 2579 506 operibus
2604 439 2718 496 Dei.
2760 440 2933 499 Nolite
2957 458 3055 500 vos
3078 445 3226 519 ipsos
3269 464 3408 507 eon-

1825 531 2090 589 temnere,
2113 524 2246 588 viri;
2298 525 2462 580 Filius
2490 528 2583 582 Dei
2627 532 2798 589 virum
2827 536 3079 605 suscepit.
3107 536 3281 595 Nolite
3309 554 3405 598 vos

1820 613 1964 683 ipsas
2008 622 2381 684 contemnere,
2433 618 2673 686 feminae;
2716 623 2879 679 Filius
2933 626 3026 681 Dei
3058 639 3211 684 natus
3234 645 3300 686 ex
3322 630 3404 687 fe-

1819 703 1963 757 mina
1992 712 2094 759 est.
2122 703 2296 760 Nolite
2318 714 2493 762 tamen
2521 724 2702 767 amare
2725 715 2992 781 carnalia;
3025 720 3145 787 quia
3176 720 3230 774 in
3258 720 3399 777 Filio

1818 792 1910 847 Dei
1941 808 2041 849 nec
2080 796 2349 851 masculus
2387 812 2487 853 nec
2532 799 2729 855 femina
2771 818 2974 861 sumus.
3008 808 3178 865 Nolite
3218 827 3403 869 amare

1819 884 2163 953 temporalia;
2194 886 2312 955 quia
2335 888 2378 941 si
2403 889 2541 945 bene
2565 902 2870 948 amarentur
2888 937 2902 961 ,
2925 909 3126 954 amaret
3151 916 3213 957 ea
3236 903 3398 961 homo

1816 988 1974 1043 quem
2003 976 2235 1046 suscepit
2262 975 2428 1033 Filius
2470 979 2589 1035 Dei.
2619 982 2793 1039 Nolite
2824 985 3011 1043 timere
3048 995 3400 1051 contumelias

1814 1070 1869 1117 et
1911 1078 2097 1119 cruces
2127 1076 2180 1119 ct
2208 1077 2468 1135 mortem;
2501 1072 2621 1140 quia
2648 1073 2693 1127 si
2732 1086 2988 1133 nocerent
3026 1080 3260 1149 homini,
3288 1100 3401 1141 non

1813 1169 1877 1209 ea
1904 1164 2177 1225 pateretur
2222 1158 2382 1214 homo
2410 1176 2569 1231 quem
2617 1168 2852 1236 suscepit
2896 1168 3061 1225 Filius
3104 1174 3217 1228 Dei.
3270 1176 3399 1232 Haec

1812 1248 1986 1302 omnis
2025 1247 2288 1316 hortatio,
2319 1267 2437 1320 quae
2457 1254 2566 1323 jam
2594 1254 2791 1327 ubique
2821 1260 3168 1330 praedicatur,
3198 1265 3398 1337 ubique

1811 1348 2130 1406 veneratur,
2159 1358 2276 1412 qua:
2314 1357 2524 1401 omnem
2565 1348 2903 1407 obedientem
2942 1350 3175 1411 animam
3204 1368 3397 1427 sanat,

1812 1447 1917 1486 non
1954 1441 2096 1488 esset
2124 1435 2175 1488 in
2203 1436 2365 1491 rebus
2392 1436 2672 1506 humanis,
2704 1441 2876 1498 sinon
2916 1457 3099 1502 essent
3127 1450 3263 1504 facta
3305 1451 3397 1507 illa

1810 1523 1989 1578 omnia
2041 1539 2159 1594 qum
2202 1527 2530 1583 stultissimis
2580 1530 2880 1602 displicent.
2928 1536 3097 1605 Quem
3148 1541 3395 1612 dignatur

1809 1611 2003 1668 imitari
2031 1615 2219 1670 vitiosa
2243 1616 2516 1687 iactantia,
2549 1630 2606 1675 ut
2634 1622 2701 1677 ad
2726 1625 2973 1682 virtutem
2996 1611 3395 1700 percipiendam

1810 1704 1979 1772 possit
2013 1705 2235 1771 adduci,
2282 1708 2325 1763 si
2370 1711 2639 1767 erubescit
2683 1714 2877 1771 imitari
2907 1732 3028 1773 eum
3063 1720 3131 1776 de
3176 1738 3284 1792 quo
3308 1725 3397 1779 di-

1807 1803 1951 1849 ctum
1975 1806 2056 1851 est
2082 1806 2364 1868 antequam
2391 1812 2701 1859 nasceretur
2719 1847 2735 1871 ,
2762 1806 2906 1877 quod
2934 1807 3103 1865 Filius
3133 1812 3398 1873 Altissimi

1806 1887 2081 1942 vocabitur
2123 1888 2273 1961 (Luc.
2321 1907 2372 1959 ι,
2404 1892 2530 1965 '52),
2581 1904 2634 1950 et
2662 1912 2757 1966 per
2791 1914 2980 1956 omnes
3016 1902 3126 1971 jam
3172 1914 3395 1974 gentes,

1807 1978 1949 2047 quod
1981 1994 2176 2049 negare
2202 1998 2362 2038 nemo
2400 1993 2607 2053 potest,
2641 1987 2806 2043 Filius
2835 1990 3094 2047 Altissimi
3134 1997 3396 2052 vocatur?

1807 2067 1863 2123 Si
1893 2069 2116 2123 multum
2138 2070 2206 2126 de
2234 2073 2387 2127 nobis
2416 2076 2677 2131 sentimus
2697 2119 2711 2142 ,
2739 2079 3018 2149 dignemur
3045 2082 3239 2140 imitari
3267 2103 3394 2143 eum

1803 2160 1893 2229 qui
1916 2158 2080 2214 Filius
2114 2161 2375 2217 Altissimi
2419 2174 2637 2219 vocatur
2667 2185 2680 2220 :
2710 2169 2753 2222 si
2784 2185 2966 2239 parum
2989 2172 3055 2228 de
3083 2176 3237 2232 nobis
3259 2193 3393 2233 seu-

1803 2250 2000 2318 timus,
2045 2251 2335 2308 audeamus
2374 2254 2567 2309 imitari
2610 2257 2904 2327 piscatores
2937 2271 2994 2317 et
3038 2264 3392 2338 publicanos,

1802 2343 1893 2412 qui
1934 2357 2056 2397 eum
2096 2344 2287 2398 imitati
2316 2354 2461 2399 sunt.
2494 2346 2539 2402 Ο
2562 2349 2879 2405 medicinam
2924 2356 3172 2410 omnibus
3198 2372 3397 2416 consu-

1804 2433 2000 2487 lentem
2021 2474 2037 2499 ,
2067 2435 2246 2488 omnia
2295 2437 2547 2491 tumentia
2588 2441 3064 2511 comprimentem,
3094 2448 3272 2504 omnia
3312 2456 3398 2503 ta-

1802 2522 2075 2577 bescentia
2114 2522 2442 2579 reficienteni
2464 2567 2479 2591 ,
2511 2530 2687 2583 omnia
2712 2532 2977 2600 superﬂua
3022 2548 3393 2609 resecantem,

1802 2613 1979 2667 omnia
2008 2616 2307 2670 necessaria
2334 2618 2751 2685 custodientem,
2781 2626 2957 2678 omnia
2986 2626 3190 2696 perdita
3229 2646 3394 2702 repa-

1801 2712 2043 2768 rantem,
2084 2706 2260 2758 omnia
2302 2705 2586 2775 depravata
2613 2712 2998 2782 corrigentem!
3031 2717 3161 2785 Quis
3181 2718 3294 2789 jam
3327 2736 3395 2779 se

1802 2793 2018 2848 extollat
2046 2804 2230 2849 contra
2260 2795 2451 2851 Filium
2479 2798 2612 2853 Dei?
2637 2800 2766 2869 Quis
2786 2802 2855 2873 de
2888 2820 2950 2862 se
2976 2807 3261 2878 desperet,
3292 2828 3394 2883 pro

1802 2898 1911 2954 quo
1952 2892 2058 2939 tam
2102 2886 2314 2942 humilis
2349 2903 2470 2944 esse
2512 2891 2678 2946 voluit
2707 2894 2873 2950 Filius
2917 2896 3049 2954 Dei?
3091 2901 3221 2969 Quis
3263 2903 3396 2962 bea-

1802 2981 1911 3026 tam
1941 2973 2103 3028 vitam
2150 2990 2269 3031 esse
2305 2978 2592 3035 arbitretur
2634 2983 2685 3037 in
2726 2984 2791 3039 iis
2835 3001 2954 3056 qua:
2997 2996 3393 3053 contemnenda

1798 3076 1919 3118 esse
1949 3062 2129 3119 docuit
2153 3065 2322 3121 Filius
2363 3069 2490 3123 Dei?
2516 3070 2719 3138 Quibus
2752 3074 3163 3139 adversitatibns
3196 3085 3389 3157 cedat,

1799 3153 1892 3222 qui
1920 3162 2165 3208 naturam
2204 3156 2437 3212 hominis
2483 3160 2643 3216 tantis
2673 3163 2689 3192 ί
2721 3169 3184 3232 persecutionibus
3209 3153 3393 3233 custo;

1798 3242 1965 3297 ditam
1989 3243 2162 3299 credit
2191 3245 2243 3298 in
2274 3246 2407 3301 Filio
2432 3247 2564 3303 Dei?
2592 3250 2721 3317 Quis
2763 3254 2863 3308 sibi
2892 3270 3012 3313 esse
3036 3260 3276 3319 clausum
3301 3281 3392 3323 re-

1798 3350 1960 3404 gnum
1998 3336 2255 3391 caelorum
2293 3348 2478 3408 putet,
2519 3344 2607 3410 qui
2654 3348 2928 3415 cognoscit
2968 3353 3277 3419 publicanos
3330 3369 3390 3416 et

1797 3426 2111 3481 meretrices
2167 3428 2400 3483 imitatos
2429 3445 2549 3487 esse
2590 3432 2781 3489 Filium
2834 3437 2925 3493 Dei
2953 3441 2973 3471 ⁸
3002 3440 3212 3512 (Matth.
3253 3462 3387 3516 ιιι,

1798 3514 1929 3589 3i)?
1964 3517 2076 3585 Qua
2110 3519 2460 3587 perversitate
2504 3536 2609 3577 non
2638 3534 2852 3595 careat,
2878 3529 2966 3599 qui
3003 3531 3141 3588 facta
3171 3543 3225 3590 et
3244 3514 3389 3594 dicta

1797 3606 2033 3663 intuetur
2083 3617 2139 3663 et
2196 3608 2368 3680 diligit
2423 3620 2478 3668 et
2524 3622 2760 3671 sectatur
2813 3617 2956 3674 illius
3011 3620 3278 3693 hominis,
3327 3627 3387 3685 in

1796 3712 1904 3768 quo
1947 3712 2007 3754 se
2056 3699 2213 3754 nobis
2275 3700 2344 3755 ad
2396 3705 2701 3775 exemplum
2754 3707 2878 3764 vitae
2933 3712 3157 3781 praebuit
3216 3718 3386 3776 Filius

1797 3788 1891 3845 Dei
1908 3790 1932 3843 ?

1868 3880 2093 3938 CAPUT
2130 3881 2247 3937 XII.
2277 3914 2348 3925 —
2376 3884 2464 3941 15.
2494 3885 2783 3945 Christiana
2816 3892 2945 3963 ﬁdes
2982 3898 3164 3969 ubique
3186 3903 3317 3974 viget
3337 3915 3388 3961 et

1796 3970 1967 4025 vincit.
1992 3971 2174 4043 Itaque
2224 3974 2330 4043 iam
2384 3986 2441 4031 et
2482 3980 2703 4035 masculi
2733 3991 2790 4038 et
2828 3982 3069 4056 feminm,
3114 4000 3169 4046 et
3207 3970 3385 4052 omnis

1796 4069 1960 4128 tetas,
2011 4072 2066 4118 et
2106 4065 2282 4119 omnis
2322 4065 2479 4136 hujus
2506 4071 2686 4125 smculi
2715 4072 2945 4143 dignitas
2973 4078 3040 4132 ad
3082 4094 3230 4150 spem
3258 4085 3384 4141 vim

1795 4163 2009 4209 aeternae
2050 4165 2316 4211 commota
2355 4168 2437 4214 est
2464 4159 2506 4213 ³.
2558 4162 2660 4216 Alii
2692 4166 2949 4236 neglectis
2996 4178 3381 4243 temporalibus

1794 4244 1952 4300 bonis
1981 4247 2264 4302 convolant
2305 4248 2371 4303 ad
2400 4250 2602 4308 divina.
2634 4255 2736 4310 Alii
2763 4257 2959 4314 cedunt
2986 4277 3175 4319 eorum
3208 4271 3379 4326 virtu-

1796 4336 1935 4391 tibus
1983 4337 2075 4406 qui
2115 4336 2230 4393 hiec
2260 4338 2488 4407 faciunt,
2523 4354 2577 4397 et
2606 4344 2823 4401 laudant
2847 4350 2990 4418 quod
3032 4352 3226 4411 imitari
3272 4375 3378 4416 non

1796 4427 2012 4482 audent.
2054 4427 2217 4483 Pauci
2242 4439 2418 4485 autem
2456 4432 2631 4489 adhuc
2658 4449 3017 4508 murmurant,
3046 4455 3103 4498 et
3146 4446 3287 4503 inani
3317 4451 3381 4505 li-

1794 4536 1924 4577 vore
1952 4530 2298 4591 torquentur;
2350 4533 2442 4579 aut
2479 4527 2571 4597 qui
2600 4544 2693 4584 sua
2738 4543 2984 4601 quaerunt
3012 4536 3063 4591 in
3104 4539 3376 4611 Ecclesia,

1794 4614 2036 4684 quamvis
2062 4614 2343 4671 videantur
2371 4616 2651 4687 catholici,
2684 4633 2776 4677 aut
2811 4638 2878 4679 ex
2908 4625 3023 4696 ipso
3052 4628 3249 4686 Christi
3281 4649 3382 4690 no-

1794 4707 1940 4762 mine
1968 4707 2189 4778 gloriam
2218 4720 2521 4779 quaerentes
2547 4713 2819 4784 haeretici,
2848 4727 2937 4773 aut
2973 4732 3251 4791 peceatum
3278 4726 3384 4782 im-

1797 4799 2009 4869 pietatis
2048 4815 2158 4856 suae
2186 4801 2468 4860 defendere
2498 4806 2774 4876 cupientes
2801 4809 2968 4866 Judaei
2989 4853 3004 4875 ,
3035 4825 3125 4870 aut
3154 4820 3377 4877 curiosi.

1795 4897 1959 4945 tatem
1985 4906 2135 4946 vanae
2179 4891 2407 4949 licentia:
2434 4894 2455 4927 ἰ
2481 4897 2704 4965 perdere
2733 4899 2981 4957 timentes
3019 4905 3235 4978 Pagani.
3269 4913 3376 4970 Sed

1796 4978 2035 5035 Ecclesia
2080 4981 2341 5037 catholica
2370 4999 2468 5055 per
2514 4994 2680 5042 totum
2730 4991 2914 5048 orbem
2967 4994 3121 5068 longe
3165 5001 3378 5075 lateque

1797 5068 2022 5137 diffusa,
2069 5070 2297 5141 impetus
2335 5088 2521 5129 eorum
2554 5079 2815 5147 prioribus
2858 5090 3187 5155 temporibus
3234 5068 3379 5149 fran-

1798 5176 1929 5232 gens
1949 5203 1964 5229 ,
1996 5164 2165 5234 magis
2189 5167 2462 5239 magisque
2485 5170 2731 5227 roborata
2769 5186 2887 5241 est;
2923 5194 3027 5235 non
3054 5186 3376 5259 resistendo,

1803 5252 1899 5308 sed
1946 5254 2286 5323 perferendo.
2333 5258 2484 5314 Nunc
2508 5276 2636 5316 vero
2683 5264 2962 5323 insidiosas
3005 5286 3189 5329 eorum
3235 5252 3381 5348 quae;

1798 5343 2000 5401 stiones
2041 5345 2145 5401 fide
2186 5347 2405 5417 irridet,
2452 5350 2724 5423 diligentia
2760 5356 3007 5428 discutit,
3031 5343 3378 5437 intelligentia

1798 5434 2041 5491 dissolvit
2074 5453 2087 5490 :
2120 5436 2493 5497 criminatores
2518 5444 2785 5512 palearum
2812 5462 3028 5507 suarum
3057 5470 3161 5510 non
3189 5434 3376 5524 curat;

1862 5572 1880 5654 ξ
1914 5571 2051 5654 βέὶἓῗν
2074 5572 2603 5654 9.‘£‘l?“§:.5?fi_°mﬂs§
2622 5586 2725 5654 ηδε·
2752 5588 3299 5654 ανεοςῑξηξεροξίαοιιθ,
3326 5605 3377 5644 a.

1860 5633 1881 5698 ξ
1915 5639 2047 5682 Parv.
2075 5640 2126 5683 et
2144 5634 2327 5698 aliquot
2348 5645 2476 5698 Mss,
2499 5637 2759 5692 imitatores
2779 5656 2882 5693 esse

1860 5693 2047 5805 LL35,
2072 5693 2357 5747 comunitate
2393 5693 2479 5750 est.
2521 5699 2688 5749 Melius
2712 5703 2826 5753 editi
2869 5693 2951 5755 alii
2982 5693 3202 5772 otiae,
3242 5725 3375 5766 eain-

1860 5816 1883 5848 ι
1917 5822 2045 5867 Unus
2066 5830 2097 5870 e
2118 5819 2352 5871 Vaticanis
2380 5827 2510 5884 Mss,
2534 5822 2761 5879 scientia}.

2872 5915 3101 5999 (θέω.)
