3896 6382
481 346 613 466 Ω299

501 525 628 602 quia
652 530 864 598 tempul
887 517 1114 586 messis.
1139 525 1196 588 et
1235 525 1446 589 tempus
1482 531 1729 574 arearum
1748 558 1765 585 ,
1795 526 1852 574 et
1875 525 2085 587 tempus

499 617 821 686 horreorum
863 623 1022 672 caute
1067 613 1456 685 diligenterque
1494 612 1773 684 distinguit
1837 629 1850 666 :
1911 612 2088 671 crimi-

497 719 716 768 natores
759 716 939 780 autem
997 705 1251 768 frumenti
1314 705 1432 772 sui,
1485 714 1577 767 aut
1611 712 1853 764 errantes
1914 703 2086 760 corri-

493 803 605 876 git,
633 809 726 858 aut
743 799 1045 857 invidentes
1069 799 1209 854 inter
1221 798 1400 867 spinus
1426 805 1482 857 et
1499 796 1700 854 zinania
1723 802 2012 866 cbmputat.

569 890 796 950 CAPUT
834 889 973 948 XIII.
999 889 1180 946 —N.
1209 887 1365 948 Fides
1394 898 1532 947 recta
1573 890 1666 957 tit,
1692 897 1739 946 et
1776 890 1908 944 actio
1933 889 2081 946 bona.

497 986 650 1057 item
677 985 900 1040 veritatis
935 999 1102 1055 eam
1133 999 1237 1044 non
1287 991 1390 1050 ett,
1423 982 1523 1038 nisi
1561 983 1692 1038 uitiis
1727 982 1902 1037 libem.
1929 981 2086 1038 Fides

499 1079 745 1142 Ecclesite
768 1077 831 1134 de
857 1075 1129 1138 Trinitate.
1147 1075 1511 1145 Subjiciamus
1539 1088 1667 1144 ergo
1697 1074 1928 1129 animum
1950 1074 2082 1139 Deo,

493 1176 541 1232 si
570 1173 818 1230 volumus
839 1169 1088 1228 servituti
1124 1168 1390 1239 subjicere
1413 1182 1610 1238 corpus
1636 1175 1877 1222 nostrum
1895 1207 1912 1234 ,
1939 1167 2085 1223 etde

494 1263 713 1322 diabolo
758 1260 1107 1333 tritunpltare.
1149 1259 1310 1317 Fides
1361 1267 1444 1314 est
1486 1259 1656 1328 prima
1680 1273 1800 1328 qua:
1839 1257 2086 1328 subjugat

497 1357 731 1420 animum
773 1355 918 1421 Deo;
949 1351 1146 1412 deinde
1173 1359 1440 1422 praecepta
1471 1350 1720 1417 vivendi,
1752 1349 1945 1420 quibus
1985 1363 2083 1404 cu-

497 1447 714 1511 stoditis
737 1460 862 1516 spes
885 1454 1070 1509 nostra
1099 1443 1343 1501 ﬁrmatur
1359 1483 1377 1510 ,
1406 1450 1460 1498 et
1483 1441 1713 1497 nutritur
1737 1440 1999 1505 enat-itas,
2031 1445 2086 1494 et

495 1537 679 1594 lucere
725 1535 912 1606 incipit
955 1533 1098 1605 quod
1143 1543 1304 1590 antea
1350 1531 1718 1589 tantummodo
1743 1529 2079 1588 credebatur.

495 1626 632 1697 Cum
682 1627 828 1684 enim
877 1624 1113 1700 cognitio
1157 1633 1215 1682 et
1257 1625 1400 1682 actio
1446 1623 1659 1682 beatum
1697 1621 1969 1677 hominem
2007 1620 2084 1676 fa-

498 1719 646 1778 ciant
675 1718 692 1750 ¹
715 1733 732 1785 ;
761 1717 900 1774 sicut
923 1716 981 1774 in
1004 1715 1308 1786 cognitione
1326 1715 1596 1772 cavendus
1613 1722 1699 1770 est
1715 1725 1896 1778 error,
1925 1712 2006 1766 sic
2028 1712 2082 1768 in

497 1811 714 1880 actione
739 1808 977 1870 cavenda
1021 1816 1108 1866 est
1147 1807 1402 1877 nequitis.
1435 1807 1593 1862 Errat
1629 1812 1806 1872 autem
1841 1804 2084 1875 quisquis

495 1909 652 1976 putat
701 1903 976 1965 veritatem
1025 1915 1086 1958 se
1137 1914 1300 1970 posse
1341 1913 1701 1971 cognoscere,
1743 1913 1867 1954 cum
1905 1897 2082 1953 abhuc

491 1993 748 2064 nequiter
764 1993 928 2050 vivat.
949 1992 1191 2064 Nequitia
1217 2003 1301 2050 est
1325 2002 1507 2049 autem
1537 1991 1793 2047 mundum
1816 1993 1977 2048 istum
2003 1991 2084 2046 di-

494 2085 666 2157 ligere
681 2126 700 2155 ,
729 2091 788 2143 et
807 2100 872 2142 ea
891 2101 1011 2158 quas
1032 2096 1328 2142 nascuntur
1345 2095 1399 2142 et
1425 2095 1736 2154 transeunt,
1765 2100 1863 2156 pro
1891 2099 2083 2156 magno

488 2176 733 2243 habere;
759 2185 814 2234 et
857 2169 1328 2248 ea'ooucupiscere
1348 2219 1364 2245 ,
1385 2186 1441 2233 et
1478 2192 1577 2248 pro
1604 2177 1690 2232 his
1713 2175 1990 2244 laborare,
2023 2185 2082 2232 ut

492 2267 872 2339 acquirunt;
907 2276 964 2324 et
1003 2267 1173 2324 laetari
1196 2309 1210 2335 ,
1241 2283 1364 2326 cum
1393 2268 1813 2335 abundaverint;
1844 2277 1900 2324 et
1936 2269 2081 2323 time-

492 2375 591 2426 re,
622 2376 692 2418 ne
737 2371 994 2430 pereunt;
1034 2369 1090 2416 et
1133 2361 1466 2427 contristari,
1499 2377 1618 2418 cum
1651 2372 1892 2432 pereunt.
1937 2361 2082 2417 Talis

492 2452 603 2506 vita
629 2465 739 2510 non
762 2459 942 2520 potest
974 2465 1164 2521 puram
1201 2451 1346 2506 illam
1369 2460 1424 2507 et
1461 2451 1724 2507 sinceram
1752 2454 1774 2488 ³
1795 2461 1851 2507 et
1875 2452 2078 2507 incom-

494 2540 806 2598 mutabilem
832 2539 1016 2596 videre
1041 2540 1350 2608 veritatem,
1397 2549 1454 2596 ct
1488 2541 1753 2597 inhaerere
1782 2543 1886 2609 illi,
1928 2550 1984 2597 et
2027 2543 2080 2596 in

493 2639 754 2690 aeternum
773 2631 886 2702 jam
928 2647 1036 2687 non
1062 2632 1266 2687 moveri
1290 2632 1332 2686 ³.
1378 2630 1559 2703 Itaque
1581 2633 1892 2704 priusquam
1929 2643 2086 2688 mens"

493 2732 678 2791 nostra
719 2728 1004 2794 purgetur,
1048 2721 1306 2777 debemus
1353 2721 1574 2777 credere
1598 2722 1744 2792 quod
1784 2721 2080 2792 intelligere

493 2816 737 2873 nondum
763 2815 1039 2882 valemus;
1065 2815 1317 2886 quoniam
1342 2814 1625 2870 verissime
1649 2814 1848 2869 dictum
1880 2821 1963 2870 est
1985 2827 2084 2883 per

474 2899 845 2979 "prophetam,
888 2905 1010 2961 Nbi
1053 2906 1401 2972 cretﬁderitis,
1448 2922 1550 2961 non
1595 2907 1885 2978 intelligetis
1925 2905 2077 2981 (Isai.

491 3013 589 3066 vs,
619 2997 676 3064 9,
704 3013 806 3052 σεο.
829 2994 1020 3068 LXX).

567 3087 656 3144 l5.
691 3086 852 3143 Fides
878 3087 933 3142 in
979 3085 1220 3142 Ecclesia
1263 3086 1580 3144 brevissime
1622 3083 1866 3156 traditur,
1897 3088 1953 3144 in
1976 3104 2079 3159 qua

474 3177 939 3252 immendantur
981 3185 1212 3247 eterna,
1257 3193 1377 3250 que
1424 3179 1646 3251 intelligi
1701 3197 1730 3235 a
1779 3181 2081 3238 carnalibus

472 3271 732 3329 'noudutn
770 3278 1036 3342 possunt;
1066 3280 1120 3326 et
1149 3271 1459 3342 temporalia
1494 3272 1760 3342 praeterita
1784 3280 1840 3328 et
1862 3271 2037 3330 futura
2059 3314 2074 3340 ,

472 3355 612 3436 quae
637 3379 734 3433 pro
752 3362 938 3419 salute
966 3362 1246 3419 hominum
1283 3363 1453 3434 gessit
1480 3372 1536 3418 et
1574 3374 1789 3434 gestura
1818 3371 1901 3419 est
1923 3374 2080 3421 aeter—

472 3450 632 3532 nitas
659 3454 855 3512 divinat
879 3454 1248 3527 providentiae.
1293 3455 1586 3511 Credamus
1625 3471 1754 3526 ergo
1783 3457 1836 3514 in
1861 3455 2076 3513 Patrem

490 3558 548 3606 et
574 3548 765 3604 Filium
793 3557 848 3603 et
872 3547 1127 3618 Spiritum
1171 3553 1409 3602 sanctum
1435 3561 1451 3602 :
1478 3546 1594 3602 haec
1620 3555 1817 3602 aeterna
1860 3556 1983 3603 sunt
2025 3557 2080 3620 et

470 3637 965 3704 incommutabilis,
1000 3635 1055 3693 id
1083 3647 1198 3706 est,
1226 3653 1365 3694 unus
1393 3639 1554 3707 Deus,
1581 3639 1739 3694 unius
1765 3639 2076 3695 substantia:

491 3732 727 3788 Trinitas
750 3741 991 3798 aeterna;
1019 3731 1160 3786 Deus
1188 3745 1254 3787 ex
1284 3746 1391 3802 quo
1417 3733 1595 3786 omnia
1613 3773 1629 3800 ,
1656 3748 1752 3803 per
1770 3733 1928 3804 quem
1956 3749 2076 3789 om-

475 3807 602 3892 nia,
635 3826 687 3878 in
715 3839 822 3894 quo
849 3823 1025 3878 omnia
1057 3821 1234 3894 (Rom.
1268 3839 1326 3878 ιι
1346 3866 1362 3892 ,
1391 3824 1510 3896 56).

563 3915 788 3972 CAPUT
825 3914 966 3971 XIV.
990 3943 1061 3956 —
1081 3915 1167 3971 16.
1195 3912 1318 3970 Νοη
1341 3917 1580 3970 audiendi
1599 3917 1685 3985 qui
1710 3926 1808 3972 tres
1836 3935 2076 3987 personas

491 4017 695 4078 iungant.
723 4005 832 4062 Nec
856 4021 954 4063 eos
977 4006 1274 4073 audiamus,
1294 4007 1382 4076 qui
1403 4006 1585 4062 dicunt
1605 4007 1814 4063 Patrem
1845 4017 2077 4064 tantum-

491 4099 653 4155 modo
673 4113 815 4166 esse,
844 4113 942 4153 nec
969 4097 1166 4153 habere
1184 4097 1376 4152 Filium
1400 4141 1414 4165 ,
1447 4112 1546 4153 nec
1566 4113 1686 4154 esse
1716 4115 1838 4154 cum
1868 4115 1933 4154 eo
1952 4101 2074 4170 Spit

489 4190 652 4247 ritum
682 4198 961 4255 sanctum;
989 4189 1082 4244 sed
1112 4189 1284 4257 ipsum
1331 4188 1542 4244 Patrem
1583 4189 1869 4260 aliquando
1894 4191 2076 4262 appel-

490 4282 589 4337 lari
625 4280 850 4348 Filium,
882 4279 1163 4350 aliquando
1210 4278 1464 4350 Spiritum
1510 4289 1771 4335 sanctum.
1819 4278 2075 4337 Nesciunt

489 4375 632 4430 enim
670 4373 992 4442 Principium
1034 4387 1107 4427 ex'
1151 4385 1260 4443 quo
1299 4381 1423 4427 sunt
1461 4373 1673 4439 omnia,
1706 4382 1759 4428 et
1789 4375 2072 4448 Imaginem

488 4466 607 4537 ejus
630 4481 898 4535 perquam
921 4465 1216 4520 formantur
1234 4465 1410 4520 omnia
1431 4506 1446 4534 ,
1478 4471 1533 4520 et
1569 4461 1914 4523 Sanctitatem
1959 4467 2072 4537 ejus

490 4558 545 4614 in
575 4572 677 4626 qua
704 4556 1017 4610 ordinantur
1034 4557 1232 4610 omnia.

561 4648 787 4703 CAPUT
824 4647 942 4702 XV.
969 4677 1036 4688 —
1061 4649 1148 4702 17.
1192 4646 1305 4703 Nec
1331 4648 1570 4704 audiendi
1597 4651 1680 4721 qui
1708 4651 1950 4705 inducunt
1975 4660 2074 4707 (res

490 4739 632 4793 deos.
655 4737 763 4793 Nec
789 4752 885 4794 eos
930 4737 1242 4806 audiamus,
1272 4741 1362 4810 qui
1407 4740 1747 4812 indignantur
1775 4753 1828 4798 et
1869 4751 2070 4799 stoma-

476 4830 748 4898 chantur,
780 4818 903 4902 quia
947 4845 1052 4886 non
1079 4839 1188 4889 tres
1241 4833 1370 4889 deos
1391 4835 1646 4891 colendos
1685 4835 1929 4893 dicimus.
1961 4837 2070 4894 Ne-

487 4923 664 4979 sciunt
711 4924 853 4978 enim
901 4924 1032 4995 quid
1068 4921 1138 4980 sit
1183 4939 1286 4981 una
1328 4927 1621 4999 eademque
1665 4932 1992 4998 substantia;
2018 4941 2072 4989 et

488 5016 949 5086 phantasmatibus
996 5018 1108 5072 suis
1160 5017 1468 5086 illuduntur,
1520 5020 1644 5090 quia
1688 5021 1862 5077 solent
1889 5023 2070 5081 videre

487 5106 840 5176 corporaliter
866 5108 958 5164 vel
991 5108 1238 5164 animalia
1276 5110 1377 5167 tria
1401 5152 1416 5176 ,
1443 5111 1530 5167 vel
1557 5127 1904 5184 quaecumque
1948 5129 2068 5170 cor-

485 5213 618 5269 pora
637 5199 732 5254 tria
749 5199 883 5256 locis
905 5197 1018 5256 suis
1034 5211 1154 5257 esse
1173 5209 1414 5272 separata
1432 5220 1444 5255 :
1464 5199 1539 5257 sic
1552 5212 1739 5274 putant
1767 5204 2069 5277 intelligen-

485 5288 610 5344 dam
638 5290 986 5346 substantiam
1006 5291 1121 5356 Dei;
1146 5298 1200 5346 et
1223 5292 1447 5368 multum
1469 5302 1683 5360 errant,
1712 5297 1957 5365 quoniam
1976 5313 2068 5354 su-

483 5379 642 5452 perbi
653 5389 795 5446 sunt;
807 5388 864 5436 et
880 5397 984 5437 non
1009 5388 1234 5453 possunt
1246 5381 1472 5450 discere,
1490 5383 1608 5454 quia
1627 5383 1814 5440 nolunt
1829 5387 2065 5445 credere.

556 5471 802 5529 CAPUT.
820 5472 962 5529 XVI.
987 5502 1061 5516 —-
1088 5473 1176 5531 18.
1208 5473 1316 5528 Nec
1353 5475 1434 5529 illi
1461 5476 1548 5546 qui
1588 5487 1775 5550 negant
1800 5483 2068 5552 aequalita-

545 5604 567 5638 ι
581 5604 722 5667 tum,
743 5611 793 5657 et
809 5606 1076 5676 πείσασαι
1215 5604 1320 5676 pei,
1338 5612 1386 5660 et
1401 5604 1588 5674 beatum
1610 5610 1846 5670 hominem
1865 5615 2065 5680 facitote.

481 5670 674 5732 Αιμω,
693 5681 791 5718 non
810 5661 997 5730 habent
1013 5702 1028 5728 ,
1046 5666 1173 5726 dona
1185 5667 1412 5732 statim}
1434 5674 1497 5732 et.

543 5702 1412 5807 ﬁr'éi‘ﬁi’,"
1432 5702 1704 5800 33mm,-
1747 5741 1956 5806 omisso,
1980 5755 2068 5807 pu—

479 5796 671 5848 met.

547 5849 570 5886 ι
599 5849 824 5918 plerique
843 5858 972 5916 Mss,
993 5864 1088 5908 nat
1106 5852 1246 5908 mod.

1463 402 1552 459 DE
1588 400 1817 464 aeoru:
1853 395 2277 466 cumsuam,
2318 399 2374 456 s.
2417 397 2775 462 AUGUSTINI
3221 462 3224 466 ,
3610 357 3733 482 ,ξω

2199 524 2297 580 tem
2334 523 2383 576 et
2420 517 2751 578 ieiunitatem
2789 528 3139 587 personam.
3157 512 3281 581 ὕθε
3315 532 3420 592 eos
3456 522 3736 603 ludiarum,

2191 609 2285 679 qui
2313 609 2522 672 Patrem
2545 609 2724 673 solum.
2748 623 2933 668 verum
2963 609 3130 668 Deum
3157 618 3215 671 et
3248 613 3738 683 sempiternorum

2191 700 2411 767 dicunt;
2438 701 2631 762 Filium
2669 711 2846 760 autem
2893 718 3003 758 non
3031 703 3102 760 de
3123 703 3243 775 ipso
3266 705 3499 777 genitum
3520 750 3538 777 ,
3565 714 3654 769 sed
3683 717 3740 772 ab

2192 794 2310 864 ipso
2336 794 2533 852 factum
2563 795 2631 852 de
2673 795 2838 852 nihilo
2857 836 2872 862 ,
2900 799 2954 852 et
2990 794 3162 854 fuisse
3195 806 3403 869 tempus
3428 804 3633 874 quando
3653 822 3737 865 non

2191 895 2309 946 erat
2326 927 2340 952 ,
2363 887 2457 948 sed
2487 896 2664 944 tamen
2706 889 2937 958 primum
2959 889 3139 970 locum
3163 899 3348 950 tenere
3367 894 3423 948 in
3449 897 3592 952 omni
3614 913 3738 955 crea-

2193 985 2347 1046 tura;
2376 987 2432 1038 et
2471 979 2728 1050 Spiritum
2755 992 3001 1038 sanctmn
3047 984 3270 1042 minoris
3315 987 3604 1058 maiestatis
3643 996 3739 1050 me

2189 1083 2352 1140 quam
2381 1070 2572 1130 Filium
2597 1115 2612 1139 ,
2635 1082 2689 1130 et
2724 1074 2900 1144 ipsum
2929 1075 3123 1132 factum
3153 1091 3275 1134 esse
3301 1087 3422 1149 post
3459 1079 3674 1151 Filium;
3699 1095 3741 1140 et

2187 1161 2383 1222 borum
2413 1163 2573 1220 trium
2596 1164 2838 1226 diversas
2869 1181 2992 1224 esse
3031 1168 3381 1237 substantias,
3405 1177 3643 1245 tanquam
3663 1189 3740 1232 ar-

2186 1269 2306 1311 .rnm
2334 1263 2390 1310 et
2412 1265 2689 1327 argentum
2719 1268 2774 1314 et
2815 1267 3186 1316 ammentum.
3208 1262 3465 1320 Nesciunt
3483 1269 3618 1322 enim
3638 1263 3741 1339 quid

2188 1345 2492 1416 loquantur,
2522 1357 2576 1406 et
2600 1349 2667 1404 de
2714 1349 2796 1406 bis
2840 1349 2999 1406 rebus
3026 1366 3158 1423 quos
3199 1369 3298 1423 per
3320 1356 3506 1414 oculos
3550 1373 3743 1418 carm

2188 1439 2373 1498 videre
2398 1451 2793 1498 consueverunt
2811 1485 2826 1510 ,
2857 1456 3021 1499 vanas
3059 1445 3316 1518 imagines
3344 1447 3412 1504 ad
3460 1449 3744 1520 disputatio-

2188 1545 2285 1598 nes
2313 1547 2440 1595 suas
2460 1535 2810 1592 transferunt.
2841 1536 2976 1604 Quia
3001 1553 3185 1595 revera
3213 1556 3460 1613 magnum
3490 1553 3575 1600 est
3592 1553 3744 1604 urente

2187 1625 2497 1694 conspicere
2519 1629 2940 1699 generationem,
2972 1646 3090 1701 qua
3115 1643 3226 1688 non
3252 1634 3309 1689 ﬁt
3334 1649 3399 1690 ex
3435 1636 3613 1707 aliquo
3631 1645 3746 1694 tem-

2189 1730 2340 1784 pore,
2367 1717 2464 1772 sed
2505 1727 2707 1774 aeterna
2735 1731 2858 1789 est;
2885 1731 2937 1778 et
2985 1723 3152 1794 ipsam
3181 1724 3512 1783 Cbaritatem
3553 1739 3605 1785 et
3638 1721 3748 1787 Sam

2186 1808 2446 1877 ctitntem,
2472 1825 2574 1880 qua
2595 1812 2893 1870 Generator
2911 1825 2966 1873 et
2985 1815 3279 1875 Generatus
3316 1819 3652 1879 ineﬂabiliter
3667 1825 3748 1880 sibi

2185 1899 2503 1969 copuiantur
2533 1920 2548 1956 :
2573 1918 2822 1974 magnum
2861 1915 2914 1962 et
2941 1906 3160 1964 diiilcile
3183 1917 3266 1966 est
3291 1909 3407 1967 haec
3444 1921 3751 1970 menteeou-

2185 1991 2413 2064 spieere,
2441 1993 2654 2049 etiamsi
2702 2005 2890 2065 pacata
2917 2007 2972 2052 et
3013 1999 3298 2070 tranquilla
3339 2002 3427 2057 sit.
3455 2003 3577 2059 Non
3604 2013 3750 2075 potest

2184 2095 2311 2153 ergo
2333 2081 2447 2138 ﬁeri
2471 2093 2529 2139 ut
2577 2085 2654 2140 illi
2698 2085 2814 2142 haec
2844 2087 3091 2157 videant,
3120 2091 3212 2161 qui
3262 2100 3510 2149 terrenas
3560 2110 3752 2166 genera-

2185 2172 2358 2228 tiones
2395 2173 2556 2230 nintis
2602 2176 2902 2244 intuentur,
2928 2187 2986 2234 et
3026 2179 3092 2234 ad
3120 2181 3251 2237 istas
3295 2183 3555 2242 tenebras
3580 2186 3751 2241 addunt

2183 2261 2358 2318 adhuc
2394 2263 2620 2331 fumum,
2649 2281 2807 2334 quem
2843 2267 2944 2324 sibi
2976 2272 3404 2330 contentionibus
3427 2283 3481 2331 et
3535 2279 3752 2333 certami-

2184 2351 2340 2408 nibus
2368 2355 2693 2424 quotidianis
2707 2358 2942 2416 excitare
2970 2375 3078 2416 non
3103 2371 3350 2431 cessant;
3376 2363 3641 2424 habentes
3661 2366 3753 2422 ani-

2183 2458 2298 2502 mus
2349 2447 2527 2504 carnis
2577 2447 2859 2505 alieetibua
2905 2449 3206 2509 diiiluentes
3233 2455 3288 2522 ί,
3330 2461 3593 2528 tanquam
3636 2457 3753 2528 ligna

2184 2534 2409 2596 humore
2437 2539 2675 2608 saginata
2693 2581 2708 2606 ,
2738 2540 2796 2596 in
2838 2541 3034 2611 quibus
3065 2542 3206 2614 ignis
3237 2541 3442 2601 funium
3483 2547 3662 2603 mlum
3679 2561 3755 2602 ro-

2182 2627 2320 2682 mit'
2350 2637 2403 2685 et
2425 2628 2620 2688 habere
2661 2630 2903 2690 ﬂammas
2941 2633 3146 2691 lucidas
3186 2650 3294 2692 non
3330 2646 3538 2708 potest.
3567 2639 3636 2695 Et
3673 2639 3756 2696 lim

2182 2719 2400 2790 quidem
2427 2722 2498 2782 de
2519 2725 2768 2783 omnibus
2795 2725 3062 2784 haereticis
3097 2729 3398 2786 rectissime
3438 2729 3554 2788 diei
3580 2741 3752 2804 potest.

2164 2824 2176 2833 ‘
2255 2811 2480 2868 CAPUT
2516 2812 2681 2874 XVII.
2723 2845 2796 2858 --
2821 2818 2910 2874 19.
2960 2817 3120 2874 Fides
3156 2820 3528 2878 inesan
3574 2817 3753 2880 0W.

2185 2900 2450 2972 Negantes
2463 2902 2718 2972 Christum
2739 2923 2844 2963 esse
2867 2907 3035 2964 Deum
3052 2952 3068 2976 ,
3110 2927 3214 2966 non
3235 2912 3503 2968 audiendi.
3537 2915 3754 2972 Catien-

2181 2998 2266 3056 tes
2285 3006 2413 3062 ergo
2443 2993 2931 3054 incommutabilem
2949 2999 3285 3070 Trinitatem,
3305 3004 3596 3062 creduas
3617 3009 3756 3063 edam

2183 3081 2635 3153 dispensationem
2679 3091 3032 3158 temporalem
3066 3107 3168 3164 pro
3205 3094 3383 3151 salute
3417 3099 3642 3166 generis
3675 3098 3756 3153 III-

2183 3178 2327 3232 tnani
2356 3176 2396 3231 ³.
2424 3176 2536 3236 Hec
2579 3192 2674 3235 eos
2715 3181 3032 3251 audiamus,
3080 3187 3173 3255 qui
3217 3185 3559 3245 Filithei
3596 3190 3754 3246 Iesum

2181 3265 2459 3328 Christum
2497 3270 2629 3338 nihil
2667 3287 2790 3328 esse
2832 3275 2980 3330 aliud
3025 3275 3183 3345 quam
3215 3277 3500 3336 hominem
3547 3283 3750 3347 dicunt,

2182 3360 2279 3420 sed
2298 3361 2372 3416 ita
2411 3361 2649 3431 justum,
2673 3371 2733 3418 ut
2769 3363 2961 3436 dignus
2981 3367 3054 3421 sit
3080 3369 3338 3438 appellari
3365 3370 3539 3430 Filius
3569 3367 3674 3430 Dei.
3701 3359 3755 3428 Et

2183 3452 2284 3508 bos
2333 3454 2477 3509 enim
2522 3454 2782 3512 catholica
2819 3455 3102 3527 disciplina
3131 3462 3276 3516 misit
3314 3463 3496 3532 foras;
3525 3469 3755 3538 quoniam

2183 3555 2334 3599 tante
2353 3544 2537 3614 gloria;
2563 3546 2853 3616 cupiditate
2873 3549 3104 3620 decepti,
3136 3555 3470 3610 contentiosa
3500 3557 3758 3627 disputare

2182 3634 2462 3690 voluerunt
2479 3676 2494 3702 ,
2521 3645 2802 3708 antequam
2831 3640 3189 3711 intelligerent
3216 3644 3346 3713 quid
3379 3646 3448 3700 sit
3475 3646 3573 3702 Dei
3597 3647 3757 3702 Virtus

2182 3734 2239 3782 et
2285 3727 2381 3783 Dei
2414 3726 2683 3799 Sapientia
2711 3730 2769 3800 (I
2803 3730 2918 3786 Cor.
2948 3747 2999 3799 ι,
3025 3733 3163 3805 2b),
3194 3745 3247 3791 et
3272 3737 3328 3790 in
3356 3739 3613 3810 principio
3645 3738 3754 3792 Ver-

2181 3820 2317 3890 bum,
2341 3838 2436 3892 per
2459 3823 2606 3892 quod
2637 3821 2774 3894 facta
2798 3834 2922 3879 sinit
2944 3829 3114 3880 omnia
3129 3870 3143 3896 ,
3169 3833 3222 3882 et
3245 3831 3518 3899 quomodo
3564 3832 3758 3887 Verbum

2181 3929 2305 3968 cara
2352 3915 2539 3983 {deum
2585 3921 2686 3981 est,
2729 3923 2779 3970 et
2818 3914 3060 3970 hditaoit
3099 3918 3156 3972 in
3207 3921 3348 3973 nobis
3397 3921 3581 3991 (lacn.
3623 3933 3671 3992 r,
3699 3903 3751 3987 ἲ,

2179 4004 2235 4071 5,
2258 4002 2372 4076 tt).
3662 4011 3664 4014 '

2249 4094 2686 4152 CAPUT-XVIII.
2715 4095 2892 4154 ~90.
2923 4098 3035 4153 Nec
3075 4101 3320 4156 audiendi
3348 4111 3595 4174 negantes
3619 4103 3753 4162 61σί-

2177 4196 2310 4244 ttctm
2357 4187 2590 4242 habuisse
2630 4204 2803 4244 mnu
2837 4201 3039 4262 corpus.
3069 4183 3178 4248 Nec
3220 4207 3313 4250 eos
3336 4193 3649 4266 audiamus,
3680 4193 3758 4268 qui

2179 4295 2290 4336 non
2313 4290 2502 4336 verum
2547 4281 2825 4338 hominem
2853 4285 3151 4354 suscepisse
3175 4285 3355 4341 dicunt
3387 4287 3588 4344 Filium
3634 4291 3722 4346 Dei
3741 4331 3753 4353 ,

2178 4387 2360 4442 neque
2391 4374 2579 4429 natura
2602 4388 2724 4430 esse
2750 4374 2819 4430 die
2848 4368 3044 4431 Iumina
3060 4419 3074 4444 ,
3110 4378 3203 4434 sed
3234 4378 3420 4434 falsam
3448 4397 3675 4440 carnem
3713 4390 3759 4437 ct

2177 4465 2461 4535 imaginem
2497 4465 2795 4522 simulatam
2815 4468 3059 4537 corporis
3088 4469 3308 4526 humani
3342 4475 3652 4530 ostendisse
3681 4475 3754 4528 vi-

2178 4556 2445 4612 dentibus.
2476 4557 2732 4613 NeSciunt
2757 4560 2900 4615 enim
2938 4562 3205 4632 quomodo
3233 4563 3532 4624 substantia
3561 4567 3656 4624 Dei
3677 4566 3758 4622 ad-

2176 4647 2487 4703 ministrans
2533 4649 2832 4704 universam
2878 4659 3176 4707 creaturam
3225 4655 3492 4725 inquinari
3547 4658 3759 4712 omnino

2176 4753 2290 4794 non
2327 4738 2494 4808 possit
2523 4756 2535 4791 :
2564 4747 2622 4795 et
2648 4749 2823 4794 tamen
2859 4742 3150 4811 praedicant
3193 4744 3353 4800 istum
3377 4745 3651 4804 visibil‘em
3680 4762 3760 4803 so-

2175 4827 2284 4883 lent
2306 4829 2484 4884 radios
2509 4843 2637 4886 suos
2664 4838 2764 4902 per
2779 4840 2964 4887 omnes
2993 4833 3152 4890 fasces
3177 4841 3232 4890 et
3256 4836 3440 4893 sordes
3470 4852 3758 4912 corporum

2174 4933 2456 4992 spargere,
2496 4931 2550 4977 et
2574 4935 2667 4977 eos
2692 4915 2922 4978 mundos
2948 4931 3000 4979 et
3036 4924 3273 4981 sinceros
3301 4927 3497 4998 ubique
3521 4944 3758 4986 servare.

2174 5013 2647 5084 Si-ergorvisibilia
2670 5014 2864 5070 munda
2902 5029 2932 5069 a
2961 5016 3261 5073 visibilibus
3297 5019 3595 5077 immundis
3637 5038 3760 5078 con-

2174 5104 2304 5174 tingi
2330 5111 2582 5174 possunt,
2611 5111 2664 5159 et
2690 5117 2800 5159 non
2831 5104 3130 5175 inquinari;
3161 5111 3359 5178 quanto
3404 5111 3580 5180 magis
3628 5112 3762 5168 invi-

2173 5195 2344 5252 sibilis
2385 5205 2445 5252 et
2479 5195 2928 5252 incommutabiiis
2969 5194 3182 5254 Veritas
3217 5214 3311 5269 per
3353 5201 3605 5277 spiritum
3653 5201 3763 5257 ani-

2173 5303 2336 5355 mnm,
2362 5294 2420 5343 et
2439 5302 2534 5358 per
2557 5289 2792 5343 animum
2827 5299 3028 5358 corpus
3047 5289 3369 5361 suscipiens,
3403 5300 3514 5348 toto
3543 5293 3763 5349 homine

2172 5389 2446 5450 ascmnpto
2492 5379 2560 5435 ab
2587 5379 2836 5436 omnibus
2876 5393 2998 5436 eum
3039 5377 3432 5438 inﬁrmitatibus
3471 5381 3630 5440 nulla
3686 5385 3764 5439 sui

2171 5471 2617 5528 contaminatione
2656 5470 2948 5528 liberavit?
2977 5471 3159 5543 itaque
3214 5483 3432 5545 magnas
3481 5477 3764 5547 patiuntur

2171 5563 2459 5634 angustias,
2492 5568 2552 5618 et
2574 5576 2696 5617 cum
2722 5562 2950 5630 timent,
2977 5563 3119 5634 quod
3150 5561 3272 5621 ﬁeri
3295 5577 3405 5623 non
3439 5571 3630 5638 potest
3654 5611 3671 5637 ,
3703 5569 3766 5624 nc

2235 5739 2255 5805 ξ
2287 5737 2363 5805 sic
2381 5743 2491 5805 Mss.
2510 5735 2628 5805 Editi
2651 5748 2802 5799 vero,
2830 5729 3108 5803 deﬂuam.

2234 5801 2257 5833 ⁸
2289 5797 2519 5847 Fuxensis
2540 5798 2724 5859 codex,

2238 5859 2260 5895 ³
2289 5860 2373 5911 Hic
2394 5859 2511 5913 editi
2534 5857 2740 5925 addunt,
2761 5857 2863 5916 esse
2880 5868 3044 5922 natum
3065 5871 3251 5933 nam;
3271 5864 3569 5938 quodann-
3594 5865 3765 5922 abest.
