3940 6512
542 439 647 496 305

540 566 629 613 tus
653 558 721 615 de
740 556 1008 623 columba,
1039 553 1486 629 quemadmodum
1511 552 1755 607 Christus
1779 552 1845 607 de
1886 551 2081 607 femina
2107 593 2122 617 ,

541 651 630 704 illa
668 664 824 704 causa
862 657 974 715 est,
1014 649 1136 718 quia
1187 662 1295 701 non
1324 644 1599 700 columbos
1644 643 1870 697 liberare
1909 650 2128 696 venerat

544 741 772 811 Spiritus
797 750 1014 795 sanctus
1031 781 1048 808 ,
1072 739 1166 795 sed
1194 737 1498 793 hominibus
1540 734 1840 804 signiﬁcare
1866 734 2125 789 innocen-

543 839 669 889 tiam
700 847 757 890 et
779 849 1017 889 amorem
1045 833 1400 904 spiritualem,
1419 831 1557 901 quod
1585 830 1637 884 in
1668 829 1928 884 columba:
1949 831 2127 899 specie

537 927 818 982 visibiliter
851 926 1129 995 ﬁguratum
1161 934 1263 979 est.
1293 924 1545 977 Dominus
1584 930 1760 975 autem
1786 920 1942 975 Jesus
1966 920 2125 976 Chri-

538 1026 675 1083 stus,
707 1018 797 1087 qui
828 1026 1046 1073 venerat
1083 1016 1150 1070 ad
1196 1016 1437 1071 homines
1483 1014 1819 1080 liberandos,
1851 1014 1904 1067 in
1935 1014 2128 1084 quibus

540 1118 593 1164 et
616 1122 793 1162 mares
812 1116 873 1162 et
912 1108 1119 1162 feminae
1146 1107 1414 1175 pertinent
1454 1106 1520 1160 ad
1548 1106 1795 1171 salutem,
1826 1120 1924 1159 nec
1950 1119 2126 1159 mares

541 1200 828 1264 fastidivit,
857 1201 979 1269 quia
1023 1214 1222 1253 marem
1268 1199 1536 1267 suscepit;
1571 1212 1671 1253 nec
1697 1198 1919 1252 feminas
1943 1238 1957 1262 ,
2001 1197 2124 1264 quia

538 1293 606 1347 de
634 1292 828 1347 femina
858 1302 1011 1347 natus
1031 1302 1131 1347 est.
1163 1292 1276 1347 Huc
1304 1291 1506 1346 accedit
1532 1306 1783 1361 maguum
1822 1305 2125 1344 sacramen-

540 1390 673 1449 tum,
700 1394 754 1436 ut
774 1384 1023 1451 quoniam
1055 1398 1149 1453 per
1178 1383 1421 1436 feminam
1450 1380 1602 1435 nobis
1642 1395 1785 1434 mors
1816 1381 2080 1435 acciderat
2105 1422 2119 1444 ,

539 1475 646 1528 vita
675 1476 828 1529 nobis
858 1491 950 1544 per
978 1475 1224 1533 feminam
1249 1483 1554 1529 nasceretur
1580 1491 1593 1527 :
1616 1482 1671 1527 ut
1690 1474 1757 1528 de
1782 1483 2003 1543 utraque
2031 1490 2123 1529 na-

541 1572 678 1631 tura,
711 1565 761 1617 id
786 1576 866 1617 est
886 1564 1135 1619 feminina
1156 1574 1210 1619 et
1236 1563 1544 1629 masculina,
1565 1563 1733 1616 victus
1750 1563 1991 1617 diabolus
2002 1578 2123 1618 cru-

536 1656 785 1721 ciaretur,
818 1656 1066 1725 quoniam
1097 1654 1162 1708 de
1202 1655 1474 1708 ambarum
1518 1654 1864 1709 snbversione
1908 1656 2123 1709 laetaba-

537 1753 641 1810 tur;
670 1744 755 1800 cui
782 1760 967 1813 parum
1010 1744 1180 1799 fuerat
1221 1745 1286 1799 ad
1332 1760 1543 1813 poenam
1568 1745 1611 1798 si
1632 1743 1804 1799 amba:
1837 1753 2040 1799 naturae
2066 1746 2123 1800 in

535 1839 689 1893 nobis
713 1838 1085 1902 liberarentur,
1106 1837 1207 1890 nisi
1232 1837 1392 1891 etiam
1422 1851 1516 1906 per
1542 1836 1724 1889 ambas
1748 1836 2117 1891 liberaremur.

534 1928 719 1998 Neque
741 1930 841 1983 hoc
868 1928 937 1982 ita
967 1927 1214 1989 dicimus,
1246 1935 1305 1980 ut
1334 1927 1612 1981 Dominum
1642 1925 1821 1981 Jesum
1850 1925 2118 1981 Christum

533 2020 774 2073 dicamus
803 2019 971 2072 solum
994 2032 1178 2073 verum
1202 2034 1396 2087 corpus
1426 2016 1694 2083 habuisse,
1725 2017 1977 2087 Spiritum
2000 2034 2121 2072 san-

531 2120 677 2167 ctum
721 2120 894 2166 autem
938 2110 1196 2166 fallaciter
1239 2111 1545 2180 apparuisse
1593 2111 1761 2165 oculis
1798 2112 2116 2166 hominum:

531 2203 626 2257 sed
647 2205 805 2258 ambo
832 2203 919 2256 illa
950 2217 1193 2273 corpora,
1221 2218 1345 2256 vera
1376 2216 1601 2271 corpora
1645 2203 1933 2258 credimus.
1964 2203 2116 2259 Sicut

529 2294 676 2349 enim
703 2309 809 2348 non
830 2293 1111 2363 oportebat
1155 2302 1213 2346 ut
1248 2292 1492 2347 homines
1531 2293 1733 2348 falleret
1779 2293 1942 2347 Filius
1981 2293 2116 2359 Dei,

527 2385 607 2438 sic
660 2398 763 2439 non
808 2385 1040 2437 decebat
1078 2390 1140 2437 ut
1187 2382 1431 2437 homines
1476 2381 1685 2437 falleret
1730 2382 1958 2451 Spiritus
1998 2397 2121 2437 san-

526 2484 646 2529 ctus
675 2474 806 2529 :sed
832 2474 1183 2541 omnipotenti
1216 2473 1344 2538 Deo,
1368 2474 1456 2541 qui
1485 2473 1786 2528 universam
1817 2482 2116 2529 creaturam

528 2565 597 2620 de
626 2564 793 2619 nihilo
821 2564 1098 2618 fabricavit
1122 2604 1138 2631 ,
1171 2579 1277 2617 non
1305 2570 1423 2618 erat
1468 2563 1686 2619 difficile
1713 2580 1897 2619 verum
1924 2580 2118 2635 corpus

527 2656 791 2712 columbae
835 2656 951 2710 sine
979 2655 1205 2709 aliorum
1232 2654 1600 2709 columborum
1648 2657 1947 2711 ministerio
1986 2656 2121 2728 ﬁgu-

524 2763 648 2804 rare
668 2790 682 2811 ,
712 2748 850 2801 sicut
878 2747 924 2800 ei
954 2760 1057 2800 non
1086 2746 1182 2800 fuit
1207 2746 1424 2801 difficile
1444 2763 1627 2801 verum
1652 2762 1847 2818 corpus
1872 2749 1927 2803 in
1964 2759 2118 2805 utero

524 2839 705 2893 Maria:
734 2839 849 2891 sine
881 2837 1017 2892 virili
1042 2838 1247 2892 semine
1294 2836 1593 2903 fabricare;
1618 2854 1741 2893 cum
1786 2847 1971 2893 natura
1999 2854 2120 2894 cor-

524 2931 727 3000 porea‘
760 2939 813 2984 et
836 2929 885 2983 in
915 2928 1209 2983 visceribus
1232 2928 1443 2983 femina:
1464 2930 1531 2984 ad
1570 2929 1905 2985 formandum
1947 2930 2118 2985 homi-

525 3036 687 3087 nem,
733 3030 787 3075 et
826 3022 878 3074 in
924 3020 1041 3089 ipso
1086 3020 1286 3074 mundo
1330 3020 1396 3074 ad
1432 3021 1763 3075 formandam
1815 3020 2114 3076 columbam

524 3111 750 3180 imperio
780 3111 994 3166 Domini
1022 3110 1389 3181 voluntatique
1421 3112 1662 3166 serviret.
1691 3112 1797 3167 Sed
1843 3108 1990 3167 stulti
2020 3114 2116 3168 ho-

522 3200 720 3267 mines,
743 3212 797 3258 et
824 3204 1043 3272 miseri,
1076 3203 1217 3276 quod
1247 3212 1337 3257 aut
1381 3203 1479 3273 ipsi
1511 3203 1687 3259 facere
1718 3220 1826 3258 non
1852 3214 2110 3276 possunt,

519 3301 614 3348 aut
662 3292 716 3347 in
748 3295 854 3349 vita
883 3310 977 3350 sua
1026 3310 1298 3365 nunquam
1338 3294 1608 3362 viderunt,
1636 3296 1795 3350 etiam
1838 3297 1906 3351 ab
1934 3303 2111 3353 omnl-

517 3396 739 3457 potente
769 3388 879 3443 Deo
905 3389 1017 3444 fieri
1048 3390 1281 3459 potuisse
1302 3403 1409 3443 non
1437 3388 1683 3443 credunt.

587 3477 814 3535 CAPUT
851 3479 1040 3535 XXIII.
1068 3511 1140 3521 —
1170 3480 1428 3536 Sci-Non
1464 3482 1740 3548 audiendi,
1786 3484 1871 3553 qui
1911 3484 2111 3540 Filium

516 3568 616 3624 Dei
641 3580 921 3624 creaturam
960 3571 1165 3637 dicunt,
1194 3573 1313 3641 quia
1339 3586 1517 3639 passus
1536 3579 1625 3624 est.
1661 3570 1853 3625 Filium
1880 3573 1977 3627 Dei
2001 3577 2109 3630 sine

516 3662 794 3715 divinitatis
815 3664 1092 3717 mutatione
1114 3679 1319 3733 passum
1339 3678 1463 3717 esse.
1490 3662 1597 3716 Nec
1613 3677 1706 3717 eos
1718 3664 1993 3719 audiamus
2014 3669 2105 3737 qui

517 3764 799 3825 propterea
829 3755 1014 3808 volunt
1040 3769 1232 3824 cogere
1262 3763 1319 3808 ut
1340 3756 1476 3808 inter
1501 3763 1772 3809 creaturas
1792 3756 1982 3811 Filium
2007 3759 2103 3813 Dei

514 3860 882 3911 numeremus,
915 3845 1036 3914 quia
1059 3858 1249 3913 passus
1275 3853 1377 3899 est.
1408 3844 1599 3899 Dicunt
1626 3845 1767 3898 enim
1793 3863 1806 3899 :
1834 3844 1889 3902 Si
1914 3862 2102 3915 passus

515 3944 636 4002 est,
661 3936 933 3990 mutabilis
960 3944 1082 4001 est;
1112 3942 1169 3989 et
1190 3934 1237 3989 si
1260 3935 1530 3989 mutabilis
1554 3944 1637 3989 est
1658 3976 1671 4000 ,
1710 3944 1953 3992 creatura
1982 3949 2065 3994 est
2082 3979 2101 4007 ,

514 4027 640 4098 quia
678 4027 770 4080 Dei
800 4026 1094 4081 substantia
1125 4040 1231 4079 non
1261 4032 1439 4095 potest
1467 4026 1754 4079 immutari.
1804 4026 1934 4081 Cum
1979 4029 2101 4098 qui-

518 4121 621 4175 bus
645 4120 803 4175 etiam
825 4134 922 4173 nos
948 4118 1177 4173 dicimus
1204 4124 1261 4172 et
1286 4116 1380 4171 Dei
1401 4117 1752 4172 substantiam
1784 4121 2099 4176 commutari

512 4226 620 4266 non
647 4225 839 4281 posse,
879 4219 933 4265 et
960 4219 1257 4265 creaturam
1300 4224 1419 4264 esse
1452 4210 1781 4265 mutabilem.
1821 4210 1929 4266 Sed
1954 4212 2098 4267 aliud

509 4311 593 4359 est
620 4318 741 4359 esse
762 4311 1084 4366 creaturam,
1117 4314 1169 4356 et
1193 4300 1336 4355 aliud
1366 4303 1637 4371 suscipere
1660 4314 1979 4357 creaturam.
2008 4304 2098 4359 Fi-

510 4396 612 4450 lius
640 4410 769 4465 ergo
795 4394 1100 4466 unigenitus
1130 4394 1223 4448 Dei
1247 4435 1263 4459 ,
1286 4394 1376 4463 qui
1405 4403 1488 4449 est
1530 4394 1708 4449 \‘irtus
1745 4402 1800 4449 et
1824 4394 2094 4465 Sapientia

506 4488 626 4556 Dei,
659 4497 715 4543 et
744 4488 974 4543 Verbum
1010 4501 1102 4556 per
1129 4485 1273 4556 quod
1304 4485 1439 4540 facta
1462 4497 1586 4540 sunt
1608 4486 1806 4553 omnia,
1844 4488 1963 4556 quia
1992 4488 2092 4541 im-

507 4580 702 4634 mutari
732 4594 838 4633 non
881 4588 1058 4647 potest
1086 4579 1323 4642 omnino,
1356 4579 1592 4651 suscepit
1629 4578 1912 4632 humanam
1938 4595 2092 4635 crea-

506 4678 700 4732 turam,
728 4685 884 4738 quam
908 4670 1109 4738 lapsam
1136 4669 1361 4737 erigere,
1383 4678 1541 4738 atque
1563 4668 1907 4723 inveteratam
1928 4685 2089 4725 reno-

502 4774 632 4814 vare
665 4759 912 4828 dignatus
939 4767 1040 4811 est.
1073 4758 1181 4812 Nec
1220 4759 1274 4811 in
1305 4771 1369 4811 ea
1405 4773 1501 4827 per
1542 4758 1844 4827 passionem
1878 4759 1992 4828 ipse
2034 4762 2090 4816 in

504 4851 740 4907 deterius
765 4858 1119 4904 commutatus
1157 4857 1271 4909 est,
1303 4848 1397 4903 sed
1423 4864 1541 4903 eam
1568 4850 1743 4917 potius
1779 4865 1874 4919 per
1911 4866 2089 4906 resur-

503 4942 796 4997 rectionem
828 4941 879 4994 in
911 4941 1102 4994 melius
1126 4942 1491 4994 commutavit.
1514 4938 1621 4994 Nec
1643 4947 1925 5009 propterea
1950 4940 2086 4997 Ver—

501 5036 643 5104 bum,
659 5034 853 5100 Patris,
884 5033 937 5087 id
965 5042 1049 5088 est
1079 5033 1294 5087 unicum
1325 5033 1419 5087 Dei
1451 5032 1661 5099 Filium,
1695 5049 1790 5104 per
1817 5049 1975 5104 quem
2006 5036 2084 5090 fa-

501 5136 586 5184 cta
606 5126 737 5182 sunt
758 5127 957 5189 omnia,
986 5126 1287 5194 negandum
1314 5133 1397 5179 est
1428 5134 1609 5179 uatum
1642 5135 1695 5181 et
1722 5142 1935 5197 passum
1964 5144 2084 5185 esse

501 5236 601 5292 pro
631 5219 806 5275 nobis.
830 5218 898 5273 Et
922 5225 1185 5289 martyres
1211 5216 1351 5272 enim
1378 5231 1566 5286 passos
1595 5217 1819 5272 dicimus
1855 5228 1908 5273 et
1937 5234 2083 5274 mor-

500 5324 619 5370 tuos
654 5323 872 5385 propter
901 5328 1061 5383 regna
1100 5314 1388 5378 caelorum;
1428 5328 1527 5369 nec
1566 5322 1741 5369 tamen
1774 5315 1827 5369 in
1863 5331 1923 5369 ea
1953 5331 2081 5386 pas-

496 5407 649 5462 sione
676 5416 730 5460 et
754 5414 927 5460 morte
952 5406 1141 5459 anima:
1172 5420 1356 5460 eorum
1384 5405 1573 5460 occisze
1604 5416 1745 5460 sunt.
1775 5408 1913 5461 Dicit
1938 5409 2081 5464 enim

497 5500 758 5557 Dominus
780 5516 796 5553 :
822 5498 996 5552 Nolite
1016 5499 1188 5553 timere
1207 5514 1289 5551 eos
1308 5499 1395 5569 qui
1415 5514 1601 5567 corpus
1622 5499 1872 5562 occidunt,
1896 5501 2080 5554 anima:

495 5603 663 5647 autem
690 5589 821 5646 nihil
839 5599 1045 5662 possunt
1066 5590 1231 5660 facere
1283 5589 1503 5660 (Matth.
1526 5606 1580 5656 χ,
1602 5590 1727 5659 28).
1755 5589 1902 5646 Sicut
1951 5606 2078 5661 ergo

496 5693 757 5754 martyres
776 5697 961 5752 passos
972 5689 1028 5737 et
1043 5688 1282 5736 mortuos
1300 5680 1527 5735 dicimus
1548 5684 1599 5734 in
1629 5682 1938 5750 corporibus
1958 5698 2076 5752 qua:

493 5776 812 5845 portabant,
846 5774 961 5830 sine
1000 5776 1297 5829 animarum
1348 5774 1717 5829 interfectione
1746 5775 1829 5830 vel
1866 5784 2071 5842 morte;

556 5888 573 5920 ⁸
606 5895 742 5941 ηπ.
770 5895 823 5946 et
845 5896 973 5950 Mss,
997 5894 1220 5940 creatura
1243 5901 1487 5954 corporea.

1511 428 1596 486 DE
1635 429 1865 488 AGONE
1897 429 2330 498 CHRISTIANO,
2372 430 2429 486 S.
2472 428 2841 489 AUGUSTINI

2182 5761 3051 5845 Ρ¹¹Ξτίίἧε.ίε¹ἷῖἒ.,¹9⁰⁰ειέἐῖίζνίίεθω⁷ιἱ
3083 5761 3289 5827 habent.
3327 5761 3665 5835 ωενίιερειακο
3709 5761 3795 5845 έ

3724 440 3827 501 ωι

2242 553 2318 607 sic
2344 551 2536 607 Filium
2562 553 2657 607 Dei
2682 568 2896 623 passum
2919 560 2974 608 et
2990 560 3260 610 mortuum
3284 554 3514 612 dicimus
3529 555 3586 612 in
3608 556 3827 615 homine

2240 659 2397 713 quem
2441 644 2703 713 portabat,
2737 647 2852 697 sine
2881 644 3172 699 divinitatis
3197 646 3371 716 aliqua
3402 651 3824 707 commutatione

2238 739 2326 795 vel
2352 747 2547 793 morte.

2311 829 2534 885 CAPUT
2563 828 2754 885 XXlV.
2775 857 2845 869 ——
2864 828 2955 884 26.
2984 827 3107 884 Νοη
3126 830 3384 897 audiendi,
3407 833 3495 900 qui
3519 843 3703 904 negant
3726 836 3826 890 tale

2241 938 2423 992 corpus
2448 919 2656 974 Domini
2676 922 3029 986 resurrexisse,
3055 922 3204 991 quale
3224 924 3389 993 fuerat
3413 925 3687 993 sepultum.
3710 925 3820 983 Nec

2238 1026 2332 1065 eos
2361 1011 2661 1077 audiamus,
2693 1012 2779 1080 qui
2811 1022 3005 1082 negant
3040 1012 3145 1066 tale
3172 1028 3368 1083 corpus
3398 1014 3610 1070 Domini
3640 1032 3819 1072 resur-

2234 1102 2437 1156 rexisse
2458 1143 2473 1167 ,
2507 1101 2665 1171 quale
2698 1102 2926 1171 positum
2968 1111 3050 1157 est
3080 1104 3131 1156 in
3167 1114 3535 1159 monumento.
3577 1107 3631 1162 Si
3667 1110 3811 1164 enim

2233 1194 2339 1249 tale
2364 1209 2469 1249 non
2500 1192 2718 1259 fuisset,
2756 1210 2859 1248 non
2900 1194 3013 1263 ipse
3053 1194 3273 1250 dixisset
3304 1206 3422 1265 post
3462 1200 3813 1254 resurrectio-

2231 1300 2353 1340 nem
2386 1284 2658 1353 discipulis
2685 1303 2698 1338 :
2730 1284 2955 1355 Palpate
2976 1327 2991 1351 ,
3033 1296 3080 1339 et
3123 1285 3312 1352 videte,
3342 1289 3583 1358 quoniam
3609 1292 3819 1359 spiritus

2243 1393 2358 1445 ossa
2374 1386 2418 1431 et
2441 1394 2641 1431 carnem
2660 1379 2675 1409 ¹
2701 1394 2802 1431 non
2822 1378 2983 1444 habet,
3008 1379 3138 1432 sicut
3154 1396 3233 1433 me
3258 1379 3432 1434 videtis
3457 1380 3637 1436 habere
3657 1382 3809 1455 (Luc.

2232 1485 2356 1524 xxiv
2380 1511 2395 1536 ,
2444 1469 2567 1541 59).
2606 1470 2931 1540 Sacrilegum
2962 1479 3043 1524 est
3087 1472 3231 1525 enim
3275 1472 3496 1528 credere
3535 1474 3817 1532 Dominum

2230 1574 2492 1628 nostrum,
2534 1578 2656 1618 cum
2691 1565 2803 1634 ipse
2832 1564 2901 1618 sit
2930 1564 3161 1632 Veritas,
3194 1565 3245 1619 in
3272 1566 3450 1635 aliquo
3476 1567 3640 1623 fuisse
3665 1585 3819 1624 men-

2229 1653 2407 1707 titum.
2441 1654 2549 1708 Nec
2572 1669 2673 1707 nos
2701 1663 2912 1709 moveat
2935 1655 3077 1723 quod
3097 1654 3291 1711 clausis
3319 1657 3471 1711 ostiis
3496 1659 3675 1713 subito
3700 1676 3818 1716 eum

2228 1744 2541 1813 apparuisse
2567 1744 2845 1812 discipulis
2877 1746 3133 1815 scriptum
3154 1754 3238 1801 est
3268 1745 3457 1818 (Joan.
3486 1764 3579 1812 xx,
3609 1749 3740 1820 26),
3769 1761 3819 1806 ut

2226 1841 2509 1901 propterea
2554 1848 2808 1903 negemus
2850 1833 2981 1888 illud
3031 1834 3196 1890 fuisse
3237 1850 3432 1905 corpus
3485 1837 3815 1908 humanum,

2227 1923 2349 1993 quia
2374 1932 2556 1979 contra
2585 1936 2828 1978 naturam
2861 1924 3019 1994 hujus
3046 1926 3289 1995 corporis
3306 1926 3549 1982 videmus
3570 1942 3695 1983 esse
3725 1946 3814 1999 per

2225 2014 2405 2069 clausa
2434 2016 2570 2069 ostia
2605 2016 2823 2070 intrare.
2854 2014 3043 2070 Omnia
3080 2017 3221 2071 enim
3253 2017 3526 2086 possibilia
3552 2027 3682 2073 sunt
3711 2020 3817 2076 Deo

2227 2104 2457 2175 (Matth.
2482 2122 2556 2172 ix,
2579 2106 2649 2161 26
2666 2105 2706 2179 ).
2732 2108 2863 2161 Nam
2889 2117 2944 2162 et
2964 2108 3237 2163 ambulare
3256 2124 3419 2180 super
3436 2126 3603 2181 aquas
3633 2123 3813 2169 contra

2227 2206 2471 2253 naturam
2502 2199 2658 2268 hujus
2698 2201 2939 2270 corporis
2968 2216 3089 2257 esse
3117 2202 3461 2257 manifestum
3490 2213 3576 2259 est
3601 2222 3617 2269 ;
3648 2215 3709 2260 et
3736 2214 3813 2260 ta-

2226 2306 2348 2345 men
2374 2306 2479 2344 non
2515 2292 2687 2346 solum
2722 2292 2834 2361 ipse
2865 2293 3119 2347 Dominus
3146 2302 3268 2349 ante
3292 2295 3603 2365 passionem
3631 2297 3814 2351 ambu-

2226 2379 2371 2444 lavit,
2423 2380 2519 2435 sed
2574 2381 2732 2435 etiam
2790 2381 3003 2436 Petrum
3065 2383 3339 2439 ambulare
3393 2384 3514 2440 fecit
3544 2384 3677 2457 (Id.
3709 2403 3810 2455 xlv,

2223 2469 2313 2535 25,
2341 2470 2409 2527 29
2429 2471 2467 2540 ).
2502 2472 2576 2525 lta
2603 2487 2730 2541 ergo
2766 2480 2820 2526 ct
2851 2482 2971 2541 post
3005 2474 3455 2530 resurrectionem
3496 2475 3565 2530 de
3590 2490 3812 2547 corpore

2224 2574 2321 2613 suo
2358 2560 2481 2615 fecit
2505 2561 2644 2631 quod
2673 2561 2857 2615 voluit.
2896 2562 2953 2616 Si
2979 2563 3120 2617 enim
3151 2568 3325 2633 potuit
3356 2574 3482 2620 ante
3508 2567 3809 2635 passionem

2223 2651 2521 2708 clarificare
2550 2652 2678 2707 illud
2706 2653 2843 2707 sicut
2865 2653 3203 2722 splendorem
3234 2656 3366 2710 solis
3385 2655 3507 2729 (Id.
3536 2672 3678 2726 xvu,
3709 2660 3807 2729 2);

2222 2758 2386 2813 quare
2418 2759 2523 2798 non
2556 2746 2728 2814 potuit
2755 2754 2810 2799 et
2834 2754 2953 2814 post
2983 2748 3285 2815 passionem
3310 2747 3379 2803 ad
3406 2761 3668 2819 quantam
3704 2752 3808 2806 vel-

2223 2832 2293 2887 let
2315 2833 2658 2889 subtilitatem
2685 2836 2737 2889 in
2764 2836 3020 2905 temporis
3045 2847 3317 2893 momento
3340 2839 3609 2911 redigere,
3637 2852 3698 2896 ut
3722 2857 3808 2913 per

2220 2925 2399 2980 clausa
2428 2927 2564 2981 ostia
2596 2938 2779 2997 posset
2805 2927 3046 2983 intrare?

2290 3024 2515 3082 CAPUT
2534 3026 2875 3083 XXV.—27.
2904 3028 3011 3082 Nec
3026 3038 3261 3100 negantes
3278 3047 3462 3103 corpus
3477 3030 3675 3088 Christi
3687 3035 3805 3089 sub-

2220 3116 2380 3171 latum
2413 3117 2465 3170 in
2492 3116 2696 3172 caelum.
2727 3117 2838 3173 Nec
2856 3134 2950 3174 eos
2975 3120 3273 3185 audiamus,
3296 3123 3386 3192 qui
3416 3134 3619 3193 negant
3637 3126 3802 3196 ipsum

2216 3222 2412 3278 corpus
2440 3222 2619 3264 secum
2644 3209 2851 3265 levasse
2872 3210 2925 3264 in
2939 3212 3132 3266 caelum
3159 3213 3441 3268 Dominum
3470 3225 3803 3285 nostrum,et

2216 3308 2641 3353 commemorant
2666 3301 2717 3354 in
2750 3300 3040 3371 Evangelio
3065 3303 3207 3373 quod
3232 3307 3489 3374 scriptum
3512 3317 3617 3369 est.
3646 3308 3802 3363 Nemo

2214 3390 2439 3444 ascendit
2461 3391 2515 3445 in
2537 3393 2735 3459 caelum,
2761 3393 2858 3446 nisi
2882 3394 2967 3462 qui
2989 3396 3051 3447 de
3070 3396 3195 3448 caelo
3218 3396 3474 3451 descendit
3499 3397 3701 3471 (Joan.
3726 3417 3800 3469 tu,

2215 3483 2325 3548 l3);
2346 3492 2400 3537 et
2422 3482 2620 3547 dicunt,
2646 3485 2767 3552 quia
2793 3500 2987 3554 corpus
3006 3502 3112 3541 non
3134 3487 3412 3543 descendit
3430 3490 3499 3546 de
3518 3492 3678 3557 coelo,
3696 3508 3801 3549 nou

2213 3573 2448 3641 potuisse
2473 3573 2764 3629 ascendere
2792 3575 2843 3628 in
2886 3577 3101 3631 ctelum.
3130 3576 3251 3633 Non
3276 3580 3419 3634 enim
3450 3581 3757 3651 intelligunt
3780 3623 3798 3651 ,

2216 3665 2467 3733 quoniam
2503 3680 2699 3734 corpus
2745 3682 2851 3721 non
2896 3670 3137 3723 ascendit
3178 3672 3230 3725 in
3266 3673 3459 3727 ccelum
3498 3692 3513 3727 :
3544 3675 3802 3731 Dominus

2210 3755 2352 3809 enim
2383 3756 2646 3822 ascendit,
2671 3772 2866 3826 corpus
2896 3769 3072 3815 autem
3100 3777 3210 3817 non
3235 3765 3495 3831 ascendit,
3529 3767 3627 3823 sed
3656 3769 3800 3824 leva-

2208 3855 2319 3899 tum
2361 3856 2444 3901 est
2472 3849 2522 3902 in
2562 3849 2757 3904 malum
2786 3852 2878 3904 illo
2909 3852 3119 3908 levante
3148 3856 3236 3924 qui
3264 3858 3525 3913 ascendit.
3570 3861 3630 3916 Si
3659 3864 3801 3919 enim

2206 3937 2323 4006 quis
2350 3937 2678 4007 descendat,
2708 3941 2857 3995 verbi
2886 3945 3075 4011 gratia,
3108 3945 3175 3999 de
3204 3956 3385 4002 monte
3424 3949 3602 4005 nudus
3623 3993 3640 4016 ,
3683 3969 3803 4008 cum

2206 4034 2382 4082 autem
2437 4029 2811 4097 descenderit,
2856 4035 3049 4088 vestiat
3099 4050 3188 4103 se,
3234 4046 3289 4092 et
3331 4040 3553 4095 vestitus
3607 4045 3801 4101 iterum

2205 4118 2488 4184 ascendat,
2524 4130 2670 4175 recte
2698 4122 2879 4192 utique
2907 4123 3135 4179 dicimus
3158 4166 3172 4190 ,
3211 4126 3379 4182 Nemo
3403 4132 3675 4199 ascendit,
3698 4137 3799 4191 nisi

2203 4209 2293 4279 qui
2324 4210 2639 4267 descendit:
2681 4230 2781 4270 nec
2820 4227 3028 4271 vestem
3073 4219 3474 4276 consideramus
3504 4240 3671 4294 quam
3712 4244 3800 4283 se-

2202 4313 2322 4353 cum
2354 4300 2565 4369 lcvavit,
2605 4303 2698 4358 sed
2729 4304 2902 4374 ipsum
2932 4306 3022 4376 qui
3052 4310 3275 4364 vestitus
3304 4320 3406 4377 est,
3446 4312 3626 4370 Solum
3662 4319 3797 4373 dici-

2201 4406 2318 4444 mus
2348 4393 2674 4449 ascendisse.
3834 4384 3835 4403 ‘

2271 4489 2495 4546 CAPUT
2519 4490 2708 4546 XXVI.
2726 4522 2794 4534 —
2818 4493 2908 4549 28.
2943 4494 3052 4549 Nec
3078 4508 3317 4569 negantes
3343 4500 3603 4558 Christum
3620 4509 3801 4562 sedere
3830 4540 3831 4553 ι

2197 4579 2267 4631 ad
2286 4580 2543 4635 dexteram
2566 4581 2760 4637 Patris.
2783 4583 3004 4639 Dextera
3024 4596 3071 4641 et
3087 4590 3291 4643 sinistra
3315 4591 3411 4644 Dei
3430 4595 3555 4662 quid
3572 4597 3642 4651 sit
3686 4572 3819 4659 Nec.

2196 4690 2291 4729 eos
2320 4675 2619 4741 audiamus,
2648 4678 2736 4747 qui
2768 4688 2963 4749 negant
2992 4680 3058 4735 ad
3093 4682 3364 4738 dexteram
3395 4685 3572 4743 Patris
3603 4692 3803 4748 sedere

2195 4766 2405 4820 Filium.
2440 4767 2633 4822 Dicunt
2657 4769 2797 4823 enim
2824 4789 2836 4823 :
2867 4770 3132 4841 Numquid
3172 4774 3310 4829 Deus
3344 4776 3505 4832 Pater
3535 4780 3701 4838 habet
3721 4754 3815 4838 la»1

2196 4870 2279 4916 tus
2309 4862 2553 4917 dextrum
2582 4872 2673 4917 aut
2711 4864 2983 4920 sinistrum
3004 4907 3018 4930 ,
3051 4868 3208 4922 sicuti
3234 4873 3502 4939 corpora?
3540 4873 3655 4931 Nec
3693 4872 3821 4957 που]

2195 4951 2297 5006 hoc
2328 4952 2394 5007 de
2437 4953 2544 5007 Deo
2584 4954 2741 5009 Patre
2778 4957 3037 5011 sentimus
3068 4976 3081 5011 :
3116 4960 3258 5014 null’a
3285 4962 3427 5016 enim
3455 4962 3631 5021 forma
3662 4951 3815 5023 σοι-αἰ

2196 5044 2341 5111 poris
2374 5044 2511 5098 Deus
2536 5043 2791 5100 definitur
2814 5048 2833 5077 ²
2858 5057 3015 5117 atque
3039 5049 3394 5106 concluditur.
3423 5052 3530 5109 Sed
3564 5043 3815 5122 dexteraj

2190 5134 2367 5189 Patris
2394 5144 2475 5190 est
2504 5135 2778 5191 beatitudo
2819 5148 3072 5208 perpetua
3094 5182 3109 5206 ,
3137 5156 3255 5211 quae
3289 5145 3488 5199 sanctis
3519 5149 3813 5216 promitti-q

2190 5234 2276 5279 tur
2301 5226 2321 5257 ³
2356 5244 2369 5290 ;
2413 5227 2553 5281 sicut
2582 5228 2797 5282 sinistra
2842 5230 2957 5299 ejus
2997 5232 3293 5288 rectissime
3332 5214 3533 5291 dicitur
3563 5214 3813 5301 miser-ini

2188 5326 2466 5387 perpetua,
2497 5335 2615 5389 qua:
2646 5320 2820 5389 impiis
2851 5321 3007 5376 datur
3037 5342 3049 5376 :
3083 5332 3139 5378 ut
3168 5340 3273 5379 non
3304 5327 3355 5380 in
3383 5328 3500 5396 ipso
3527 5330 3661 5395 Deo,
3690 5332 3807 5395 sed

2188 5408 2238 5462 in
2267 5410 2526 5464 creaturis
2548 5410 2646 5465 hoc
2671 5412 2851 5477 modo,
2878 5428 2983 5483 quo
3005 5413 3258 5481 diximus,
3289 5417 3623 5490 intelligatur
3648 5422 3805 5490 des-1

2188 5509 2303 5557 tera
2333 5510 2386 5556 et
2415 5501 2651 5556 sinistra.
2675 5502 2808 5569 Quia
2840 5512 2893 5557 et
2922 5519 3114 5573 corpus
3143 5505 3359 5576 Christi,
3388 5510 3536 5579 quod
3566 5520 3655 5568 est
3682 5514 3803 5580 E01

3794 5628 3801 5675 1

2248 5704 2571 5778 teretes“.
2586 5704 3096 5778 etme-siceum].
3115 5703 3338 5778 plerique
3363 5713 3492 5778 Μεεςρ
3519 5715 3574 5778 εει
3597 5722 3668 5761 ex
3708 5703 3799 5778 hi

3814 4800 3823 5151 ἰ

3794 4712 3825 4777 ἠι

3794 4800 3823 5151 i

3794 5266 3807 5395 ἱ

3794 5452 3805 5601 1

3794 5628 3801 5825 ἰ

3794 5838 3795 5899 l

2245 5828 2265 5856 ί
2299 5825 2486 5887 Aliquot
2496 5832 2607 5887 Mss.
2617 5857 2631 5881 ,
2649 5822 2834 5887 ﬁnitur.

2246 5887 2267 5918 ⁸
2298 5885 2441 5946 miti,
2471 5885 2631 5934 datur.
2650 5884 2819 5935 Plures
2842 5898 2959 5935 vero
2978 5894 3106 5951 Mss,
3130 5892 3438 5950 promittam.
