3940 6532
138 4467 150 4666 l

138 5005 158 5222 ι

86 5229 138 5420 λ,

93 5911 130 5951 κ

138 6080 146 6152 ὲ

283 431 351 490 505

293 545 458 612 deia,in
481 545 591 612 ipsa
612 541 880 603 dextera,
911 538 1028 593 hoc
1054 546 1142 591 est
1169 535 1223 591 in
1247 536 1356 604 ipsa
1382 533 1708 588 beatitudine
1731 533 1812 585 lu-

299 644 491 700 tunmest,
512 635 648 690 sient
672 633 992 702 Apostolus
1023 631 1175 690 dicit,
1203 627 1318 697 quia
1349 639 1392 679 et
1414 627 1564 679 simul
1592 641 1682 678 nos
1707 641 1820 678 sus-

295 731 424 800 eﬂnit,
457 738 496 780 et
523 725 676 780 simul
719 723 910 777 sedere
948 722 1074 792 fecit
1111 721 1162 772 in
1195 717 1465 772 caelestibus
1495 713 1720 787 (Ephes.
1758 729 1816 780 ιι,

295 824 351 895 6).
381 819 593 888 Quamvis
621 817 772 872 enim
807 829 1019 883 corpus
1050 822 1292 866 nostrum
1331 810 1562 864 nondum
1594 809 1682 862 ibi'
1709 808 1812 874 sit,

290 924 407 968 tamen
425 927 536 982 spes
563 919 750 963 nostra
776 907 893 976 jam
924 907 1000 960 ibi
1030 916 1136 960 est.
1171 905 1453 972 Pr0pterea
1485 911 1538 956 et
1575 906 1688 972 ipse
1717 903 1818 955 Do-

289 1007 409 1062 inus
429 1013 532 1072 post
558 1000 1030 1056 resurrectionem
1067 997 1229 1067 jussit
1256 994 1532 1064 discipulis
1560 1008 1693 1062 quos
1733 993 1818 1062 pi-

289 1105 436 1150 sautes
451 1092 661 1155 invenit,
698 1102 760 1144 ut
789 1091 844 1143 in
875 1090 1158 1144 dexteram
1189 1097 1388 1154 portent
1418 1086 1696 1140 mitterent
1725 1101 1816 1140 re—

292 1188 358 1238 tia.
379 1183 490 1252 Quod
521 1199 642 1238 cum
674 1181 960 1246 fecissent,
989 1189 1250 1247 ceperunt
1291 1177 1482 1245 pisces,
1511 1175 1602 1246 qui
1631 1191 1818 1232 omnes

285 1276 411 1344 magni
437 1284 578 1329 erant
604 1270 807 1340 (Joan.
847 1286 964 1337 xxi,
989 1270 1116 1323 6-H
1145 1269 1184 1336 ),
1216 1267 1269 1322 id
1297 1277 1399 1332 est,
1425 1266 1598 1336 justos
1618 1266 1820 1337 signiﬁ-

277 1368 440 1430 labant,
476 1364 660 1435 quibus
700 1363 930 1417 dextera
974 1359 1317 1428 promittitur.
1361 1358 1474 1412 Hoc
1517 1357 1811 1427 signiﬁcat,

275 1457 387 1527 quod
411 1457 555 1512 etiam
595 1455 653 1508 in
689 1453 901 1522 judicio
944 1451 1081 1505 dixit
1119 1465 1178 1505 se
1216 1465 1380 1520 agnos
1408 1449 1475 1503 ad
1510 1449 1814 1516 dexteram,

269 1546 418 1602 lia-dos
452 1555 620 1601 autem
662 1544 732 1599 ad
773 1543 1051 1598 sinistram
1095 1555 1217 1598 esse
1255 1541 1550 1611 positurum
1595 1539 1813 1613 (Matth.

269 1654 375 1705 xxv,
399 1639 514 1709 55).

324 1727 525 1785 CAPUT
561 1715 775 1782 XXVII.
793 1755 869 1767 —
889 1724 982 1780 29.
1009 1722 1124 1780 Nec
1144 1723 1383 1778 audiendi
1404 1731 1645 1795 negantes
1664 1723 1814 1792 judi-

265 1818 382 1872 cium
419 1822 650 1889 fueram.
691 1817 800 1872 Nec
837 1831 936 1871 eos
976 1816 1290 1881 audiamus,
1321 1814 1411 1884 qui
1448 1825 1647 1884 negant
1674 1813 1816 1868 diem

263 1910 437 1980 judicii
471 1910 687 1964 futurum
707 1951 723 1975 ,
754 1918 808 1964 ει
831 1917 1261 1963 commemorant
1285 1906 1427 1976 quod
1452 1908 1507 1961 in
1532 1907 1816 1977 Evangelio

272 2001 510 2069 scriptum
527 2010 634 2067 est,
659 2017 777 2055 eum
809 2001 902 2071 qui
926 1999 1103 2055 credit
1129 2000 1184 2054 in
1213 1998 1480 2054 Christum
1497 2040 1512 2067 ,
1540 2015 1646 2053 non
1675 1998 1818 2068 judi-

281 2093 423 2155 cari;
457 2094 542 2162 qui
571 2103 730 2147 autem
761 2108 859 2148 non
888 2093 1064 2148 credit
1091 2093 1146 2146 in
1181 2091 1352 2157 illum,
1377 2091 1488 2161 jam
1521 2090 1815 2160 judicatum

290 2195 406 2236 esse
428 2181 605 2251 (Joan.
633 2199 705 2248 in,
729 2184 836 2251 18).
862 2183 1058 2239 Dicunt
1086 2183 1228 2238 enim
1259 2200 1272 2236 :
1304 2181 1361 2237 Si
1387 2191 1442 2238 et
1468 2183 1557 2237 ille
1585 2183 1675 2253 qui
1700 2197 1817 2238 cre-

282 2274 377 2340 dit,
399 2291 502 2330 non
525 2279 682 2333 veniet
698 2279 745 2332 in
756 2277 1031 2348 judicium,
1059 2285 1116 2332 et
1133 2277 1223 2332 ille
1245 2276 1334 2346 qui
1360 2291 1468 2330 non
1494 2275 1682 2340 credit,
1705 2276 1816 2345 jam

259 2368 523 2438 judicatus
543 2381 648 2434 est;
671 2370 750 2424 ubi
775 2382 894 2425 sunt
920 2386 1059 2441 quos
1081 2369 1412 2439 judicaturus
1436 2377 1518 2424 est
1545 2369 1599 2423 in
1630 2368 1716 2423 die
1732 2369 1816 2437 ju-

259 2459 415 2514 dicii?
438 2460 546 2515 Non
565 2461 849 2532 intelligunt
875 2461 955 2516 sic
984 2461 1129 2532 loqui
1159 2460 1483 2531 Scripturas,
1513 2470 1570 2514 ut
1596 2471 1818 2530 praeter-

259 2550 383 2604 itum
425 2561 617 2621 tempus
655 2568 751 2621 pro
793 2552 974 2607 futuro
1015 2561 1257 2621 tempore
1300 2552 1576 2607 insinuent
1621 2569 1634 2606 :
1680 2552 1817 2606 sicut

261 2656 412 2710 εφη
436 2643 684 2709 diximus,
711 2643 856 2714 quod
882 2643 1174 2713 Apostolus
1203 2643 1338 2698 dixit
1373 2643 1442 2698 de
1469 2642 1642 2706 nobis,
1673 2642 1817 2712 quod

261 2732 403 2784 insul
423 2751 508 2788 nos
531 2735 696 2788 sedere
730 2734 851 2804 fecit
894 2735 949 2788 in
991 2733 1306 2801 caelestibus,
1349 2732 1589 2788 nondum
1617 2732 1815 2787 factum

257 2835 365 2887 est;
392 2825 479 2880 sed
505 2827 619 2896 quia
657 2827 963 2882 certissime
997 2835 1080 2881 est
1111 2825 1374 2892 futurum,
1407 2826 1479 2878 ita
1505 2824 1706 2880 dictum
1733 2834 1817 2879 cst

254 2917 398 2984 quasi
418 2917 521 2986 jam
539 2918 732 2974 factum
760 2919 852 2973 sit.
878 2916 1030 2973 Sicut
1054 2928 1109 2972 et
1131 2917 1246 2988 ipse
1271 2917 1526 2973 Dominus
1545 2916 1817 2987 discipulis

263 3005 407 3071 dixit,
433 3007 595 3063 Omnia
620 3027 738 3081 qua:
780 3010 960 3063 audivi
985 3027 1016 3063 a
1047 3007 1207 3062 Patre
1230 3026 1370 3075 meo,
1409 3019 1530 3063 nota
1558 3009 1654 3079 feci
1681 3008 1816 3063 vobis

263 3095 384 3167 (Id.
421 3115 507 3166 xv,
531 3102 616 3173 l5)
646 3121 658 3155 :
690 3112 747 3158 et
791 3101 953 3171 paulo
981 3110 1100 3170 post
1122 3101 1270 3166 dicit,
1302 3100 1474 3178 Multa
1497 3099 1655 3156 habeo
1682 3100 1817 3154 vobis

261 3188 416 3244 dicere
430 3207 449 3254 ;
471 3194 546 3247 sed
575 3213 670 3249 non
698 3195 912 3264 potestis
932 3194 1025 3248 illa
1049 3204 1248 3265 portare
1267 3195 1415 3249 modo
1437 3193 1546 3268 (Id.
1571 3211 1680 3261 xv1,
1702 3193 1814 3266 ‘12).

255 3277 516 3345 Quomodo
547 3301 670 3356 ergo
708 3287 968 3350 dixerat,
1019 3285 1202 3339 Omnia
1238 3302 1351 3354 qua:
1379 3286 1548 3340 audivi
1587 3302 1618 3338 α
1667 3284 1818 3340 Patre

247 3387 375 3436 meo,
405 3386 512 3428 nota
531 3377 624 3446 feci
646 3378 808 3441 vobis,
837 3378 943 3432 nisi
972 3379 1098 3447 quia
1129 3378 1258 3432 illud
1283 3379 1421 3448 quod
1449 3394 1542 3446 per
1561 3379 1817 3448 Spiritum

240 3476 480 3521 sanctum
506 3472 802 3527 certissime
830 3469 1069 3524 facturus
1099 3481 1232 3535 erat,
1264 3471 1414 3540 quasi
1439 3471 1548 3539 jam
1576 3471 1812 3536 fecisset,

240 3555 444 3612 locitas
485 3560 598 3616 est?
639 3561 728 3617 Sic
755 3576 891 3632 ergo
927 3577 1050 3617 cum
1091 3562 1337 3616 audimus
1355 3603 1382 3628 ,_
1419 3562 1518 3629 Qui
1562 3563 1718 3616 credit
1764 3563 1819 3616 in

247 3648 528 3720 Clu-istum,
566 3672 664 3709 non
710 3657 874 3710 veniet
907 3656 960 3708 in
989 3656 1285 3724 judicium;
1316 3655 1668 3724 intelligamus
1696 3654 1818 3724 quia

245 3756 360 3796 non
397 3745 553 3799 veniet
585 3746 649 3801 ad
681 3746 1109 3802 damnationem.
1152 3746 1353 3800 Dicitur
1393 3745 1535 3800 enim
1560 3744 1818 3814 judicium

241 3847 349 3902 pro
375 3834 714 3904 damnatione,
749 3837 892 3891 sicut
928 3837 1057 3892 dicit
1081 3837 1386 3906 Apostolus,
1421 3836 1520 3903 Qui
1550 3853 1650 3890 non
1677 3852 1823 3889 man-

239 3925 423 3991 ducet,
465 3931 848 3983 manducantem
879 3945 978 3983 non
1012 3929 1208 3997 judicet
1244 3928 1435 3998 (Rom.
1477 3943 1590 3994 xw,
1619 3926 1687 3996 5)
1722 3945 1734 3980 :
1767 3927 1824 4012 id

243 4025 360 4078 est,
390 4032 492 4071 non
523 4018 587 4073 de
621 4019 715 4073 illo
759 4018 900 4072 tnale
931 4017 1223 4072 existimet.
1258 4017 1325 4070 Et
1352 4017 1610 4071 Dominus
1643 4016 1772 4071 dicit
1801 4031 1817 4082 ;

252 4101 412 4157 Nolite
430 4107 682 4176 judicare,
713 4124 779 4161 ne
792 4107 1053 4178 judicetur
1089 4108 1152 4159 de
1191 4108 1325 4161 vobis
1353 4105 1573 4177 (Matth.
1605 4123 1699 4174 vu,
1727 4105 1818 4177 i).

256 4191 364 4248 Non
385 4199 522 4250 enim
543 4198 682 4252 tollit
706 4199 866 4252 nobis
890 4197 1289 4266 intelligentiam
1308 4197 1602 4266 jndicandi,
1626 4213 1745 4251 cum
1769 4206 1823 4251 et

256 4287 493 4354 propheta
521 4289 694 4355 dicat,
730 4288 794 4343 Si
821 4305 935 4342 uere
964 4289 1221 4358 justitiam
1247 4290 1456 4359 diligitis
1475 4331 1489 4356 ,
1529 4299 1662 4343 recta
1675 4290 1824 4360 judi-

254 4387 369 4439 cste,
398 4380 490 4444 ﬁlii
523 4381 788 4434 hominum
819 4378 1007 4450 (Psal.
1040 4396 1170 4445 Lvu,
1199 4380 1304 4450 2);
1333 4389 1387 4433 el.
1415 4382 1527 4449 ipse
1565 4380 1824 4436 Domitius

259 4466 402 4534 dicat,
429 4469 599 4526 Nolite
612 4473 855 4542 judicare
885 4473 1230 4540 personaliter,
1260 4472 1349 4526 sed
1361 4473 1559 4542 justum
1568 4473 1824 4542 judicium

262 4558 460 4624 indicate
493 4563 683 4631 (Joan.
709 4579 806 4628 vn,
842 4561 913 4616 9.5
935 4561 976 4634 ).
1011 4564 1114 4618 Sed
1141 4564 1232 4617 illo
1263 4563 1381 4618 loco
1414 4563 1502 4617 ubi
1522 4573 1663 4618 vetat
1683 4563 1826 4632 judi-

263 4660 388 4714 care,
412 4652 533 4707 illud
552 4654 829 4720 admonet,
853 4669 923 4708 ne
943 4653 1260 4708 damnemus
1285 4653 1538 4723 aliquem,
1566 4653 1718 4722 cujus
1739 4654 1826 4708 vel

265 4742 495 4810 «agitatio
535 4746 691 4801 nobis
721 4760 831 4799 non
861 4755 944 4799 est
970 4756 1183 4814 aperta,
1223 4744 1307 4799 vel
1347 4743 1614 4798 nescimus
1653 4742 1828 4812 qualis

268 4842 426 4896 Ρίιδιω
466 4836 534 4891 sit
562 4835 796 4892 futurus.
840 4835 932 4891 Sic
964 4850 1092 4905 ergo
1126 4850 1248 4889 cum
1291 4834 1454 4901 dixit,
1483 4835 1552 4887 ad
1578 4834 1828 4901 iudicium

269 4937 356 4977 και
386 4931 570 4996 ueniet;
612 4931 716 4984 hoc
741 4929 912 4995 dixit,
955 4929 1078 4997 quia
1105 4942 1211 4981 non
1240 4926 1420 4982 veniet
1442 4926 1509 4981 ad
1533 4925 1830 4981 damnatio-

266 5027 390 5068 nem.
415 5018 509 5084 Qui
528 5033 696 5074 mm
722 5036 825 5072 non
852 5017 1045 5084 credit,
1075 5019 1186 5088 jam
1203 5017 1464 5086 judicatus
1486 5025 1555 5070 est
1582 5017 1601 5086 (
1625 5014 1712 5067 Id.
1740 5030 1824 5079 ιιι,

269 5103 382 5176 18);
412 5111 509 5164 hoc
552 5111 721 5174 dixit,
759 5110 883 5179 quia
916 5108 1028 5178 jam
1060 5108 1342 5161 damnatus
1377 5116 1458 5161 est
1497 5105 1830 5175 prtescientia

259 5194 364 5261 Dei,
392 5202 481 5270 qui
511 5205 652 5256 novit
682 5201 810 5270 quid
842 5200 1118 5254 immineat
1145 5215 1249 5253 non
1270 5197 1628 5252 credentibus.

319 5286 534 5348 CAPUT
575 5290 816 5347 XXVIII.
840 5319 914 5330 —
938 5290 1030 5345 50.
1076 5287 1190 5344 Nec
1236 5289 1322 5360 qui
1367 5288 1539 5342 dicunt
1580 5285 1833 5356 Spiritum

243 5386 542 5452 promissum
562 5387 758 5439 uenisse
780 5385 835 5436 in
862 5381 1054 5450 Paulo,
1081 5393 1168 5435 aut
1190 5380 1459 5447 Montano,
1481 5389 1577 5434 etc.
1606 5378 1716 5434 Nec
1741 5391 1835 5432 eos

238 5472 550 5543 audiamus,
592 5476 682 5545 qui
726 5475 915 5528 dicunt
953 5474 1210 5544 Spiritum
1258 5481 1536 5538 sanctum,
1581 5485 1740 5540 quem
1780 5471 1833 5524 in

231 5562 527 5635 Evangelio
557 5566 818 5620 Dominus
860 5565 1104 5632 promisit
1143 5562 1442 5631 discipulis,
1471 5570 1562 5615 aut
1587 5561 1642 5615 in
1670 5560 1835 5614 Paulo

224 5658 486 5726 apostolo
508 5658 723 5714 venisse
745 5698 764 5725 ,
799 5665 894 5711 aut
923 5656 979 5710 in
1021 5655 1272 5710 Montano
1301 5663 1354 5709 et
1384 5653 1621 5708 Priscilla
1640 5695 1656 5720 ,
1699 5653 1868 5706 sicut~

228 5747 606 5822 Cataplu'yges
629 5751 840 5815 dicunt,
863 5755 958 5802 aut
982 5748 1037 5801 in
1059 5746 1240 5802 nescio
1259 5760 1365 5816 quo
1389 5745 1595 5800 Maneto
1619 5742 1704 5798 vel
1727 5742 1838 5797 Ma-

247 5843 452 5903 tinium
470 5884 488 5916 ,
515 5845 653 5904 sicut
685 5840 972 5904 Manichaei
998 5839 1365 5913 dicunt.lTam
1394 5838 1536 5897 enim
1558 5837 1690 5896 caeci
1713 5842 1840 5897 sunt

1647 415 1853 473 LIBER
1889 415 2089 473 UNUS.

1929 534 2036 602 isti,
2068 544 2124 589 ut
2148 533 2449 603 Scripturas
2475 534 2783 592 manifestas
2801 550 2906 592 non
2934 537 3263 608 intelligant;
3284 545 3379 592 aut
3397 547 3508 595 tam

1926 627 2252 696 negligentes
2282 625 2466 680 salutis
2495 641 2638 690 sum,
2683 636 2740 681 ut
2763 629 2983 683 omnino
3009 644 3115 683 non
3140 628 3338 699 legant.
3369 628 3506 697 Quis

1923 719 2098 782 enim,
2129 735 2250 772 eum
2296 718 2520 788 legerit,
2565 733 2669 772 non
2699 719 2958 788 intelligat
2994 721 3075 773 vel
3117 720 3170 774 in
3214 719 3503 791 Evangelio

1923 809 2065 878 quod
2105 819 2226 878 post
2267 810 2473 863 Domini
2517 810 2961 866 resurrectionem
2991 812 3244 881 scriptum
3271 821 3390 881 est,
3423 811 3508 868 die

1923 912 2075 955 cente
2101 903 2344 968 Domino,
2367 901 2482 973 Ego
2503 904 2648 956 mitto
2671 903 2972 972 promissum
2995 903 3166 960 Patris
3186 908 3280 959 mei
3302 907 3354 959 in
3380 921 3506 972 vos;

1922 1011 2008 1048 vos
2037 1004 2204 1049 autem
2241 997 2404 1049 sedete
2441 996 2522 1049 hic
2555 996 2609 1049 in
2647 997 2871 1062 civitate,
2912 1012 3168 1067 quousque
3219 997 3505 1053 induamini

1921 1087 2100 1140 virtute
2130 1103 2193 1141 ea:
2223 1088 2324 1141 alto
2351 1087 2498 1157 (Luc.
2527 1103 2675 1154 xxxv,
2697 1088 2767 1144 49
2788 1089 2840 1159 )?
2860 1088 2926 1143 Et
2949 1089 3007 1142 in
3031 1088 3248 1143 Actibus
3277 1091 3502 1158 Aposto-
3554 1149 3556 1152 τ

1922 1177 2114 1243 lorum,
2146 1186 2488 1248 posteaquam
2513 1180 2766 1234 Dominus
2791 1179 3049 1235 abscessit
3068 1194 3096 1233 a
3123 1169 3505 1250 discipulorum

1922 1268 2095 1322 oculis
2121 1269 2174 1322 in
2210 1270 2403 1324 cmlum
2429 1310 2444 1335 ,
2471 1269 2659 1324 decem
2688 1269 2874 1324 diebus
2901 1269 3152 1339 peractis,
3194 1269 3281 1324 die
3313 1270 3508 1324 Pente-

1922 1367 2098 1415 costes
2142 1375 2247 1414 non
2286 1359 2568 1414 attendunt
2613 1359 2948 1430 apertissime
2994 1359 3207 1414 venisse
3247 1359 3505 1429 Spiritum

1921 1459 2197 1516 sanctum;
2225 1460 2280 1506 et
2303 1466 2424 1506 cum
2451 1461 2632 1506 essent
2655 1451 2734 1505 illi
2758 1451 2809 1504 in
2835 1451 3071 1517 civitate,
3103 1452 3240 1506 sicut
3260 1466 3353 1506 eos
3379 1459 3506 1506 ante

1921 1551 2220 1606 monuerat,
2248 1542 2550 1611 implevisse
2574 1543 2714 1606 illos,
2743 1542 2813 1596 ita
2834 1549 2896 1596 ut
2915 1543 3262 1612 loquerentur
3287 1543 3503 1612 linguis.

1919 1631 2054 1686 Nam
2076 1632 2301 1687 diversa:
2331 1633 2574 1687 nationes
2593 1648 2711 1702 quae
2731 1641 2856 1686 tunc
2875 1633 3115 1700 aderant,
3142 1631 3506 1704 unusquisque

1921 1724 2249 1780 audientium
2279 1741 2429 1780 suam
2459 1726 2689 1794 linguam
2716 1725 3230 1795 intelligehant(Act.
3253 1742 3307 1786 ιι,
3327 1724 3500 1798 1-11).
3541 1789 3558 1798 7_

1920 1816 2027 1874 Sed
2048 1819 2133 1872 isti
2159 1817 2403 1874 homines
2428 1817 2698 1889 decipiunt
2724 1833 2817 1871 eos
2846 1818 2936 1886 qui
2965 1817 3294 1887 negligentes
3317 1797 3505 1871 catho-
3541 1797 3548 1802 ’

1921 1909 2077 1965 licam
2100 1909 2258 1964 ﬁdem
2281 1910 2320 1975 ⁸,
2353 1919 2406 1963 ει
2431 1909 2599 1978 ipsam
2621 1907 2781 1962 ﬁdem
2808 1922 2958 1961 suam
2986 1922 3105 1978 quas
3133 1907 3184 1962 in
3213 1907 3504 1978 Scripturis

1921 2004 2202 2060 manifesta
2228 2013 2328 2069 est,
2361 2004 2548 2058 nolunt
2571 2003 2779 2058 discere
2803 2004 2847 2072 ⁸,
2894 2012 2949 2058 ει
2996 2003 3135 2072 quod
3161 2013 3244 2058 est
3287 2002 3506 2073 gravius

1921 2105 1977 2151 et
2004 2097 2229 2150 multum
2259 2095 2543 2150 dolendum
2567 2137 2582 2160 ,
2621 2110 2744 2150 cum
2784 2095 2838 2148 in
2878 2094 3150 2153 Catholica
3175 2094 3197 2126 ³
3226 2094 3505 2164 negligen-

1922 2199 2002 2243 ter
2027 2197 2306 2243 versentur
2326 2226 2343 2254 ,
2374 2185 2640 2241 haereticis
2668 2200 2851 2240 aurem
2878 2185 3162 2254 diligenter
3194 2197 3504 2240 accommo-

1921 2281 2069 2336 dant.

1985 2371 2207 2428 CAPUT
2233 2370 2565 2426 XXIX.—5l
2576 2408 2591 2423 .
2609 2369 2717 2424 Nec
2728 2367 2968 2423 audiendi
2979 2368 3260 2423 Donatistae
3269 2379 3506 2439 negantes

1920 2465 2200 2521 Ecclesiam
2231 2481 2318 2534 per
2359 2464 2528 2518 orbem
2549 2479 2654 2517 esse
2669 2461 2928 2528 diffusam.
2962 2461 3191 2515 Donatus
3212 2465 3320 2530 ipse
3339 2478 3371 2513 a
3398 2461 3506 2514 suis

1921 2559 2126 2612 diuisus.
2155 2556 2386 2610 Donatus
2413 2554 2590 2610 Romae
2617 2571 2731 2608 cum
2755 2552 3026 2608 Caeciliano
3064 2568 3271 2606 causam
3294 2551 3463 2605 dicens
3486 2592 3504 2620 ,

1920 2649 2048 2704 nihil
2079 2648 2272 2719 probat.
2305 2646 2587 2701 Donatista:
2621 2643 2940 2715 Baptismum
2972 2643 3069 2697 nisi
3103 2643 3203 2714 ipsi
3249 2642 3498 2707 dederint,

1919 2744 2123 2798 inanem
2159 2759 2265 2796 esse
2303 2739 2494 2795 uolunt.
2534 2739 2643 2794 Nec
2671 2753 2764 2794 eos
2791 2737 3091 2801 audiamus,
3131 2735 3222 2806 qui
3264 2743 3502 2789 sanctam

1920 2834 2234 2900 Ecclesiam,
2280 2849 2398 2903 quae
2426 2847 2532 2887 una
2557 2830 2820 2886 catholica
2843 2838 2943 2894 est,
2972 2836 3164 2899 negant
3193 2841 3290 2897 per
3319 2825 3505 2881 orbem

1921 2941 2042 2982 esse
2082 2925 2349 2992 diﬁ'usam,
2396 2924 2490 2979 sed
2534 2924 2586 2977 in
2613 2923 2725 2977 sola
2766 2920 2964 2987 Africa,
2994 2918 3099 2974 hoc
3122 2928 3226 2985 est,
3259 2918 3315 2972 in
3355 2925 3509 2986 parte

1922 3017 2111 3072 Donati
2155 3017 2356 3085 pollere
2393 3015 2738 3070 arbitrantur.
2781 3013 2856 3067 lta
2904 3011 3051 3067 surdi
3088 3018 3212 3065 sunt
3248 3009 3507 3064 adversus

1921 3109 2235 3180 prophetam
2279 3107 2565 3172 dicentem,
2608 3103 2776 3157 Filius
2822 3118 2962 3156 meus
3004 3117 3055 3155 es
3103 3109 3178 3168 tu,
3225 3115 3317 3168 ego
3361 3096 3510 3150 hodie

1919 3201 2071 3272 genui
2097 3209 2144 3253 te
2162 3214 2181 3252 :
2206 3198 2406 3268 postulo
2429 3213 2460 3248 a
2484 3212 2581 3262 me,
2619 3205 2666 3248 et
2690 3193 2818 3247 dabo
2849 3193 2936 3247 tibi
2960 3200 3130 3262 gentes
3168 3188 3510 3243 hwreditatem

1923 3300 2081 3358 tuam,
2119 3300 2165 3344 et
2195 3289 2552 3360 possessionem
2594 3297 2732 3338 tuam
2760 3285 2996 3338 terminos
3044 3293 3190 3336 terra:
3219 3280 3392 3338 (Psal.
3430 3294 3506 3345 ιι,

1923 3383 1974 3450 7,
2009 3381 2088 3454 8).
2129 3382 2196 3436 Et
2215 3381 2314 3434 alia
2344 3379 2528 3445 multa,
2556 3377 2668 3432 sive
2694 3377 2748 3430 in
2770 3374 3001 3438 Veteris,
3031 3372 3143 3428 sive
3166 3373 3218 3425 in
3248 3371 3379 3424 Novi
3405 3369 3510 3426 Te-

1922 3475 2171 3530 stamenti
2201 3473 2373 3539 libris,
2416 3486 2534 3540 qua:
2561 3469 2758 3539 scripta
2787 3476 2929 3530 sunt,
2959 3476 3020 3520 ut
3043 3465 3379 3535 apertissime
3406 3461 3509 3516 de-

1923 3567 2125 3621 clarent
2149 3562 2442 3619 Ecclesiam
2472 3558 2667 3614 Christi
2693 3573 2790 3627 per
2815 3556 2999 3611 urbem
3025 3566 3182 3610 terrm
3207 3567 3327 3608 esse
3353 3549 3510 3605 diffu-

1923 3672 2058 3713 sam.
2099 3655 2252 3722 Quod
2279 3668 2402 3709 cum
2429 3653 2507 3708 eis
2531 3650 2829 3720 ohjicimus,
2858 3648 3040 3703 dicunt
3060 3646 3168 3714 jam
3189 3644 3290 3698 ista
3329 3642 3510 3697 omnia

1923 3750 2086 3806 fuisse
2133 3747 2429 3817 completa,
2479 3753 2762 3814 antequam
2806 3749 2951 3797 esset
2997 3753 3118 3808 pars
3156 3737 3366 3800 Donati,
3414 3735 3512 3791 sed

1925 3849 2106 3911 postea
2157 3847 2321 3893 totam
2380 3835 2674 3891 Ecclesiam
2702 3834 2924 3904 perisse,
2956 3840 3013 3886 et
3065 3831 3118 3884 in
3161 3828 3276 3882 sola
3320 3826 3510 3882 Donati

1923 3946 2078 4007 parte
2116 3933 2367 4004 reliquias
2412 3931 2530 4001 ejus
2575 3929 2893 3984 remansisse
2933 3924 3278 3980 contendunt.
3321 3919 3366 3978 0
3410 3920 3513 3974 lin-

1925 4044 2082 4100 gnam
2122 4027 2404 4096 superbam
2441 4035 2496 4079 ει
2517 4022 2807 4078 nefariam!
2855 4035 2952 4074 nec
2980 4020 3024 4074 si
3051 4012 3189 4072 vere
3239 4016 3319 4070 sic
3365 4014 3513 4068 vive-

1927 4129 2065 4185 rent,
2098 4126 2156 4170 ut
2181 4117 2265 4170 vel
2292 4116 2428 4168 inter
2455 4129 2514 4168 se
2538 4129 2724 4182 pacem
2767 4119 2949 4180 postea
2979 4107 3328 4162 custodirent.
3358 4103 3512 4158 Nunc

1927 4220 2105 4265 autem
2130 4224 2238 4263 non
2267 4205 2544 4260 attendunt
2565 4210 2674 4273 jam
2711 4205 2763 4257 in
2804 4203 2917 4271 ipso
2959 4202 3163 4253 Donato
3187 4196 3512 4265 completum

1931 4303 2093 4358 fuisse
2117 4301 2257 4370 quod
2286 4298 2484 4352 dictum
2511 4305 2614 4362 est,
2643 4295 2710 4348 In
2736 4311 2836 4364 qua
2857 4309 3089 4345 mensura
3111 4289 3266 4343 mensi
3293 4287 3511 4358 fueritis,

1927 4396 1982 4448 in
2003 4409 2061 4447 ea
2080 4387 2363 4445 remetietur
2380 4388 2516 4441 vobis
2541 4386 2755 4456 (Matth.
2782 4400 2876 4449 vti,
2903 4382 2983 4451 ἓ).
3025 4381 3173 4435 Sicut
3192 4379 3332 4433 enim
3353 4376 3514 4429 Chri-

1930 4495 2070 4539 stum
2097 4479 2336 4536 dividere
2363 4485 2586 4533 conatus
2609 4485 2708 4541 est,
2740 4476 2817 4529 sic
2855 4475 2969 4543 ipse
3011 4488 3040 4524 a
3069 4471 3179 4524 suis
3207 4465 3515 4534 quotidiana

1931 4575 2238 4633 concisione
2281 4573 2552 4628 dividitur.
2612 4569 2695 4624 Ad
2742 4568 2845 4622 hoc
2902 4566 3061 4620 etiam
3107 4562 3341 4634 pertinet
3384 4559 3516 4614 illud

1930 4668 2073 4740 quod
2096 4666 2350 4722 Dominus
2379 4663 2525 4729 dicit,
2570 4662 2670 4728 Qui
2693 4661 2825 4715 enim
2851 4658 3020 4728 gladio
3055 4653 3370 4727 percusserit,
3399 4651 3517 4722 gla-

1932 4761 2016 4815 dio
2060 4760 2300 4813 morietur
2329 4755 2440 4826 (Id.
2487 4770 2633 4820 xxw,
2665 4752 2776 4823 52).
2817 4749 3037 4806 Gladius
3073 4747 3215 4801 enim
3245 4742 3342 4800 illo
3369 4743 3511 4808 loco,

1933 4849 2194 4919 siquidem
2242 4849 2293 4902 in
2320 4847 2462 4900 malo
2507 4844 2710 4914 positus
2739 4850 2840 4904 est,
2872 4837 3254 4894 discordiosam
3279 4834 3519 4904 linguam

1934 4941 2215 5011 signiﬁcat,
2247 4954 2350 5008 qua
2397 4947 2521 4991 tunc
2550 4935 2637 4989 ille
2679 4932 2863 4988 infelix
2891 4930 3184 4985 Ecclesiam
3211 4925 3516 4997 percussit,

1935 5033 2028 5088 sed
2057 5046 2164 5085 non
2189 5028 2402 5084 occidit.
2431 5026 2548 5081 Non
2588 5025 2730 5080 enim
2755 5022 2894 5077 dixit
2934 5020 3216 5085 Dominus,
3246 5015 3346 5084 Qui
3371 5015 3520 5070 occi-

1935 5125 2074 5181 derit
2111 5123 2306 5194 gladio,
2338 5120 2514 5191 gladio
2556 5118 2813 5172 morietur
2836 5108 2866 5181 ;'
2897 5113 3014 5180 sed,’
3060 5111 3159 5178 Qui
3186 5109 3358 5181 gladio
3394 5123 3520 5161 usus

1937 5217 2106 5288 fuerit,
2135 5214 2324 5284 inquit,
2355 5211 2524 5282 gladio
2545 5209 2804 5263 morietur.
2844 5206 2986 5274 Ergo
3014 5203 3102 5258 ille
3130 5199 3392 5270 percussit
3410 5196 3519 5251 Ec-

1938 5310 2152 5364 clesiam
2189 5308 2365 5376 lingua
2390 5305 2638 5374 litigiosa,
2667 5292 2779 5372 qua.
2798 5314 2942 5354 nunc
2970 5299 3084 5367 ipse
3111 5293 3427 5358 conciditur,
3459 5300 3518 5346 ut

1939 5399 2156 5456 omnino
2178 5399 2623 5468 dispereatatque
2642 5393 2918 5449 moriatur.
2947 5390 3014 5445 Et
3037 5398 3210 5442 tamen
3239 5384 3370 5440 illud
3396 5392 3521 5438 tunc

2005 5533 2194 5596 tum.
2221 5531 2305 5596 qui
2319 5529 2727 5596 negligentem!
2742 5520 3189 5596 inpatheliwﬁde;

1939 5575 2531 5659 mgtﬁzni'iéﬁaiibiiéi’dﬁ
2539 5575 2725 5654 fidem}
2743 5575 2838 5648 vel,
2856 5575 2938 5650 qui
2952 5575 3240 5648 negligentes
3255 5579 3309 5631 in
3320 5575 3522 5628 callidi-

1940 5655 2281 5766 ωῗιέῑὲῖξιίν-
2333 5724 2385 5767 et
2427 5715 2594 5780 plures
2611 5721 2721 5780 διξε-
2745 5718 2800 5780 AP
2837 5719 2935 5757 Αωο
2960 5713 3034 5780 EF:
3065 5711 3211 5780 P911.
3236 5699 3428 5780 ,ίῖίέἓτεο

1945 5765 2405 5895 ὼωιιιιίιίιωιί,
2429 5765 2528 5842 'ftde
2547 5765 2573 5828 1-
2598 5777 2734 5837 Cujus
2777 5771 2881 5825 loco.
2925 5765 3170 5817 subaudiri
3194 5769 3388 5828 potest.
3432 5769 3525 5820 Eo-
