3896 6382
498 269 600 332 811

500 396 661 460 pacto
700 387 982 445 commode
1019 386 1369 443 intimandum
1398 387 1499 451 sit;
1542 385 1684 440 unde
1725 382 2084 449 exordienda,

500 495 784 552 quousque
807 480 877 535 sit
901 478 1243 549 perducenda
1266 478 1501 533 narratio
1521 493 1535 543 ;
1558 487 1735 531 utrum
1759 474 2086 531 exhortatio-

501 587 630 627 nem
659 572 890 641 aliquam
935 571 1215 629 terminata
1258 570 1563 625 narratione
1607 566 1861 622 adhibere
1898 564 2090 619 debea-

503 684 624 723 mus
644 710 658 735 ,
710 683 777 723 an
808 674 1075 737 pracepta
1100 668 1212 721 sola
1230 706 1245 732 ,
1294 664 1489 734 quibus
1518 661 1863 717 observandis
1887 659 1973 714 cui
2012 659 2085 713 lo—

502 760 719 829 quimur
757 759 970 814 noverit
1008 757 1355 812 christianam
1398 756 1559 809 vitam
1599 752 2091 824 professionemque

503 852 725 908 retineri
752 853 792 905 ι.
840 851 997 921 Saepe
1023 859 1197 904 autem
1225 848 1320 903 tibi
1349 847 1606 903 accidisse
1632 844 1907 901 confessus
1936 852 2092 911 atque

504 952 835 1013 conquestus
855 958 933 1006 es,
964 950 1022 996 ut
1050 942 1102 995 in
1130 954 1377 995 sermone
1397 938 1554 1008 longe
1583 946 1637 991 et
1664 935 1843 1005 tepido
1863 934 1958 988 tibi
1981 934 2093 1017 ipse

504 1036 798 1090 vilesceres
848 1048 1102 1105 essesque
1150 1032 1385 1097 fastidio,
1442 1030 1638 1086 nedum
1685 1028 1762 1082 illi
1809 1042 1968 1098 quem
2012 1025 2095 1080 le-

507 1127 725 1196 quendo
754 1126 1055 1191 imbuebas,
1086 1135 1141 1181 et
1167 1125 1377 1181 caeteris
1402 1124 1493 1194 qui
1520 1122 1798 1177 audientes
1823 1121 2046 1175 aderant
2077 1136 2090 1173 :

510 1233 703 1287 caque.
729 1228 779 1273 te
824 1219 1143 1274 necessitate
1184 1217 1346 1271 fuisse
1384 1216 1716 1285 compulsum
1741 1254 1757 1279 ,
1807 1222 1865 1267 ut
1906 1227 1966 1266 ea
2011 1224 2099 1265 me

508 1324 668 1378 quam
685 1309 775 1364 tibi
795 1308 966 1365 debeo
981 1308 1236 1364 charitatc
1261 1308 1629 1377 compelleres,
1649 1322 1716 1361 ne
1740 1319 1988 1375 gravarer
2011 1302 2096 1357 in-

509 1407 597 1455 ter
624 1400 999 1470 occupationes
1024 1415 1172 1456 meas
1197 1400 1289 1455 tibi
1313 1399 1379 1455 de
1405 1399 1503 1453 hac
1528 1414 1587 1453 re
1616 1396 1814 1467 aliquid
1831 1395 2092 1450 scribere.

582 1490 639 1545 2.
676 1492 784 1561 Ego
811 1507 938 1547 vero
964 1507 1070 1547 non
1100 1507 1163 1547 ea
1194 1502 1396 1547 tantum
1428 1507 1584 1561 quam
1615 1490 1944 1543 familiariter
1973 1487 2097 1555 tibi,

511 1584 610 1640 sed
659 1586 818 1641 etiam
866 1601 1024 1655 quam
1078 1586 1234 1641 matri
1278 1586 1532 1642 Ecclesia
1585 1584 1954 1639 universaliter
2004 1582 2099 1637 de-

510 1676 648 1743 beo,
697 1678 959 1734 charitate
993 1693 1057 1734 ac
1092 1680 1347 1735 servitute
1390 1680 1715 1749 compellor,
1758 1680 1803 1733 si
1842 1678 1967 1747 quid
2009 1693 2104 1748 per

513 1783 737 1837 operam
777 1784 952 1824 meam
982 1785 1142 1839 quam
1165 1771 1377 1827 Domini
1405 1771 1571 1825 nostri
1612 1772 1856 1840 largitate
1889 1785 2103 1839 possum

515 1860 775 1915 exhibere
795 1902 809 1927 ,
842 1861 985 1916 idem
1013 1877 1106 1918 eos
1136 1863 1393 1918 Dominus
1419 1880 1553 1933 quos
1583 1864 1714 1917 mihi
1742 1861 1935 1918 fratres
1960 1864 2101 1930 fecit,

514 1950 761 2019 adjuvari
804 1952 987 2020 jubet,
1040 1955 1393 2011 nullomodo
1440 1972 1726 2021 recusare,
1784 1956 1877 2010 sed
1932 1958 2106 2025 potius

514 2050 769 2112 prompta
798 2053 852 2096 et
878 2042 1075 2098 devota
1101 2046 1370 2100 voluntate
1399 2047 1687 2116 suscipere.
1722 2046 1932 2112 Quanto
1962 2046 2106 2100 enim

516 2131 681 2199 cupio
729 2132 885 2186 latius
930 2134 1184 2204 erogari’
1231 2136 1510 2205 pecuniam
1554 2135 1914 2203 dominicam,
1960 2146 2107 2191 tanto

514 2222 690 2291 magis
724 2238 812 2278 me
840 2232 1054 2293 oportet
1077 2267 1092 2292 ,
1134 2226 1179 2280 si
1210 2241 1369 2297 quam
1397 2227 1792 2297 dispensatores
1817 2242 2106 2282 conservos

514 2324 668 2366 meos
714 2312 1089 2371 difficultatem
1139 2316 1192 2370 in
1236 2317 1504 2387 erogande
1551 2318 1753 2373 sentire
1797 2330 2063 2387 cognosco
2088 2359 2104 2384 ,

516 2416 683 2472 agere
722 2416 980 2475 quantum
1012 2408 1065 2461 in
1097 2424 1183 2464 me
1212 2418 1324 2476 est,
1374 2419 1430 2463 ut
1469 2409 1623 2465 facile
1663 2421 1820 2481 atque
1861 2411 2109 2481 expedite

517 2496 764 2564 possint,
794 2498 937 2567 quod
966 2500 1191 2570 impigre
1218 2516 1283 2556 ac
1313 2500 1551 2556 studiose
1581 2502 1787 2557 volunt.

588 2585 819 2644 CAPUT
859 2589 924 2644 ll.
958 2620 1027 2631 —
1051 2591 1104 2646 5.
1136 2591 1317 2646 Sermo
1349 2609 1483 2663 saepe
1518 2594 1604 2664 qui
1644 2594 1873 2649 audienti
1911 2596 2105 2666 placet,

518 2678 755 2749 displicet
787 2681 971 2736 dicenti
997 2699 1016 2735 :
1042 2684 1175 2737 unde
1200 2683 1253 2737 id
1277 2685 1553 2755 contingat.
1589 2685 1688 2753 Qui
1714 2704 1991 2742 sermonem
2013 2689 2108 2743 ha-

516 2770 605 2824 bet
627 2812 643 2837 ,
673 2781 809 2825 curet
846 2781 900 2825 ut
924 2774 1033 2827 sine
1072 2774 1279 2843 fastidio
1310 2786 1355 2829 et
1380 2776 1609 2829 hilariter
1634 2777 1788 2830 dicat.
1831 2777 1937 2834 Sed
1966 2779 2109 2849 quod

518 2864 594 2919 ad
619 2875 762 2919 tuam
807 2868 1022 2938 proprie
1047 2870 1528 2926 considerationem
1559 2874 1824 2941 pertinet,
1869 2877 2032 2930 nolim
2060 2884 2112 2931 te

520 2959 727 3013 moveri
757 2974 825 3013 ex
854 2975 920 3015 eo
948 2961 1091 3031 quod
1116 2976 1259 3031 sape
1284 2964 1379 3019 tibi
1399 2964 1665 3034 abjeclum
1695 2982 1997 3024 sermonem
2028 2969 2110 3024 fa-

518 3051 911 3123 stidiosumque
938 3052 1135 3110 habere
1161 3056 1307 3111 visus
1330 3073 1408 3112 es.
1439 3056 1579 3113 Fieri
1605 3060 1747 3115 enim
1776 3071 1952 3131 potest
1978 3069 2036 3116 ut
2061 3063 2111 3116 ei

519 3157 687 3213 quem
718 3144 1021 3201 instruebas
1047 3160 1153 3200 non
1195 3150 1267 3202 ita
1304 3149 1373 3203 sit
1400 3150 1573 3204 visum
1600 3192 1613 3215 ,
1644 3151 1739 3207 sed
1782 3154 1903 3222 quia
1936 3163 1991 3207 tu
2016 3154 2113 3208 ali-

522 3236 654 3306 quid
681 3236 873 3292 melius
900 3238 1073 3293 audiri
1102 3238 1443 3297 desiderabas
1462 3284 1477 3309 ,
1514 3260 1578 3298 eo
1606 3244 1698 3299 tibi
1725 3245 1865 3315 quod
1895 3246 2111 3301 dicebas

522 3328 799 3386 videretur
837 3330 1111 3401 indignum
1149 3333 1367 3390 auribus
1410 3335 1658 3391 aliorum.
1707 3337 1840 3391 Nam
1881 3347 1936 3393 et
1982 3339 2111 3393 mihi

522 3438 697 3493 prope
730 3440 943 3495 semper
985 3441 1164 3481 sermo
1204 3443 1357 3483 meus
1388 3429 1650 3498 displicet.
1699 3431 1929 3486 Melioris
1969 3431 2111 3487 enim

522 3516 715 3572 avidus
742 3532 883 3584 sum,
913 3534 1019 3587 quo
1049 3535 1192 3588 sape
1218 3520 1368 3575 fruor
1394 3522 1615 3578 interius
1634 3564 1647 3588 ,
1676 3534 1961 3594 antequam
1989 3540 2111 3579 eum

464 3654 477 3666 .
524 3608 795 3678 explicare
823 3608 1005 3663 verbis
1032 3612 1344 3667 sonantibus
1372 3628 1587 3683 capere
1615 3615 1791 3684 :quod
1818 3615 1906 3670 ubi
1936 3616 2113 3670 minus

523 3715 688 3770 quam
731 3699 862 3754 mihi
909 3709 1065 3756 notus
1094 3713 1177 3757 est
1221 3704 1507 3771 evaluere,
1550 3706 1837 3760 contristor
1879 3706 2113 3776 linguam

522 3807 703 3848 meam
724 3792 876 3848 cordi
896 3808 1017 3849 meo
1038 3809 1145 3850 non
1166 3798 1402 3866 potuisse
1423 3798 1444 3829 ³
1466 3797 1731 3853 suflicere.
1757 3799 1948 3853 Totum
1968 3800 2111 3853 enim

522 3884 669 3953 quod
690 3885 950 3956 intelligo,
975 3887 1098 3941 velo
1122 3897 1182 3942 ut
1205 3889 1294 3957 qui
1315 3905 1401 3942 me
1425 3889 1573 3942 audit
1594 3888 1889 3960 intelligat;
1916 3900 1973 3944 et
1992 3905 2116 3945 sen-

524 3978 603 4035 tio
637 3994 723 4035 me
751 3994 859 4033 non
887 3979 961 4033 ita
990 3979 1135 4049 loqui
1160 4021 1174 4046 ,
1205 3990 1264 4035 ut
1293 3980 1396 4035 hoc
1426 3980 1655 4035 efficiam
1691 4001 1705 4036 :
1737 3983 1966 4036 maxime
1992 3983 2115 4052 quia

522 4070 620 4127 ille
661 4072 963 4127 intellectus
1001 4074 1154 4144 quasi
1199 4074 1383 4144 rapida
1428 4066 1798 4133 coruscatione
1846 4076 2119 4147 perfundit

521 4164 797 4229 animum;
832 4165 919 4219 illa
945 4174 1123 4221 autem
1166 4166 1365 4223 locutio
1394 4167 1543 4222 tarda
1582 4177 1636 4223 et
1664 4170 1823 4241 longa
1852 4181 1936 4225 est
1954 4214 1969 4238 ,
1998 4172 2115 4227 lon-

521 4269 698 4326 geque
726 4255 1000 4312 dissimilis
1032 4276 1045 4311 :
1077 4268 1132 4313 et
1155 4257 1280 4312 dum
1310 4258 1409 4313 ista
1437 4260 1671 4316 volvitur
1690 4304 1704 4327 ,
1729 4262 1841 4332 jam
1865 4278 1924 4318 se
1950 4264 2037 4319 ille
2064 4265 2114 4318 in

521 4360 734 4406 secreta
768 4366 862 4406 sua
902 4351 1185 4407 condidit:
1217 4361 1394 4408 tamen
1440 4354 1565 4424 quia
1603 4358 1825 4428 vestigia
1871 4358 2115 4427 quadam

523 4442 665 4499 miro
694 4442 856 4498 modo
885 4444 1157 4513 impressit
1190 4446 1499 4512 memoria,
1544 4448 1833 4517 perdurant
1871 4452 1960 4504 illa
1994 4466 2116 4505 cum

523 4534 851 4605 syllabarum
883 4536 1133 4600 merulis;
1162 4547 1320 4606 atque
1345 4554 1411 4591 ex
1435 4538 1637 4593 eisdem
1662 4541 1895 4611 vestigiis
1922 4558 2119 4596 sonan-

524 4624 601 4679 tia
625 4626 774 4694 signa
806 4627 1110 4695 peragimus
1134 4667 1148 4691 ,
1181 4642 1301 4697 qua
1338 4629 1517 4699 lingua
1564 4630 1758 4687 dicitur
1794 4635 1880 4688 vel
1920 4634 2114 4704 latina,

524 4714 614 4769 vel
641 4729 813 4783 graeca
835 4755 850 4780 ,
893 4715 979 4770 vel
1004 4715 1246 4785 hebraa,
1274 4719 1359 4773 vel
1384 4720 1485 4775 alia
1515 4723 1800 4791 qualibet;
1824 4725 1935 4780 sive
1963 4727 2114 4798 cogi-

526 4817 708 4863 tentur
734 4807 847 4862 hac
876 4810 1053 4879 signa,
1084 4811 1197 4866 sive
1223 4811 1383 4868 etiam
1411 4830 1544 4870 voce
1574 4816 1947 4884 proferantur;
1993 4836 2113 4876 cum

528 4898 620 4958 illa
668 4900 888 4971 vestigia
934 4917 1033 4957 nec
1058 4903 1275 4975 latina,
1316 4921 1416 4960 nec
1469 4922 1679 4977 graca,
1733 4909 1817 4964 vel
1871 4910 2114 4980 bebraa,

525 5006 629 5047 nec
678 4991 936 5062 cujusque
978 4994 1195 5049 alterius
1239 4996 1415 5065 gentis
1462 4998 1570 5052 sint
1618 5001 1854 5069 propria,
1902 5002 1997 5057 sed
2044 5003 2116 5057 ita

524 5086 825 5143 efficiantur
867 5084 920 5138 in
968 5086 1179 5151 animo,
1224 5096 1284 5140 ut
1322 5088 1501 5143 vultus
1548 5090 1602 5143 in
1647 5106 1893 5162 corpore.
1947 5094 2120 5150 Aliter

525 5181 670 5238 enim
702 5179 865 5234 latine
888 5177 968 5232 ira
996 5177 1221 5245 dicitur,
1253 5179 1411 5235 aliter
1428 5195 1619 5251 grace,
1649 5183 1803 5239 aliter
1829 5192 1989 5256 atque
2018 5189 2118 5242 ali-

525 5286 607 5331 ter
652 5272 876 5327 aliarum
909 5271 1218 5327 diversitate
1252 5270 1552 5342 linguarum
1585 5291 1598 5327 :
1628 5289 1738 5329 non
1778 5274 1955 5333 autem
2000 5279 2120 5334 lati-

524 5383 626 5424 nus
670 5373 763 5421 aut
800 5379 1009 5435 graecus
1046 5374 1130 5419 est
1155 5364 1329 5417 vultus
1369 5363 1509 5418 irati.
1550 5363 1666 5419 Non
1705 5365 1884 5438 itaque
1930 5386 2117 5428 omnes

525 5468 711 5532 gentes
734 5455 1059 5527 intelligunt,
1081 5469 1204 5510 cum
1225 5454 1451 5525 quisque
1477 5455 1626 5525 dicit,
1655 5456 1825 5516 lratus
1855 5476 1994 5531 sum,
2023 5464 2117 5521 sed

590 5618 605 5648 ¹
643 5616 714 5663 Sic
733 5616 782 5664 in
806 5623 912 5665 Mss.
939 5620 996 5664 At
1015 5614 1067 5663 in
1090 5613 1250 5677 editis,
1272 5614 1497 5667 retinere.

592 5680 611 5742 ξ
645 5678 762 5742 editi
775 5710 790 5735 ,
813 5688 1031 5741 erogare.
1058 5683 1114 5726 At
1136 5681 1265 5737 Mss,
1288 5678 1496 5742 erogari.

595 5738 615 5768 ³
650 5737 785 5799 aditi,
1095 5747 1219 5804 Mss,
1239 5752 1334 5795 non
1351 5737 1570 5805 noluisse.

1382 271 1471 328 DE
1509 268 2042 328 CATECHIZANDIS
2082 265 2400 338 RUDIBUS,
2438 268 2495 326 S.
2538 270 2905 330 AUGUSTINI
3612 291 3695 353 τίς

2200 382 2372 439 Latini
2396 394 2595 440 tantum
2612 404 2624 441 :
2644 395 2698 441 at
2712 388 2755 442 si
2768 386 2987 443 affectus
2998 388 3415 451 exeandescentis
3428 397 3567 456 animi
3576 416 3695 466 exeat

2195 475 2250 530 in
2297 476 2504 541 faciem,
2546 477 2856 548 vultumque
2904 478 3062 546 faciat
3087 476 3180 552 (ιι),
3208 496 3383 540 omnes
3414 491 3691 565 sentiuntqui

2197 568 2471 624 intuentur
2489 570 2699 624 iratum.
2725 570 2832 632 Sed
2859 585 3032 641 neque
3059 572 3125 625 ita
3148 572 3266 627 licet
3284 575 3494 635 educere
3515 591 3562 636 et
3582 589 3692 655 quasi

2198 662 2540 731 experrigere
2575 662 2628 716 in
2657 676 2872 717 sensum
2912 662 3231 718 audientium
3264 682 3352 734 per
3387 682 3554 725 sonum
3587 679 3695 732 vocis

2200 751 2290 805 illa
2311 752 2554 822 vestigia,
2579 768 2695 823 qua
2720 753 2974 824 imprimit
2996 755 3289 812 intellectus
3312 760 3574 828 memoria,
3592 766 3693 821 sicut

2201 855 2416 915 apertus
2436 854 2490 900 et
2513 844 2826 901 manifestus
2846 854 2927 901 est
2952 846 3130 901 vultus
3160 864 3174 901 :
3206 848 3292 921 illa
3316 851 3449 904 enim
3469 862 3575 906 sunt
3592 855 3697 911 intus

2203 935 2257 991 in
2283 937 2482 1004 animo,
2513 936 2612 991 iste
2635 937 2762 991 foris
2784 938 2836 990 in
2858 951 3101 1006 corpore.
3125 938 3442 1009 Quapropter
3466 944 3696 1012 conjicien-

2202 1027 2329 1083 dum
2359 1038 2440 1083 est
2465 1036 2720 1105 quantum
2745 1029 2906 1085 distet
2934 1045 3096 1085 sonus
3121 1031 3228 1086 oris
3249 1031 3409 1086 nostri
3442 1033 3501 1087 ab
3527 1036 3602 1090 illo
3623 1038 3699 1091 ictu

2204 1121 2583 1191 intelligentiae,
2614 1122 2826 1192 quando
2856 1138 2922 1178 ne
2945 1123 3044 1192 ipsi
3067 1123 3277 1194 quidem
3302 1124 3602 1194 impressioni
3622 1145 3703 1183 mc-

2205 1214 2389 1270 moria
2415 1214 2602 1269 similis
2630 1223 2728 1269 est.
2758 1213 2866 1271 Nos
2891 1226 3067 1270 autem
3111 1216 3410 1286 plerumque
3436 1218 3484 1272 in
3508 1219 3705 1274 auditoris

2207 1306 2487 1360 utilitatem
2527 1304 2870 1361 vehementer
2901 1305 3180 1372 ardentes,
3214 1308 3284 1362 ita
3322 1308 3456 1378 loqui
3482 1310 3700 1377 volumus,

2207 1396 2653 1467 quemadmodum
2683 1407 2805 1451 tunc
2838 1397 3199 1469 intelligimus,
3238 1414 3353 1454 cum
3381 1415 3467 1469 per
3493 1400 3630 1469 ipsam
3650 1401 3705 1455 in-

2207 1489 2500 1544 tentionem
2530 1489 2674 1559 loqui
2717 1504 2821 1543 non
2868 1504 3151 1559 possumus
3182 1508 3194 1543 :
3224 1501 3275 1545 et
3299 1491 3415 1560 quia
3443 1507 3538 1545 non
3568 1506 3707 1545 succe-

2208 1580 2317 1648 dit,
2346 1582 2593 1653 angimur
2617 1623 2631 1647 ,
2677 1589 2732 1637 et
2754 1582 2897 1637 velut
2933 1580 3131 1637 frustra
3169 1598 3379 1653 operam
3406 1583 3706 1649 insumamus,

2211 1674 2368 1729 taedio
2406 1673 2817 1736 marcescimus;
2858 1682 3021 1744 atque
3049 1688 3125 1729 ex.
3151 1675 3266 1743 ipse
3294 1674 3442 1729 taedio
3479 1673 3709 1743 languidior

2211 1766 2270 1819 fit
2296 1766 2435 1820 idem
2463 1779 2662 1832 sermo,
2695 1772 2749 1820 et
2775 1763 3017 1821 hebetior
3036 1781 3198 1835 quam
3221 1773 3354 1834 erat,
3377 1763 3503 1820 unde
3525 1763 3711 1835 perduxit

2209 1857 2276 1912 ad
2304 1858 2537 1911 tadium.

2280 1953 2335 2007 4.
2366 1951 2471 2007 Sed
2498 1951 2627 2006 mihi
2668 1966 2811 2022 saepe
2844 1950 3043 2007 indicat
3080 1966 3263 2007 eorum
3290 1950 3538 2015 studium,
3564 1948 3711 2018 quime

2211 2043 2395 2099 audire
2452 2045 2704 2114 cupiunt,
2769 2059 2875 2099 non
2930 2045 2999 2099 ita
3053 2058 3175 2099 esse
3233 2041 3468 2113 frigidum
3510 2038 3713 2107 eloquium

2211 2152 2426 2205 meum,
2474 2146 2532 2192 ut
2572 2138 2778 2192 videtur
2830 2136 2962 2191 mihi
2998 2154 3012 2189 :
3055 2146 3110 2191 et
3153 2151 3244 2191 eos
3274 2134 3391 2190 inde
3432 2131 3603 2203 aliquid
3626 2130 3714 2183 utile

2213 2244 2433 2298 capere,
2489 2245 2553 2284 ex
2594 2245 2780 2285 eorum
2822 2228 3176 2285 delectatione
3220 2241 3501 2297 cognosco;
3539 2237 3716 2278 mecum-

2212 2336 2317 2390 que
2355 2336 2454 2391 ago
2497 2321 2714 2387 sedulo,
2763 2329 2820 2375 ut
2859 2320 2986 2376 huic
3022 2318 3323 2375 exhibendo
3358 2314 3617 2371 ministerio
3641 2326 3716 2366 non

2213 2413 2382 2469 desim
2408 2456 2422 2480 ,
2454 2415 2505 2468 in
2536 2430 2642 2484 quo
2672 2415 2791 2470 illos
2831 2414 2985 2469 video
3025 2413 3165 2470 bene
3191 2412 3426 2482 accipere
3459 2407 3583 2480 quod
3612 2404 3719 2460 exhi-

2212 2502 2388 2559 betur.
2422 2504 2509 2560 Sic
2542 2515 2596 2560 et
2640 2516 2728 2571 tu,
2764 2520 2829 2560 ee
2859 2504 2974 2574 ipso
3011 2504 3157 2574 quod
3194 2503 3261 2559 ad
3292 2513 3342 2558 te
3387 2501 3561 2569 sapius
3600 2494 3719 2551 addu-

2214 2604 2407 2650 cuntur
2435 2598 2523 2666 qui
2554 2596 2659 2651 ﬁde
2688 2596 2958 2652 imbuendi
2984 2605 3140 2665 sunt,
3175 2596 3336 2651 debes
3361 2593 3619 2661 intelligere
3647 2600 3719 2641 non

2216 2689 2289 2744 ita
2313 2689 2596 2759 displicere
2636 2689 2752 2743 aliis
2791 2704 3095 2744 sermonem
3126 2699 3273 2744 tuum
3299 2697 3354 2743 ut
3376 2685 3593 2757 displicet
3613 2679 3683 2735 tibi
3709 2695 3718 2730 ε

2214 2796 2316 2835 nec
2365 2780 2748 2835 infructuosum
2798 2790 2848 2837 te
2891 2781 3055 2837 debes
3100 2791 3325 2853 putare,
3380 2778 3509 2849 quod
3552 2790 3603 2830 ea
3640 2786 3720 2841 till-'9

2215 2873 2391 2928 cernis
2429 2886 2534 2927 non
2581 2872 2814 2943 explicas
2864 2873 2932 2928 ita
2984 2883 3041 2927 ut
3077 2875 3267 2944 cupis;
3312 2868 3510 2943 quando
3550 2866 3657 2921 forte
3684 2870 3721 2914 ut

2215 2965 2365 3035 cupis
2393 2980 2489 3019 nec
2528 2979 2749 3020 cernere
2778 2965 2976 3020 valeas.
3003 2965 3137 3033 Quis
3175 2964 3317 3020 enim
3345 2964 3398 3017 in
3439 2961 3527 3015 hac
3549 2957 3633 3011 vita
3653 2950 3722 3007 nisi

2217 3057 2270 3112 in
2300 3057 2579 3127 anigmate
2620 3067 2673 3112 et
2709 3073 2804 3128 per
2836 3057 3109 3127 speculum
3153 3057 3293 3113 videt
3319 3055 3362 3128 (Ι
3386 3052 3493 3109 Cor.
3519 3065 3612 3114 xm,
3632 3043 3724 3112 ην

2215 3149 2325 3206 Nec
2352 3151 2467 3220 ipse
2490 3166 2639 3204 amor
2666 3158 2840 3205 tantus
2866 3160 2948 3205 est
2972 3192 2985 3217 ,
3016 3161 3072 3204 ut
3098 3150 3276 3205 carnis
3304 3148 3523 3216 disrupta
3558 3135 3724 3206 caligine

2217 3252 2460 3313 penetret
2500 3245 2552 3297 in
2580 3252 2839 3297 aeternum
2864 3257 3145 3310 serenum,
3193 3242 3333 3297 unde
3371 3247 3623 3304 utcumque
3652 3224 3724 3280 {01'

2216 3342 2343 3404 gent
2373 3334 2537 3389 etiam
2565 3335 2664 3389 ista
2694 3349 2813 3404 qua
2850 3343 3148 3389 transeunt.
3194 3333 3298 3391 Sed
3337 3331 3453 3402 quia
3497 3323 3601 3381 boni
3635 3331 3726 3389 pro.

2218 3424 2401 3481 ﬁciunt
2425 3426 2493 3481 de
2526 3426 2611 3481 die
2652 3427 2705 3480 in
2733 3427 2872 3481 diem
2898 3426 2966 3481 ad
2992 3427 3283 3483 videndum
3318 3425 3454 3480 diem
3486 3421 3582 3476 sine
3614 3412 3726 3468 volu-

2218 3536 2361 3575 mine
2389 3520 2509 3576 coeli
2535 3530 2589 3575 et
2612 3520 2727 3575 sine
2766 3521 2938 3577 noctis
2976 3521 3227 3587 incursu,
3270 3533 3423 3589 quem
3463 3510 3618 3567 oculus
3653 3516 3728 3602 nell

2218 3612 2388 3681 vidit,
2425 3629 2525 3669 nec
2549 3613 2692 3668 auris
2717 3612 2951 3681 audivit,
2981 3627 3083 3667 nec
3113 3613 3166 3667 in
3196 3626 3289 3666 cor
3312 3605 3528 3664 hominis
3549 3592 3729 3654 ascendit

2220 3705 2333 3777 (Id.
2367 3723 2423 3771 ll,
2451 3707 2527 3778 9);
2557 3708 2697 3760 nulla
2728 3705 2898 3775 major
2924 3720 3082 3760 causa
3104 3716 3189 3761 est
3203 3720 3298 3759 cur
3315 3700 3461 3757 nobis
3481 3697 3527 3752 in
3551 3690 3730 3788 imbui?"-

2220 3796 2303 3851 dis
2331 3797 2550 3852 rudibus
2574 3808 2757 3852 noster
2785 3812 2964 3852 sermo
3001 3797 3257 3862 vilescat,
3297 3794 3395 3849 nisi
3422 3789 3533 3860 quia
3558 3783 3732 3875 libet

2221 3887 2415 3941 usitate
2438 3901 2657 3942 cernere
2678 3929 2692 3953 ,
2723 3896 2777 3943 et
2806 3887 2963 3943 taedet
2992 3888 3188 3944 usitate
3218 3883 3474 3958 proloqui.
3503 3878 3563 3934 Et
3584 3889 3632 3930 re
3654 3882 3733 3938 ίιυι·

2220 3977 2343 4033 dem
2369 3994 2491 4033 vera
2522 3978 2690 4033 multo
2713 3979 2915 4050 gratius
2940 3980 3191 4036 audimur
3210 4022 3225 4044 ,
3258 3994 3378 4034 cum
3406 3984 3459 4031 et
3481 3985 3568 4026 nos
3594 3960 3733 4057 cedet}!

2222 4085 2384 4140 Opere
2430 4071 2758 4127 delectamur
2804 4091 2817 4126 :
2864 4072 3094 4127 afficitur
3139 4074 3283 4128 enim
3329 4070 3466 4124 [ilum
3516 4055 3735 4119 locutionis

2222 4171 2420 4217 nostra
2446 4163 2561 4233 ipso
2608 4171 2790 4217 nostro
2813 4163 3008 4233 gaudio
3030 4204 3046 4230 ,
3077 4173 3134 4218 et
3163 4164 3269 4220 exit
3301 4160 3498 4217 facilius
3535 4162 3664 4220 atque
3683 4154 3737 4196 ³⁸·

2222 4255 2447 4325 ceptius.
2478 4254 2812 4325 Quapropter
2842 4272 2949 4310 non
2991 4255 3218 4310 arduum
3262 4264 3344 4309 est
3386 4247 3660 4321 negotium:
3695 4244 3738 4286 ⁸³

2221 4365 2342 4419 qua
2370 4348 2634 4404 credenda
2664 4349 2997 4403 insinuantur
3019 4390 3032 4415 ,
3064 4346 3358 4419 praecipere
3400 4342 3531 4399 unde
3571 4344 3617 4391 et
3652 4339 3739 4399 quo

2222 4456 2393 4510 usque
2419 4441 2684 4495 narranda
2714 4440 2852 4505 sint;
2894 4456 2993 4496 nec
3016 4440 3288 4510 quomodo
3313 4438 3381 4493 sit
3415 4425 3637 4491 varianda
3661 4431 3739 4474 nar-

2223 4532 2379 4598 ratio,
2410 4540 2470 4586 ut
2497 4532 2779 4601 aliquando
2808 4532 3051 4596 brevior,
3076 4529 3364 4600 aliquando
3392 4523 3612 4594 longior.
3638 4522 3741 4567 Sem'

2224 4637 2320 4692 per
2362 4630 2541 4679 tamen
2570 4624 2727 4692 plena
2751 4633 2909 4693 atque
2954 4624 3189 4693 perfecta
3228 4622 3333 4685 sit;
3365 4627 3419 4695 et
3457 4603 3743 4706 quando

2223 4714 2371 4771 viore
2392 4754 2410 4781 ,
2453 4722 2509 4770 et
2547 4715 2759 4785 quando
2785 4715 3026 4787 longiore
3060 4715 3131 4770 sit
3169 4694 3424 4770 utendum
3456 4704 3577 4764 :sed

2223 4807 2398 4863 modis
2436 4806 2734 4863 faciendum
2760 4810 2863 4875 sit,
2889 4819 2946 4864 ut
2988 4809 3226 4880 gaudens
3271 4806 3491 4877 quisque
3515 4788 3747 4854 catechilel

2229 4896 2399 4969 (tanto
2419 4900 2562 4954 enim
2584 4902 2796 4957 suavior
2817 4902 2938 4968 erit,
2962 4910 3160 4970 quanto
3182 4900 3352 4970 magis
3373 4896 3425 4951 id
3450 4880 3685 4965 potuerit):
3703 4888 3745 4975 in

2223 5004 2351 5046 cura
2378 4991 2606 5045 maxima
2636 5004 2738 5046 eSt.
2770 4991 2838 5045 Et
2867 4999 3190 5061 praeceptum
3223 4988 3437 5059 quidem
3465 4983 3536 5040 rei
3564 4975 3689 5043 hujus
3710 4979 3744 5019 ιιι

2224 5092 2475 5153 promptu
2512 5092 2612 5137 est.
2662 5081 2718 5138 Si
2756 5083 2894 5137 enim
2930 5082 2983 5137 in
3017 5082 3245 5153 pecunia
3293 5074 3576 5148 corporali.
3600 5066 3747 5153 qua"?

2223 5143 2397 5245 magis
2417 5173 2473 5228 in
2502 5173 2766 5242 spirituali
2806 5143 3037 5229 hilareni
3072 5173 3319 5229 datorem
3354 5143 3518 5239 diligit
3553 5163 3669 5258 Deus
3693 5143 3750 5258 lli

2225 5267 2343 5322 Cor.
2376 5283 2429 5322 ιχ
2446 5309 2460 5334 ,
2494 5267 2589 5338 7)?
2616 5267 2721 5323 Sed
2741 5266 2857 5323 hac
2878 5268 3113 5324 hilaritas
3133 5269 3203 5323 ad
3225 5268 3420 5349 horam.
3440 5272 3497 5317 ut
3512 5255 3647 5349 adsit,
3666 5255 3750 5349 ειιξξ

2224 5368 2307 5414 est
2351 5334 2733 5415 misericordia
2773 5359 2863 5430 qui
2904 5359 3003 5415 ista
3034 5360 3308 5431 praeepit.
3346 5341 3523 5426 Itaque
3550 5345 3671 5420 prius
3705 5334 3753 5389 de

2225 5452 2385 5508 modo
2413 5452 2731 5507 narrationis
2759 5451 2902 5522 quod
2929 5463 2980 5509 te
3007 5452 3145 5509 velle
3169 5456 3415 5523 cognovi,
3449 5458 3552 5502 tum
3570 5440 3628 5535 de

2225 5542 2471 5614 cipiendo
2498 5552 2657 5615 atque
2700 5543 3030 5601 cohortando
3048 5588 3062 5611 ,
3105 5553 3291 5615 postea
3319 5543 3387 5597 de
3416 5542 3513 5596 hac
3541 5527 3752 5589 hilarital°

2227 5634 2601 5705 comparanda,
2625 5651 2743 5706 qua
2769 5636 2910 5693 Deus
2939 5637 3281 5717 suggesserit,
3303 5636 3629 5699 disseremusi

2290 5760 2363 5824 (α)
2383 5766 2539 5826 Ferte,
2564 5758 2763 5825 afﬁciet.

2230 5924 2245 5949 Ι
