3896 6382
159 358 257 418 313

228 470 439 531 CAPUT
475 466 561 522 lli.
598 496 673 507 —
707 466 762 521 5.
802 465 1050 522 Narratio
1089 466 1233 537 plena
1257 478 1369 535 qua:
1404 460 1515 532 fieri
1550 457 1724 514 debeat

163 550 514 624 “mitigando:
556 561 643 614 Ad
684 560 945 614 citaritatis
982 560 1135 629 ﬁnem
1177 555 1439 627 dirigenda
1478 554 1720 608 narratio.

160 661 425 728 Scriptura
462 666 647 710 veteres
689 662 895 725 propter
932 651 1384 706 commendandum
1421 646 1605 703 Christi
1632 646 1727 699 ad-

160 762 376 816 ventum,
399 751 539 819 cujus
564 749 687 817 ﬁnis
720 747 955 801 charitas.
996 744 1239 799 Narratio
1264 744 1415 813 plena
1446 752 1561 808 est,
1601 756 1723 797 cum

158 843 363 912 quisque
397 840 569 910 primo
604 838 963 894 catechizatur
982 837 1050 892 ab
1078 851 1143 892 eo
1166 835 1307 907 quod
1334 836 1588 904 scriptum
1618 844 1719 901 est,

158 933 217 988 In
258 933 499 1003 principio
536 932 655 1001 fecit
692 930 831 985 Deus
858 929 1041 984 cretum
1066 940 1113 984 et
1143 938 1326 984 terram
1355 927 1507 1000 (Gen.
1548 945 1600 992 ι,
1633 928 1686 999 1)
1707 968 1722 993 ,

159 1038 310 1093 usque
348 1022 415 1077 ad
464 1022 751 1092 praesentia
795 1031 1032 1091 tempora
1077 1020 1353 1076 Ecclesia.
1386 1019 1502 1075 Non
1546 1027 1724 1075 tamen

162 1124 419 1186 propterea
463 1113 725 1168 debemus
770 1122 936 1167 totum
984 1111 1439 1180 Peutateuchum,
1478 1121 1725 1183 totosque

160 1208 380 1263 Judicum
424 1215 481 1262 et
522 1206 830 1276 Regnorum
857 1213 911 1261 et
957 1204 1142 1260 Esdrze
1171 1206 1188 1236 ί
1219 1204 1400 1271 libros,
1454 1213 1725 1275 totumque

158 1297 490 1369 Evangelium
512 1308 564 1352 et
585 1297 754 1352 Actus
792 1297 1190 1367 Apostolorum,
1217 1296 1321 1361 vel,
1346 1295 1391 1350 si
1410 1295 1478 1351 ad
1502 1296 1723 1351 verbum

154 1390 454 1445 edidicimus
476 1431 490 1453 ,
521 1390 838 1444 memoriter
878 1388 1105 1443 reddere
1127 1430 1144 1454 ,
1177 1388 1262 1443 vel
1309 1388 1504 1444 nostris
1548 1387 1725 1443 verbis

154 1480 322 1535 omnia
366 1496 489 1551 qua:
537 1479 619 1534 bis
667 1480 1013 1535 continentur
1054 1479 1412 1534 voluminibus
1458 1478 1725 1534 narrando

153 1573 385 1627 evolvere
425 1582 478 1626 et
513 1572 821 1641 explicare;
869 1572 1007 1642 quod
1035 1587 1133 1627 nec
1158 1581 1367 1639 tempus
1407 1573 1580 1642 capit,
1627 1587 1727 1628 nec

152 1662 249 1717 ulla
275 1664 558 1719 necessitas
586 1665 827 1733 postulat
855 1682 869 1719 :
902 1665 994 1719 sed
1022 1673 1212 1719 cuncta
1238 1666 1543 1720 summatim
1564 1680 1726 1736 gene-

153 1755 404 1824 ratimque
435 1755 745 1825 complecti,
775 1756 846 1809 ita
872 1765 930 1809 ut
959 1756 1221 1826 eligantur
1248 1756 1491 1827 quaadam
1519 1756 1726 1810 mirabi-

154 1842 280 1899 liora
304 1862 418 1915 quze
442 1848 653 1901 suavius
682 1847 972 1903 audiuntur
990 1889 1005 1912 ,
1046 1855 1208 1918 atque
1235 1847 1290 1902 in
1316 1848 1446 1925 ipsis
1487 1848 1724 1903 articulis

157 1938 433 1992 constituta
458 1949 573 1993 sunt
596 1936 670 2010 (a)
691 1981 706 2004 ,
737 1948 795 1993 ut
817 1953 881 1994 ea
910 1940 931 1970 ²
956 1946 1207 2008 tanquam
1230 1939 1282 1993 in
1316 1938 1604 1994 involucris
1638 1953 1724 1993 os-

160 2028 406 2096 tendere,
441 2032 712 2099 statimque
750 2045 780 2084 a
825 2040 1115 2100 conspectu
1140 2030 1382 2099 abripere
1420 2045 1526 2084 non
1566 2044 1725 2100 opor-

170 2130 298 2185 teat,
319 2122 408 2177 sed
429 2123 731 2192 aliquantum
748 2123 1083 2177 immorando
1098 2123 1251 2192 quasi
1277 2122 1545 2177 resolvere
1564 2130 1725 2191 atque

168 2212 459 2281 expandere
480 2256 494 2279 ,
526 2224 576 2269 et
596 2214 917 2283 inspicienda
943 2224 1103 2283 atque
1123 2214 1363 2268 miranda
1390 2213 1585 2269 olIerre
1618 2212 1725 2267 ani-

162 2303 260 2357 mis
281 2304 600 2368 auditorum;
630 2315 823 2360 caetera
854 2320 983 2360 vero
1009 2305 1173 2360 celeri
1203 2305 1546 2374 percursione
1584 2304 1725 2359 inse-

159 2395 314 2450 rendo
341 2407 637 2451 contexere.
666 2397 742 2451 Ita
770 2406 828 2451 et
850 2397 941 2451 illa
968 2412 1087 2466 qua:
1109 2395 1341 2451 maxime
1361 2393 1723 2449 commendari

160 2487 384 2542 volumus
405 2530 420 2555 ,
449 2490 678 2543 aliorum
711 2488 1067 2544 submissione
1097 2488 1266 2558 magis
1303 2487 1577 2553 eminent;
1624 2501 1724 2541 nec

159 2579 218 2633 ad
243 2594 299 2634 ea
322 2580 561 2651 fatigatus
589 2584 854 2651 pervenit,
888 2597 1048 2653 quem
1079 2581 1343 2636 narrando
1372 2582 1614 2636 volumus
1640 2596 1723 2636 ex-

160 2672 334 2738 citare;
372 2689 470 2730 nec
508 2674 659 2729 illius
700 2675 958 2730 memoria
996 2672 1375 2742 confunditur,
1424 2689 1583 2744 quem
1626 2672 1724 2729 do-

160 2763 309 2819 cendo
332 2764 590 2820 debemus
619 2766 907 2822 instruere.

222 2857 270 2912 6.
293 2857 343 2913 In
370 2859 623 2915 omnibus
650 2874 784 2915 sane
808 2874 913 2914 non
941 2868 1143 2914 tantum
1173 2873 1273 2913 nos
1291 2865 1503 2928 oportet
1529 2858 1722 2914 intueri

166 2950 381 3019 prmepti
416 2951 581 3007 ﬁnem
606 2991 622 3017 ,
668 2949 812 3020 quod
838 2959 919 3005 est
947 2949 1180 3005 charitas
1207 2949 1274 3003 de
1302 2948 1467 3003 corde
1510 2963 1642 3018 puro
1670 2958 1724 3004 et

166 3042 442 3099 conscientia
462 3044 612 3099 bona
642 3058 699 3099 et
725 3042 830 3098 fide
857 3058 964 3098 non
986 3043 1106 3097 licla
1136 3041 1177 3113 (l
1201 3040 1330 3095 Tim.
1358 3056 1398 3107 ι,
1421 3039 1501 3111 5),
1530 3055 1636 3110 quo
1658 3053 1721 3093 ea

164 3147 270 3203 qua:
305 3134 544 3204 loquimur
611 3144 804 3191 cuncta
855 3133 1187 3199 referamus;
1234 3132 1328 3188 sed
1377 3133 1537 3187 etiam
1580 3130 1723 3187 illius

159 3240 299 3298 quem
327 3227 592 3299 loquendo
629 3228 942 3283 instruimus
965 3267 981 3294 ,
1012 3226 1080 3281 ad
1110 3226 1164 3279 id
1193 3223 1487 3280 movendus
1516 3223 1538 3255 ³
1564 3234 1723 3293 atque

157 3320 266 3375 illuc
294 3322 604 3393 dirigendus
628 3331 880 3391 aspectus
918 3328 1020 3375 est.
1051 3317 1235 3388 Neque
1280 3318 1423 3372 enim
1461 3318 1531 3373 ob
1577 3314 1721 3370 aliud

154 3421 263 3467 ante
298 3412 588 3469 adventum
634 3410 848 3466 Domini
878 3411 1073 3479 scripta
1112 3416 1239 3463 sunt
1278 3407 1457 3462 omnia
1502 3422 1621 3476 quae
1668 3404 1722 3458 in

156 3504 330 3559 sanctis
362 3503 652 3575 Scripturis
686 3501 945 3573 legimus,
978 3501 1078 3555 nisi
1105 3509 1164 3554 ut
1191 3498 1336 3553 illius
1378 3496 1725 3553 commenda-

162 3603 293 3650 retur
315 3595 548 3653 adventus
567 3640 586 3662 ,
620 3605 687 3651 et
705 3594 880 3649 futura
914 3592 1326 3663 praesignaretur
1350 3590 1589 3646 Ecclesia
1613 3631 1627 3655 ,
1671 3590 1725 3645 id

163 3696 238 3743 est
256 3728 270 3752 ,
292 3690 494 3758 populus
520 3690 624 3746 Dei
659 3703 759 3759 per
787 3702 975 3742 omnes
1002 3693 1191 3755 gentes
1209 3726 1225 3751 ,
1256 3683 1397 3755 quod
1424 3692 1509 3739 est
1530 3697 1724 3751 corpus

156 3776 295 3848 ejus;
321 3779 563 3849 adjunctis
595 3788 771 3848 atque
808 3777 1169 3832 annumeratis
1212 3776 1460 3830 omnibus
1484 3774 1683 3828 sanctis
1706 3814 1722 3840 ,

155 3877 395 3945 quietiam
414 3888 534 3933 ante
564 3876 868 3931 adventum
890 3873 1005 3942 ejus
1032 3872 1085 3925 in
1116 3871 1219 3927 hoc
1236 3870 1432 3925 saaculo
1455 3869 1722 3934 vixerunt,

155 3967 214 4023 ita
244 3985 353 4025 eum
379 3972 675 4027 credentes
698 3976 979 4023 venturum
1007 3979 1128 4020 esse
1146 4006 1159 4029 ,
1191 3964 1329 4019 sicut
1363 3978 1464 4017 nos
1490 3961 1723 4016 venisse.

156 4058 283 4115 Sicut
320 4063 457 4117 enim
499 4059 689 4117 Jacob
730 4072 945 4112 manum
990 4056 1173 4125 prius,
1213 4055 1339 4110 dum
1378 4061 1721 4119 nasceretur,

156 4152 301 4207 emisit
320 4168 383 4210 ex
416 4163 598 4221 utero,
618 4166 733 4222 qua
753 4150 911 4205 etiam
937 4148 1121 4218 pedem
1144 4145 1524 4217 praenascentis
1551 4144 1727 4199 fratris

155 4244 371 4311 acuebat,
415 4245 626 4301 deinde
681 4243 861 4311 utique
898 4247 1141 4296 secutum
1169 4246 1253 4293 est
1278 4248 1467 4307 caput,
1499 4244 1609 4290 tum
1635 4235 1727 4289 de-

152 4348 275 4390 mum
300 4338 613 4393 necessario
639 4334 881 4389 membra
905 4343 1100 4387 caetera
1126 4329 1279 4402 (Gen.
1305 4345 1408 4384 xxv
1427 4370 1443 4397 ,
1473 4328 1603 4399 25);
1633 4328 1728 4383 sed

155 4433 306 4481 tamen
324 4437 483 4497 caput
512 4442 632 4481 non
661 4432 863 4479 tantum
885 4438 947 4477 ea
976 4421 1212 4476 membra
1232 4436 1351 4491 quae
1377 4428 1557 4474 secuta
1583 4428 1726 4485 sunt,

152 4514 229 4571 sed
254 4517 406 4573 etiam
436 4519 619 4588 ipsam
660 4529 875 4570 manum
905 4528 1021 4583 quae
1048 4512 1102 4567 in
1130 4510 1399 4566 nascendo
1419 4509 1727 4579 praecessit,

150 4607 377 4679 dignitate
400 4626 465 4666 ac
489 4616 774 4682 potestate
796 4604 1065 4677 przecedit;
1095 4612 1149 4659 et
1185 4602 1427 4674 quamvis
1456 4616 1562 4657 non
1594 4611 1730 4655 tem-

153 4714 262 4771 pore
282 4704 580 4776 apparendi
608 4744 626 4767 ,
668 4711 843 4756 tamen
884 4708 1089 4754 naturae
1113 4695 1301 4751 ordine
1330 4695 1474 4764 prius
1499 4702 1581 4748 est
1613 4711 1625 4746 :
1659 4692 1730 4747 ita

152 4805 199 4850 et
227 4798 478 4854 Dominus
508 4798 679 4854 Jesus
707 4794 950 4849 Christus
992 4790 1097 4847 etsi
1123 4798 1408 4858 antequam
1451 4794 1733 4856 appareret

152 4888 198 4945 in
220 4905 369 4949 carne
389 4936 405 4962 ,
444 4903 503 4948 et
531 4888 773 4962 quodam
821 4885 979 4941 modo
1006 4900 1075 4938 ex
1121 4889 1275 4937 utero
1304 4879 1497 4935 secreti
1539 4877 1622 4932 sui
1664 4876 1733 4931 ad

155 4982 402 5042 hominum
430 4987 630 5041 oculos
650 4980 906 5037 Mediator
921 4977 1014 5032 Dei
1035 4984 1090 5031 et
1121 4972 1393 5028 hominum
1422 4970 1581 5024 homo
1605 4984 1732 5039 pro-

156 5079 374 5143 cederet,
405 5080 499 5150 qui
528 5084 623 5132 est
646 5088 810 5142 super
834 5083 1021 5126 omnes
1044 5068 1183 5121 Deus
1210 5063 1523 5119 benedictus
1547 5060 1601 5114 in
1629 5075 1733 5114 sa:-

158 5175 258 5228 cula
286 5174 458 5245 (Rom.
484 5187 547 5226 ix
569 5211 586 5235 ,
622 5166 678 5237 5)
698 5162 998 5235 ,.pr:emisit
1026 5161 1079 5215 in
1108 5157 1307 5214 sanctis
1334 5152 1658 5209 Patriarchis
1681 5160 1736 5207 et

163 5266 413 5339 l’rophetis
438 5262 735 5339 quamdam
766 5267 973 5332 partem
997 5253 1239 5325 corporis
1278 5251 1398 5319 sui,
1445 5265 1548 5321 qua
1591 5248 1736 5303 velut

216 5450 231 5480 ί
262 5454 457 5508 muas,
485 5454 651 5495 επιε.
842 5505 877 5508 __
919 5506 925 5508 _
1106 5498 1120 5508 ,
1143 5506 1185 5508 ψ
1230 5498 1277 5508 ,η
1307 5489 1483 5508 Jun”

217 5512 236 5542 ³
263 5493 457 5560 E3?
474 5493 616 5565 ἰοὶ,
641 5508 684 5554 et
718 5514 810 5565 ea.»
829 5505 887 5549 At
908 5506 1029 5555 Am.,
1068 5493 1723 5565 ιιιεαπεῑ-εἱᾳρριξίξςεεὲιξξ.

172 5582 223 5633 ξι
242 5547 616 5633 ιιίἶὶίιυξίωῖῑὲῖ
642 5547 949 5627 corrigimus,
970 5547 1065 5609 non
1086 5559 1329 5622 oporteat;
1351 5547 1437 5600 ubi
1461 5550 1581 5601 editi
1602 5547 1737 5598 fere-

168 5630 286 5696 Ῐηξιίς
307 5645 397 5682 παι
418 5630 630 5696 δροτξξίξ

228 5695 247 5726 ⁸
273 5683 481 5753 ίιυιδεῖ,
500 5692 629 5741 mm
651 5701 789 5749 vero,
808 5683 1087 5735 monendus.

177 5777 297 5892 “(g3
325 5775 516 5832 Articuli
555 5783 835 5838 temporum
870 5768 1082 5832 qumque
1117 5770 1342 5821 notantur
1382 5758 1577 5824 inirem
1620 5757 1652 5809 6
1687 5762 1740 5808 et

1575 341 1779 400 LIBER
1816 341 2013 399 UNUS.

3303 357 3415 418 3H

1833 474 1994 515 manu
2019 475 2078 519 se
2105 464 2429 519 nasciturum
2463 480 2583 523 esse
2606 468 3005 541 praenuntiatus,
3043 472 3206 531 etiam
3240 489 3413 547 popu-

1833 550 1940 605 lum
1967 554 2353 621 praecedentem
2380 558 2625 625 superbe,
2642 560 2864 617 vinculis
2884 562 3041 634 Legis
3058 574 3309 638 tanquam
3326 568 3414 624 di-

1832 643 1954 713 gitis
1973 644 2203 715 quinque
2231 647 2623 717 supplantavit‘
2646 650 2791 721 (quia
2814 663 2867 708 et
2897 670 2991 723 per
3018 658 3253 728 quinque
3278 668 3413 716 tem-

1833 737 2299 809 porumarticulos
2328 741 2670 809 praenuntiari
2708 752 2963 800 venturus
2997 749 3412 822 prephetarique

1832 841 1939 881 non
1965 826 2185 896 destitit;
2207 837 2259 883 et
2280 828 2402 883 huic
2430 830 2509 885 rei
2536 846 2835 887 consonans
2854 849 2951 904 per
2968 851 3125 905 quem
3154 838 3268 894 Lex
3290 840 3415 897 data

1833 926 1942 984 est,
1974 919 2208 990 quinque
2235 920 2397 976 libros
2421 923 2736 992 conscripsit
2768 941 2781 978 :
2807 933 2863 979 et
2884 927 3099 996 superbi
3127 931 3417 987 carnaliter

1832 1011 2154 1077 sentientes,
2200 1022 2255 1067 et
2298 1028 2447 1068 suam
2487 1012 2744 1084 justitiam
2793 1018 3035 1073 volentes
3086 1021 3416 1078 constituere

1836 1100 2008 1173 (Rom.
2038 1120 2092 1171 ιι,
2121 1102 2197 1176 5],
2216 1120 2322 1159 non
2342 1116 2524 1175 aperta
2545 1123 2703 1163 manu
2731 1109 2930 1165 Christi
2953 1112 3141 1181 repleti
3170 1122 3295 1168 sunt
3314 1114 3414 1170 be-

1832 1197 2132 1253 nedictione
2156 1240 2171 1264 ,
2224 1200 2319 1254 sed
2375 1200 2660 1255 constricta
2715 1210 2875 1272 atque
2921 1204 3173 1260 conclusa
3219 1206 3415 1263 retenti

1832 1300 1956 1345 sunt
1984 1309 1997 1345 :
2026 1290 2203 1361 itaque
2223 1292 2324 1347 illis
2351 1294 2565 1364 obligati
2589 1305 2713 1350 sunt
2739 1295 2901 1365 pedes
2923 1338 2939 1361 ,
2980 1304 3036 1352 et
3068 1298 3413 1367 ceciderunt;

1832 1397 1929 1438 nos
1949 1393 2124 1439 autem
2150 1387 2476 1441 surreximus
2500 1396 2554 1442 et
2572 1389 2739 1443 erecti
2758 1403 2943 1445 sumus
2965 1387 3133 1462 [PsaL
3157 1407 3250 1446 XIX
3267 1434 3283 1459 ,
3305 1392 3412 1465 9]):

1831 1477 2074 1545 quamvis
2104 1493 2259 1547 ergo,
2284 1486 2343 1531 ut
2366 1478 2508 1543 dixi,
2538 1480 2856 1549 praemiserit
2883 1480 3142 1538 Dominus
3171 1482 3416 1540 Christus

1831 1568 2113 1637 quamdam
2158 1581 2360 1638 partem
2407 1572 2648 1641 corporis
2676 1574 2759 1629 sui
2800 1574 2855 1629 in
2897 1577 3127 1642 sanctis,
3175 1578 3263 1647 qui
3289 1593 3414 1634 eum

1831 1662 2084 1717 nascendi
2125 1671 2360 1731 tempore
2408 1650 2731 1732 prmierunt;
2776 1676 2952 1722 tamen
2993 1669 3107 1738 ipse
3135 1678 3217 1724 est
3258 1679 3418 1740 caput

1830 1753 2068 1821 corporis
2097 1753 2349 1809 Ecclesia:
2377 1753 2594 1827 (Coloss.
2620 1774 2655 1824 ι,
2682 1758 2795 1828 18);
2823 1759 3005 1830 illique
3025 1775 3212 1816 omnes
3240 1762 3416 1817 eidem

1830 1844 2042 1911 corpori
2068 1845 2220 1915 cujus
2250 1846 2339 1901 ille
2362 1857 2519 1915 caput
2544 1856 2627 1902 est
2656 1849 3029 1918 cohaeserunt,
3060 1851 3329 1907 credendo
3361 1852 3417 1907 in

1830 1950 1951 1991 eum
1997 1952 2154 2005 quem
2200 1940 2640 2007 praenuntiabant.
2686 1940 2807 1996 Non
2848 1942 2991 1998 enim
3041 1944 3417 2012 prmcurrendo

1830 2028 2023 2084 divulsi
2053 2040 2210 2099 sunt,
2250 2032 2345 2087 sed
2388 2032 2622 2102 adiuncti
2664 2034 2840 2103 potius
2884 2035 3249 2106 obsequendo.
3280 2036 3416 2093 Nam

1830 2122 1930 2176 etsi
1959 2137 2147 2177 manus
2179 2138 2209 2176 a
2238 2124 2409 2193 capite
2434 2126 2679 2193 praemitti
2706 2135 2912 2196 potest,
2944 2130 3205 2183 connexio
3233 2137 3415 2185 tamen

1792 2216 1946 2283 ejus
1988 2215 2086 2268 sub
2132 2216 2305 2285 capite
2357 2225 2458 2271 cst.
2508 2216 2847 2287 Quapropter
2892 2221 3069 2274 omnia
3119 2236 3238 2289 quae
3288 2229 3415 2276 ante

1829 2306 2023 2374 scripta
2053 2315 2211 2372 sunt,
2244 2314 2304 2361 ut
2340 2322 2439 2361 nos
2485 2306 2802 2362 doceremur
2844 2308 3040 2377 scripta
3080 2319 3205 2364 sunt
3237 2309 3413 2382 (Rom.

1831 2412 1924 2461 xv,
1947 2398 2004 2467 4)
2026 2439 2040 2463 ,
2063 2410 2117 2452 et
2148 2398 2327 2468 ﬁgura:
2358 2408 2555 2453 nostra:
2579 2399 2831 2466 fuerunt,
2863 2409 2918 2455 et
2941 2400 2997 2454 in
3025 2402 3194 2472 ﬁgura
3220 2403 3417 2456 contin-
3478 2398 3481 2399 ν

1828 2487 2009 2559 gebant
2029 2489 2081 2541 in
2106 2490 2177 2542 eis
2202 2491 2256 2555 ²;
2286 2491 2473 2560 scripta
2499 2500 2615 2544 sunt
2641 2500 2810 2544 autem
2835 2500 3039 2561 propter
3062 2507 3154 2546 nos
3170 2534 3184 2559 ,
3212 2494 3267 2545 in
3291 2508 3417 2562 quos

1829 2579 1947 2649 ﬁnis
1971 2582 2272 2638 swrulorum
2296 2584 2490 2637 obvenit
2526 2582 2568 2655 (l
2594 2582 2711 2639 Cor.
2746 2600 2802 2649 ιι,
2838 2584 2953 2655 ll).

1899 2674 2125 2730 CAPUT
2157 2673 2242 2729 IV.
2260 2705 2330 2715 -—
2357 2676 2407 2727 7.
2443 2674 2715 2743 Praecipua
2741 2691 2895 2728 causa
2918 2675 3161 2730 adventus
3190 2675 3413 2745 Christi,

1828 2765 2091 2819 charitatis
2128 2766 2513 2820 commendatio.
2546 2766 2625 2819 Ad
2653 2766 2969 2821 dilectionem
3006 2769 3269 2838 referenda
3310 2784 3419 2823 esse

1828 2873 1942 2927 qua:
1967 2857 2029 2911 de
2055 2855 2255 2913 Christo
2292 2874 2354 2912 ea:
2382 2857 2661 2927 Scripturis
2687 2868 2963 2913 narrantur
3000 2859 3054 2913 in
3092 2860 3413 2914 catechismo.

1826 2946 1958 3017 Quae
1978 2958 2155 3002 autem
2183 2949 2351 3018 major
2370 2964 2529 3003 causa
2554 2958 2637 3004 est
2664 2949 2926 3005 adventus
2953 2951 3197 3017 Domini,
3229 2951 3331 3006 nisi
3358 2959 3418 3005 ut

1828 3040 2134 3096 ostenderet
2154 3040 2295 3094 Deus
2322 3040 2662 3095 dilectionem
2686 3055 2837 3095 suam
2862 3040 2916 3094 in
2942 3042 3115 3105 nobis,
3143 3056 3418 3096 commen-

1827 3133 1960 3189 dans
1987 3148 2105 3188 eam
2133 3132 2513 3188 vehementer?
2542 3134 2664 3203 quia
2692 3148 2814 3188 cum
2840 3134 3013 3189 adhuc
3038 3134 3235 3189 inimici
3273 3148 3419 3190 esse-

1827 3239 1948 3279 mus
1968 3265 1982 3290 ,
2009 3223 2249 3279 Christus
2278 3238 2377 3293 pro
2414 3224 2569 3278 nobis
2606 3234 2850 3280 mortuus
2878 3234 2961 3279 est
2981 3223 3158 3295 (Rom.
3190 3242 3241 3290 v,
3274 3225 3415 3297 6.9).

1828 3317 1943 3373 Hoc
1968 3326 2144 3371 autem
2170 3315 2290 3370 ideo
2311 3356 2325 3380 ,
2371 3316 2495 3384 quia
2520 3315 2640 3369 ﬁnis
2672 3316 2924 3384 praecepti
2952 3324 3008 3370 et
3037 3315 3309 3385 plenitudo
3335 3316 3418 3371 le-

1828 3409 1931 3480 gis,
1959 3407 2191 3463 charitas
2217 3416 2302 3462 est
2331 3407 2374 3477 (l
2407 3406 2540 3460 Tim.
2572 3423 2610 3472 ι,
2638 3407 2693 3475 5,
2722 3416 2773 3461 et
2796 3406 2947 3460 Rom.
2979 3422 3095 3471 xm,
3123 3406 3213 3478 10)
3245 3424 3259 3460 :
3287 3415 3345 3460 ut
3366 3414 3421 3461 et

1828 3516 1929 3557 nos
1970 3501 2197 3555 invicem
2225 3498 2541 3570 diligamus,
2592 3508 2647 3554 et
2690 3496 3139 3569 quemadmodum
3190 3499 3281 3553 ille
3321 3512 3420 3567 pro

1828 3595 1986 3651 nobis
2020 3594 2248 3649 animam
2292 3609 2443 3648 suam
2470 3593 2648 3661 posuit
2671 3633 2687 3659 ,
2715 3592 2793 3647 sic
2817 3600 2871 3647 et
2906 3606 3006 3646 nos
3035 3606 3129 3661 pro
3142 3590 3421 3653 'jratribus

1829 3688 2062 3743 animam
2088 3702 2346 3757 ponamus
2372 3684 2416 3756 (l
2447 3685 2603 3740 Joan.
2634 3700 2726 3751 ιιι,
2756 3682 2848 3757 l6)
2871 3701 2886 3751 ;
2911 3693 2966 3739 et
2991 3686 3163 3755 ipsum
3204 3684 3371 3739 Deum
3396 3724 3412 3749 ,
3456 3724 3463 3731 ι

1831 3780 2083 3851 quoniam
2110 3780 2256 3849 prior
2280 3778 2469 3834 dilexit
2503 3793 2598 3833 nos
2627 3776 2740 3851 (Id.
2772 3795 2857 3844 1v,
2887 3779 2977 3850 10)
3003 3820 3016 3841 ,
3058 3786 3113 3833 et
3150 3777 3283 3832 Filio
3325 3791 3422 3832 suo

1832 3872 1988 3927 unico
2027 3886 2135 3926 non
2175 3870 2438 3941 pepercit,
2486 3868 2581 3924 sed
2618 3884 2716 3939 pro
2746 3869 2902 3924 nobis
2926 3868 3175 3924 omnibus
3208 3867 3425 3922 tradidit

1832 3978 1954 4019 eum
1989 3962 2162 4036 (Rom.
2194 3978 2286 4017 vni
2306 4004 2321 4029 ,
2353 3960 2444 4033 52)
2464 4003 2479 4029 ,
2508 3961 2554 4015 si
2580 3976 2761 4015 amare
2791 3960 3032 4031 pigebat,
3067 3959 3253 4014 saltem
3284 3972 3425 4013 nunc

1832 4055 2109 4110 redamare
2138 4070 2242 4108 non
2272 4054 2448 4123 pigeat
2467 4051 2508 4104 ³.
2536 4050 2692 4106 Nulla
2719 4060 2803 4106 est
2821 4050 2964 4105 enim
2994 4049 3165 4119 major
3188 4048 3253 4102 ad
3276 4062 3427 4103 amo-

1834 4160 1947 4201 rem
1972 4146 2209 4199 invitatio
2226 4186 2241 4211 ,
2270 4158 2427 4214 quam
2453 4143 2749 4213 praevenire
2773 4140 3035 4205 amando;
3067 4149 3123 4195 et
3140 4138 3301 4194 nimis
3323 4137 3427 4193 du-

1834 4255 1926 4294 rus
1943 4248 2026 4294 est
2062 4238 2273 4292 animus
2303 4237 2393 4306 qui
2419 4235 2756 4290 dilectionem
2782 4233 2828 4287 si
2850 4231 3064 4287 nolebat
3089 4229 3423 4301 impendere,

1835 4331 1969 4385 nolit
1995 4328 2311 4400 rependere.
2333 4326 2487 4393 Quod
2512 4325 2558 4379 si
2587 4327 2641 4378 in
2669 4324 2797 4393 ipsis
2827 4322 3101 4391 ﬂagitiosis
3120 4330 3175 4375 et
3198 4319 3429 4375 sordidis

1835 4421 2106 4476 amoribus
2124 4420 2388 4481 videmus,
2418 4418 2549 4472 nihil
2574 4415 2716 4469 aliud
2743 4430 2839 4469 eos
2857 4428 3016 4483 agere
3034 4412 3126 4482 qui
3154 4411 3321 4464 amari
3349 4409 3431 4464 vi-

1836 4513 2017 4569 cissim
2050 4512 2269 4579 volunt,
2300 4512 2401 4566 nisi
2436 4520 2495 4565 ut
2520 4507 2853 4563 documentis
2877 4505 3070 4575 quibus
3092 4505 3273 4559 valent
3298 4516 3430 4571 ape-

1837 4605 1979 4659 riant
2006 4612 2060 4659 et
2084 4602 2371 4658 ostendant
2387 4609 2641 4671 quantum
2664 4607 2863 4662 ament;
2888 4611 3118 4666 eamque
3143 4592 3432 4663 imaginem

1832 4697 2053 4769 justitiae
2078 4695 2410 4767 praetendere
2437 4694 2704 4758 affectant,
2734 4699 2791 4746 ut
2809 4691 2978 4745 vicem
2997 4688 3098 4743 sibi
3118 4686 3268 4743 reddi
3298 4699 3432 4755 quo-

1839 4790 1960 4845 dam
2006 4788 2167 4843 modo
2212 4787 2451 4858 ﬂagitent
2500 4786 2568 4840 ab
2593 4786 2670 4840 eis
2709 4783 2903 4839 animis
2937 4796 3073 4852 quos
3121 4778 3435 4835 illecebrare

1840 4880 2163 4946 moliuntur;
2191 4880 2397 4950 ipsique
2424 4877 2697 4934 ardentius
2726 4882 2951 4930 aestuant
2973 4914 2986 4939 ,
3025 4887 3146 4927 cum
3171 4872 3279 4941 jam
3312 4884 3434 4924 mo-

1840 4977 1953 5032 veri
1983 4974 2173 5031 eodem
2223 4974 2344 5044 igne
2390 4974 2551 5029 etiam
2595 4970 2712 5025 illas
2751 4976 2958 5023 mentes
3000 4980 3133 5035 quas
3180 4971 3438 5034 appetunt

1841 5067 2080 5122 sentiunt
2111 5082 2124 5118 :
2154 5065 2198 5118 si
2238 5079 2366 5134 ergo
2406 5072 2461 5118 et
2503 5060 2713 5115 animus
2752 5059 2842 5128 qui
2891 5054 3169 5126 torpebat,
3214 5068 3335 5108 cum
3378 5066 3438 5107 se

1842 5162 2012 5218 amari
2039 5158 2268 5216 senserit
2294 5158 2574 5222 excitatur,
2599 5162 2653 5209 et
2678 5153 2767 5223 qui
2791 5152 2900 5221 jam
2927 5148 3201 5212 fervebat,
3225 5159 3347 5199 cum
3377 5159 3438 5198 se

1842 5255 2109 5313 redamari
2132 5251 2379 5309 didicerit
2407 5249 2576 5320 magis
2614 5245 2954 5309 accenditur;
2989 5241 3327 5296 manifestum
3356 5245 3439 5293 est

1843 5348 2045 5404 nullam
2076 5359 2195 5401 esse
2235 5343 2494 5412 majorem
2523 5352 2738 5394 causam
2768 5349 2871 5406 qua
2911 5332 2998 5388 vel
3037 5331 3317 5386 inchoetur
3356 5325 3439 5382 vcl

1850 5448 2108 5509 augeatur
2136 5449 2321 5499 amor,
2366 5447 2523 5502 quam
2568 5444 2689 5484 cum
2733 5424 2899 5481 amari
2934 5437 2993 5478 se
3035 5420 3307 5492 cognoscit
3350 5418 3438 5487 qui

1914 5557 1930 5587 ι
1970 5552 2157 5615 Aliquot
2181 5558 2313 5615 Mss,
2337 5546 2685 5615 snpplantaret.
2732 5606 2741 5615 _
2882 5597 3072 5615 “Lm.”
3119 5593 3138 5615 λ

1913 5622 1933 5651 ³
1970 5597 2475 5675 ἓδίῖἶξὶὸῆιῖηῂὲὺᾶὶιι
2506 5609 2577 5659 eis
2607 5606 2825 5675 :_omissa
2846 5597 3323 5675 particula,kin~,__qn:e
3365 5597 3439 5640 ta-

1847 5699 1962 5737 men
1976 5666 2073 5732 ﬁliive
2089 5666 2336 5741 reperitur
2361 5677 2409 5722 in
2433 5680 2538 5741 Mss.
2567 5679 2618 5719 et
2640 5670 2697 5741 in.
2714 5676 2874 5741 graeco
2895 5666 3332 5741 tchutuuﬁtj-io‘s‘totnnd

1916 5725 2223 5797 ἷλὶιῖίέιέῖᾆι
2247 5725 2371 5802 Mss,
2400 5734 2567 5790 saltem
2607 5725 2864 5782 redamare
2900 5736 2993 5776 non
3027 5725 3220 5788 pigeat;
3242 5725 3442 5777 censeo,

1850 5823 1996 5865 nunc.
