3940 6542
190 474 281 540 M1

213 605 403 649 errorem
424 594 501 643 aut
526 600 613 657 per
638 581 1057 639 simulationem
1088 573 1311 632 nondum
1337 570 1565 627 volebat.

277 680 455 737 CAPUT
480 677 554 732 Vl.
573 705 641 716 —
660 676 746 729 10.
772 672 1077 726 Exordium
1107 664 1399 728 catechismi,
1427 671 1472 716 et
1504 660 1729 715 narratio

216 774 266 827 αὖ
287 772 455 825 historia
478 767 733 821 creationis
770 763 958 817 mundi
1006 775 1167 828 usque
1192 757 1252 810 ad
1285 770 1503 826 prmsens
1535 760 1729 822 tempus

210 863 417 918 Ecclesia.
442 860 580 930 Quod
621 859 663 913 si
704 858 848 912 forte
889 869 951 909 se
998 850 1249 907 divinitus
1286 847 1613 902 admonitum
1644 845 1728 900 vel

208 958 397 1012 territum
419 970 524 1010 esse
547 949 911 1021 responderit,
939 955 999 1000 ut
1024 944 1174 999 iieret
1198 941 1536 1005 Christianus,
1565 937 1730 1011 laetis-

208 1050 361 1104 simum
385 1047 514 1101 nobis
544 1040 865 1099 exordiendi
892 1038 1100 1092 aditum
1128 1034 1355 1106 praebet,
1398 1041 1593 1103 quanta
1618 1029 1730 1085 Deo

210 1145 266 1198 sit
288 1157 387 1197 am
408 1155 485 1209 pro
515 1138 693 1193 nobis.
734 1135 880 1189 Sane
908 1133 978 1187 ab
1019 1128 1318 1201 hujusmodi
1349 1125 1726 1181 miraculorum

208 1233 298 1288 sive
333 1232 645 1295 somniorum,
692 1225 761 1281 ad
808 1224 1204 1294 Scripturarum
1256 1219 1561 1302 solidiorem
1588 1216 1726 1272 viam

201 1334 243 1378 et
264 1322 434 1377 oracula
459 1321 687 1375 certiora
725 1314 1101 1371 transferenda
1128 1321 1208 1366 est
1235 1310 1348 1381 ejus
1379 1309 1636 1374 intentio;
1670 1314 1729 1363 ut

199 1426 238 1470 et
272 1416 341 1468 illa
378 1412 653 1467 admonitio
700 1424 864 1483 quam
896 1398 1314 1461 misericorditer
1343 1402 1392 1457 ei
1434 1409 1728 1471 praerogata

195 1507 263 1571 sit,
288 1506 471 1560 noverit
512 1513 800 1573 antequam
847 1497 1134 1571 Scripturis
1178 1494 1374 1550 sanctis
1418 1494 1724 1548 inhaereret.

196 1597 248 1653 Et
267 1600 425 1667 utique
451 1591 927 1650 demonstrandum
967 1592 1051 1644 est
1089 1590 1138 1643 ei
1166 1588 1305 1659 quod
1332 1587 1445 1657 ipse
1471 1582 1728 1639 Dominus

195 1704 277 1744 non
296 1703 401 1743 eum
419 1687 724 1741 admoneret
742 1693 835 1737 aut
858 1680 1203 1750 compelleret
1230 1677 1348 1732 fieri
1374 1675 1726 1731 christianum

197 1792 237 1836 et
259 1780 550 1851 inoorporari
576 1778 859 1841 Ecclesicc,
902 1778 995 1829 seu
1037 1773 1230 1831 talibus
1266 1771 1433 1841 signis
1460 1776 1552 1823 aut
1577 1781 1728 1822 reve-

198 1872 440 1927 lationibus
483 1870 748 1935 erudiret,
801 1867 903 1921 nisi
956 1865 1066 1935 jam
1118 1870 1471 1935 praeparatum
1522 1862 1623 1915 iter
1670 1857 1726 1913 in

200 1962 450 2032 Scripturis
474 1962 681 2026 sanctis,
727 1958 815 2014 ubi
855 1962 964 2010 non
1006 1964 1271 2026 quaereret
1308 1951 1532 2007 visibilia
1562 1951 1726 2006 mira-

209 2054 330 2120 cuia,
372 2052 458 2107 sed
501 2048 765 2105 invisibilia
818 2061 1041 2119 sperare
1093 2050 1505 2108 consuesceret,
1555 2057 1727 2112 neque

216 2142 487 2206 dormiens,
518 2141 606 2195 sed
632 2141 838 2210 vigilans
870 2146 1214 2201 moneretur,
1245 2151 1366 2189 eum
1410 2134 1648 2189 securius
1672 2139 1727 2187 et

218 2234 369 2286 tutius
391 2246 591 2300 carpere
616 2230 857 2285 voluisset.
886 2228 1017 2282 inde
1056 2228 1165 2296 jam
1194 2224 1515 2280 exurdienda
1544 2238 1727 2277 narra-

213 2323 281 2377 tio
318 2332 411 2387 est,
455 2323 518 2375 ab
559 2337 619 2376 eo
659 2319 785 2391 Quod
829 2320 959 2375 fecit
1004 2319 1148 2373 Deus
1192 2316 1367 2371 omnia
1409 2317 1547 2370 bona
1576 2313 1726 2370 valde

202 2412 333 2479 (Gen.
360 2416 429 2481 r),
459 2422 511 2467 et
535 2411 880 2481 perducenda,
916 2420 973 2465 ut
1002 2409 1230 2464 diximus
1252 2450 1267 2475 ,
1301 2423 1466 2477 usque
1492 2406 1557 2460 ad
1588 2421 1726 2476 pra:-

200 2507 342 2559 sentil
380 2514 598 2573 tempora
629 2504 921 2558 Ecclesiae:
967 2502 1038 2556 ita
1084 2506 1141 2555 ut
1179 2500 1504 2574 singularum
1548 2513 1727 2553 rerum

201 2609 331 2666 atque
364 2606 613 2666 gestorum
646 2608 767 2664 quze
811 2600 1091 2647 narramus
1113 2634 1128 2661 ,
1174 2602 1347 2647 causae
1390 2590 1729 2663 rationesque

202 2690 441 2744 reddantur
460 2733 472 2754 ,
497 2690 687 2759 quibus
719 2703 784 2743 ea
814 2687 1113 2741 referamus
1136 2685 1199 2741 ad
1232 2686 1379 2739 illum
1409 2680 1569 2738 linem
1596 2674 1729 2737 diie-

203 2782 373 2846 ctionis,
404 2781 531 2835 unde
572 2794 749 2850 neque
777 2779 981 2849 agentis
1011 2775 1215 2848 aliquid
1250 2790 1424 2845 neque
1465 2771 1728 2847 loquentis

200 2871 353 2926 oculus
374 2872 679 2927 avertendus
707 2877 811 2925 est.
844 2868 902 2924 Si
933 2869 1073 2922 enim
1102 2868 1249 2921 {ictas
1279 2875 1555 2937 poetarum
1581 2864 1730 2918 fabu-

196 2965 287 3025 las,
322 2972 369 3017 et
402 2963 461 3017 ad
486 2964 815 3034 voluptatem
847 2961 863 2993 ¹
894 2958 1214 3028 excogitatas
1255 2958 1552 3011 animorum
1594 2971 1728 3026 quo-

205 3068 308 3109 rum
343 3054 469 3110 cibus
505 3068 657 3126 nugze
708 3062 872 3119 sunt,
923 3062 1099 3107 tamen
1150 3050 1273 3106 boni
1327 3050 1416 3120 qui
1469 3049 1733 3103 habentur

199 3154 340 3215 atque
363 3148 666 3217 appellantur
694 3144 1069 3217 grammatici,
1098 3141 1165 3197 ad
1190 3142 1419 3211 aliquam
1450 3140 1729 3195 utilitatem

195 3233 373 3293 referre
414 3248 657 3294 conantur
683 3281 701 3307 ,
749 3238 1053 3309 quanquam
1102 3242 1157 3290 et
1209 3234 1377 3303 ipsam
1440 3247 1628 3287 vanam
1678 3239 1733 3285 et

191 3329 372 3385 avidam
413 3333 597 3401 sagina:
645 3329 965 3393 saecularis;
1012 3334 1209 3396 quanto
1260 3339 1358 3380 nos
1406 3322 1561 3378 decet
1610 3337 1730 3377 esse

188 3424 449 3492 cautiores,
482 3439 547 3479 ne
577 3425 663 3479 illa
706 3438 827 3493 qua:
855 3430 987 3476 vera
1012 3424 1287 3474 narramus
1308 3460 1321 3483 ,
1356 3417 1471 3472 sine
1514 3430 1730 3470 suarum

188 3528 437 3571 mrum
482 3514 781 3571 redditione
830 3512 1069 3582 digesta,
1118 3516 1209 3563 aut
1258 3508 1399 3561 inani
1449 3507 1728 3572 suavitate,

187 3614 271 3659 aut
314 3606 455 3661 etiam
515 3605 815 3677 perniciosa
872 3601 1161 3671 cupiditate
1224 3598 1558 3653 credantur?
1612 3590 1730 3652 Non

188 3696 353 3751 tamen
374 3697 443 3751 sic
466 3708 770 3753 asseramus
797 3693 897 3747 has
926 3704 1133 3755 causas,
1170 3698 1227 3744 ut
1252 3690 1440 3743 relicto
1470 3687 1734 3742 narratio-

185 3786 266 3843 nis
293 3796 467 3856 tractu,
494 3802 579 3845 cur
623 3799 870 3844 nostrum
900 3794 955 3842 et
1001 3786 1175 3855 lingua
1229 3783 1282 3859 in
1326 3782 1497 3836 nodos
1537 3778 1732 3835 difﬁci-

185 3878 327 3935 liuris
355 3880 716 3951 disputationis
759 3884 1049 3939 excurrat;
1095 3873 1189 3929 sed
1220 3874 1333 3943 ipsa
1357 3872 1555 3927 veritas
1582 3868 1735 3924 adhi-

182 3968 293 4025 bita
316 3971 520 4026 adonis
546 3973 593 4038 ²,
625 3969 781 4041 quasi
814 3979 1002 4020 aurum
1029 3964 1098 4019 sit
1130 3958 1456 4034 gemmarum
1489 3959 1732 4015 ordinem

190 4060 351 4134 lim,
378 4078 481 4118 non
504 4073 685 4118 tamen
718 4058 1025 4116 ornamenti
1048 4052 1239 4112 seriem
1272 4054 1377 4109 ulla
1407 4051 1731 4113 immodera-

189 4154 311 4210 απαξ
346 4155 678 4227 perturbans.

257 4240 441 4304 eam
478 4238 595 4302 vn.
624 4274 699 4286 —
740 4230 829 4299 ii.
860 4239 1211 4305 Resurreaio,
1251 4237 1505 4309 judicium
1546 4243 1595 4289 et
1633 4234 1737 4288 alia

213 4336 392 4401 Mla!
432 4348 547 4409 post
570 4328 917 4391 narrationem
940 4320 1239 4387 improvida.
1271 4328 1586 4384 Narratione
1618 4325 1737 4382 ﬁni-

206 4429 261 4493 υ,
278 4438 381 4497 sps
400 4425 809 4486 resurrectionis
840 4421 1135 4479 intimanda
1166 4426 1246 4476 eat
1270 4462 1284 4487 ,
1312 4428 1367 4474 et
1398 4434 1494 4489 pro
1521 4416 1735 4487 capaci-

206 4512 289 4571 δὲ
326 4534 380 4575 ac
414 4516 618 4576 viribus
669 4515 955 4579 audientis,
1004 4524 1209 4583 proque
1259 4510 1425 4581 ipsius"
1477 4508 1736 4579 temporis

209 4608 411 4677 modulo,
458 4611 719 4666 adversus
760 4620 927 4661 vanas
986 4603 1263 4659 irrisiones
1294 4600 1617 4655 tinlidelium
1669 4599 1737 4655 de

207 4702 401 4767 Μ
434 4698 837 4756 natricem
867 4691 1203 4751 tractandum
1224 4734 1239 4761 ,
1270 4700 1327 4748 et
1366 4690 1529 4746 futuri
1566 4690 1747 4746 ultimi

206 4785 600 4851 “bonum
626 4790 682 4844 in
720 4788 917 4853 bonos,
943 4783 1228 4841 severitate
1265 4784 1318 4837 in
1361 4782 1564 4849 malos,
1593 4781 1737 4837 veri-

207 4882 286 4934 ωε
314 4882 360 4937 'I
398 4896 624 4947 eum;
664 4876 1204 4946 communisque
1230 4882 1353 4929 eum
1381 4873 1740 4929 detestatione

204 4968 464 5033 ειμι-ηε
491 4973 667 5043 poni
699 4970 1001 5041 impiorum,
1034 4976 1259 5036 regnum
1285 4966 1553 5035 iustorum
1580 4973 1745 5035 atque

176 5059 394 5119 nam
440 5074 497 5118 et
545 5076 781 5131 sapa-na
827 5060 915 5114 illa
969 5058 1157 5112 civitas
1208 5057 1431 5127 ejusque
1490 5055 1742 5125 gaudium

599 5150 1117 5223 Madame“.
1136 5147 1279 5202 Tum
1308 5154 1439 5203 vero
1467 5146 1742 5201 instruen-

190 5244 243 5296 ἡ
272 5254 324 5301 et
388 5244 683 5301 ωδ
732 5250 820 5297 est
865 5241 1148 5301 inﬁrmitas
1210 5239 1442 5295 hommis
1488 5238 1743 5293 adversus

197 5338 477 5394 tam
504 5344 562 5392 et
587 5333 845 5391 scilla:
863 5373 881 5399 ,
912 5332 1025 5387 sive
1052 5331 1184 5387 bn's
1208 5332 1321 5385 sive
1349 5330 1403 5385 in
1444 5330 1559 5400 ipsa
1603 5330 1744 5384 intus

194 5421 397 5485 ches'n
438 5445 454 5481 :
503 5426 635 5483 toris
682 5424 939 5481 adversus
985 5422 1225 5479 Gentiles
1273 5422 1361 5477 vel
1405 5420 1618 5479 ladano:
1660 5420 1745 5475 vel

189 5510 485 5585 hereticos;
532 5519 680 5575 intus
728 5525 910 5572 autem
960 5513 1219 5571 adversus
1270 5527 1413 5570 arcte
1460 5512 1745 5568 dominicae

222 5705 233 5733 ι
274 5715 373 5749 ω.
405 5709 456 5748 et
475 5697 701 5761 plerique
724 5702 853 5757 Uss,

218 5767 235 5796 ι
268 5766 341 5811 Sic
362 5752 511 5820 vetus
532 5752 687 5810 codex
734 5752 1060 5809 Corneiensis.
1086 5764 1163 5821 at
1181 5757 1490 5821 fictorinus,

759 5824 858 5871 sm.
878 5822 932 5871 et
954 5824 1049 5883 Et,
1074 5817 1295 5873 adhibita
1316 5817 1505 5873 rationi.
1526 5818 1745 5880 Denique

178 5883 281 5947 ι...
303 5883 533 5935 cum
551 5881 769 5935 rationis.

1560 449 1759 508 LIBER
1797 448 1990 507 UNUS.

3306 452 3412 517 318

1842 567 2063 636 paleam.
2106 567 2222 624 Non
2260 576 2525 627 utcontra
2568 574 2767 645 singula
2814 576 3182 646 perversurum
3211 592 3408 649 genera

1835 662 2150 733 disputetur,
2184 678 2474 734 onmesque
2504 664 2713 721 illorum
2756 681 2929 741 pravae
2959 669 3236 739 opiniones
3278 684 3405 740 pro-

1837 755 2020 825 positis
2058 756 2436 827 quaestionibus
2484 758 2832 827 refellantur;
2885 761 2978 818 sed
3021 779 3116 835 pro
3165 772 3405 834 tempore

1835 844 1985 902 brevi
2032 846 2502 903 demonstrandum
2552 858 2636 904 est
2684 850 2753 905 ita
2804 866 2923 906 esse
2971 853 3300 927 praedictum,
3352 862 3406 908 ct

1836 952 1953 1006 qua:
1979 937 2047 992 sit
2085 939 2283 994 utilitas
2314 940 2660 995 tentationum
2699 942 3002 997 erudiendis
3042 942 3315 1008 ﬁdelibus,
3350 952 3404 999 et

1834 1045 1952 1101 qum
1983 1031 2241 1086 medicina
2270 1032 2321 1086 in
2362 1034 2607 1103 exemplo
2648 1035 2914 1103 patientiae
2950 1035 3078 1103 Dei,
3107 1037 3195 1105 qui
3224 1037 3405 1092 statuit

1836 1138 2001 1193 usque
2045 1124 2098 1178 in
2143 1124 2299 1183 linem
2338 1125 2433 1179 ista
2482 1127 2807 1195 permittere.
2840 1125 2972 1182 Cum
2998 1141 3124 1181 vero
3153 1126 3405 1181 adversus

1834 1228 1927 1267 eos
1958 1214 2264 1279 instruitur,
2298 1230 2519 1285 quorum
2562 1230 2827 1287 perversa:
2867 1216 3034 1270 turbae
3062 1216 3405 1286 corporaliter

1834 1309 2057 1378 implent
2087 1310 2359 1374 ecclesias,
2403 1311 2559 1365 simul
2605 1311 2763 1365 etiam
2796 1320 3057 1381 praecepta
3097 1311 3328 1366 breviter
3353 1318 3407 1366 et

1834 1401 2085 1456 decenter
2124 1411 2606 1457 commemorentur
2635 1402 2939 1457 christiana:
2974 1411 3131 1474 atque
3169 1402 3407 1467 honesta:

1834 1496 2272 1562 conversationis,
2311 1510 2378 1550 ne
2403 1496 2470 1549 ab
2498 1496 2742 1563 ebriosis,
2775 1497 2980 1561 avaris,
3014 1494 3407 1549 fraudatoribus

1833 1588 2175 1654 aleatoribus,
2202 1586 2456 1641 adulteris
2476 1628 2491 1654 ,
2521 1586 2948 1652 fornicatoribus,
2977 1586 3405 1656 spectaculorum

1833 1679 2188 1746 amatoribus,
2220 1679 2574 1735 remediorum
2610 1679 2988 1748 sacrilegorum
3020 1676 3402 1747 aliigatoribus,

1832 1772 2342 1847 przecantatoribus,
2369 1770 2755 1825 mathematicis
2777 1811 2791 1835 ,
2825 1771 2909 1825 vel
2938 1769 3287 1841 quarumlibet
3316 1783 3405 1822 ar-

1834 1865 1963 1921 tium
1984 1880 2237 1919 vanarum
2259 1874 2312 1920 et
2335 1865 2599 1941 malarum,
2614 1863 3019 1927 divinatoribus,
3046 1872 3204 1933 atque
3226 1861 3409 1935 hujus-

1832 1956 1975 2011 modi
2005 1956 2212 2011 caeteris
2251 1958 2322 2011 ita
2353 1955 2506 2011 facile
2534 1955 2842 2022 scducatur,
2870 1964 2924 2008 ct
2954 1954 3265 2027 impunitum
3305 1951 3408 2009 sibi
3479 1987 3485 1993 ο

1831 2050 1945 2103 fore
1998 2047 2313 2111 arbitretur,
2367 2048 2489 2119 quia
2536 2047 2677 2102 videt
2729 2047 2924 2120 multos
2980 2046 3072 2116 qui
3124 2044 3405 2109 christiani

1834 2140 2167 2210 appellantur
2186 2180 2200 2204 ,
2232 2124 2345 2192 haec
2374 2152 2583 2203 amare,
2616 2147 2670 2192 et
2699 2152 2856 2206 agere
2877 2178 2892 2202 ,
2922 2145 2975 2191 et
3008 2135 3290 2189 defendere
3315 2175 3328 2207 ,
3356 2141 3410 2205 et

1832 2232 2089 2303 suadere,
2118 2239 2173 2285 et
2199 2229 2542 2301 persuadere.
2575 2228 2703 2296 Quis
2742 2229 2883 2282 enim
2922 2227 3043 2281 linis
3084 2226 3409 2294 prrestitutus

1833 2324 1901 2379 sit
1927 2326 1976 2389 in
2010 2324 2098 2378 tali
2128 2324 2230 2377 vita
2275 2321 2759 2395 perseverantibus,
2791 2328 2846 2376 et
2884 2334 3041 2389 quam
3070 2320 3176 2377 siut
3215 2318 3269 2385 in
3295 2319 3408 2388 ipsa

1834 2417 2069 2471 Ecclesia
2114 2417 2392 2481 tolerandi,
2441 2431 2509 2471 ex
2536 2431 2640 2486 qua
2684 2416 2737 2473 in
2781 2413 2887 2477 [ine
2933 2407 3212 2481 separandi
3259 2400 3411 2477 sunt,

1833 2504 2135 2567 divinorum
2188 2509 2467 2581 Librorum
2533 2506 2849 2573 testimoniis
2913 2504 3241 2571 edocendum
3304 2512 3407 2567 est.

1834 2599 2301 2671 Pracuuutiandum
2332 2608 2414 2659 est
2439 2600 2598 2659 etiam
2630 2599 2967 2659 inventurum
2998 2612 3119 2663 eum
3146 2596 3197 2649 in
3225 2595 3411 2649 Eccle-

1834 2690 1912 2749 sia
1941 2692 2133 2747 multos
2159 2691 2477 2755 christianos
2502 2691 2671 2746 bonos
2694 2730 2710 2758 ,
2739 2688 3045 2755 verissimos
3073 2686 3215 2742 cives
3242 2686 3412 2751 cmle-r

1836 2784 1930 2839 stis
1957 2784 2272 2851 Jerusalem,
2317 2783 2363 2837 si
2405 2797 2524 2838 esse
2553 2783 2666 2853 ipse
2707 2781 2949 2851 emperit.
2997 2779 3079 2845 Ad
3114 2787 3411 2841 extremum

1835 2891 1903 2945 ne
1946 2891 2068 2946 spes
2111 2876 2225 2945 ejus
2272 2877 2326 2935 in
2372 2875 2586 2935 homine
2616 2885 2860 2944 ponatur,
2906 2858 3091 2930 sedulo
3118 2870 3413 2937 monendus

1837 2976 1963 3029 est:
2011 2968 2133 3039 quia
2176 2982 2348 3037 neque
2392 2965 2550 3020 facile
2593 2966 2661 3020 ab
2708 2965 2925 3021 homine
2968 2963 3191 3033 iudicari
3238 2970 3416 3031 potest

1836 3058 1954 3131 quis
1984 3056 2143 3111 homo
2188 3057 2258 3111 sit
2298 3056 2513 3126 justus;
2560 3064 2615 3110 et
2651 3056 2697 3110 si
2742 3054 2900 3110 facile
2928 3063 3128 3125 posset,
3158 3068 3264 3109 non
3294 3052 3416 3113 ideo

1838 3151 1994 3215 nobis
2021 3150 2247 3221 proponi
2274 3149 2515 3219 exempla
2543 3148 2831 3217 iustorum,
2864 3156 2919 3202 ut
2944 3147 3011 3201 ab
3038 3146 3116 3211 eis
3150 3144 3415 3214 iustiﬁce-

1838 3256 1981 3311 mur,
2010 3240 2103 3301 sed
2132 3247 2189 3293 ut
2210 3254 2303 3297 eos
2329 3239 2600 3299 imitantes
2625 3238 2693 3292 ab
2725 3252 2910 3292 eorum
2941 3234 3292 3305 justiﬁeatore
3317 3246 3417 3295 nos

1838 3349 2048 3409 quoque
2068 3332 2351 3403 iustiﬁcari
2381 3332 2628 3389 sciamus.
2660 3330 2793 3385 Hinc
2831 3328 2974 3391 enim
3002 3328 3109 3392 ﬁet,
3130 3326 3272 3396 quod
3296 3336 3415 3383 ma-

1842 3428 1981 3483 xime
2008 3423 2489 3487 commendandum
2519 3430 2621 3487 est,
2665 3431 2724 3477 ut
2747 3436 2871 3477 cum
2896 3420 2983 3475 ille
3007 3420 3097 3488 qui
3124 3432 3225 3474 nos
3248 3417 3429 3481 auditi

1840 3518 1949 3578 imo
1978 3532 2074 3593 per
2100 3531 2199 3573 nos
2236 3516 2383 3575 audit
2420 3516 2608 3579 Deum,
2642 3513 2878 3573 moribus
2902 3520 2957 3566 et
2993 3511 3215 3581 scientia
3250 3509 3415 3579 proti-

1839 3624 1963 3677 cere
2000 3610 2242 3678 coeperit,
2288 3617 2343 3663 et
2367 3608 2507 3665 viam
2528 3605 2726 3665 Christi
2763 3604 3011 3659 alacriter
3047 3602 3271 3674 inguedi,
3315 3608 3421 3658 nec

1841 3701 1995 3771 nobis
2022 3702 2074 3756 id
2100 3700 2295 3759 audeat
2319 3701 2609 3769 assignare,
2639 3712 2737 3753 nec
2763 3697 2862 3752 sibi
2887 3713 2905 3761 ;
2930 3696 3026 3752 sed
3050 3703 3103 3750 et
3134 3710 3193 3750 se
3219 3694 3421 3763 ipsum,

1840 3799 1896 3847 et
1922 3807 2040 3859 nos,
2071 3798 2125 3849 et
2161 3804 2524 3863 quoscumque
2548 3790 2681 3847 alios
2708 3788 2879 3857 diligit
2904 3788 3103 3842 amicos
3122 3826 3138 3852 ,
3164 3785 3219 3839 in
3244 3786 3333 3841 illo
3363 3794 3422 3841 et

1843 3892 2059 3967 propter
2099 3883 2246 3943 illum
2288 3882 2493 3951 diligat,
2522 3880 2761 3950 quicum
2797 3877 2985 3933 dilexit
3025 3877 3317 3943 inimicum,
3360 3886 3421 3932 ut

1836 3976 2138 4045 iustiﬁcam
2161 3975 2361 4047 faceret
2384 3974 2633 4031 amicum.
2660 3972 2760 4027 Hic
2782 3972 2889 4041 jam
2918 3986 3024 4025 non
3050 3978 3105 4025 te
3128 3976 3258 4040 puto
3282 3983 3424 4039 pra-

1841 4076 2058 4137 ceptore
2084 4068 2341 4138 indigere,
2372 4076 2428 4122 ut
2466 4082 2586 4123 cum
2615 4073 2868 4134 occupata
2894 4074 3021 4120 sum
3046 4071 3305 4133 tempora,
3335 4058 3423 4117 vel

1843 4169 1953 4228 tua,
2001 4160 2083 4215 vel
2110 4173 2295 4216 eorum
2324 4158 2416 4227 qui
2460 4166 2513 4212 te
2551 4157 2790 4221 audiunt,
2818 4155 3050 4211 διατίθει·
3090 4168 3253 4225 agas;
3297 4165 3421 4215 eum

1844 4261 2022 4309 autem
2067 4250 2315 4318 largiora,
2368 4247 2546 4318 argius
2589 4246 2855 4316 eloquaris
2884 4262 2903 4299 ι
2942 4246 3045 4300 hoc
3083 4243 3231 4299 enim
3274 4243 3429 4299 nulla

1842 4341 2163 4397 admonente
2189 4340 2305 4410 ipsa
2329 4338 2621 4399 necessitas
2646 4337 2904 4407 praecipit.

1915 4430 2140 4489 CAPUT
2176 4429 2310 4486 vut.
2336 4457 2408 4470 --
2433 4428 2522 4487 is.
2550 4427 2756 4481 Etudili
2780 4425 3031 4496 qumodo
3055 4422 3427 4479 cates/timuiita

1842 4525 1950 4585 Sed
1974 4524 2105 4579 illud
2127 4524 2286 4594 plane
2326 4536 2434 4576 non
2477 4516 2903 4590 prmtereundum
2944 4523 3047 4583 est,
3087 4522 3145 4569 ut
3185 4514 3231 4569 si
3274 4514 3343 4567 ad
3370 4510 3429 4568 te

1843 4619 2125 4690 quisquam
2153 4598 2795 4670 catechinndus'venerit
2833 4607 3143 4664 liberalibus
3165 4604 3431 4661 doctrinis

1844 4710 2106 4775 excultus,
2134 4707 2225 4777 qui
2248 4706 2361 4775 iam
2386 4702 2687 4759 decreverit
2708 4714 2833 4761 esse
2852 4699 3199 4765 christiana,
3224 4706 3280 4753 et
3302 4698 3429 4753 me
3470 4762 3475 4767 _

1847 4803 2056 4860 venerit
2080 4806 2137 4856 ut
2162 4800 2273 4866 ﬁat,
2299 4796 2671 4855 difﬁcillimum
2695 4796 2917 4850 omnino
2936 4802 3099 4850 estut
3124 4802 3235 4849 non
3256 4793 3431 4847 multo:

1845 4903 2150 4951 nostrai-mn
2207 4891 2587 4961 scripturarum
2640 4888 3041 4957 litterarumque
3091 4886 3431 4956 cognoverit,

1848 4987 2041 5059 quibus
2076 4986 2185 5057 jam
2231 4986 2519 5040 instructus
2546 4980 2612 5036 ad
2639 4979 3105 5036 Saoramentorum
3137 4979 3424 5047 βαι-δωρε-

1850 5079 2051 5135 tionem
2081 5073 2445 5133 tantummodo
2471 5072 2696 5127 venerit.
2739 5070 2901 5125 Tales
2921 5070 3063 5125 enim
3099 5083 3204 5123 non
3235 5067 3423 5123 eadem

1849 5173 1983 5229 hora
2006 5185 2111 5241 qua
2139 5166 2411 5224 christiani
2435 5164 2587 5231 ﬁunt,
2620 5162 2719 5218 sed
2740 5170 2862 5216 ante
2892 5162 3065 5216 solent
3102 5159 3281 5213 omnia
3308 5158 3430 5211 diti-

1850 5275 2035 5337 genter
2080 5263 2370 5333 inquirere,
2416 5267 2471 5314 et
2511 5265 2689 5312 motus
2714 5255 2875 5310 animi
2924 5254 3026 5318 sui,
3071 5266 3192 5307 cum
3237 5250 3437 5320 quibus

1851 5363 2093 5430 possunt,
2124 5351 2515 5409 communicare
2554 5358 2712 5418 atque
2738 5348 3028 5403 discutere.
3051 5341 3191 5399 Cum
3214 5341 3299 5394 his
3326 5341 3427 5394 ita-

1850 5470 1953 5528 que
1976 5453 2207 5511 breviter
2229 5449 2487 5523 agendum
2513 5454 2615 5514 est,
2641 5454 2693 5501 et
2721 5452 2826 5499 non
2854 5442 3045 5499 odiose
3068 5441 3085 5472 ί
3112 5437 3430 5493 inculcando

1851 5564 1970 5620 quae
1996 5557 2211 5608 norunt,
2239 5543 2332 5599 sed
2362 5540 2602 5597 modeste
2629 5533 3068 5608 perstringendo;
3101 5534 3171 5585 ita
3200 5538 3260 5583 ut
3287 5528 3431 5581 diea-
3502 5598 3511 5617 ί

1850 5657 1971 5696 mus
2020 5654 2118 5694 nos
2162 5636 2380 5692 credere
2426 5633 2565 5704 quod
2613 5632 2721 5702 jam
2772 5628 3015 5684 noverint
3062 5622 3222 5683 illud,
3270 5627 3429 5686 atque

1851 5737 1979 5793 illud
2005 5756 2018 5803 ;
2048 5746 2204 5805 atque
2234 5733 2335 5787 hoc
2359 5731 2517 5787 modo
2541 5727 2737 5786 cursim
2764 5732 3075 5780 enumerare
3104 5713 3282 5771 omnia
3310 5724 3430 5782 qua:

1916 5880 1933 5913 ι
1958 5873 2148 5939 Aliquot
2167 5878 2297 5927 ΜΒ..
2320 5870 2480 5923 otiosa.
