3940 6502
585 403 705 488 sta

592 516 814 573 rudibus
855 513 1184 582 indoctisque
1214 507 1520 565 inculcanda
1565 514 1689 561 sunt
1725 521 1738 555 :
1790 511 1849 557 ut
1895 501 1993 556 etsi
2040 497 2167 569 quid

594 608 742 663 novit
766 606 1001 663 eruditus
1041 605 1160 669 iste,
1194 617 1300 657 non
1344 610 1589 668 tanquam
1618 613 1648 651 a
1686 597 1904 651 doctore
1949 592 2167 657 audiat;

594 705 650 752 et
678 697 723 751 si
761 696 883 765 quid
926 695 1098 749 adhuc
1139 694 1346 763 ignorat
1372 692 1412 756 ί,
1442 690 1569 743 dum
1600 703 1661 741 ea
1689 697 2169 740 commemoramus

597 803 716 857 qua:
742 787 885 840 illum
913 801 1071 841 nosse
1092 785 1202 855 jam
1229 782 1516 845 credimus,
1547 780 1736 834 discat.
1766 776 1875 831 Nec
1900 776 2013 845 ipse
2042 788 2173 828 sane

595 878 854 935 inutiliter
901 879 1289 947 interrogatur,
1338 876 1529 944 quibus
1576 872 1736 926 rebus
1785 878 1963 923 motus
2006 866 2075 921 sit
2118 874 2176 919 ut

593 970 725 1024 velit
743 984 861 1024 esse
881 968 1200 1023 Christianus
1224 984 1237 1020 :
1269 976 1323 1019 ut
1348 966 1392 1018 si
1422 964 1569 1018 libris
1595 963 1642 1017 ei
1669 974 1980 1032 persuasum
2009 959 2029 989 '
2057 971 2176 1012 esse

597 1059 819 1123 videris,
868 1060 981 1112 sive
1030 1056 1316 1119 canonicis,
1345 1056 1457 1109 sive
1484 1053 1689 1107 utilium
1717 1058 2078 1113 tractatorum,
2109 1046 2177 1101 de

598 1146 688 1201 his
725 1146 921 1216 aliquid
951 1147 1004 1200 in
1045 1145 1306 1216 principio
1345 1142 1597 1213 loquaris,
1630 1139 1935 1195 collaudans
1961 1152 2055 1191 eos
2081 1149 2178 1205 pro

600 1238 906 1293 diversitate
933 1238 1246 1293 meritorum
1275 1236 1544 1290 canonica
1580 1231 1907 1287 auctoritatis
1931 1238 1985 1282 et
2013 1242 2179 1297 expo-

598 1329 843 1383 nentium
872 1329 893 1359 ³
919 1326 1281 1384 δοιθινιίεείιιιὶθ
1305 1326 1625 1394 diligentiae;
1664 1321 1999 1389 maximeque
2025 1332 2175 1371 com-

603 1419 863 1475 mendans
893 1420 945 1474 in
974 1417 1261 1488 Scripturis
1301 1416 1570 1471 canonicis
1596 1411 1919 1468 admirandae
1943 1408 2177 1464 altitudi-

596 1510 685 1564 nis
734 1510 1139 1565 saluberrimam
1185 1509 1558 1573 humilitatem,
1605 1506 1657 1559 in
1706 1504 1812 1558 illis
1855 1512 2032 1557 autem
2082 1514 2179 1571 pro

597 1617 695 1657 sua
736 1603 993 1672 cujusque
1040 1601 1289 1656 facultate
1333 1606 1512 1669 aptum
1541 1595 1957 1667 superbioribus,
1990 1602 2041 1648 et
2082 1608 2178 1662 per

594 1694 701 1750 hoc
739 1696 1119 1750 infirmioribus
1144 1695 1333 1749 animis
1353 1734 1367 1758 ,
1395 1693 1575 1748 stilum
1602 1688 1922 1745 sonantioris
1949 1694 2003 1741 et
2027 1684 2178 1755 quasi

595 1786 903 1842 tornatioris
948 1787 1144 1856 eloquii
1186 1786 1229 1839 ⁸.
1279 1786 1419 1840 Sane
1459 1784 1617 1837 etiam
1662 1779 2063 1851 exprimendum
2111 1776 2179 1831 de

598 1878 696 1933 illo
721 1887 805 1933 est
845 1886 903 1933 ut
942 1879 1141 1933 indicet
1182 1892 1341 1947 quem
1379 1876 1610 1930 maxime
1651 1874 1859 1943 legerit,
1891 1881 1946 1926 et
1987 1870 2179 1941 quibus

598 1966 753 2023 libris
778 1966 1092 2023 familiarius
1134 1968 1422 2029 inlueserit,
1457 1966 1597 2020 unde
1633 1965 1708 2019 illi
1748 1978 2059 2034 persuasum
2096 1970 2181 2017 est

598 2066 660 2114 ut
687 2059 881 2113 sociari
905 2060 1065 2114 vellet
1091 2059 1363 2114 Ecclesiae.
1392 2057 1544 2124 Quod
1574 2072 1695 2111 cum
1728 2055 1941 2121 dixerit,
1982 2062 2091 2109 tum
2133 2053 2178 2107 si

593 2148 750 2204 nobis
778 2149 889 2203 noti
914 2157 1036 2203 sunt
1059 2148 1135 2202 illi
1166 2148 1305 2214 libri,
1330 2158 1420 2203 aut
1438 2146 1798 2202 ecclesiastica
1824 2144 1963 2199 fama
1989 2146 2178 2198 saltem

596 2240 900 2308 accepimus
943 2254 972 2292 a
1011 2239 1273 2294 catholico
1313 2239 1490 2309 aliquo
1532 2237 1863 2292 memorabili
1902 2236 2018 2290 viro
2060 2248 2179 2290 esse

595 2331 951 2401 conscriptos,
981 2331 1089 2386 ια)ιὶ
1131 2330 1509 2400 approbemus.
1555 2328 1610 2385 Si
1637 2336 1816 2383 autem
1860 2328 1912 2381 in
1953 2326 2177 2395 alicujus

598 2418 835 2475 haeretici
876 2420 1142 2475 volumina
1186 2420 1442 2486 incurrit,
1476 2430 1530 2473 et
1570 2417 1815 2472 nesciens
1858 2415 1994 2470 forte
2036 2413 2178 2484 quod

591 2522 719 2565 vera
764 2508 897 2564 fides
944 2510 1228 2579 improbat,
1280 2509 1450 2563 tenuit
1497 2508 1715 2571 animo,
1760 2514 1815 2562 et
1855 2504 2176 2560 catholicum

594 2612 716 2653 esse
741 2600 1060 2663 arbitratur;
1086 2599 1273 2654 sedulo
1299 2597 1604 2653 edocendus
1627 2606 1727 2662 est,
1760 2597 1974 2666 praelata
1995 2604 2178 2650 aucto-

593 2689 754 2746 ritate
778 2691 1092 2746 universalis
1116 2692 1369 2746 Ecclesiae
1394 2691 1725 2759 aliorumque
1747 2689 2177 2743 doctissimorum

601 2780 881 2836 hominum
905 2790 960 2836 et
999 2782 1444 2853 disputationibus
1481 2792 1536 2838 et
1575 2782 1954 2850 scriptionibus
1982 2782 2033 2835 in
2063 2782 2177 2851 ejus

601 2873 829 2929 veritate
866 2873 1192 2930 ﬂorentium.
1238 2876 1549 2945 Quanquam
1588 2883 1642 2930 et
1684 2874 1761 2929 illi
1803 2875 1891 2944 qui
1934 2873 2177 2928 catholici

595 2976 669 3017 ex
695 2961 796 3018 hac
817 2963 923 3018 vita
948 2965 1261 3034 migrarunt,
1292 2977 1344 3020 et
1369 2965 1568 3036 aliquid
1609 2965 1906 3019 litterarum
1932 2964 2178 3019 christia-

594 3066 785 3108 narum
812 3054 1041 3122 posteris
1079 3055 1439 3125 reliquerunt,
1470 3056 1522 3109 in
1552 3055 1865 3125 quibusdam
1891 3056 2023 3110 locis
2047 3070 2178 3124 opu-

595 3141 865 3197 sculorum
911 3158 1150 3212 suorum,
1180 3146 1266 3200 vel
1304 3161 1409 3200 non
1456 3147 1731 3212 intellecti,
1774 3147 1855 3201 vel
1896 3147 2053 3201 sicuti
2096 3154 2179 3201 est

595 3230 829 3288 humana
856 3233 1156 3301 infirmitas,
1201 3237 1375 3290 minus
1399 3237 1637 3292 valentes
1662 3237 1777 3293 acie
1798 3239 1998 3293 mentis
2026 3238 2176 3292 abdi-

598 3321 737 3376 tiora
778 3333 1097 3392 penetrare,
1145 3333 1200 3379 et
1246 3325 1358 3379 veri
1407 3327 1751 3399 similitudine
1795 3329 2105 3383 aberrantes
2145 3344 2177 3383 a

594 3412 840 3478 veritate,
870 3415 1347 3483 prarsumptoribus‘
1372 3426 1425 3471 et
1447 3417 1738 3472 audacibus
1764 3416 1981 3472 fuerunt
2018 3432 2173 3472 occa-

593 3502 733 3560 sioni
763 3504 830 3558 ad
856 3505 1086 3575 aliquam
1132 3505 1374 3561 haeresim
1403 3508 1726 3563 moliendam
1759 3517 1917 3578 atque
1950 3511 2176 3579 gignen-

596 3591 740 3647 dam.
767 3593 919 3660 Quod
950 3596 1143 3649 mirum
1187 3611 1292 3650 non
1332 3606 1433 3662 est,
1463 3612 1585 3651 cum
1627 3598 1693 3652 de
1736 3598 1865 3668 ipsis
1907 3599 2178 3655 canonicis

597 3682 837 3750 Litteris,
866 3683 955 3737 ubi
981 3685 1158 3739 omnia
1182 3686 1463 3740 sanissimo
1494 3686 1633 3742 dicta
1660 3699 1798 3753 sunt,
1834 3704 1936 3743 non
1963 3691 2177 3759 quidem

597 3772 754 3827 aliter
796 3772 1105 3840 accipiendo
1130 3775 1394 3842 quaedam,
1420 3790 1579 3844 quam
1604 3779 1687 3830 vel
1717 3779 1947 3847 scriptor
1986 3782 2174 3849 sensit,

597 3862 686 3917 vel
710 3876 767 3915 se
796 3860 910 3929 ipsa
937 3862 1137 3916 veritas
1166 3862 1365 3927 habet;
1396 3863 1543 3935 (nam
1583 3867 1626 3919 si
1667 3866 1767 3921 hoc
1805 3868 1976 3922 solum
2012 3881 2176 3939 esset,

597 3950 720 4022 quis
743 3965 851 4004 non
874 3949 1120 4005 humanae
1159 3951 1452 4008 infirmitati
1477 3954 1545 4008 ad
1577 3955 1949 4026 corrigendum
1980 3970 2179 4028 paratas

598 4041 826 4097 libenter
852 4040 1223 4113 ignosceret?)
1254 4041 1348 4096 sed
1374 4042 1427 4096 id
1451 4043 1591 4111 quod
1628 4059 1875 4113 perverse
1914 4063 1979 4102 ac
2017 4064 2179 4118 prave

599 4132 800 4203 opinati
826 4140 968 4198 sunt,
996 4130 1333 4187 animositate
1371 4134 1627 4188 acerrima
1656 4145 1711 4190 et
1736 4138 1996 4205 pervicaci
2025 4154 2176 4195 arro-

599 4222 776 4294 gantia
793 4220 1196 4287 defensitantes,
1221 4221 1371 4276 multi
1395 4223 1558 4278 multa
1582 4226 1879 4295 perniciosa
1906 4228 2175 4299 dogmata,

599 4311 813 4369 concisa
834 4311 1225 4366 communionis
1251 4313 1454 4369 unitate
1479 4327 1816 4386 pepererunt.
1845 4318 1971 4375 Haec
1999 4323 2177 4377 omnia

598 4418 721 4461 cum
762 4402 857 4457 illo
899 4402 990 4473 qui
1033 4401 1101 4456 ad
1146 4403 1457 4459 societatem
1503 4407 1681 4475 populi
1724 4408 2020 4478 christiani,
2069 4429 2176 4469 non

597 4496 781 4564 idiota,
810 4504 867 4551 ut
901 4495 1069 4561 aiunt,
1092 4494 1187 4551 sed
1215 4495 1493 4551 doctorum
1528 4497 1678 4552 libris
1713 4501 1982 4569 expolitus
2018 4514 2177 4574 atque

596 4588 840 4646 excultus
866 4588 1089 4651 accedit,
1136 4588 1376 4644 modesta
1410 4589 1692 4645 collatione
1721 4595 1992 4648 tractanda
2015 4607 2171 4652 sunt:

597 4685 803 4733 tantum
830 4687 1103 4746 assumpta
1145 4678 1484 4747 praecipiendi
1529 4681 1860 4747 auctoritate,
1891 4696 1949 4738 ut
1990 4699 2178 4743 caveat

597 4769 1025 4839 prazsumptionis
1051 4782 1261 4825 errores
1285 4784 1301 4835 ;
1344 4779 1599 4839 quantum
1623 4771 1738 4838 ejus
1762 4771 2031 4831 humilitas
2056 4794 2176 4849 qua:

597 4858 751 4916 illum
791 4858 1030 4923 adduxit,
1059 4858 1167 4927 jam
1211 4860 1438 4915 sentitur
1467 4859 1770 4917 admittere.
1812 4864 2019 4922 Caetera
2046 4884 2175 4925 vero

596 4949 887 5006 secundum
929 4950 1142 5019 regulas
1184 4948 1441 5004 doctrinae
1486 4950 1753 5021 salutaris,
1795 4955 1910 5010 sive
1938 4958 2005 5012 de
2046 4959 2169 5027 fide,

596 5053 945 5109 quaecumque
987 5037 1253 5093 narranda
1282 5038 1367 5093 vel
1415 5038 1723 5096 disserenda
1768 5054 1909 5110 sunt,
1951 5048 2062 5102 sive
2105 5050 2174 5106 de

596 5130 854 5195 moribus,
883 5129 997 5183 sive
1020 5127 1087 5182 de
1120 5129 1515 5194 tentationibus,
1539 5145 1605 5185 eo
1631 5133 1787 5188 modo
1814 5139 2174 5204 percurrendo

597 5236 702 5291 quo
745 5218 877 5287 dixi,
921 5218 989 5274 ad
1034 5217 1181 5272 illam
1223 5220 1788 5288 supereminentiorem
1818 5226 1957 5281 viam
1994 5230 2173 5286 omnia

594 5311 873 5367 referenda
911 5318 1054 5366 sunt.

690 5400 915 5458 CAPUT
954 5400 1045 5455 1X.
1080 5429 1150 5442 -—
1188 5402 1274 5458 15.
1318 5400 1646 5459 Grammatici
1682 5417 1728 5461 et
1785 5420 2004 5466 oratores
2041 5430 2169 5484 quo-

643 5534 847 5647 Dinﬁniti,
886 5539 933 5584 et
976 5534 1019 5585 si
1064 5534 1182 5599 quid
1215 5536 1337 5599 forte
1366 5536 1529 5588 adhuc
1571 5538 1778 5615 ignorat.
1827 5547 1995 5609 Abest,
2028 5550 2168 5613 forte,

590 5609 622 5647 .
827 5691 843 5716 ,
867 5666 918 5709 ut
939 5656 994 5725 st:
1005 5657 1142 5710 libris
1159 5673 1270 5725 eum
1291 5674 1588 5725 persuasum.

656 5724 678 5789 ξ
707 5720 877 5789 plures
893 5720 1102 5789 codices,
1126 5729 1176 5789 et
1192 5722 1257 5771 ad
1277 5720 1643 5789 exponendum.

653 5780 676 5812 ⁸
706 5787 839 5844 non,
860 5781 1114 5837 omau'on's
1131 5783 1323 5850 eloquii.

2739 216 2817 255 ο

1451 392 1540 451 DE
1576 384 2115 449 CATECHIZANDIS
2153 382 2473 451 RUDIBUS,
2514 383 2575 438 S.
2615 383 2987 442 AUGUSTlNl
3702 400 3788 461 5%

2277 498 2427 551 modo
2454 500 2719 552 tractandi.
2754 498 2865 553 Vox
2884 501 2951 553 ad
2976 518 3120 555 aures
3140 501 3257 567 Dei,
3281 506 3434 559 animi
3457 507 3661 575 affectus.
3684 514 3786 574 Sunt

2278 588 2404 642 item
2434 588 2645 659 quidam
2671 589 2738 643 de
2775 591 2971 644 scholis
2996 593 3355 649 usitatissimis
3390 605 3785 667 grammaticorum

2276 692 2653 751 oratorumque
2688 683 2964 738 venientes
2983 726 2998 751 ,
3028 701 3158 755 quos
3188 703 3361 757 neque
3390 690 3521 747 inter
3542 696 3703 753 idiotas
3718 718 3787 756 nu-

2277 788 2485 828 merare
2500 773 2718 841 audeas,
2739 791 2910 845 neque
2940 777 3077 832 inter
3103 779 3226 834 illos
3248 782 3588 856 doctissimos,
3616 807 3786 859 quorum

2279 878 2431 917 mens
2462 880 2771 935 magnarum
2803 881 2982 921 rerum
3009 878 3091 923 est
3126 873 3415 928 exercitata
3456 880 3784 944 quzestionibus.

2279 953 2372 1010 llis
2399 970 2526 1025 ergo
2570 958 2657 1026 qui
2686 957 2933 1028 loquendi
2963 967 3079 1015 arte
3116 964 3328 1017 caeteris
3357 964 3636 1022 hominibus
3657 974 3781 1027 excel-

2280 1045 2390 1100 lere
2432 1046 2699 1113 videntur,
2740 1064 2861 1103 cum
2899 1050 3119 1105 veniunt
3156 1064 3217 1106 ut
3253 1054 3524 1111 christiani
3560 1059 3683 1125 tiaut,
3714 1063 3784 1118 hoc

2280 1137 2507 1206 amplius
2522 1154 2681 1208 quam
2696 1140 2799 1194 illis
2821 1141 3107 1198 illitteratis
3130 1144 3408 1214 impertire
3426 1147 3670 1216 debemus,
3685 1154 3784 1222 quod

2282 1226 2469 1281 sedulo
2497 1229 2750 1284 monendi
2778 1241 2901 1286 sunt
2930 1242 2986 1286 ut
3014 1234 3315 1290 humilitate
3343 1237 3505 1292 induti
3532 1240 3783 1310 christiana,

2281 1320 2488 1373 discant
2517 1335 2621 1375 non
2651 1324 2996 1380 contemiiere
3022 1342 3157 1396 quos
3188 1332 3530 1398 cognoverint
3551 1348 3717 1388 morum
3732 1338 3785 1390 vi-

2282 1410 2354 1463 tia
2380 1425 2540 1480 quam
2567 1414 2848 1469 verborum
2878 1419 3103 1487 amplius
3127 1419 3406 1489 devitarc;
3446 1433 3501 1480 et
3537 1426 3662 1481 cordi
3680 1440 3783 1485 casto

2282 1500 2513 1570 linguam
2552 1507 2890 1561 exercitatam
2933 1524 3031 1563 nec
3068 1510 3317 1567 conferre
3361 1515 3377 1544 ¹
3403 1515 3644 1585 audeant,
3673 1535 3782 1588 quam

2282 1592 2442 1647 etiam
2474 1594 2725 1663 praeferre
2751 1612 3158 1657 consueverant.
3191 1603 3417 1662 Maxime
3442 1617 3601 1663 autem
3632 1612 3697 1664 isti
3717 1611 3783 1667 do-

2283 1684 2437 1740 cendi
2464 1697 2589 1742 sunt
2616 1688 2917 1760 Seripturas
2943 1693 3127 1748 audire
3169 1696 3398 1764 divinas,
3430 1717 3493 1754 ne
3533 1702 3705 1758 sordeat
3730 1706 3783 1759 eis

2283 1778 2510 1833 solidum
2549 1781 2835 1850 eloquium,
2867 1784 2991 1853 quia
3020 1801 3125 1839 non
3154 1796 3239 1842 est
3268 1788 3532 1856 inflatum;
3561 1807 3700 1862 neque
3725 1810 3782 1847 ar-

2282 1869 2547 1926 bitrentur
2602 1874 2906 1930 carnalibus
2968 1877 3350 1948 intmmentis
3414 1884 3623 1939 involuta
3673 1895 3781 1955 atque

2283 1973 2466 2032 aperta
2494 1965 2634 2020 dicta
2662 1968 2749 2022 vel
2776 1967 2917 2023 facta
2948 1969 3242 2038 hominum,
3265 1990 3384 2043 quae
3409 1975 3459 2029 in
3486 1977 3578 2031 illis
3597 1976 3712 2030 libris
3731 1978 3780 2030 le-

2282 2065 2496 2126 guntur,
2528 2072 2634 2113 non
2665 2061 2957 2116 evolvenda
2985 2072 3147 2132 atque
3174 2066 3459 2134 aperienda
3483 2076 3536 2120 ut
3560 2067 3779 2136 intelligan-

2284 2154 2391 2213 tur,
2422 2147 2516 2201 sed
2547 2148 2623 2202 sic
2651 2150 2954 2219 accipienda
2984 2162 3043 2206 ut
3072 2153 3267 2210 littera:
3303 2165 3516 2218 sonant;
3546 2156 3685 2226 deque
3703 2156 3775 2224 ipsa

2284 2235 2511 2291 utilitate
2536 2240 2750 2305 secreti,
2794 2240 2934 2296 unde
2963 2244 3123 2297 etiam
3163 2246 3417 2315 mysteria
3442 2256 3675 2309 vocantur,
3696 2242 3777 2314 quid

2282 2326 2493 2381 valeant
2539 2330 2875 2400 aenigmatum
2942 2332 3161 2389 latebra:
3227 2335 3294 2390 ad
3354 2351 3570 2391 amorem
3610 2334 3774 2389 veritatis

2283 2417 2613 2485 acuendum,
2643 2420 3126 2493 decutiendumque
3155 2427 3176 2456 ³
3207 2425 3405 2480 fastidii
3431 2435 3680 2495 torporem,
3702 2423 3775 2492 ipsa

2283 2511 2614 2578 experientia
2656 2513 2988 2582 probandum
3016 2525 3100 2571 est
3144 2516 3357 2583 talibus,
3405 2532 3518 2573 cum
3552 2514 3707 2586 aliquid
3726 2513 3775 2567 eis

2282 2598 2424 2668 quod
2453 2601 2505 2655 in
2537 2614 2782 2672 promptu
2811 2606 3043 2674 positum
3079 2623 3186 2661 non
3231 2609 3302 2662 ita
3344 2609 3604 2672 movebat,
3639 2604 3774 2661 enoda-

2282 2690 2429 2746 tione
2472 2694 3005 2767 allegorizej'alierus
3036 2699 3273 2760 eruitur.
3326 2700 3416 2755 llis
3456 2699 3583 2755 enim
3613 2697 3773 2752 maxime

2284 2781 2415 2837 utile
2439 2792 2520 2837 est
2550 2800 2728 2851 nosse,
2768 2778 3401 2859 itaesse'prteponendas
3426 2790 3586 2846 verbis
3620 2797 3772 2843 sentcn-

2284 2873 2403 2940 tias,
2435 2884 2490 2929 ut
2512 2880 2841 2949 praeponitur
2863 2881 3073 2936 animus
3098 2886 3334 2955 corpori.
3378 2886 3448 2939 Ex
3475 2899 3570 2954 quo
3593 2884 3640 2936 fit
3665 2889 3705 2935 ut
3728 2880 3772 2933 ita

2281 2968 2439 3022 malle
2464 2968 2694 3026 debeant
2726 2974 2965 3030 veriores
3003 2992 3164 3046 quam
3209 2978 3512 3034 disertiores
3536 2974 3683 3030 audire
3702 2986 3774 3025 set-

2281 3073 2490 3128 mones,
2537 3061 2675 3117 sicut
2714 3066 2873 3120 malle
2910 3066 3106 3123 debent
3149 3069 3536 3138 prudentiores,
3564 3079 3687 3136 quam
3708 3062 3777 3116 lor-

2280 3152 2543 3209 mosiorcs
2570 3154 2767 3211 habere
2791 3159 3011 3227 amicos.
3037 3159 3305 3216 Noverint
3326 3161 3480 3217 etiam
3503 3174 3595 3215 non
3613 3169 3703 3211 esse
3721 3166 3777 3205 vc

2280 3259 2398 3300 cem
2424 3246 2490 3301 ad
2516 3263 2673 3302 aures
2698 3250 2812 3315 Dei,
2852 3250 2955 3305 nisi
2985 3250 3149 3306 animi
3176 3253 3432 3309 allectum
3455 3271 3467 3306 :
3493 3252 3555 3306 ita
3576 3248 3686 3304 enim
3705 3258 3775 3298 non

2282 3337 2596 3405 irridebunt,
2627 3341 2671 3394 si
2696 3342 2902 3411 aliquos
2928 3343 3201 3401 antistites
3229 3356 3285 3402 et
3312 3347 3564 3401 ministros
3594 3336 3776 3397 Ecclesim

2280 3430 2418 3484 forte
2441 3431 2934 3501 animadverterint,
2970 3436 3049 3491 vel
3080 3452 3212 3492 cum
3252 3435 3572 3493 barbarismis
3594 3442 3635 3488 et
3663 3428 3777 3482 solm;

2281 3520 2461 3574 cismis
2486 3521 2655 3576 Deum
2684 3523 2951 3590 invocare,
2978 3526 3064 3581 vel
3094 3527 3287 3584 eadem
3318 3530 3470 3584 verba
3488 3540 3587 3596 qua:
3604 3532 3777 3592 υτοιιιω·

2282 3612 2416 3666 tiant
2442 3628 2547 3668 non
2576 3616 2893 3687 intelligere,
2923 3621 3339 3692 perturbateque
3368 3622 3665 3689 distinguere.
3694 3609 3775 3664 N0“

2281 3703 2404 3774 quia
2432 3703 2536 3758 ista
2564 3707 2785 3762 minime
2820 3709 3131 3779 corrigenda
3177 3724 3325 3778 sunt,
3359 3721 3415 3768 ut
3444 3708 3639 3783 populus
3661 3702 3709 3757 ad
3739 3696 3773 3752 id

2281 3792 2423 3862 quod
2452 3793 2609 3862 plane
2648 3796 2913 3868 intelligit,
2940 3799 3082 3855 dicat
3103 3803 3310 3869 Amen;
3342 3803 3430 3858 sed
3460 3812 3612 3856 tamen
3639 3795 3773 3865 picto-

2282 3881 2501 3939 leranda
2525 3897 2649 3940 sunt
2673 3887 2741 3942 ab
2765 3890 2843 3944 eis
2866 3891 2955 3960 qui
2981 3890 3288 3961 didicerint,
3317 3903 3374 3949 ut
3396 3909 3519 3948 sono
3542 3891 3589 3945 in
3609 3880 3773 3947 foro.Sic

2282 3983 2408 4029 voto
2427 3975 2482 4029 in
2506 3976 2739 4033 Ecclesia
2767 3980 3029 4037 benedici.
3055 3983 3239 4054 Itaque
3265 3984 3480 4041 forensis
3505 3983 3581 4037 illa
3601 3986 3772 4033 nonnum

2283 4080 2441 4136 quam
2478 4067 2617 4124 forte
2654 4070 2793 4125 bona
2840 4074 3024 4139 dictio,
3052 4090 3324 4147 nunquam
3357 4087 3524 4132 tamen
3555 4063 3775 4127 benedictio

2282 4157 2385 4213 dici
2427 4169 2620 4229 potest.
2666 4162 2743 4217 De
2795 4163 3143 4223 Sacramento
3189 4179 3368 4225 autem
3407 4164 3538 4238 quod
3578 4150 3775 4226 δοθερίυτί

2284 4260 2424 4316 sunt,
2457 4250 2653 4306 sufficit
2688 4256 3120 4323 prudentioribus
3163 4260 3351 4317 audire
3378 4256 3497 4329 quid
3532 4266 3607 4309 res
3644 4248 3711 4302 illa
3728 4240 3775 4295 si-

2281 4340 2533 4410 gniﬁcet:
2567 4359 2687 4398 cum
2726 4345 3047 4401 tardioribus
3090 4360 3269 4404 autem
3311 4350 3565 4420 aliquanto
3602 4332 3775 4410 plurimis

2282 4435 2460 4490 verbis
2481 4445 2536 4490 et
2559 4437 2995 4496 similitudinibus
3014 4441 3280 4511 agendum
3300 4450 3399 4508 est,
3425 4453 3489 4494 ne
3513 4427 3776 4492 contemmm

2281 4526 2424 4595 quod
2452 4526 2651 4582 vident.

2352 4636 2578 4695 CAPUT
2602 4639 2669 4694 Χ.
2698 4671 2769 4679 -
2795 4643 2883 4698 14.
2922 4642 3045 4697 lam
3092 4645 3155 4700 de
3202 4646 3451 4701 hilaritate
3489 4626 3773 4706 campum“

2282 4728 2461 4787 Causa:
2488 4748 2576 4786 sex
2616 4734 2823 4789 twdium
2871 4735 3137 4802 a/ferentes
3180 4735 3518 4793 catechizanti.
3555 4721 3776 4786 Remedium

2280 4831 2456 4875 contra
2493 4824 2712 4891 primam
2738 4842 2943 4880 causam
2972 4830 3129 4885 tredii.
3171 4830 3267 4887 Hic
3310 4840 3367 4885 ιιι
3405 4827 3609 4883 fortasse
3645 4822 3774 4870 αιδην

2280 4913 2427 4983 plum
2463 4915 2676 4986 aliquod
2719 4922 2983 4975 sermonis
3026 4922 3318 4989 desideras,
3352 4932 3408 4977 ut
3433 4921 3541 4991 ipso
3566 4910 3644 4969 tibi
3665 4912 3777 4998 ορεξθ

2279 5006 2557 5062 ostendam
2602 5011 2871 5079 quomodo
2910 5012 3150 5070 facienda
3201 5017 3307 5070 sint
3348 5015 3444 5068 ista
3484 5022 3590 5079 qua:
3628 5006 3775 5055 ωοηω·

2279 5096 2432 5165 Quod
2457 5099 2672 5170 quidem
2700 5098 2911 5168 faciam,
2936 5116 3190 5173 quantum
3216 5105 3436 5161 Domino
3455 5099 3695 5168 adiuvante
3713 5095 3777 5173 Ροέ

2279 5196 2433 5245 tuero
2458 5208 2470 5245 :
2501 5191 2597 5247 sed
2621 5192 2767 5263 prius
2794 5193 2861 5248 de
2887 5170 2973 5249 illa
3003 5196 3271 5253 hilaritate
3298 5186 3643 5264 comparanda.
3679 5170 3775 5245 ίιυοά

2278 5284 2546 5353 pollicitus
2569 5303 2709 5355 sum,
2732 5289 2912 5345 dicere
2940 5290 3129 5347 debet}.
3156 5292 3272 5347 Jam
3298 5290 3436 5346 enim
3463 5286 3524 5340 de
3549 5277 3658 5351 ipsis
3680 5280 3775 5340 PN"

2277 5376 2445 5443 ceptis
2488 5378 2785 5446 explicandi
2814 5382 3096 5448 sermonis,
3137 5383 3191 5437 in
3235 5371 3594 5437 catechizando
3630 5377 3683 5420 00
3715 5368 3773 5424 ill“

2277 5467 2355 5522 sic
2386 5470 2533 5528 venit
2557 5482 2615 5525 ut.
2642 5472 2963 5529 ehristianus
2985 5476 3094 5539 ﬁat,
3120 5485 3369 5546 quantum
3399 5471 3519 5527 satis
3543 5465 3683 5519 visum
3703 5456 3772 5546 esi:

2276 5559 2419 5630 Quod
2448 5561 2795 5630 promiseram
2824 5564 3045 5619 exsolvi.
3084 5542 3377 5621 lii-debitum
3418 5560 3595 5631 quippe
3618 5555 3700 5609 εει»
3736 5542 3772 5589 υί

2340 5738 2356 5769 ί
2392 5740 2620 5802 Praecipui
2659 5746 2797 5798 Mss.,
2844 5737 3055 5802 linguam
3090 5749 3351 5793 exaratam
3378 5748 3460 5787 nec
3494 5726 3693 5792 contem-
3773 5742 3783 5759 ’

2340 5803 2360 5834 ⁸
2392 5800 2463 5849 sic
2492 5799 2659 5863 plures
2680 5809 2786 5851 MSS.
2822 5808 2876 5852 At
2894 5799 3031 5867 editi,
3055 5803 3501 5863 discutiendumque.
