3896 6382
131 427 222 490 ﬁt

131 550 280 608 etiam
295 546 407 615 ipse
424 543 627 599 faciam
653 541 709 597 in
736 540 836 598 hoc
853 541 1133 609 volumine,
1149 541 1289 611 quod
1311 540 1424 596 fieri
1444 550 1695 611 oportere

133 638 384 710 praecipio.
413 636 470 689 Si
500 649 638 703 ergo
666 633 864 699 fecero,
893 633 955 687 ad
996 634 1265 688 cumulum
1298 632 1495 689 valebit
1537 650 1551 686 :
1600 648 1713 689 cu-,

133 730 289 782 mulus
314 736 490 782 autem
522 741 635 794 quo
664 737 822 794 pacto
845 740 874 778 a
900 740 983 779 me
1023 723 1332 794 superfundi
1370 733 1564 795 potest.
1598 741 1698 781 an-

134 832 326 891 tequam
350 833 667 873 mensuram
698 817 860 872 debiti
888 817 1214 884 explevero?
1239 816 1417 887 Neque
1460 817 1600 871 enim
1645 825 1699 885 te

133 915 340 968 maxime
367 911 630 981 conqueri
657 910 856 975 audivi,
902 909 1006 962 nisi
1048 909 1189 979 quod
1219 909 1312 962 tibi
1357 924 1535 964 sermo
1579 918 1700 964 tuus

131 1004 237 1058 vilis
272 1002 620 1072 abjectusque
640 1000 929 1066 videretur,
967 1014 1090 1053 cum
1131 999 1362 1069 aliquem
1405 999 1698 1055 christiano

132 1095 325 1149 nomine
350 1092 644 1147 imbueres.
674 1091 790 1145 Hoc
814 1099 987 1144 autem
1020 1090 1164 1154 scio,
1214 1104 1320 1143 non
1363 1099 1470 1143 tam
1517 1105 1696 1145 rerum

130 1201 240 1255 qua:
276 1184 513 1240 dicendae
560 1195 705 1245 sunt,
746 1182 938 1252 quibus
972 1191 1023 1237 te
1057 1182 1187 1236 satis
1212 1182 1337 1236 novi
1368 1192 1609 1250 paratum
1644 1190 1699 1237 et

129 1279 444 1339 instructum,
476 1288 654 1344 neque
682 1274 851 1342 ipsius
873 1271 1154 1328 locutionis
1184 1272 1383 1341 inopia,
1414 1271 1506 1326 sed
1533 1272 1697 1326 animi

127 1368 267 1421 taedio
308 1367 460 1429 ﬁeri;
492 1367 584 1420 vel
606 1364 693 1418 illa
720 1378 881 1417 causa
907 1378 1065 1432 quam
1093 1362 1223 1429 dixi,
1252 1362 1376 1431 quia
1406 1362 1574 1431 magis
1600 1376 1698 1417 nos

125 1459 333 1515 delectat
359 1466 414 1513 et
442 1465 611 1521 tenet,
648 1454 795 1526 quod
842 1455 894 1508 in
937 1454 1151 1509 silentio
1194 1461 1375 1509 mente
1402 1454 1692 1519 cernimus,

124 1548 213 1605 tice
234 1550 353 1604 inde
375 1549 626 1603 volumus
652 1546 867 1601 avocari
898 1544 964 1600 ad
998 1545 1284 1601 verborum
1322 1546 1481 1622 longe
1519 1545 1698 1614 dispa-

124 1656 228 1696 rem
251 1639 570 1709 strepitum;
602 1637 684 1691 vel
707 1637 834 1707 quia
862 1637 1019 1690 etiam
1046 1650 1168 1690 cum
1213 1648 1393 1691 sermo
1429 1633 1698 1704 jucundus

125 1741 217 1799 est,
242 1732 410 1801 magis
434 1746 538 1786 nos
566 1729 694 1785 libet
717 1729 906 1783 audire
931 1737 1023 1782 aut
1043 1728 1222 1798 legere
1251 1742 1370 1797 quae
1395 1729 1588 1783 melius
1612 1728 1698 1783 di-

126 1834 201 1879 cta
222 1833 363 1887 sunt,
390 1833 446 1878 et
469 1838 591 1893 quae
615 1822 731 1877 sine
757 1830 939 1875 nostra
963 1836 1086 1875 cura
1113 1829 1167 1874 et
1194 1820 1552 1876 sollicitudine
1576 1835 1700 1890 pro-

126 1925 354 1983 muntur,
393 1930 555 1984 quam
596 1913 659 1968 ad
694 1914 928 1968 alienum
969 1928 1185 1968 sensum
1224 1915 1498 1983 repentina
1539 1915 1700 1970 verba

129 2016 375 2078 coaptare
392 2007 595 2061 incerto
617 2006 781 2069 exitu,
812 2005 923 2060 sive
948 2014 1126 2058 utrum
1150 2013 1433 2060 occurrant
1460 2020 1557 2074 pro
1586 2021 1701 2060 sen-

133 2100 321 2165 tentia,
353 2100 465 2153 sive
495 2107 663 2153 utrum
693 2098 1018 2167 accipiantur
1041 2098 1276 2163 utiliter;
1316 2098 1401 2152 vel
1446 2098 1567 2167 quia
1609 2097 1700 2153 illa

133 2207 254 2262 quae
290 2191 511 2247 rudibus
551 2192 897 2257 insinuantur,
936 2205 1001 2245 eo
1039 2191 1181 2260 quod
1224 2190 1378 2247 nobis
1424 2192 1699 2247 notissima

129 2292 269 2349 sunt,
315 2291 369 2337 et
396 2282 664 2352 provectui
695 2291 881 2337 nostro
904 2282 1014 2351 jam
1046 2296 1150 2336 non
1180 2283 1476 2337 necessaria
1495 2323 1512 2349 ,
1558 2284 1702 2353 piget

128 2373 187 2427 ad
212 2388 274 2430 ea
299 2374 589 2444 saepissime
614 2373 819 2439 redire,
837 2388 933 2428 nec
960 2373 1015 2426 in
1042 2373 1118 2428 eis
1146 2383 1253 2428 tam
1279 2374 1486 2429 usitatis
1509 2382 1563 2429 et
1587 2383 1700 2427 tan-

129 2483 271 2538 quam
314 2467 640 2521 infantilibus
696 2481 825 2521 cum
871 2466 1044 2537 aliqua
1079 2467 1351 2536 voluptate
1388 2467 1499 2537 jam
1542 2482 1703 2536 gran-

130 2558 379 2612 diuscultts
404 2558 620 2613 animus
659 2557 922 2628 graditur.
954 2557 1104 2612 Facit
1131 2559 1289 2613 etiam
1323 2559 1558 2628 loquenti
1601 2546 1699 2613 tie-

130 2651 258 2706 dium
294 2652 500 2707 auditor
536 2651 860 2725 [immobilis
900 2651 985 2707 vel
1011 2652 1134 2722 quia
1164 2666 1269 2707 non
1300 2659 1543 2707 movetur
1566 2653 1701 2708 atl‘e-

130 2747 316 2811 ctu,vel
336 2747 453 2815 quia
474 2747 628 2800 nullo
655 2755 811 2800 motu
835 2745 1075 2815 corporis
1095 2744 1294 2799 indicat
1320 2760 1377 2800 se
1400 2745 1701 2815 intelligere

131 2836 206 2890 vel
236 2837 328 2891 sibi
364 2837 575 2907 placere
613 2851 744 2906 quae
774 2834 1098 2909 dicuntur’]
1130 2854 1143 2890 :
1175 2852 1279 2891 non
1307 2837 1428 2907 quia
1454 2836 1700 2892 humanae

134 2926 293 2982 laudis
309 2943 396 2982 nos
418 2944 538 2984 esse
565 2929 766 2984 avidos
808 2929 982 2996 decet,
1013 2930 1107 2985 sed
1143 2930 1265 3000 quia
1292 2945 1355 2986 ea
1384 2945 1503 2999 quae
1541 2931 1699 2984 mini-

134 3028 345 3073 stramus
368 3022 450 3077 Dei
473 3032 643 3087 sunt;
668 3032 729 3077 et
756 3032 955 3092 quanto
981 3022 1151 3093 magis
1170 3023 1437 3093 diligimus
1458 3037 1550 3079 eos
1575 3023 1697 3094 qui-

134 3109 227 3163 bus
251 3111 511 3181 loquimur,
560 3122 726 3169 tanto
755 3114 921 3184 magis
966 3114 1046 3169 eis
1072 3114 1317 3184 cupimus
1360 3124 1418 3170 ut
1454 3116 1701 3185 placeant

130 3218 240 3271 quae
258 3204 317 3258 ad
335 3220 508 3261 eorum
538 3207 901 3276 porriguntur
920 3206 1148 3261 salutem
1173 3224 1187 3260 :
1208 3206 1350 3277 quod
1378 3207 1423 3261 si
1447 3222 1554 3263 non
1579 3224 1700 3264 suc-

129 3295 269 3362 cedit,
299 3299 706 3363 contristamur,
732 3307 788 3352 et
824 3298 879 3352 in
919 3298 1036 3367 ipso
1073 3312 1230 3352 cursu
1269 3298 1610 3355 debilitamur
1645 3307 1701 3356 et

129 3386 409 3458 frangimur,
446 3392 599 3461 quasi
654 3390 856 3444 frustra
893 3404 1110 3460 operam
1156 3400 1518 3450 conteramus.
1547 3390 1697 3448 Non-

126 3497 366 3553 nunquam
403 3486 561 3541 etiam
616 3500 752 3540 cum
792 3485 1084 3539 avertimur
1119 3484 1188 3539 ab
1226 3485 1400 3556 aliqua
1441 3501 1500 3542 re
1536 3502 1696 3557 quam

128 3574 462 3632 desideramus
486 3593 689 3649 agere,
714 3584 770 3631 et
794 3577 949 3647 cujus
972 3578 1112 3633 actio
1135 3585 1227 3631 aut
1251 3577 1548 3635 delectabat
1573 3594 1694 3647 nos,

127 3676 214 3720 aut
244 3671 399 3739 magis
421 3672 569 3727 nobis
596 3670 917 3725 necessaria
940 3669 1238 3737 videbatur,
1266 3680 1322 3726 et
1345 3673 1585 3742 cogimur
1605 3682 1699 3729 aut

120 3759 257 3828 jussu
284 3762 391 3831 ejus
418 3779 570 3833 quem
618 3761 904 3817 offendere
950 3762 1196 3818 nolumus
1216 3803 1234 3829 ,
1275 3773 1369 3819 aut
1396 3764 1698 3835 aliquorum

124 3851 387 3908 incvitabili
412 3855 681 3910 instantia
707 3853 1039 3910 catechizare
1064 3856 1294 3925 aliquem
1311 3873 1325 3922 ;
1344 3855 1454 3926 jam
1481 3867 1698 3913 contur-

124 3942 217 3999 bati
242 3946 533 4001 accedimus
560 3947 637 4001 ad
678 3946 968 4014 negotium,
992 3946 1077 4006 cui
1100 3960 1289 4016 magna
1318 3948 1697 4017 tranquillitate

124 4048 238 4101 opus
258 4046 351 4102 est,
377 4038 641 4094 dolentes
672 4036 813 4106 quod
841 4051 1013 4106 neque
1042 4036 1285 4092 ordinem
1307 4038 1573 4094 actionum
1600 4052 1697 4094 no-

123 4128 197 4184 bis
225 4132 521 4188 conceditur
562 4142 764 4187 tenere
802 4144 959 4200 quem
1002 4131 1268 4198 volumus,
1310 4146 1411 4186 nec
1452 4131 1697 4188 sufﬁcere

123 4224 336 4280 omnibus
362 4238 672 4296 possumus
700 4241 714 4276 :
745 4232 902 4293 atque
928 4223 998 4277 ita
1024 4238 1090 4278 ex
1128 4222 1241 4293 ipsa
1276 4223 1489 4279 tristitia
1516 4239 1698 4281 sermo

121 4316 384 4381 procedens
410 4317 599 4371 minus
625 4324 817 4384 gratus
842 4321 945 4377 est,
972 4314 1096 4385 quia
1126 4313 1194 4369 de
1219 4314 1465 4370 ariditate
1492 4317 1698 4371 maesti-

124 4406 196 4459 tia
225 4409 389 4463 minus
419 4409 721 4464 exuberat.
758 4405 1057 4476 Aliquando
1086 4406 1213 4460 item
1250 4421 1311 4460 ex
1344 4406 1523 4477 aliquo
1550 4421 1699 4462 scan-

123 4494 223 4552 dalo
254 4515 450 4556 maeror
474 4508 685 4569 pectus
710 4496 921 4561 obsedit
938 4498 982 4564 ³,
1028 4504 1083 4552 et
1124 4504 1248 4552 tunc
1277 4497 1430 4552 nobis
1474 4497 1691 4565 dicitur,

124 4585 251 4653 Veni,
288 4591 510 4660 loquere
546 4589 711 4652 huic;
756 4587 1076 4642 christianus
1108 4587 1219 4641 vult
1264 4587 1398 4643 fieri.
1442 4588 1642 4644 Dicitur
1669 4589 1691 4621 ³

121 4679 241 4734 enim
265 4681 329 4737 ab
354 4680 743 4753 ignorantibus
762 4677 888 4749 quid
912 4692 1012 4733 nos
1040 4677 1276 4733 clausum
1302 4678 1443 4733 intus
1469 4686 1689 4734 exurat:

124 4773 286 4837 auibus
345 4776 390 4829 si
439 4774 708 4829 allectum
756 4758 995 4826 n08trum
1041 4770 1252 4841 aperire
1292 4786 1400 4826 non
1446 4782 1690 4842 oportet,

124 4865 407 4936 nncipimns
440 4865 717 4938 ingratius
742 4864 884 4935 quod
909 4864 1094 4920 volunt
1117 4862 1173 4928 ὀς
1216 4872 1272 4919 et
1313 4863 1549 4933 profecto
1580 4866 1693 4918 Ian-

126 4956 284 5023 guidus
308 4966 361 5012 et
388 4957 642 5012 insuavis
670 4956 763 5010 ille
792 4969 968 5010 sermo
997 4954 1101 5010 erit
1146 4969 1240 5024 per
1280 4970 1469 5010 venam
1515 4955 1693 5010 cordis

125 5054 403 5104 astumtem
432 5048 849 5115 fumantemque
877 5045 1147 5116 trajectus.
1171 5045 1275 5101 Tot
1298 5046 1457 5116 igitur
1480 5062 1549 5103 ex
1569 5063 1696 5103 cau-

124 5135 200 5199 sis,
224 5140 467 5206 quaelibet
492 5152 688 5194 earum
713 5137 1053 5192 serenitatem
1081 5146 1277 5191 nostra:
1306 5138 1499 5193 mentis
1523 5139 1695 5193 obnu-

124 5224 251 5296 bilet,
292 5230 594 5286 secundum
630 5230 795 5283 Deum
826 5238 949 5287 sunt
976 5228 1261 5299 quaerenda
1287 5230 1543 5296 remedia,
1578 5231 1696 5300 qui-

124 5317 208 5372 bus
230 5323 496 5378 relaxetur
524 5323 625 5377 illa
656 5323 971 5388 contractio,
1002 5330 1056 5375 et
1096 5319 1309 5375 fervore
1347 5321 1565 5390 spiritus
1593 5336 1695 5377 ex-

126 5409 357 5469 sultemus
378 5424 435 5470 et
458 5412 825 5485 jucundemur
845 5412 901 5468 in
930 5412 1310 5482 tranquillitate
1335 5412 1464 5468 boni
1491 5413 1690 5482 operis.

179 5614 195 5645 ι
224 5580 639 5669 verbalncuncis
659 5613 844 5665 inclusa
863 5614 1039 5664 absunt
1060 5625 1089 5663 a
1111 5611 1362 5677 plerisque
1404 5617 1513 5663 Itss.
1549 5619 1600 5665 et
1633 5614 1697 5664 ab

354 5776 372 5803 ,
389 5739 601 5790 obsidet.
629 5745 682 5788 At
699 5745 831 5803 Mss,,
854 5736 1053 5788 obsedit.

180 5800 200 5833 ³
224 5800 323 5851 Sola
345 5799 497 5852 editi!)
514 5809 653 5857 Lov.,
676 5799 901 5850 nescitur.

179 5862 199 5896 ⁸
228 5864 388 5917 iiut-es
408 5872 543 5927 Ἀβδη
560 5861 844 5926 suscipimus
859 5859 1037 5931 ingrati
1053 5860 1183 5929 quod
1208 5860 1379 5915 volant.

1487 427 1690 485 LIBER
1727 426 1925 488 UNUS.

1808 542 2039 597 Hilarem
2069 542 2199 598 enim
2228 544 2455 601 datorem
2482 544 2647 620 diligit
2674 550 2812 607 Deus
2839 553 2860 624 (
2875 553 2920 609 Il
2948 553 3071 610 Cor.
3103 571 3181 625 rx,
3212 559 3247 613 7
3268 558 3312 633 ).
3352 614 3355 617 λ

1878 635 1964 690 15.
2005 634 2061 690 Si
2089 636 2231 691 enim
2257 651 2415 692 causa
2442 639 2529 692 illa
2560 642 2859 711 contristat,
2883 646 3025 715 quod
3052 648 3384 708 intellectum

1802 733 2044 780 nostrum
2065 726 2275 781 auditor
2292 743 2399 782 non
2421 730 2581 799 capit,
2612 746 2641 786 a
2678 733 2830 802 cujus
2852 739 3126 794 cacumine
3145 743 3377 810 quodam

1800 816 1962 871 modo
1988 817 2373 874 descendentes
2400 821 2639 891 cogimur
2663 822 2715 876 in
2747 824 3067 895 syllabarum
3101 830 3257 902 longe
3301 833 3386 888 in-

1801 906 1881 961 fra
1911 906 2219 963 distantium
2249 910 2495 966 tarditate
2520 912 2804 980 demorari,
2838 925 2893 970 et
2929 932 3110 973 curam
3149 923 3383 991 gerimus

1800 998 2249 1067 quemadmodum
2278 1002 2448 1071 longis
2473 1012 2527 1057 et
2554 1005 2821 1074 perplexis
2844 1007 3169 1065 anfractibus
3199 1028 3387 1081 proce-

1803 1089 1896 1145 dat
1922 1106 1988 1146 ex
2017 1106 2111 1147 ore
2137 1094 2335 1160 carnis,
2363 1095 2502 1163 quod
2533 1096 2813 1152 celerrimo
2841 1098 3030 1154 haustu
3056 1102 3251 1157 mentis
3281 1104 3386 1158 im-

1800 1181 2017 1247 bibitur,
2041 1192 2095 1238 et
2122 1184 2243 1253 quia
2263 1184 2484 1239 multum
2510 1186 2842 1265 dissimiliter
2871 1190 3000 1256 exit,
3024 1193 3189 1248 tzcdet
3215 1195 3383 1265 loqui,

1802 1281 1857 1326 et
1882 1272 2012 1333 libet
2042 1282 2250 1340 tacere;
2284 1277 2576 1346 cogitemus
2597 1279 2723 1349 quid
2747 1280 2902 1337 nobis
2931 1295 3285 1357 praerogatum
3316 1289 3391 1343 sit

1800 1362 1868 1416 ab
1896 1362 1988 1416 illo
2017 1365 2105 1430 qui
2148 1365 2534 1421 demonstravit
2572 1370 2727 1424 nobis
2754 1374 3079 1443 exemplum,
3110 1385 3166 1430 ut
3192 1392 3389 1447 sequa-

1801 1467 1924 1506 mur
1947 1452 2170 1523 vestigia
2199 1455 2314 1524 ejus
2338 1456 2396 1527 (Ι
2426 1456 2568 1512 Petr.
2597 1475 2656 1525 ιι,
2688 1459 2751 1515 21
2770 1460 2812 1532 ).
2856 1461 3209 1531 Quantnmvis
3244 1469 3388 1524 enim

1802 1542 2010 1599 differat
2049 1546 2325 1601 articulata
2355 1563 2459 1604 vox
2497 1560 2679 1605 nostra
2702 1552 2771 1608 ab
2800 1553 3163 1626 intelligentiae
3190 1571 3391 1618 nostrae

1803 1633 2103 1701 vivacitate,
2130 1636 2286 1708 longe
2309 1638 2641 1695 diﬂ’erentior
2661 1651 2745 1697 est
2781 1634 3077 1701 mortalitas
3113 1651 3289 1705 carnis
3318 1653 3392 1705 ab

1803 1725 2104 1793 aequalitate
2131 1727 2243 1781 Dei.
2278 1728 2343 1783 Et
2373 1739 2552 1786 tamen
2580 1748 2699 1787 cum
2731 1734 2787 1789 in
2813 1735 2999 1792 eadem
3038 1739 3202 1808 {arma
3239 1752 3387 1810 esset,

1800 1815 2121 1886 semetipsum
2147 1820 2418 1874 exinanivit
2445 1824 2665 1894 formam
2687 1827 2817 1881 servi
2845 1829 3116 1899 accipiens,
3142 1840 3270 1901 etc.,
3295 1849 3387 1889 us-

1801 1920 1904 1974 que
1927 1906 1994 1960 ad
2022 1905 2095 1979 (a)
2120 1920 2328 1963 mortem
2353 1915 2517 1967 crucis
2543 1913 2561 1984 (
2582 1915 2813 1987 Philipp.
2846 1934 2911 1985 ιι,
2944 1919 3095 1992 6-8).
3118 1922 3287 1989 Quam
3317 1925 3391 1980 ob

1801 2011 2040 2065 causam,
2090 2002 2189 2054 nisi
2219 2005 2342 2072 quia
2373 2005 2542 2061 factus
2567 2018 2650 2062 est
2684 2011 2911 2066 inﬁrmis
2938 2013 3199 2083 inlirmus,
3226 2027 3285 2073 ut
3306 2019 3392 2073 in-

1802 2087 1988 2145 ﬁrmos
2017 2091 2335 2149 lucriﬁcaret
2368 2095 2387 2167 (
2410 2098 2426 2150 l
2460 2098 2578 2151 Cor.
2612 2116 2688 2167 ιχ,
2717 2101 2788 2154 22
2811 2102 2872 2172 )?
2899 2106 3036 2160 Audi
3066 2107 3180 2177 ejus
3209 2110 3389 2165 imita-

1803 2186 1973 2235 torem
1999 2181 2121 2236 alibi
2147 2184 2306 2237 etiam
2338 2186 2602 2241 dicentem
2630 2206 2641 2241 :
2676 2190 2797 2245 Sive
2825 2194 2956 2247 enim
2980 2206 3144 2250 mente
3169 2201 3389 2254 excessi-

1802 2289 1931 2339 mus,
1964 2273 2105 2341 Deo;
2130 2276 2231 2329 sive
2258 2286 2587 2348 temperantes
2604 2298 2797 2348 sumus,
2819 2284 2973 2339 vobis.
2998 2287 3229 2345 Charitas
3253 2294 3394 2345 enim.

1801 2360 1991 2418 Citriin
2014 2365 2267 2435 compellit
2288 2385 2397 2433 nos,
2412 2371 2704 2439 judicantes
2729 2374 2843 2441 hoc,
2860 2377 2977 2445 quia
3002 2394 3133 2433 unus
3162 2396 3253 2449 pro
3278 2397 3390 2436 omc

1802 2454 1947 2508 nibus
1974 2466 2199 2510 mortuus
2225 2468 2296 2511 est
2325 2464 2343 2527 (
2357 2458 2398 2514 ll
2428 2461 2543 2515 Cor.
2563 2478 2614 2526 ν,
2642 2466 2709 2519 13
2730 2475 2777 2517 et
2803 2466 2915 2534 14).
2946 2467 3223 2533 Quomodo
3244 2473 3387 2529 enim

1803 2554 2019 2613 paratus
2046 2558 2190 2603 esset
2219 2549 2453 2619 impendi
2482 2568 2578 2621 pro
2609 2556 2889 2610 animabus
2916 2573 3101 2627 eorum
3130 2558 3257 2632 (ld.
3287 2578 3387 2631 χιι,

1805 2636 1932 2708 15),
1966 2638 2009 2692 si
2053 2654 2173 2694 eum
2219 2642 2424 2710 pigeret
2452 2642 2693 2699 inclinari
2720 2646 2788 2700 ad
2816 2662 2972 2703 aures
3000 2654 3223 2705 eorum?
3255 2653 3391 2709 Hinc

1806 2744 1935 2799 ergo
1964 2730 2132 2787 factus
2159 2742 2241 2787 est
2268 2735 2519 2803 parvulus
2548 2737 2600 2790 in
2630 2738 2808 2794 medio
2833 2750 3101 2807 nostrum,
3136 2751 3388 2814 tanquam

1803 2821 1982 2876 nutrix
2010 2823 2193 2878 fovens
2224 2824 2360 2881 ﬁlios
2389 2842 2513 2881 suos
2541 2828 2559 2898 (
2586 2828 2605 2882 l
2649 2828 2823 2885 Thess.
2859 2847 2925 2897 tt,
2958 2832 3049 2903 7).
3079 2834 3213 2889 Num
3243 2837 3389 2893 enim

1802 2914 2058 2982 delectat,
2088 2919 2191 2974 nisi
2217 2934 2369 2976 amor
2389 2922 2597 2987 invitet,
2626 2923 2901 2980 decurtata
2931 2936 2985 2981 et
3007 2929 3248 2984 mutilata
3269 2946 3391 2985 ver-

1803 3009 1869 3065 ba
1896 3010 2346 3069 immurmurare?
2374 3015 2441 3070 Et
2472 3024 2647 3071 tamen
2685 3028 2872 3088 optant
2909 3019 3152 3076 homines
3192 3022 3390 3079 habere

1803 3100 2059 3170 infantes,
2101 3104 2294 3172 quibus
2332 3104 2384 3160 id
2422 3106 2753 3163 exhibeant:
2786 3118 2841 3163 et
2868 3112 3081 3166 suavius
3109 3122 3192 3167 est
3230 3114 3390 3169 matri

1802 3194 2007 3247 minuta
2058 3208 2246 3249 mansa
2286 3195 2532 3265 inspuere
2573 3199 2795 3267 parvulo
2833 3199 2972 3267 ﬁlio,
3012 3216 3169 3271 quam
3218 3203 3388 3271 ipsam

1802 3284 2057 3339 mandere
2087 3300 2149 3339 ac
2178 3285 2433 3340 devorare
2458 3286 2761 3356 grandiora.
2787 3289 2902 3344 Non
2928 3306 3056 3361 ergo
3079 3293 3296 3348 recedat
3320 3292 3391 3348 de

1804 3385 2022 3447 pectore
2060 3378 2218 3433 etiam
2249 3378 2501 3448 cogitatio
2526 3379 2735 3449 gallinm
2765 3381 2927 3446 illius,
2960 3398 3080 3452 quae
3108 3383 3388 3453 languidu-

1800 3468 1865 3522 lis
1899 3468 2093 3537 plumis
2132 3476 2347 3524 teneros
2389 3467 2527 3525 fetus
2549 3470 2740 3539 operit,
2769 3479 2822 3526 et
2846 3481 3184 3527 susurrantes
3213 3475 3386 3542 pullos

1800 3557 2071 3613 confracta
2100 3574 2231 3614 voce
2254 3558 2510 3624 advocat;
2538 3559 2692 3629 cujus
2730 3560 2949 3615 blandas
2976 3562 3087 3616 alas
3115 3561 3388 3633 refugien-

1806 3660 1889 3705 tes
1917 3650 2153 3720 superhi,
2182 3650 2362 3719 prmda
2390 3649 2523 3704 ﬁunt
2548 3650 2762 3704 alitibus
2792 3651 2811 3719 (
2834 3650 3020 3704 Matth.
3070 3667 3228 3716 χχιιι,
3259 3654 3326 3707 57
3345 3652 3387 3723 ).

1802 3741 1861 3798 Si
1886 3743 2028 3797 enim
2062 3742 2365 3796 intellectus
2395 3742 2624 3796 delectat
2657 3742 2708 3795 in
2749 3742 3113 3812 penetralibus
3141 3744 3393 3799 sinceris-

1801 3836 1970 3901 simis,
2004 3834 2105 3889 hoc
2130 3835 2291 3890 etiam
2323 3834 2621 3903 intelligere
2645 3833 2895 3901 delectat,
2922 3835 3189 3904 quomodo
3215 3835 3391 3891 chari-

1802 3935 1905 3995 tas,
1937 3935 2137 3997 quanto
2176 3926 2467 3981 ofﬁciosius
2493 3925 2770 3981 descendit
2798 3926 2849 3979 in
2888 3926 3097 3994 inﬁma,
3131 3935 3275 3981 tanto
3301 3942 3393 3982 ro-

1801 4020 2010 4076 bustius
2038 4022 2266 4075 recurrit
2305 4020 2356 4073 in
2399 4019 2582 4073 intima
2631 4033 2727 4087 per
2768 4018 2962 4073 bonam
3006 4020 3391 4077 conscientiam

1803 4111 1932 4165 nihil
1958 4110 2230 4180 quaerendi
2256 4111 2272 4141 ¹
2300 4110 2366 4165 ab
2392 4111 2470 4165 eis
2497 4109 2563 4164 ad
2591 4124 2724 4178 quos
2749 4109 3048 4176 descendit,
3078 4119 3274 4181 praeter
3296 4126 3392 4167 eo-

1800 4217 1918 4257 rum
1949 4202 2324 4270 sempiternam
2360 4201 2602 4255 salutem.

1872 4292 2097 4347 CAPUT
2126 4290 2391 4346 ΧΙ.-16.
2416 4290 2715 4345 Remedium
2745 4299 2920 4344 contra
2946 4281 3221 4345 secundum
3249 4291 3391 4347 (tedii

1803 4398 2029 4437 causam.
2050 4380 2104 4436 Si
2127 4389 2304 4435 autem
2321 4380 2489 4449 magis
2512 4379 2831 4448 appetimus,
2851 4393 2914 4434 ea
2935 4395 3055 4449 qua:
3075 4379 3187 4448 jam
3205 4388 3389 4448 parata

1801 4482 1929 4531 sunt
1956 4482 2012 4530 et
2044 4474 2239 4529 melius
2267 4473 2407 4527 dicta
2435 4472 2613 4541 legere
2642 4472 2722 4526 vel
2749 4471 2954 4537 audire,
2997 4480 3051 4525 et
3095 4471 3215 4526 ideo
3246 4472 3391 4543 piget

1802 4568 2009 4623 incerto
2028 4567 2175 4624 exitu
2199 4566 2267 4620 ad
2305 4574 2512 4635 tempus
2533 4572 2785 4633 coaptare
2804 4579 2923 4634 quae
2945 4563 3211 4634 loquimur
3235 4582 3248 4618 :
3272 4572 3391 4619 tan-

1804 4669 1915 4714 tum
1954 4672 1981 4712 a
2012 4658 2238 4714 veritate
2262 4672 2441 4713 rerum
2464 4671 2570 4711 non
2598 4654 2809 4711 aberret
2846 4656 3077 4722 animus,
3105 4655 3259 4712 facile
3307 4664 3393 4713 est

1801 4761 1859 4807 ut
1880 4752 1923 4806 si
1955 4752 2006 4806 in
2026 4752 2206 4807 verbis
2230 4749 2530 4806 auditorem
2574 4749 2773 4819 aliquid
2798 4748 3080 4805 oll‘enderit
3106 4791 3122 4817 ,
3174 4764 3241 4805 ex
3272 4751 3385 4820 ipsa

1801 4842 2083 4901 occasione
2107 4842 2278 4897 discat
2302 4856 2459 4910 quam
2501 4840 2573 4894 sit
2616 4854 2678 4895 re
2727 4840 2997 4895 intellecta
3026 4849 3389 4896 contemnen-‘

1799 4934 1948 4999 dum,
1979 4935 2023 4988 si
2049 4933 2224 4989 minus
2250 4934 2477 5003 integre,
2506 4939 2599 4986 aut
2619 4931 2663 4986 si
2703 4930 2880 4986 minus
2938 4931 3152 5002 proprie
3197 4946 3392 4988 sonare

1800 5027 1991 5096 potuit,
2020 5024 2163 5094 quod
2192 5023 2315 5079 ideo
2343 5024 2569 5079 sonabat
2594 5030 2653 5078 ut
2679 5036 2767 5078 res
2798 5022 3203 5093 intelligeretur.
3235 5022 3390 5090 Quod

1802 5117 1847 5171 si
1875 5116 2123 5171 humana:
2150 5114 2477 5169 inﬁrmitatis
2507 5113 2731 5168 intentio
2761 5112 2921 5168 etiam
2956 5113 3024 5168 ab
3044 5113 3156 5183 ipsa
3210 5128 3390 5169 rerum

1803 5208 2026 5264 veritate
2052 5206 2418 5271 aberraverit;
2450 5219 2753 5275 quanquam
2785 5204 2837 5259 in
2860 5203 3255 5260 catechizandis
3293 5220 3389 5259 ru-

1800 5299 1977 5364 dibus,
1999 5298 2092 5353 ubi
2117 5299 2200 5353 via
2227 5297 2501 5352 tritissima
2530 5295 2756 5352 tenenda
2797 5304 2920 5363 est,
2967 5294 3185 5351 difﬁcile
3213 5301 3392 5364 potest

1800 5391 2046 5448 accidere
2069 5408 2082 5443 :
2105 5399 2280 5445 tamen
2306 5403 2375 5443 ne
2403 5388 2544 5444 forte
2568 5387 2775 5444 accidat
2803 5388 3041 5443 utetiam
3063 5387 3189 5442 hinc
3226 5385 3393 5442 offen-

1801 5486 1958 5542 datur
1986 5484 2215 5587 aud‘gor,
2251 5498 2360 5539 non
2402 5482 2617 5538 aliunde
2641 5483 2797 5538 nobis
2824 5482 2986 5587 debet
3033 5480 3206 5536 videri
3247 5477 3390 5533 acci-

1816 5577 1981 5643 disse,
2012 5571 2250 5645 nisiquia
2283 5575 2424 5630 Deus
2440 5574 2668 5644 experiri
2699 5588 2795 5629 nos
2823 5571 3016 5637 voluit,
3041 5579 3218 5625 utrum
3264 5581 3395 5627 cum

1868 5735 1883 5765 ί
1919 5734 1991 5782 sic
2012 5738 2119 5781 Mss.
2143 5731 2265 5781 Editi
2287 5743 2426 5791 vero,
2450 5728 2572 5779 nihil
2596 5728 2871 5791 quierendo.

1865 5796 1945 5863 (a)_
1970 5799 2076 5844 Istae
2103 5806 2276 5863 voces,
2292 5787 2877 5863 ete.,'t_tsque‘ad,.librarii
2890 5794 3004 5840 sunt
3022 5787 3391 5863 praetereuntis,

1802 5866 1857 5912 ut
1871 5850 2020 5921 solet,
2040 5855 2193 5906 verba
2214 5850 2506 5904 inter-media
2524 5853 2654 5902 citati
2679 5850 2787 5903 loci.
2878 5888 2881 5891 γ
