3940 6514
579 575 774 634 mentis
797 571 1098 644 placiditate
1121 571 1472 642 corrigantur,
1493 586 1560 626 ne
1584 571 1638 625 in
1665 571 2032 627 defensionem
2053 572 2153 626 no-

578 665 676 723 utri
701 664 896 721 erroris
916 663 1116 734 majore
1137 663 1531 733 praecipitentur
1553 677 1756 718 errore.
1784 662 1935 727 Quod
1972 664 2018 718 si
2059 675 2154 720 ne-

576 769 668 812 mo
694 754 847 810 nobis
867 753 1082 820 dixerit,
1098 769 1301 824 nosque
1330 761 1386 808 et
1399 752 1522 808 illos
1547 753 1638 823 qui
1663 753 1945 809 audierunt
1979 755 2152 809 ornato

575 861 647 902 no
676 845 906 911 latuerit,
934 844 1112 900 nullus
1131 844 1286 899 dolor
1313 853 1414 911 est,
1429 844 1473 899 si
1503 860 1612 899 non
1652 845 1745 900 ﬂat
1771 847 1985 900 iterum.
2033 844 2153 901 Pie-

516 991 520 999 ,
576 953 808 1009 meique
862 947 1041 992 autern
1091 951 1189 992 nos
1249 937 1350 1008 ipsi
1409 938 1706 993 recolentes
1775 951 1899 1009 quae
1955 939 2153 993 dixeris

574 1046 732 1098 mus,
782 1029 1224 1101 reprehendimus
1271 1030 1467 1100 aliquid
1489 1069 1505 1097 ,
1553 1039 1606 1090 et
1651 1031 1959 1101 ignoramus
2017 1043 2151 1101 quo-

571 1121 738 1179 modo
790 1136 912 1177 cum
957 1120 1226 1176 diceretur
1273 1129 1548 1190 acceptum
1595 1121 1702 1187 sit;
1731 1123 2004 1192 magisque
2049 1122 2152 1177 do-

579 1213 796 1281 lemus,
847 1213 1060 1283 quando
1093 1213 1147 1267 in
1201 1213 1358 1269 nobis
1408 1212 1581 1269 fervet
1628 1214 1896 1281 cbarltas,
1939 1216 1984 1270 sl
2029 1227 2151 1270 cum

575 1302 771 1360 falsum
814 1311 995 1368 esset,
1028 1303 1254 1360 libenter
1287 1314 1563 1375 acceptum
1610 1314 1711 1360 est.
1765 1305 1996 1376 ideoque
2051 1321 2150 1376 op-

573 1393 904 1464 portunitate
955 1403 1206 1464 reperto,
1236 1395 1375 1450 sicut
1420 1407 1517 1451 nos
1541 1395 1686 1465 ipsos
1713 1397 1767 1451 in
1793 1397 2008 1452 silentio
2060 1410 2151 1453 re-

571 1483 973 1555 prehendimus,
1005 1487 1078 1546 ita
1101 1487 1393 1541 curandum
1422 1496 1504 1542 est
1531 1489 1769 1546 utetiam
1826 1489 1901 1546 illi
1949 1491 2150 1576 sensim

572 1579 928 1648 corrigantur,
951 1579 1038 1648 qui
1061 1592 1166 1634 non
1197 1577 1288 1636 Dei
1309 1581 1518 1646 verbis,
1557 1581 1656 1637 sed
1673 1582 1833 1651 plane
1874 1583 2070 1638 nostris
2095 1577 2148 1638 in

570 1671 798 1741 aliquam
821 1673 951 1741 lapsi
981 1683 1108 1728 sunt
1137 1673 1436 1730 falsitatem.
1456 1675 1658 1730 Slvere
1683 1675 1847 1746 aliqui
1872 1677 2036 1732 livore
2058 1691 2149 1733 ve-

569 1775 704 1817 sano
721 1764 848 1818 caici
877 1775 1090 1820 errasse
1106 1777 1204 1819 nos
1224 1765 1473 1835 gaudent,
1503 1775 1823 1820 susurrones
1841 1808 1855 1835 ,
1884 1768 2148 1823 detracto-

570 1867 678 1919 res,
697 1853 807 1908 Deo
836 1853 1062 1910 odibiles
1089 1852 1281 1926 (Hom.
1308 1871 1346 1922 ι,
1377 1855 1499 1926 50);
1549 1855 1821 1925 prasbeant
1846 1858 1998 1912 nobis
2035 1867 2148 1914 ma-

571 1948 760 2001 teriam
777 1947 1094 2002 exercendae
1132 1947 1400 2017 patientiae
1445 1959 1565 2003 cum
1614 1947 1994 2016 misericordia,
2025 1952 2144 2020 quia

569 2047 625 2095 et
651 2040 903 2109 patientia
934 2041 1026 2094 Dei
1071 2040 1138 2094 ad
1195 2041 1560 2110 pcenitentittm
1609 2055 1703 2096 eos
1743 2042 1974 2099 adducit.
2009 2041 2146 2111 Quid

569 2133 716 2189 enim
769 2141 849 2188 est
881 2133 1273 2197 detestabilius,
1307 2141 1361 2187 et
1413 2130 1554 2204 quod
1611 2135 1778 2204 magis
1822 2135 2148 2190 thesaurizet

567 2221 704 2277 iram
747 2223 799 2276 in
847 2223 934 2278 die
986 2223 1079 2277 iraa
1129 2231 1184 2278 et
1226 2224 1566 2279 revel‘ationis
1617 2224 1747 2294 justi
1821 2225 2006 2294 judicii
2054 2223 2150 2282 Del

568 2311 588 2382 (
609 2311 694 2364 Id.
720 2327 777 2376 η,
795 2311 830 2366 4
855 2321 902 2364 et
926 2311 1004 2384 5),
1026 2326 1184 2382 quam
1203 2312 1270 2367 de
1288 2314 1428 2368 malo
1447 2315 1662 2370 alterius
1678 2315 1814 2369 mala
1833 2317 1848 2348 ¹
1868 2315 2066 2372 diaboli
2079 2317 2152 2371 si-

569 2401 870 2456 militudine
923 2411 1082 2470 atque
1125 2403 1418 2458 imitatione
1483 2404 1690 2459 laetari?
1764 2405 2148 2477 Nonnunquam

568 2493 751 2557 etiam,
780 2506 900 2545 cum
925 2500 1069 2546 recte
1089 2493 1266 2547 omnia
1323 2507 1553 2564 vereque
1595 2495 1857 2562 dicantur,
1913 2504 2004 2551 aut
2041 2511 2148 2553 non

569 2582 898 2638 intellectum
915 2583 1134 2652 aliquid,
1161 2592 1254 2639 aut
1269 2595 1454 2640 contra
1490 2588 1792 2656 opinionem
1823 2596 1878 2644 et
1924 2595 2151 2647 consue-

569 2672 810 2726 tudinem
837 2673 1032 2727 veteris
1057 2675 1256 2728 erroris
1308 2675 1418 2744 ipsa
1463 2677 1697 2733 novitate
1746 2693 2023 2750 asperum,
2060 2680 2147 2737 of-

568 2761 736 2817 tendit
754 2770 806 2816 et
827 2762 1104 2831 perturbat
1156 2763 1480 2820 audientem.
1531 2767 1688 2834 Quod
1725 2771 1770 2823 si
1810 2771 2147 2841 apparuerit,

569 2853 968 2923 sanabilemque
994 2868 1053 2908 se
1070 2843 1310 2924 praebet,
1363 2859 1738 2915 auctoritatem
1775 2863 2148 2934 rationumqu‘e

568 2945 720 3012 copia
749 2944 864 2999 sine
886 2944 989 3000 ulla
1015 2945 1270 3001 dilatione
1294 2949 1567 3004 sanandus
1585 2960 1684 3005 est.
1709 2951 1766 3008 Si
1790 2961 1967 3009 autem
1989 2957 2146 3013 tacita

567 3041 624 3089 et
645 3034 854 3090 occulta
883 3033 1108 3092 etl‘ensio
1126 3046 1227 3101 est,
1258 3038 1353 3093 Dei
1373 3038 1636 3095 medicina
1662 3042 1912 3111 opitulari
1947 3053 2142 3114 potest.

566 3123 640 3180 At
674 3125 719 3180 si
748 3124 1076 3193 resiluerit’,
1122 3136 1177 3184 et
1199 3131 1374 3184 curari
1426 3135 1763 3190 recusaverit
1788 3177 1802 3202 ,
1839 3137 2148 3196 consoletur

567 3228 668 3270 nos
693 3215 1013 3272 dominicum
1039 3219 1170 3275 illud
1196 3222 1499 3292 exemplum
1523 3264 1539 3291 ,
1592 3227 1679 3296 qui
1722 3227 1939 3286 offensis
1968 3231 2143 3289 heret.

564 3305 720 3362 nibus
739 3321 803 3362 ex
831 3309 998 3365 verbo
1017 3324 1136 3375 suo,
1155 3318 1210 3366 et
1240 3321 1492 3383 tanquam
1521 3315 1711 3372 durum
1734 3319 2140 3392 refugientibus,

562 3397 727 3454 etiam
756 3399 822 3454 iis
847 3401 942 3470 qui
958 3414 1330 3459 remanserant
1354 3406 1448 3473 ait,
1482 3405 1746 3480 Numquid
1774 3419 1824 3466 et
1859 3423 1946 3468 eos
1994 3417 2152 3472 vultis

559 3487 635 3544 ire
659 3487 843 3560 (Joan.
875 3508 953 3556 vi,
983 3494 1122 3565 68)?
1174 3495 1316 3552 Satis
1371 3499 1516 3553 enim
1550 3498 1716 3557 ﬁxum
1761 3512 1919 3574 atque
1945 3508 2141 3562 immo-

561 3579 670 3635 bile
687 3581 846 3637 debet
881 3585 1046 3641 corde
1071 3588 1311 3652 retineri,
1345 3589 1644 3646 Jerusalem
1670 3596 1932 3663 captivam
1957 3601 2026 3652 ab
2044 3595 2142 3652 lm-

557 3669 648 3739 jtis
677 3673 858 3726 saeculi
900 3675 1187 3746 Babylonia
1237 3679 1478 3735 decursis
1520 3683 1844 3752 temporibus
1893 3687 2137 3758 liberari,

559 3759 871 3831 nullumque
889 3777 956 3818 ex
975 3764 1068 3818 illa
1086 3781 1208 3824 esse
1234 3771 1561 3838 periturum;
1604 3775 1728 3843 quia
1760 3777 1850 3845 qui
1883 3780 2136 3849 perierit,

560 3857 672 3903 non
686 3861 754 3904 ex
781 3849 866 3904 illa
892 3861 1026 3907 erat.
1055 3853 1292 3910 Firmani"
1313 3859 1454 3913 enim
1482 3858 1868 3931 fundamentum
1896 3867 1992 3923 Dei
2016 3881 2137 3940 stat,

559 3937 748 3994 habent
773 3941 1090 4010 signaculum
1117 3945 1210 4000 hoc
1239 3962 1262 4003 :
1280 3951 1416 4003 norit
1445 3949 1692 4008 Dominus
1717 3957 1800 4025 qui
1841 3965 1960 4013 sunt

559 4039 608 4087 ot
634 4032 833 4087 recedat
859 4033 922 4088 ab
947 4035 1227 4107 initium,
1257 4043 1421 4097 omnia
1443 4045 1532 4113 qui
1573 4049 1807 4104 nomine:
1825 4065 2008 4108 nam»
2030 4053 2138 4109 Do-

559 4120 686 4174 mini
706 4122 788 4192 (ll
815 4123 949 4179 Tim.
980 4141 1041 4193 ll,
1083 4126 1194 4200 19).
1229 4129 1332 4185 ista
1350 4134 1646 4204 cegitantes
1675 4180 1689 4205 ,
1734 4147 1794 4194 et
1829 4141 2138 4201 invocantes

561 4208 844 4266 Dominum
874 4215 926 4268 in
954 4230 1048 4272 cor
1075 4227 1338 4288 nostrum,
1369 4223 1554 4282 minus
1573 4228 1878 4287 timebimus
1900 4233 2136 4292 incertos

562 4303 742 4359 exitus
771 4308 1033 4363 sermonis
1053 4312 1220 4366 nostri
1243 4317 1458 4384 propter
1483 4317 1716 4376 incertos
1740 4332 1919 4379 motus
1937 4325 2138 4382 audito-

558 4410 714 4462 rum;
758 4396 1145 4472 deiectabitque
1169 4419 1268 4460 nos
1295 4407 1454 4462 etiam
1490 4408 1601 4480 ipsa
1657 4416 1934 4484 perpessio
1970 4418 2137 4474 mole-

559 4487 780 4543 stiarum
805 4503 904 4559 pro
930 4493 1262 4550 misericordi
1284 4513 1467 4568 opere,
1500 4502 1545 4556 si
1571 4507 1684 4558 non
1705 4506 1760 4560 in
1811 4521 1878 4563 eo
1897 4517 2136 4566 nostram

559 4577 784 4646 gloriam
821 4582 1174 4651 requiramus.
1205 4586 1352 4643 Tunc
1385 4591 1534 4646 enim
1577 4601 1660 4647 est
1710 4610 1836 4652 vere
1870 4607 2005 4669 opus
2033 4600 2133 4656 bos

555 4673 1178 4735 nunt,cumacharitate
1211 4678 1480 4747 iaculatur
1521 4688 1730 4754 agentis
1775 4689 2031 4760 intentio,
2080 4703 2136 4749 et

554 4766 806 4829 tanquam
827 4762 895 4818 ad
921 4764 1098 4821 locum
1117 4783 1272 4824 suum
1316 4774 1549 4842 rediens,
1583 4791 1772 4837 rursus
1795 4782 1856 4835 in
1873 4783 2134 4843 ebaritate

558 4851 862 4948 requiescit.
877 4854 1076 4948 ‘Lectio
1103 4865 1232 4915 vero
1269 4877 1514 4932 quzems
1536 4866 1800 4938 disiectat,
1831 4884 1924 4930 aut
1955 4877 2131 4948 aliqua

556 4940 756 4997 auditio
767 4944 1011 5003 melioris
1024 4949 1243 5019 eloquii,
1271 4963 1331 5008 ut
1371 4971 1490 5011 eum
1538 4962 1866 5032 promendo,
1895 4940 2132 5026 sermoni

553 5039 738 5088 nostro
759 5043 1073 5106 praponere
1090 5041 1354 5112 volentes,
1380 5054 1502 5102 eum
1521 5048 1736 5120 pigritia“
1752 5050 1838 5110 vel
1863 5058 2023 5114 trellis
2046 5061 2132 5117 lo-

552 5138 798 5193 quantm,
829 5126 1118 5219 alacriores
1145 5147 1244 5188 nos
1271 5136 1540 5207 suscipiet,
1571 5137 1963 5218 jucundioqu
1986 5161 2127 5219 prato

548 5214 776 5272 stabitur
793 5225 916 5287 ροιι
929 5218 1187 5288 laborem;
1205 5233 1260 5279 et
1281 5227 1483 5298 minue
1509 5229 1702 5289 cum
1727 5214 2132 5307 misimus

551 5316 610 5362 ut
633 5308 878 5378 loquatur
904 5313 1058 5370 nobis
1079 5315 1222 5371 Deus
1247 5322 1514 5388 quommlo
1541 5323 1793 5384 volumus
1809 5372 1824 5398 ,
1866 5331 1912 5387 si
1951 5315 2124 5390 susci-

551 5400 759 5495 piamus
784 5403 1018 5461 hilariter
1039 5417 1096 5463 ut
1116 5409 1364 5481 loquatur
1388 5427 1484 5485 per
1508 5425 1610 5474 rios
1626 5423 1892 5490 quomodo
1933 5435 2124 5495 possu-

552 5506 674 5595 inus
704 5511 718 5548 ε
747 5494 902 5595 inin
927 5506 984 5552 ut
1010 5499 1352 5572 diligentibus
1375 5507 1548 5565 nam
1584 5515 1774 5570 omnia
1806 5517 2126 5595 (pscarum

548 5580 828 5640 item
852 5587 1026 5660 (Rom.
1059 5608 1170 5660 vni,
1198 5595 1323 5667 28).

622 5678 847 5736 CAPUT
871 5679 1089 5740 Xll.—i
1101 5685 1154 5741 7.
1175 5687 1474 5747 Remedium
1502 5705 1676 5751 contra
1699 5702 1896 5758 tertiam
1916 5721 2123 5765 causam

611 5827 635 5905 ξ
664 5834 792 5905 italu
817 5843 1000 5905 Μδςτᾼῑ
1023 5841 1070 5905 in
1096 5843 1255 5905 editis,
1279 5857 1428 5898 mera.

613 5891 636 5923 ³
667 5891 785 5942 Editi
798 5929 812 5957 ,
829 5896 1069 5950 resilient.
1091 5891 1451 5963 Ρτδέεὶκᾶάῖόίὲε
1466 5918 1594 5980 Mss,
1613 5915 1871 5975 resiluerit.

1450 449 1539 512 DE
1577 448 2116 513 CATECHIZANDIB
2152 445 2466 527 RUDIBUB,
2505 459 2563 518 S.
2603 453 2972 520 AUGUSTINI
3713 475 3794 541 θαι

2265 574 2422 629 (tedii.
2477 575 2596 634 Iam
2636 591 2767 634 vero
2793 581 2840 635 si
2865 580 3060 638 usitata
3107 591 3164 640 et
3212 587 3442 655 βοωπις
3485 599 3792 664 congruant:

2259 678 2402 737 saepe
2425 675 2670 740 repetere
2713 670 3045 744 fastidimus;
3103 687 3456 749 congruamus
3483 686 3560 739 eis
3586 699 3676 756 per
3697 689 3787 747 fra~

2262 767 2493 849 ternum,
2514 760 2792 833 paternum
2811 813 2825 832 ,
2855 777 3264 843 maternumque
3302 781 3553 844 amorem,
3585 779 3638 835 et
3657 793 3790 852 cepa.

2259 836 2543 910 litis'cordi
2569 871 2754 914 eorum
2779 861 2942 916 etiam
2965 863 3120 920 nobis
3149 836 3285 922 nova
3321 867 3648 928 videbuntur.
3673 836 3788 934 Trin-

2258 954 2370 1002 tum
2400 949 2542 1005 enim
2566 953 2708 1008 valet
2730 955 2893 1010 animi
2917 958 3290 1027 compatientis
3310 959 3525 1019 affectus
3547 1007 3562 1032 ,
3609 975 3663 1021 ut
3693 983 3788 1026 cum

2259 1041 2334 1095 illi
2363 1040 2668 1099 afﬁciuntur
2692 1047 2846 1103 nobis
2880 1049 3236 1121 loquentibus,
3257 1063 3310 1110 et
3330 1070 3427 1112 nos
3455 1055 3556 1112 illis
3582 1058 3790 1115 discenti-

2258 1131 2379 1199 bus,
2401 1133 2697 1192 ltabitemus
2723 1138 2775 1192 in
2806 1139 3061 1209 invicem;
3095 1149 3251 1214 atque
3278 1145 3346 1200 ita
3375 1147 3430 1202 et
3458 1145 3531 1202 illi
3575 1155 3684 1220 qum
3712 1165 3787 1206 au-

2258 1222 2406 1280 diunt
2434 1228 2586 1295 quasi
2611 1229 2895 1298 loquantur
2923 1234 2976 1287 in
3002 1235 3174 1300 nobis,
3197 1243 3254 1291 et
3281 1251 3378 1293 nos
3430 1240 3484 1293 in
3525 1241 3624 1295 illis
3649 1239 3790 1297 disca-

2257 1329 2380 1371 mus
2393 1317 2621 1386 quodam
2645 1320 2802 1375 modo
2828 1338 2944 1392 qua:
2960 1323 3231 1381 docemus.
3249 1325 3440 1385 Nonne
3467 1329 3690 1387 accidere
3707 1329 3785 1389 hoc

2257 1405 2412 1472 solet,
2436 1421 2556 1462 eum
2580 1409 2695 1464 loca
2712 1411 2953 1479 quaedam
2969 1417 3139 1486 ampla
3167 1421 3220 1472 et
3242 1419 3484 1487 pulchra,
3511 1421 3592 1477 vel
3618 1425 3788 1481 urbium

2257 1496 2343 1551 vel
2356 1505 2624 1566 agrorum,
2639 1516 2756 1570 qua:
2773 1502 2882 1571 jam
2900 1518 2996 1559 nos
3008 1513 3150 1576 saepe
3164 1507 3394 1565 videndo
3423 1511 3538 1567 sine
3553 1509 3706 1588 aliqua
3718 1533 3789 1588 vo;

2259 1587 2457 1658 lu‘ptate
2484 1593 2905 1663 praeteribamus,
2935 1597 3262 1656 ostendimus
3289 1602 3367 1656 eis
3394 1601 3486 1672 qui
3508 1579 3660 1660 antea
3687 1579 3794 1662 nunt

2256 1691 2415 1750 quam
2443 1682 2707 1749 viderant,
2733 1689 2791 1741 ut
2822 1699 3002 1744 nostra
3023 1689 3306 1747 delectatio
3327 1694 3379 1748 in
3407 1693 3597 1751 eorum
3625 1693 3793 1752 novita-

2257 1775 2378 1829 tatis
2403 1773 2756 1834 delectatione
2784 1783 3106 1838 renovetur?
3148 1781 3217 1838 Et
3242 1793 3392 1841 tanto
3416 1783 3604 1858 magis,
3633 1797 3793 1860 quanto

2255 1873 2383 1921 sunt
2408 1869 2724 1936 amiciores;
2753 1872 2872 1942 quia
2902 1888 2998 1944 per
3034 1877 3231 1932 amoris
3286 1879 3562 1935 vinculum
3585 1883 3634 1936 in
3660 1898 3792 1952 quan-

2256 1966 2366 2014 tum
2387 1961 2436 2015 in
2457 1961 2561 2018 illis
2583 1977 2785 2031 sumus,
2815 1966 2867 2021 in
2891 1976 3095 2023 tantum
3127 1969 3182 2025 et
3209 1969 3362 2026 nobis
3394 1971 3532 2027 neva-
3567 1974 3792 2047 fiuntque

2255 2059 2438 2109 vetera
2467 2055 2694 2111 fuerunt.
2720 2055 2822 2112 Sed
2857 2058 2900 2112 si
2949 2057 3001 2114 in
3048 2063 3209 2116 rebus
3265 2061 3687 2134 contemplandis
3717 2066 3792 2120 ali-

2255 2153 2507 2216 quantum
2526 2145 2870 2228 profecimus,
2905 2165 3012 2207 non
3035 2155 3279 2210 volumus
3300 2169 3393 2212 eos
3408 2169 3550 2227 quos
3569 2157 3794 2228 diligimus

2254 2237 2424 2294 laetari
2451 2249 2505 2295 et
2528 2225 2759 2311 surpere,
2789 2255 2910 2298 cum
2947 2245 3217 2300 intuentur
3245 2259 3407 2316 opera
3426 2225 3696 2304 iurantium
3719 2249 3791 2303 bo-

2254 2334 2489 2403 minum;
2517 2337 2612 2392 sed
2636 2337 2878 2395 volumus
2905 2355 2996 2397 eos
3015 2343 3066 2398 in
3086 2345 3256 2414 ipsam
3278 2353 3446 2402 artem
3471 2343 3490 2379 ¹
3523 2349 3791 2404 consilium-

2254 2437 2321 2480 ve
2346 2425 2664 2484 institutoris
2702 2433 2966 2500 attollere,
2999 2445 3159 2505 atque
3183 2436 3306 2492 inde
3343 2453 3632 2509 exsurgere
3655 2440 3698 2499 in
3723 2438 3793 2492 ad-

2253 2517 2588 2576 mirationem
2626 2521 2943 2596 laudemque
2974 2530 3348 2586 omnicreantis
3379 2527 3492 2599 Dei,
3525 2520 3614 2588 ubi
3639 2534 3794 2588 amoris

2251 2606 2704 2671 fructuosissimus
2731 2615 2852 2672 ﬁnis
2871 2619 2979 2673 est:
3003 2627 3202 2689 quanto
3231 2607 3360 2693 ergo
3387 2625 3561 2694 magis
3580 2623 3792 2680 delectari

2253 2709 2352 2756 nes
2375 2711 2605 2772 oportet,
2633 2716 2752 2761 cum
2776 2705 2950 2778 ipsum
2980 2709 3146 2766 Deum
3180 2709 3290 2782 jam
3330 2713 3545 2770 discere
3598 2705 3795 2771 bemlnet

2252 2796 2532 2866 accedunt,
2566 2809 2784 2870 prepter
2839 2815 2994 2873 quem
3023 2801 3276 2860 discenda
3323 2815 3446 2862 sunt
3485 2817 3796 2879 quiscumque

2251 2883 2502 2944 discenda
2532 2895 2683 2958 Sunt;
2717 2899 2770 2947 et
2798 2894 2852 2948 in
2881 2887 3064 2950 earnm
3107 2899 3339 2954 novitate
3382 2897 3650 2969 innovari,
3679 2911 3725 2955 ut
3762 2901 3792 2954 si

2250 2978 2492 3051 frigidior
2519 2989 2600 3038 est
2626 2985 2780 3040 solita
2810 2986 2831 3018 ¹
2859 2999 3041 3043 nostra
3106 2984 3436 3059 praedicatio,
3467 2987 3684 3050 insolita
3727 3008 3795 3048 co-

2249 3071 2368 3127 rum
2391 3075 2662 3132 auditione
2689 3075 2988 3135 fervescat?
3017 3079 3130 3137 ηας
3155 3083 3362 3139 accedit
3407 3084 3474 3141 ad
3515 3099 3793 3157 comparan-

2249 3159 2371 3222 dam
2404 3164 2665 3237 laetitiam,
2689 3173 2834 3243 quod
2881 3173 3173 3246 cegltamus
3203 3185 3255 3233 et
3279 3181 3714 3250 consideramus,
3745 3182 3795 3236 tie

2248 3265 2349 3328 qua
2375 3261 2572 3318 erroris
2599 3271 2770 3320 morte
2798 3264 2848 3320 in
2881 3267 3044 3322 vitam
3066 3263 3188 3322 fidei
3216 3278 3450 3326 transeat
3470 3271 3652 3330 homo.
3683 3271 3794 3328 Etsi

2246 3335 2394 3404 dicos
2413 3351 2785 3412 usitatiSsiruos
2803 3370 2923 3412 cum
2952 3347 3188 3415 benefica
3217 3353 3482 3418 hilaritate
3499 3374 3582 3418 tra
3591 3365 3763 3420 nsimu’s
3783 3406 3797 3428 ,

2248 3441 2470 3509 quando
2487 3441 2646 3499 alicui
2677 3443 2816 3502 ferte
2847 3449 2936 3518 qui
2960 3450 3188 3506 errando
3215 3451 3574 3522 laboraverat,
3603 3455 3796 3510 demon-

2246 3537 2476 3588 stremus
2505 3536 2642 3590 illam
2673 3555 2686 3590 :
2715 3549 2912 3608 quanto
2937 3537 3163 3597 alacrius
3189 3546 3245 3597 et
3270 3556 3389 3598 cum
3417 3547 3609 3616 gaudio
3651 3537 3800 3616 majo-

2245 3637 2312 3678 re
2335 3624 2388 3678 in
2407 3625 2644 3682 doctrina
2662 3629 2899 3700 salutari,
2932 3632 3097 3686 etiam
3123 3631 3213 3688 illa
3243 3649 3360 3704 qua:
3382 3645 3604 3707 propter
3626 3652 3713 3694 nos
3734 3652 3801 3690 re-

2246 3721 2428 3770 texere
2462 3733 2568 3773 non
2616 3735 2750 3789 opus
2799 3731 2900 3789 est,
2935 3725 3307 3794 perambulare
3361 3728 3656 3795 debemus;
3701 3743 3799 3784 cum

2246 3807 2484 3862 animam
2527 3812 2888 3869 miserandam
2913 3825 2967 3871 et
3011 3817 3285 3874 erroribus
3335 3819 3518 3876 saeculi
3563 3821 3800 3892 fatigatam

2247 3911 2344 3967 per
2369 3898 2556 3955 itinera
2588 3903 2752 3972 pacis,
2780 3905 2894 3975 ipso
2921 3907 3010 3977 qui
3040 3907 3193 3964 nobis
3244 3925 3362 3967 eam
3391 3909 3416 3944 ⁸
3442 3915 3687 3982 praestitit
3731 3912 3799 3983 ju-

2241 3990 2402 4047 benle
2417 3991 2457 4057 ³,
2478 3993 2824 4053 deducimus?

2312 4081 2538 4140 CAPUT
2553 4081 2768 4140 Xlll.—-
2780 4087 2866 4145 i8.
2882 4088 3180 4148 Βθηιιᾱτιιηι
3189 4101 3614 4168 c‘outﬂiqudrtam
3624 4109 3802 4152 emiserit

2242 4173 2454 4245 fastidii.
2488 4177 2705 4234 Auditor
2727 4181 2806 4235 vel
2826 4181 3080 4239 (ordiendo
3103 4186 3182 4240 vel
3207 4187 3385 4242 διάπάο
3407 4189 3674 4261 fatigatus,
3701 4201 3804 4260 quo-

2243 4269 2394 4323 modo
2418 4272 2738 4329 recreandas.
2774 4273 2910 4330 Usus
2936 4273 3180 4334 a’udt'ertdi
3206 4279 3408 4336 verb‘t‘tm
3440 4273 3546 4337 De!
3582 4279 3802 4346 sedendo,

2239 4362 2292 4415 in
2313 4364 2612 4432 quibusdam
2664 4365 2906 4424 Ecclesiis
2934 4365 3182 4443 receptus.
3227 4371 3332 4430 Sed
3375 4389 3567 4432 revera
3595 4378 3802 4433 multum

2239 4457 2321 4509 es’t
2349 4455 2640 4525 perdurare
2666 4459 2716 4513 in
2737 4461 3004 4532 loquendo
3061 4480 3229 4536 usque
3255 4467 3320 4522 ad
3349 4469 3638 4525 terminum
3687 4485 3806 4541 pra:-

2238 4545 2503 4616 st‘ltutum,
2533 4561 2652 4603 cum
2675 4553 2881 4608 mereri
2906 4568 3010 4609 non
3052 4549 3295 4612 videmus"
3319 4557 3652 4630 audientem;
3679 4559 3808 4631 quod

2239 4637 2352 4693 sive
2380 4654 2485 4694 non
2516 4639 2740 4707 audeat,
2765 4641 3041 4714 religionis
3072 4639 3262 4706 timore
3298 4653 3621 4708 constrictus
3645 4693 3660 4718 ,
3693 4666 3806 4708 recc

2237 4737 2328 4783 aut
2352 4727 2532 4801 aliquo
2561 4743 2709 4787 motu
2735 4738 2980 4806 cerporis
3029 4730 3334 4809 significare
3378 4735 3806 4815 approbationem

2236 4823 2406 4886 suam,
2439 4820 2550 4879 sire
2577 4820 2808 4881 humana
2845 4831 3171 4887 verecundia"
3191 4825 3550 4904 repri'matttr;
3577 4842 3694 4892 sive
3736 4831 3806 4890 di-

2235 4920 2318 4967 cta
2347 4927 2454 4968 non
2501 4913 2795 4987 intelligat,
2823 4913 2936 4978 sive
2994 4920 3336 4981 contemnat:
3386 4918 3808 5000 quandoquidem

2235 5005 2388 5062 nobis
2442 5023 2546 5063 non
2577 5013 2918 5070 cernentibus
2963 5016 3205 5082 animum
3253 5019 3368 5090 ejus
3400 5009 3664 5078 incertum
3702 5031 3808 5086 est,

2234 5098 2409 5154 omnia
2437 5115 2687 5160 sermone
2718 5105 2964 5161 tentanda
3006 5119 3151 5176 sunt,
3185 5117 3305 5182 qua:
3334 5102 3404 5168 ad
3428 5127 3550 5170 eum
3578 5113 3812 5171 excitan-

2233 5189 2358 5245 dum
2381 5198 2434 5247 et
2463 5199 2709 5264 tanquam
2731 5181 2796 5252 de
2816 5197 3034 5256 latebris
3058 5203 3353 5259 eruendum
3380 5206 3582 5276 possint
3611 5209 3807 5264 valere.

2230 5281 2364 5338 Nam
2392 5291 2443 5340 et
2469 5286 2627 5343 timor
2658 5289 2851 5347 nitnius
2874 5291 3038 5362 atque
3064 5282 3365 5366 impediens
3393 5285 3812 5356 declarationem

2227 5369 2412 5444 judicii
2436 5377 2570 5446 ejus,
2602 5379 2794 5435 blanda
2839 5374 3214 5442 exhortatione
3270 5387 3550 5458 pellendus
3595 5399 3721 5457 est,
3766 5399 3813 5445 et

2231 5466 2548 5524 insinuando
2575 5468 2862 5528 fraternam
2890 5463 3200 5534 societatem
3227 5482 3548 5538 verecundia
3605 5467 3815 5553 tempe-

2229 5558 2416 5625 randa,
2446 5568 2501 5614 et
2520 5560 2934 5635 interrogatione
2957 5570 3302 5638 quaerendum
3324 5581 3501 5629 utrum
3523 5573 3808 5644 intelligat,

2231 5645 2287 5707 et
2327 5651 2500 5708 danda
2529 5648 2736 5722 ﬁdu‘eia’,
2768 5645 2828 5713 ut
2853 5659 2898 5714 s'i
2924 5660 3054 5731 quid
3077 5661 3136 5719 el’
3151 5663 3628 5722 Contradicendutn
3657 5666 3810 5726 ride~

2292 5809 2310 5884 ξ
2344 5807 2480 5884 editi,
2499 5822 2677 5884 arcem;
2703 5813 3014 5884 Aptiusttssq
3047 5811 3218 5877 artem.

2291 5871 2314 5944 ξ
2343 5871 2852 5944 §ic‘AmLetplcrique
2871 5883 2979 5928 Mss.
3000 5871 3064 5931 ’Δί
3081 5871 3165 5930 Et.
3183 5888 3234 5933 et
3251 5887 3382 5944 hom,
3404 5881 3552 5935 solito.

2295 5933 2315 5964 ³
2345 5930 2505 5982 Codex
2525 5930 2849 6002 C(x'lieiensis,
2871 5950 2930 5989 ea
2957 5967 2972 5992 ν
