3896 6382
162 560 249 617 tur,
274 547 416 613 libere
437 540 687 616 proterat.
714 526 1058 607 Quaerendum
1083 539 1245 584 etiam
1266 514 1331 580 de
1365 520 1456 579 illo
1480 528 1658 583 utrum

162 643 254 697 haec
276 634 526 708 aliquando
540 632 651 698 iam
664 626 914 689 audierit,
931 630 984 677 et
1010 617 1248 677 fortassis
1271 626 1393 708 eum
1415 620 1663 708 tanquam

105 712 121 719 ’
160 742 258 787 nota
282 739 327 784 et
339 702 621 799 pemdgata
650 734 759 777 non
789 720 1052 779 moveam;
1069 720 1125 766 et
1148 707 1408 799 agendum
1435 718 1533 775 pro
1552 702 1671 771 ejus

160 822 541 890 responsione,ttt
586 821 681 886 aut
704 811 910 881 planius
953 813 1009 862 et
1055 801 1336 858 enodatius
1362 798 1667 890 loquamur,

159 883 519 980 aut-opinionem
546 883 864 961 contrariam
886 896 1211 958 refellamus,
1238 898 1419 953 antea
1445 900 1563 957 quae
1584 883 1669 941 illi

161 1010 258 1057 nota
277 1009 382 1055 sum
407 1013 509 1052 non
534 994 860 1066 explicemus
884 988 1057 1051 latius,
1097 983 1194 1042 sed
1238 980 1472 1043 breviter
1519 988 1673 1030 com-

159 1094 384 1164 plicetuus,
420 1088 779 1159 eligantusqne
802 1081 975 1150 aliqua
1019 1091 1090 1133 ex
1144 1074 1228 1128 bis
1280 1085 1420 1164 quae
1450 1066 1675 1139 mystice

158 1161 269 1239 an.
294 1180 470 1234 suntin
497 1175 692 1233 sanctis
735 1171 927 1236 Libris,
975 1177 1029 1224 et
1071 1165 1301 1231 maxime
1329 1162 1384 1218 in
1408 1161 1523 1230 ipsa
1552 1172 1677 1213 nar-

154 1272 342 1335 ratione,
361 1283 473 1339 quxe
490 1262 777 1337 aperiendo
820 1269 875 1321 et
928 1255 1217 1315 revelaudo
1262 1259 1448 1317 noster
1499 1261 1676 1339 sermo

155 1338 399 1413 dulcescat.
425 1354 574 1422 Quod
600 1356 644 1408 si
671 1352 830 1407 nimis
857 1347 1037 1404 tardus
1072 1354 1176 1409 est,
1224 1352 1278 1409 et
1314 1341 1383 1397 ab
1406 1340 1552 1397 omni
1585 1338 1676 1401 tali

160 1448 384 1505 suavitate
431 1443 689 1501 absurdus
726 1448 780 1496 et
825 1451 1061 1505 aversus,
1091 1431 1508 1497 misericorditer
1529 1426 1678 1495 sude-

152 1539 316 1595 rcndus
337 1547 432 1602 est,
461 1534 798 1604 breviterque
817 1528 1055 1585 decursis
1085 1524 1318 1590 caeteris,
1348 1537 1410 1576 ea
1431 1536 1548 1590 qua:
1568 1532 1683 1573 ma-

152 1630 269 1684 xime
292 1626 575 1683 necessaria
606 1632 751 1691 sunt,
780 1621 845 1676 de
870 1616 1073 1675 unitate
1094 1615 1382 1672 Catholicae
1405 1614 1446 1679 ι,
1466 1611 1533 1666 de
1570 1619 1684 1667 ten-

154 1722 423 1785 lalionibus,
451 1720 515 1775 tle
542 1718 831 1777 christiana
856 1709 1260 1775 conversatione
1295 1713 1513 1777 propter
1540 1703 1681 1765 futu-

150 1828 249 1869 rum
260 1810 494 1882 judicium
519 1806 825 1864 terribiliter
863 1800 1174 1861 inculcanda
1218 1805 1385 1863 sunt,
1414 1794 1686 1863 magisque

150 1919 237 1975 pro
264 1904 347 1959 illo
373 1903 437 1957 ad
458 1903 637 1969 Deum,
668 1913 830 1970 quam
855 1896 930 1951 illi
958 1895 1023 1949 de
1050 1894 1158 1957 Deo
1191 1891 1359 1946 multa
1388 1887 1634 1944 dicenda.

218 1994 299 2050 l9.
323 1993 464 2063 Saepe
480 1993 627 2047 etiam
647 1989 783 2045 titut
806 1986 896 2059 qui
925 1987 1094 2056 primo
1130 1983 1362 2047 libenter
1416 1977 1685 2043 audiebat,

159 2086 237 2140 vel
249 2082 491 2139 audiendo
509 2083 588 2138 vel
608 2080 786 2136 stando
804 2078 1074 2147 fatigatus,
1087 2090 1195 2130 non
1203 2074 1317 2143 jam
1338 2069 1579 2135 laudans,
1593 2065 1689 2131 sed

157 2173 375 2231 oscitans
392 2172 517 2227 labia
542 2171 758 2237 diducat,
786 2178 842 2227 et
868 2184 927 2224 se
952 2167 1100 2222 abire
1125 2164 1263 2220 velle
1302 2162 1463 2219 etiam
1493 2158 1691 2215 invitus

153 2266 395 2323 ostendat.
422 2263 562 2333 Quod
587 2263 668 2317 ubi
694 2259 1047 2326 senserimus,
1074 2265 1165 2312 aut
1192 2267 1452 2310 renovare
1479 2257 1691 2321 oportet

150 2357 254 2428 ejus
274 2336 512 2419 animum,
535 2352 763 2409 dicendo
789 2350 987 2422 aliquid
1008 2350 1229 2403 honesta
1268 2344 1538 2399 hilaritate
1560 2356 1693 2409 eon-

151 2448 294 2503 ditum
313 2456 362 2501 et
378 2456 551 2517 aptum
578 2445 654 2500 rei
686 2458 808 2515 quae
834 2442 1021 2512 agitur,
1056 2438 1141 2494 vel
1177 2434 1382 2507 aliquid
1421 2432 1574 2499 valde
1604 2431 1696 2497 mi-

150 2536 347 2593 randum
371 2546 419 2591 et
445 2535 803 2606 stupendum,
857 2533 941 2588 vel
986 2531 1144 2586 etiam
1184 2526 1479 2593 dolendum
1534 2531 1696 2595 atque

151 2628 497 2701 plangendum;
526 2633 585 2682 et
602 2625 781 2693 magis
809 2623 873 2679 de
894 2623 1009 2692 ipso
1028 2662 1043 2688 ,
1073 2629 1130 2676 ut
1156 2618 1370 2690 propria
1403 2630 1531 2683 cura
1559 2630 1696 2685 pnn~

153 2728 249 2772 ctus
271 2719 483 2789 evigilet;
512 2716 660 2788 quod
692 2724 873 2770 tamen
900 2729 1007 2769 non
1028 2710 1263 2768 oll‘endat
1291 2712 1406 2779 ejus
1449 2720 1701 2771 verecun-

151 2811 270 2866 diam
291 2813 560 2883 asperitate
589 2810 802 2881 aliqua,
840 2806 936 2862 sed
964 2804 1140 2886 potius
1164 2801 1526 2869 familiaritate
1571 2812 1701 2853 con-

154 2905 418 2970 ciliet-,aut
458 2904 639 2959 oblata
692 2901 979 2957 sessione’
1002 2909 1357 2959 succurrere;
1401 2904 1701 2963 quanquam

152 2996 257 3050 sine
272 2993 577 3051 dubitatione
602 2991 813 3049 melius
838 2991 948 3055 ﬁat,
968 2988 1055 3043 ubi
1086 2986 1339 3042 decenter
1364 2981 1477 3038 ﬁeri
1500 2987 1701 3050 potest,

153 3097 243 3141 ula
263 3089 493 3158 principio
518 3087 735 3145 sedens
763 3083 961 3148 audiat;
1004 3082 1271 3149 longeque
1313 3075 1606 3131 consultius
1649 3073 1703 3133 in.

150 3180 431 3249 quibusdam
455 3178 731 3235 Ecclesiis
761 3172 1128 3231 transmarinis
1156 3184 1265 3224 non
1294 3167 1465 3229 solum
1494 3166 1704 3227 antisti-

150 3278 218 3323 tes
236 3269 461 3324 sedentes
486 3271 797 3350 loquuntur
824 3262 890 3316 ad
916 3261 1197 3333 populum,
1243 3257 1373 3350 sedA
1392 3256 1493 3350 ipsi
1546 3254 1706 3319 etiam

146 3360 317 3431 populo
345 3358 524 3414 sedilia
554 3346 875 3426 subiacent,
898 3368 965 3407 ne
984 3351 1263 3422 quisquam
1288 3346 1549 3402 inﬁrmior
1563 3353 1709 3401 stan-

148 3447 439 3503 dolassatns
465 3464 495 3503 a
521 3444 891 3504 saluberrima
939 3441 1236 3497 intentione
1276 3444 1569 3509 avertatur,
1620 3442 1712 3499 aut

146 3540 294 3594 etiam
314 3547 516 3611 cogatur
531 3535 860 3601 abscedere.
888 3532 958 3587 Et
988 3540 1163 3591 tamen
1193 3528 1416 3591 multum
1467 3527 1708 3597 interest,

149 3629 191 3683 si
216 3644 268 3682 se
291 3630 548 3699 quisquam
599 3628 677 3684 de
713 3638 904 3696 magna
940 3619 1272 3685 multitudine
1323 3616 1600 3689 subtrahat
1644 3615 1712 3677 ad

148 3718 455 3793 reparandas
484 3722 662 3786 vires,
691 3714 787 3786 qui
812 3713 922 3784 jam
978 3717 1426 3767 sacramentorum
1462 3707 1717 3771 societate

146 3804 401 3867 devinctus
415 3818 520 3876 est;
540 3819 597 3865 et
621 3809 675 3864 si
704 3806 796 3861 ille
820 3801 1056 3860 discedat
1081 3799 1243 3875 (quod
1283 3799 1593 3870 plerumque
1633 3796 1716 3851 in-

142 3900 439 3959 evitabiliter
465 3911 728 3975 urgetur,
766 3912 832 3953 ne
858 3896 1111 3952 interiore
1132 3894 1338 3950 defectu
1362 3893 1529 3947 victus
1554 3892 1714 3946 etiam

144 3993 292 4067 eadat)
322 3996 409 4066 qui
435 3994 629 4068 primis
663 3989 1023 4051 sacramentis
1050 3985 1370 4042 imbuendus
1397 3992 1513 4039 est:
1548 3992 1601 4038 et
1621 3999 1717 4053 pu-

145 4076 255 4139 dore
273 4086 402 4141 enim
435 4101 545 4140 non
570 4083 720 4140 dicit
738 4096 835 4135 cur
866 4087 973 4147 eat,
992 4087 1043 4135 et
1067 4076 1427 4133 imbecillitate
1448 4082 1589 4130 stare
1612 4087 1721 4129 non

143 4176 327 4232 sinitur.
363 4177 644 4249 Expertus
673 4176 794 4228 haec
823 4172 978 4231 dico:
1007 4186 1129 4227 nam
1159 4169 1282 4225 fecit
1320 4168 1424 4224 hoc
1463 4167 1674 4238 quidam
1701 4207 1718 4233 ,

142 4278 241 4321 eum
262 4283 374 4325 eum
399 4266 837 4329 catechizarem,
866 4262 1027 4318 homo
1044 4261 1345 4316 rusticanus
1372 4301 1387 4331 ,
1429 4258 1569 4314 unde
1619 4273 1725 4312 map

140 4370 349 4429 saepere
388 4357 828 4432 praecavendum
879 4371 1000 4412 esse
1024 4354 1204 4410 didici.
1236 4352 1366 4421 Quis
1405 4352 1545 4407 enim
1591 4348 1727 4406 ferat

143 4454 473 4523 arrogantiam
504 4460 803 4515 nostram,
858 4462 980 4501 eum
1020 4445 1204 4500 viros3
1236 4444 1427 4499 fratres
1475 4450 1727 4509 nostros,

140 4540 213 4594 vel
236 4544 387 4597 etiam
411 4542 565 4614 quod
592 4537 815 4608 majore
830 4528 1187 4592 sollicitudine
1212 4532 1507 4589 curandum
1537 4540 1640 4603 est,
1671 4539 1730 4587 ut

142 4630 233 4688 ἐπὶ
258 4634 446 4693 fratres
473 4633 688 4700 nostri,
727 4644 907 4685 coram
928 4628 1083 4685 nobis
1107 4627 1296 4683 sedere
1320 4641 1428 4681 non
1460 4625 1683 4681 facimus
1709 4639 1727 4690 ;

144 4726 361 4795 etipsum
382 4728 697 4783 Dominum
739 4730 1016 4789 nostrum,
1051 4721 1138 4775 cui
1183 4719 1439 4775 assistunt
1494 4716 1683 4786 Angeli
1709 4754 1729 4785 ,

145 4814 312 4871 sedens
338 4814 542 4873 mulier
563 4809 1013 4883 audiebat(Luc.
1062 4826 1136 4876 ι,
1184 4809 1308 4880 39)?
1357 4808 1500 4863 Sane
1550 4807 1596 4867 si
1642 4814 1735 4867 aut

144 4904 297 4965 brevis
320 4924 504 4966 sermo
530 4907 760 4962 futurus
794 4912 897 4969 est,
919 4911 1009 4958 aut
1031 4900 1306 4957 consessui
1335 4900 1486 4954 locus
1506 4913 1614 4953 non
1651 4907 1736 4954 est

146 5011 299 5075 aptus,
324 4990 827 5063 stantesaudiant;
868 4996 963 5052 sed
1013 5010 1134 5052 cum
1187 4994 1349 5049 multi.
1390 4992 1650 5058 audiunt,
1681 4999 1741 5055 et

146 5106 237 5148 non
258 5104 381 5151 tunc
406 5090 680 5150 initiandi
705 5088 747 5144 ‘.
766 5086 900 5144 Nam
941 5103 1063 5143 eum
1108 5102 1245 5143 unus
1275 5127 1291 5150 ,
1331 5094 1424 5141 aut
1468 5085 1575 5140 duo
1598 5126 1614 5153 ,
1645 5094 1741 5149 aut

145 5184 304 5254 pauci,
334 5186 429 5259 qui
444 5192 761 5257 propterea
786 5187 1049 5237 venerunt
1078 5185 1138 5234 ut
1151 5177 1429 5236 christiani
1477 5177 1626 5243 ﬁant,
1652 5190 1741 5247 po-

145 5272 362 5331 riculose
384 5275 684 5347 loquimur
709 5271 990 5328 stantibus.
1019 5268 1222 5326 Tamen
1264 5269 1309 5325 si
1332 5268 1444 5339 jam
1480 5269 1560 5333 sie
1580 5268 1737 5339 empi-

147 5374 275 5433 mus,
303 5366 505 5423 saltem
537 5362 926 5420 animadverso
970 5361 1229 5417 auditoris
1276 5360 1471 5428 taedio,
1520 5369 1575 5417 et
1616 5360 1740 5418 offo-

147 5452 294 5513 renda
311 5459 491 5514 sessio
506 5464 627 5524 est,
654 5454 763 5510 imo
781 5468 909 5510 vero
924 5466 1141 5526 prorsus
1161 5452 1430 5525 urgendus
1442 5461 1511 5507 ~ut
1530 5451 1736 5521 sedeat,

207 5593 219 5622 '
754 5585 888 5652 Μαί·
908 5589 1025 5663 “id
1048 5586 1279 5663 versis!“
1301 5588 1597 5663 βιιξιεςιίιξιθ
1631 5595 1737 5640 Mss-

148 5662 233 5725 ιοει
497 5648 1343 5725 W4,.€-Eb‘i“95‘1bé‘iqi’iq9b‘ii»
1376 5648 1617 5725 Ecclesiae-

204 5716 228 5808 :
1005 5711 1097 5761 Sed
1118 5711 1515 5774 subaudiendum,
1540 5719 1739 5776 oportet.

208 5776 227 5808 ³
257 5776 485 5827 nonnulli
508 5783 660 5834 Mss,
682 5785 828 5824 veros.

203 5840 227 5872 ⁵
253 5839 360 5888 Sola
378 5839 541 5889 editio
563 5842 710 5895 ιον-ι
731 5847 835 5898 pro,
850 5839 983 5898 tunc,
1004 5833 1167 5897 habet,
1193 5840 1317 5888 stati.

1505 398 1707 465 LIBER
1743 390 1941 457 UNUS.

1777 525 1832 573 et
1853 515 2135 572 dicendum
2154 512 2354 587 aliquid
2380 524 2486 588 quo
2510 520 2813 583 renovetur,
2841 526 2948 588 quo
2971 518 3132 574 etiam
3160 526 3288 574 cura
3320 561 3340 589 ,
3421 491 3439 549 τί

1777 608 1822 665 si
1846 623 1948 678 qua
1977 608 2112 664 forte
2134 610 2340 666 irruens
2366 624 2489 665 eum
2511 622 2735 667 avocare
2762 621 3000 682 emperat
3021 654 3034 678 ,
3068 604 3229 682 fugiat
3280 628 3349 671 ex

1777 702 1974 757 animo.
2008 701 2136 756 Cum
2166 702 2509 756 enim‘causte
2530 702 2743 756 incertae
2766 702 2871 755 sint
2907 716 3003 756 cur
3022 703 3130 772 jam
3158 703 3351 760 tacitus

1777 804 1991 852 recuset
2011 795 2215 862 audire,
2246 797 2353 866 jam
2379 794 2585 853 sedenti
2616 794 2812 863 allquid
2836 794 3091 849 adversus
3110 796 3355 852 inciden-

1782 896 1863 943 tes
1887 887 2233 958 cogitationes
2257 885 2594 941 szeeularium
2635 882 2967 956 negotiorum
3008 884 3231 953 dicatur,
3262 894 3357 941 aut

1780 978 1954 1044 hilari,
1978 988 2036 1033 ut
2063 979 2191 1044 dixi,
2221 988 2309 1033 aut
2340 976 2475 1032 tristi
2502 977 2663 1033 modo
2700 996 2714 1034 :
2746 978 2867 1033 utsi
2920 978 3049 1048 ipsae
3087 987 3355 1049 suntquae

1781 1081 2014 1129 mentem
2043 1079 2455 1142 occupaverunt,
2488 1071 2680 1126 cedant
2720 1071 2869 1141 quasi
2911 1070 3221 1126 nominatim
3265 1086 3357 1127 ac-

1782 1171 2014 1229 cusata;
2047 1164 2286 1219 siautem
2313 1164 2441 1232 ipsa;
2471 1176 2575 1217 non
2605 1171 2730 1219 sunt
2749 1202 2764 1229 ,
2789 1171 2843 1218 et
2872 1161 3139 1217 audiendo
3168 1163 3359 1233 fatiga-

1788 1265 1879 1311 tus
1907 1264 2006 1322 est,
2038 1268 2157 1310 cum
2182 1254 2250 1310 de
2276 1255 2379 1311 illis
2410 1264 2657 1324 tanquam
2688 1257 2815 1325 ipsae
2845 1256 2951 1312 sint
2998 1255 3359 1327 (quandoqui-

1788 1347 1912 1403 dem
1937 1345 2288 1417 ignoramus),
2317 1346 2641 1415 inopinatum
2663 1332 2863 1416 aliquid
2897 1351 2951 1402 et
2991 1346 3358 1402 extraordina-

1787 1441 1949 1507 rium,
1973 1453 2044 1494 eo
2064 1439 2226 1494 modo
2247 1453 2352 1508 quo
2381 1438 2510 1504 diri,
2544 1439 2824 1509 loquimur,
2847 1455 2876 1493 a
2898 1438 3055 1494 tredio
3076 1448 3367 1496 renovatur

1788 1531 2032 1589 Montio.
2053 1530 2160 1586 Sed
2185 1538 2239 1585 et
2259 1530 2421 1585 breve
2445 1530 2534 1596 sit,
2565 1524 2793 1585 maxime
2810 1532 2930 1600 quia
2955 1540 3101 1586 extra
3119 1532 3363 1587 ordinem

1790 1625 2061 1692 inseritur,
2099 1637 2170 1678 ne
2207 1622 2452 1677 morbum
2491 1622 2682 1677 fastidii
2714 1623 2798 1678 cui
2828 1624 3108 1678 subvenire
3123 1624 3367 1680 volumus

1790 1718 1947 1777 etiam
1970 1726 2159 1786 augeat
2173 1717 2283 1786 ipsa
2302 1715 2582 1772 medicina:
2599 1723 2650 1769 et
2664 1716 3002 1771 accelerauda
3018 1724 3363 1785 suntcretera,

1793 1817 1847 1864 et
1884 1807 2270 1878 promittendus
2308 1820 2468 1878 atque
2502 1806 2829 1862 exhibendus
2858 1805 2975 1862 finis
3003 1808 3369 1880 propinquior.

1864 1898 2088 1954 CAPUT
2122 1897 2263 1953 XIV.
2295 1928 2366 1939 —-
2389 1898 2480 1953 20.
2524 1892 2822 1952 Remedium
2864 1892 3102 1953 adversus
3146 1900 3372 1972 quintam

1793 2005 1998 2045 musam
2038 1990 2194 2043 uetiti.
2244 1990 2539 2044 Remedium
2576 1999 2751 2044 contra
2768 1999 3185 2061 sextamcausam
3214 1990 3371 2047 audii.

1795 2081 1929 2137 Item
1947 2082 2184 2137 adversus
2212 2097 2419 2135 causam
2443 2091 2658 2135 sextam.
2687 2081 2744 2137 Si
2771 2091 2946 2137 autem
2974 2078 3229 2153 confregit
3255 2083 3374 2138 ani-

1796 2188 1943 2228 mum
1974 2182 2121 2227 tuum
2163 2172 2377 2226 alterius
2410 2172 2664 2238 actionis,
2698 2171 2781 2225 cui
2809 2180 3055 2241 tanquam
3088 2174 3254 2245 magis
3284 2188 3378 2227 ne-

1797 2264 2044 2321 cessariae
2066 2264 2175 2333 jam
2206 2272 2499 2331 suspensus
2537 2270 2687 2323 eras,
2729 2260 2965 2327 emissio,
3015 2269 3067 2316 et
3098 2269 3377 2333 propterea

1800 2356 1966 2411 tristis
2002 2355 2290 2409 insuaviter
2314 2352 2642 2419 catechizas;
2671 2354 2904 2424 cogitare
2938 2352 3130 2421 debes,
3160 2363 3379 2431 excepto

1800 2452 1941 2523 quod
1963 2452 2157 2506 scimus
2179 2448 2595 2505 misericorditer
2622 2448 2775 2503 nobis
2797 2447 3059 2518 agendum
3090 2462 3208 2503 esse
3230 2447 3383 2519 quid-

1801 2544 1927 2615 quid
1952 2558 2071 2599 cum
2117 2540 2421 2597 hominibus
2448 2541 2684 2612 agimus,
2725 2546 2780 2596 et
2823 2556 2889 2596 ex
2928 2539 3103 2596 officio
3131 2540 3382 2597 sinceris-

1803 2636 1951 2691 simos
1992 2635 2296 2700 charitatis;
2347 2633 2451 2689 hoc
2494 2648 2619 2704 ergo
2657 2642 2911 2704 excepto,
2958 2634 3217 2690 incertum
3263 2650 3383 2692 esse

1804 2725 1929 2796 quid
1959 2725 2138 2779 utilius
2174 2737 2426 2795 agamus,
2468 2733 2522 2778 et
2550 2723 2674 2793 quid
2706 2724 3056 2794 opportunius
3090 2730 3180 2779 aut
3218 2723 3384 2779 inter-

1806 2817 2098 2883 mittanms,
2128 2822 2218 2870 aut
2260 2816 2476 2871 omnino
2502 2815 2829 2870 omittamus.
2863 2810 2994 2882 Quia
3026 2816 3168 2871 enim
3198 2815 3389 2871 merita

1807 2904 2080 2961 hominum
2109 2921 2204 2975 pro
2227 2907 2415 2976 quibus
2441 2906 2667 2977 agimus,
2699 2906 2876 2976 qualia
2905 2907 3014 2962 sint
3050 2908 3185 2979 apud
3219 2908 3388 2963 Deum

1809 3010 1919 3055 non
1944 3000 2221 3065 novimus,
2251 2996 2375 3069 quid
2402 2998 2480 3053 eis
2505 2997 2571 3052 ad
2611 3008 2822 3068 tempus
2860 2998 3107 3068 expediat
3129 3008 3219 3054 aut
3248 3000 3391 3056 nulla

1810 3099 1903 3145 aut
1923 3088 2230 3145 tenuissima
2253 3096 2342 3141 aut
2366 3089 2721 3143 incertissima
2736 3089 3040 3159 conjectura
3063 3090 3391 3161 suspicamur

1810 3182 1988 3251 potius
2018 3221 2032 3246 ,
2060 3190 2216 3248 quam
2242 3176 2765 3247 comprehendimus.
2805 3178 3141 3249 Quapropter
3168 3197 3253 3237 res
3278 3179 3395 3250 qui-

1812 3272 1935 3329 dem
1979 3270 2212 3341 agendas
2253 3284 2351 3338 pro
2381 3275 2565 3323 nostro
2604 3278 2761 3338 captu
2807 3270 3052 3324 ordinare
3095 3271 3391 3329 debemus:

1816 3358 1948 3433 quas
1972 3374 2037 3415 eo
2061 3358 2220 3414 modo
2238 3371 2344 3428 quo
2366 3357 2667 3424 statuimus,
2700 3344 2744 3413 si
2774 3372 3024 3430 peragere
3045 3361 3396 3431 potuerimus,

1814 3464 1922 3507 nun
1950 3451 2073 3505 ideo
2100 3448 2422 3519 gaudeamus
2451 3444 2569 3519 quia
2601 3444 2774 3513 nobis,
2804 3448 2896 3503 sed
2924 3450 3044 3519 quia
3072 3450 3183 3505 Deo
3209 3451 3287 3506 sic
3307 3465 3400 3517 eas

1816 3543 1903 3614 agi
1928 3541 2123 3612 placuit
2148 3559 2161 3596 :
2189 3540 2233 3594 si
2259 3546 2439 3593 autem
2462 3538 2635 3610 aliqua
2673 3528 2924 3596 inciderit
2948 3540 3270 3621 necessitas,
3296 3558 3401 3623 qua

1818 3642 2001 3692 noster
2025 3635 2115 3689 ille
2141 3633 2273 3687 Ordo
2298 3631 2575 3699 turbetur;
2613 3632 2889 3709 ﬂectamur
2919 3630 3104 3701 facile,
3148 3650 3215 3691 ne
3257 3634 3401 3693 irati.

1817 3736 2034 3799 gamur;
2057 3734 2112 3780 ut
2141 3738 2297 3796 quem
2316 3722 2457 3779 Deus
2479 3732 2661 3780 nostro
2678 3723 2752 3796 (a)
2768 3724 3071 3796 praeposuit,
3094 3725 3205 3795 ipse
3222 3725 3290 3781 sit
3305 3740 3402 3783 no-

1830 3825 1960 3873 ater.
1987 3802 2214 3887 Equius
2235 3823 2317 3871 est
2343 3817 2483 3871 enim
2512 3822 2571 3869 ut
2601 3828 2698 3871 nos
2720 3814 2864 3887 ejus,
2898 3816 3053 3887 quam
3084 3825 3144 3871 ut
3188 3817 3273 3871 ille
3300 3832 3401 3875 no-

1821 3913 1988 3965 stram
2014 3904 2341 3963 voluntatem
2370 3914 2641 3975 sequatur.
2673 3894 2805 3971 Quia
2832 3912 2886 3961 et
2910 3905 3043 3962 ordo
3076 3906 3405 3977 agendarum

1822 4010 2023 4065 rerum,
2056 4014 2212 4079 quem
2244 4006 2425 4053 nostro
2448 3996 2669 4053 arbitrio
2693 4005 2874 4077 tenere
2898 3998 3163 4065 volumus,
3190 3999 3279 4054 ille
3303 4000 3406 4057 nti-

1825 4102 1929 4165 que
1972 4090 2348 4162 approbandus
2384 4098 2499 4156 est,
2547 4080 2635 4146 ubi
2684 4090 2889 4158 potiora
2935 4090 3258 4159 prmcedunt.
3304 4091 3408 4147 Cur

1827 4194 1956 4255 ergo
1986 4192 2084 4237 nos
2123 4182 2363 4237 dolemus
2394 4181 2638 4235 homines
2668 4195 2697 4233 a
2744 4180 2969 4237 Domino
2999 4181 3108 4236 Deo
3140 4190 3285 4237 tanto
3312 4197 3411 4253 po-

1828 4274 1965 4331 tiore
1997 4272 2248 4345 przecedi,
2278 4281 2334 4326 ut
2363 4285 2427 4325 eo
2456 4270 2572 4341 ipso
2599 4286 2702 4341 quo
2723 4280 2964 4325 nostrum
2999 4286 3235 4328 amamus
3264 4272 3409 4331 ordi-

1829 4378 1970 4432 nem,
1991 4364 2275 4419 inordinati
2301 4377 2419 4417 esse
2434 4362 2741 4431 cupiamus?
2769 4360 2938 4417 Nemo
2963 4362 3101 4417 enim
3120 4362 3310 4417 melius
3326 4377 3417 4419 ore.

1832 4456 1977 4512 dinat
2002 4453 2129 4524 quid
2158 4458 2296 4523 agat,
2327 4452 2428 4507 nisi
2450 4451 2539 4521 qui
2568 4448 2800 4519 paratior
2828 4458 2909 4519 est
2938 4466 3043 4506 non
3084 4467 3240 4525 agere
3269 4452 3411 4523 quod

1833 4546 2011 4601 divina
2062 4552 2322 4614 potestate
2364 4542 2708 4613 prohibetur,
2761 4556 2918 4613 quam
2969 4532 3210 4615 cupidior
3254 4558 3415 4621 agerc

1834 4636 1979 4708 quod
2012 4635 2239 4689 humana
2267 4634 2587 4704 cogitatione
2614 4630 2917 4687 meditatur.
2948 4631 3083 4701 Quia
3114 4634 3285 4697 mulae
3325 4644 3413 4701 co;

1834 4727 2101 4799 ρδωιὶοποε
2136 4732 2253 4780 sunt
2290 4726 2345 4779 in
2373 4720 2525 4777 corde
2566 4716 2694 4789 uiri,
2727 4712 2995 4787 consilium
3020 4732 3185 4781 autem
3214 4720 3419 4787 Domini

1837 4826 2005 4872 matter
2031 4818 2084 4871 in
2107 4824 2347 4871 internum
2372 4813 2553 4887 (Prov.
2577 4827 2690 4877 ιιι,
2719 4808 2834 4885 21).

1909 4907 1999 4965 21.
2030 4905 2088 4964 Si
2113 4914 2237 4961 vero
2267 4921 2333 4960 ex
2356 4902 2533 4975 aliquo
2558 4902 2808 4959 seandalo
2834 4901 3172 4975 perturbatus
3208 4904 3421 4960 animus

1838 5014 1946 5056 non
1971 4999 2115 5055 valet
2148 4997 2309 5052 edere
2355 4996 2601 5051 sefeunm
2644 4994 3042 5066 jucundumque
3086 5009 3421 5064 sermonem,

1842 5100 2045 5149 tantam
2084 5102 2205 5145 esse
2241 5088 2551 5144 eharitatem
2601 5090 2815 5158 oportet
2860 5086 2915 5141 in
2957 5101 3051 5144 eos
3095 5102 3192 5158 pro
3236 5087 3424 5156 quibus

1839 5181 2086 5240 Ghristns
2110 5187 2352 5236 mortuus
2376 5187 2485 5244 est,
2510 5178 2694 5234 volens
2722 5166 2816 5233 eos
2845 5178 3016 5247 pretio
3042 5177 3314 5247 sanguinis
3342 5178 3422 5233 sui

1841 5274 1908 5330 ab
1930 5286 2170 5328 errorum
2188 5270 2522 5326 saecularium
2542 5277 2711 5324 morte
2731 5268 3027 5333 redimere;
3052 5277 3110 5322 ut
3130 5267 3231 5323 hoc
3252 5268 3425 5339 ipsutn

1845 5365 1991 5436 quod
2012 5364 2165 5419 nobis
2190 5361 2435 5418 tristibus
2476 5361 2774 5425 nuntiatur,
2809 5367 3004 5433 praesto
3042 5374 3165 5415 esse
3196 5360 3431 5428 aliquem

1843 5459 1935 5532 qui
1956 5457 2224 5515 desideret
2252 5454 2369 5515 ﬁeri
2387 5455 2730 5520 christianos,
2755 5452 2820 5509 ad
2841 5452 3260 5510 consolationem
3290 5450 3429 5509 illius

1844 5550 2340 5617 resolutionemque
2379 5546 2606 5603 tristitia:
2634 5545 2809 5601 valere
2835 5543 3060 5609 debeat,
3092 5542 3232 5599 sicut
3256 5542 3430 5600 solent

1844 5642 2115 5700 lucrorum
2170 5638 2359 5709 gaudia
2415 5638 2652 5693 dolorem
2707 5635 2873 5688 lenire
2921 5633 3259 5695 damnum.
3312 5628 3427 5691 Non

1847 5734 1987 5790 enim
2030 5730 2337 5785 scandalum
2383 5742 2479 5789 nos
2506 5724 2785 5782 contristat
2827 5722 3083 5794 alicujus,
3127 5723 3233 5789 nisi
3268 5736 3429 5797 quem

1912 5833 1986 5898 (a)
2003 5831 2407 5893 subaudiendum,
2423 5826 2599 5881 ordini.
