3940 6484
595 494 708 555 827

595 595 902 682 ρετῑτθίιιιι
930 616 1025 675 per
1063 613 1221 674 quem
1260 599 1439 672 perire
1479 597 1749 653 inﬁmum
1788 597 1868 651 vel
1907 594 2173 651 credimus

594 700 678 755 vel
705 697 961 752 videmus.
994 695 1088 750 Ille
1126 695 1286 764 igitur
1312 692 1401 761 qui
1438 688 1725 744 initiandus
1753 686 2002 753 advenit,
2047 684 2174 739 dum

597 799 840 860 speratur
869 802 1028 858 posse
1055 784 1342 855 proficere,
1371 781 1612 837 dolorem
1636 780 1930 836 deficientis
1972 779 2179 832 abster-

595 888 701 950 gat.
730 878 864 944 Quia
890 886 942 931 et
967 877 1010 931 si
1032 876 1193 929 timor
1216 874 1304 929 ille
1328 872 1645 943 suggeritur,
1678 887 1744 926 ne
1771 871 1861 925 fiat
1882 870 2179 940 proselytus

595 969 737 1023 ﬁlius
780 967 1038 1037 gehennae
1078 964 1291 1034 (Matth.
1329 979 1491 1028 χχιιι,
1524 960 1647 1033 15),
1692 961 1816 1015 dum
1866 960 2014 1015 multi
2052 960 2181 1013 tales

594 1066 881 1115 versantur
910 1065 1033 1111 ante
1059 1055 1243 1110 oculos
1262 1095 1279 1121 ,
1320 1070 1386 1110 ex
1416 1054 1606 1123 quibus
1632 1053 1873 1107 oriuntur
1902 1067 1965 1105 ea
1991 1050 2181 1120 quibus

597 1150 803 1204 urimur
840 1147 1088 1203 scandala
1110 1188 1124 1210 ,
1158 1163 1264 1202 non
1300 1147 1367 1200 ad
1397 1145 1746 1200 retardandos
1776 1159 1873 1198 nos
1912 1143 2181 1214 pertinere

598 1240 789 1303 debet,
833 1238 925 1293 sed
958 1238 1123 1306 magis
1152 1237 1218 1293 ad
1244 1236 1554 1293 excitandos
1583 1246 1636 1291 et
1662 1235 1927 1291 acuendos
1951 1251 1967 1289 :
1998 1245 2185 1304 quate-

599 1345 701 1385 nus
736 1345 893 1400 quem
922 1329 1206 1383 imbuimus
1231 1343 1577 1395 moneamus,
1621 1337 1678 1383 ut
1716 1339 1900 1383 caveat
1928 1329 2184 1383 imitatio-

600 1436 723 1476 nem
759 1436 942 1475 eorum
985 1421 1073 1490 qui
1104 1435 1209 1475 non
1255 1421 1365 1490 ipsa
1391 1420 1646 1485 veritate,
1687 1420 1783 1474 sed
1813 1421 1928 1475 solo
1968 1419 2184 1475 nomine

601 1511 876 1565 christiani
926 1518 1077 1577 sunt;
1129 1525 1228 1565 nec
1277 1524 1460 1565 eorum
1509 1509 1663 1564 turba
1708 1517 2039 1576 commotus,
2094 1517 2185 1563 aut

603 1601 799 1656 sectari
830 1600 957 1654 velit
984 1615 1109 1666 cos,
1142 1608 1235 1657 aut
1268 1600 1541 1655 Christum
1573 1601 1703 1655 nolit
1733 1602 1925 1657 sectari
1967 1608 2185 1671 propter

604 1707 734 1758 eos;
780 1701 834 1746 et
867 1701 958 1745 aut
989 1692 1119 1746 nolit
1147 1706 1265 1746 esse
1295 1694 1345 1746 in
1392 1693 1628 1747 Ecclesia
1661 1693 1752 1747 Dei
1782 1693 1869 1746 ubi
1912 1693 1983 1748 illi
2026 1700 2182 1759 sunt,

606 1792 700 1839 aut
731 1784 849 1838 talis
876 1784 945 1838 ibi
972 1784 1097 1838 velit
1117 1798 1238 1839 esse
1262 1784 1447 1853 quales
1476 1784 1549 1837 illi
1577 1793 1719 1838 sunt.
1749 1785 1817 1838 Et
1847 1783 2026 1839 nescio
2050 1799 2186 1854 quo-

604 1876 766 1931 modo
806 1877 859 1929 in
919 1876 1233 1944 hujusmodi-
1261 1876 1475 1931 monitis
1501 1877 1517 1907 ¹
1546 1876 1818 1931 ardentior
1856 1891 2034 1931 sermo
2066 1884 2183 1942 est,

607 1966 696 2022 cui
730 1965 967 2020 fomitem
999 1964 1369 2019 subministrat
1401 1980 1634 2035 praasens
1664 1965 1853 2020 dolor:
1885 1975 2071 2021 utnon
2101 1981 2190 2021 so-

606 2058 718 2112 lum
747 2057 1006 2127 pigriores
1034 2072 1137 2110 non
1162 2059 1353 2125 simus,
1382 2058 1473 2112 sed
1505 2073 1571 2111 eo
1598 2059 1712 2128 ipso
1733 2059 1972 2114 dicamus
1996 2074 2191 2114 accen-

608 2151 719 2206 sius
746 2158 906 2218 atque
932 2150 1302 2204 vehementius
1324 2190 1337 2214 ,
1366 2150 1509 2219 quod
1535 2152 1833 2206 securiores
1874 2151 2113 2221 frigidius
2138 2158 2193 2205 et

614 2240 813 2294 lentius
852 2239 1183 2303 diceremus;
1214 2239 1643 2310 gaudeamusque
1679 2242 1832 2295 nobis
1855 2243 2191 2297 occasionem

606 2329 755 2395 dari,
788 2328 876 2382 ubi
916 2336 1093 2384 motus
1116 2329 1279 2383 animi
1310 2330 1477 2384 nostri
1507 2332 1625 2385 sine
1651 2330 2055 2386 fructificatione
2086 2345 2192 2385 non

605 2414 863 2475 transeat.

676 2510 769 2563 22.
802 2509 857 2564 Si
888 2519 1064 2565 autem
1110 2511 1176 2565 de
1204 2511 1382 2580 aliquo
1420 2519 1599 2566 errato
1638 2521 1823 2567 nostro
1849 2514 1930 2568 vel
1976 2523 2195 2582 peccato

610 2613 714 2655 nos
754 2601 1065 2655 mrestitudo
1093 2602 1531 2670 comprehendit,
1570 2618 1675 2658 non
1709 2614 1907 2659 tantum
1938 2606 2196 2661 memine-

608 2689 780 2745 rimus
810 2690 1129 2746 sacrificium
1169 2692 1281 2746 Dco
1325 2693 1570 2761 spiritum
1616 2710 1735 2749 esse
1777 2696 2196 2753 contribulatum

611 2779 783 2851 (Psal.
809 2798 856 2846 ι,
889 2782 998 2853 19),
1036 2783 1130 2837 sed
1159 2784 1318 2837 etiam
1347 2784 1497 2851 illud,
1530 2786 1659 2851 Quia
1688 2788 1817 2840 sicut
1842 2804 1975 2857 aqua
2002 2789 2191 2858 ignem,

611 2873 686 2927 sic
712 2873 1025 2943 eleemosyna
1052 2876 1322 2945 exstinguit
1348 2883 1607 2945 peccatum
1640 2876 1824 2947 (Eccli.
1859 2894 1935 2943 ιιι,
1968 2880 2088 2948 55);
2120 2888 2195 2947 et,

617 2960 752 3028 Quia
778 2962 1176 3017 misericordiam
1197 3005 1212 3030 ,
1247 2965 1451 3034 inquit,
1495 2967 1607 3019 voto
1650 2984 1801 3036 quam
1842 2969 2147 3037 sacri/icium
2178 2972 2198 3001 ⁸

615 3052 772 3123 (Osee
792 3069 865 3118 vt,
894 3053 970 3126 6).
999 3054 1146 3110 Sicut
1166 3070 1293 3126 ergo
1316 3057 1358 3110 si
1386 3057 1811 3125 periclitaremur
1836 3060 2104 3129 incendio,
2132 3063 2200 3118 ad

616 3155 807 3212 aquam
834 3144 1014 3213 utique
1043 3159 1381 3200 curreremus
1404 3188 1418 3211 ,
1469 3162 1574 3216 quo
1605 3158 1785 3216 posset
1814 3151 2114 3220 exstingui,
2147 3160 2202 3208 et

613 3233 1006 3302 gratularemur
1031 3234 1075 3288 si
1102 3236 1221 3304 quis
1260 3250 1378 3289 eam
1405 3235 1474 3290 de
1502 3236 1744 3304 proximo
1774 3238 2025 3307 oll‘crret;
2057 3242 2129 3296 ita
2156 3244 2201 3297 sl

613 3321 685 3377 de
724 3324 910 3378 nostro
953 3323 1076 3379 feno
1105 3325 1279 3395 aliqua
1328 3329 1529 3396 peccati
1578 3328 1789 3384 ﬂamma
1826 3334 2059 3388 surrexit
2078 3334 2119 3399 ³,
2148 3344 2203 3391 et

613 3420 897 3481 propterea
924 3414 1321 3479 conturbamur,
1355 3417 1479 3471 data
1504 3420 1788 3475 occasione
1814 3406 2202 3479 misericordis-

614 3502 737 3557 simi
766 3504 965 3574 operis,
997 3515 1243 3575 tanquam
1276 3506 1343 3561 de
1369 3507 1547 3562 oblato
1577 3510 1721 3565 fonte
1748 3513 2076 3581 gaudeamus
2097 3555 2112 3581 ,
2145 3525 2202 3572 ut

613 3591 741 3647 inde
765 3594 893 3648 illud
921 3594 1065 3664 quod
1105 3605 1378 3650 exarserat
1407 3599 1760 3668 Opprimatur.
1787 3601 1900 3656 Nisi
1927 3604 2066 3660 forte
2093 3614 2202 3661 tam

613 3682 768 3736 stulti
804 3696 1015 3749 sumus,
1061 3693 1120 3738 ut
1144 3686 1373 3741 alacrius
1403 3688 1725 3744 arbitremur
1763 3706 1884 3745 cum
1914 3710 2050 3763 pane
2074 3710 2200 3750 cur-

624 3770 884 3837 rendum,
924 3787 1030 3841 quo
1053 3782 1293 3829 ventrem
1317 3777 1601 3832 esurientis
1643 3780 1992 3848 impleamus,
2041 3801 2201 3854 quam

616 3877 740 3918 cum
766 3864 929 3917 verbo
964 3864 1091 3931 Dei,
1115 3880 1222 3934 quo
1263 3876 1496 3923 mentem
1524 3869 1665 3924 istud
1692 3871 1897 3927 edentis
1927 3874 1949 3906 ⁸
1970 3876 2203 3932 instrua-

618 3967 757 4007 mus.
817 3953 933 4009 Huc
971 3954 1176 4009 accedit
1205 3997 1221 4023 ,
1263 3956 1384 4027 quia
1425 3959 1469 4012 si
1515 3963 1880 4018 tantummodo
1924 3967 2201 4034 prodesset

619 4043 725 4098 hoc
752 4042 948 4109 facere,
970 4059 1075 4099 non
1097 4045 1273 4102 facere
1287 4057 1464 4103 autem
1491 4050 1620 4104 nihil
1643 4052 1890 4121 obesset;
1924 4056 2202 4115 infeliciter

619 4134 675 4190 in
716 4135 953 4205 periculo
979 4136 1185 4203 salutis,
1233 4154 1338 4193 non
1374 4139 1481 4209 jam
1525 4143 1783 4210 proximi,
1830 4145 1925 4201 sed
1964 4156 2197 4218 nostrae,

616 4228 855 4283 oblatum
900 4229 1195 4285 remedium
1227 4246 1622 4301 spernoremus.
1668 4234 1802 4291 Cum
1838 4254 1966 4293 vero
2006 4256 2071 4296 ex
2108 4257 2203 4299 ore

616 4320 824 4376 Domini
856 4328 963 4377 tam
990 4323 1267 4380 minaciter
1313 4336 1500 4393 sonet,
1548 4328 1701 4382 Serve
1726 4348 1939 4402 nequam
1965 4344 2012 4388 et
2038 4337 2199 4407 piger,

615 4412 763 4467 dares
796 4415 1060 4483 pecuniam
1091 4431 1253 4469 meam
1290 4418 1642 4473 nummulariis
1679 4419 1891 4493 (Matt/1.
1933 4442 2064 4490 xxv,
2108 4427 2199 4494 26,

613 4504 738 4575 27),;
770 4506 887 4575 quae
917 4505 1133 4561 tandem
1176 4506 1442 4563 dementia
1484 4519 1602 4575 est,
1635 4512 1886 4581 quoniam
1924 4526 2201 4584 peccatum

615 4604 860 4651 nostrum
900 4613 1000 4653 nos
1029 4599 1207 4668 angit,
1251 4600 1372 4656 ideo
1400 4615 1589 4656 rursus
1616 4603 1758 4658 vellc
1794 4619 2046 4674 peccare,
2095 4623 2201 4665 non

614 4683 793 4738 dando
836 4688 1115 4753 pecuniam
1146 4688 1469 4745 dominicam
1501 4691 1701 4745 volenti
1747 4703 1802 4747 et
1841 4697 2074 4762 petenti?
2109 4697 2202 4752 His

614 4780 776 4842 atque
802 4772 1105 4844 hujusmodi
1147 4781 1555 4850 cogitationibus
1597 4791 1651 4837 et
1684 4785 2201 4845 considerationibus

614 4861 835 4932 depulsa
860 4866 1087 4936 caligine
1112 4869 1413 4935 mediorum,
1442 4872 1508 4925 ad
1530 4875 1965 4932 catecltizandum
1989 4889 2202 4949 aptatur

616 4952 863 5021 intentio,
908 4965 965 5010 ut
999 4958 1233 5014 suaviter
1261 4961 1565 5029 imbibatur,
1598 4965 1739 5034 quod
1784 4967 2007 5038 impigre
2041 4980 2199 5039 atque

622 5043 866 5100 hilariter
891 5045 959 5102 de
985 5048 1260 5106 charitatis
1286 5054 1529 5111 ubertate
1555 5060 1870 5129 prorumpit.
1902 5061 2030 5117 Haec
2055 5065 2198 5121 enim

616 5151 725 5192 non
748 5145 855 5191 tam
882 5152 980 5209 ego
1005 5139 1130 5204 tibi,
1159 5158 1316 5212 quam
1340 5147 1584 5203 omnibus
1611 5149 1765 5205 nobis
1790 5150 1917 5206 dicit
1934 5154 1954 5184 ⁸
1983 5153 2097 5224 ipsa
2120 5156 2199 5211 dia

617 5227 806 5297 lectio,
862 5245 980 5301 qua:
1019 5230 1209 5288 diffusa
1234 5243 1317 5290 est
1344 5236 1396 5290 in
1439 5237 1693 5295 cordibus
1720 5242 1918 5298 nostris
1944 5259 2038 5314 per
2078 5246 2199 5316 Spi-

676 5407 1042 5490 f-Editigiinlotu
1054 5424 1425 5490 :‘quamvocem
1443 5426 1744 5490 praetereunt
1763 5430 1892 5488 Mss;
1916 5427 2084 5490 plures
2116 5432 2201 5484 alii

612 5472 1265 5556 'L‘PEELL‘EiPiPi‘PE“!
1745 5472 1892 5556 ρρέῖξί
1917 5472 2196 5556 mea:

997 5533 1389 5619 ﬁgi—tili—sC-Et'ilti
1427 5542 1555 5619 solet
1597 5546 1646 5593 in
1689 5533 1901 5619 antiquis
1932 5533 2195 5617 Edicit};

610 5597 972 5664 sunmzinistrat,
997 5597 1172 5664 factum
1193 5611 1298 5653 erat
1323 5603 1368 5651 iu
1396 5606 1539 5654 editis
1557 5639 1571 5663 ,
1591 5620 1731 5656 suum
1751 5597 2007 5664 ministrat:

674 5660 695 5689 ²
727 5660 872 5719 Editi,
890 5658 992 5711 voto
1187 5676 1333 5725 quam
1354 5658 1666 5731 sacri/icium.
1694 5677 1749 5720 Al.
1768 5658 2197 5737 Ege—(instanter

674 5726 930 5782 tetereunt,
954 5736 1123 5782 magis.

675 5736 930 5782 intereunt,
954 5736 1123 5787 magis.

678 5780 699 5811 ³
730 5784 860 5891 Laud
877 5789 950 5834 Er.
973 5786 1119 5858 Lugd.
1147 5792 1264 5837 Ven.
1285 5791 1719 5849 Lov.,sun'ea:erit.
1786 5802 1845 5847 tt.

675 5840 699 5872 ⁸
730 5848 758 5889 S
834 5852 939 5891 Mss.
963 5846 1081 5891 Edttt
1104 5860 1241 5891 vero.
1266 5859 1468 5891 mentem
1491 5853 1725 5891 ςιηήρηιὸο

834 5852 939 5908 Mss.
963 5846 1082 5895 Editi
1104 5860 1242 5908 vero,
1266 5846 1470 5903 mentem
1491 5853 1740 5907 studentis.

674 5901 700 5940 ⁸
730 5902 849 5955 Ethti
871 5906 975 5956 fere
999 5908 1105 5971 soli,
1123 5901 1289 5962 dictat.

1458 478 1549 542 DE
1585 476 2133 542 CATECHIZANDIS
2172 472 2486 548 RUDIBUS,
2527 480 2586 538 S.
2624 475 2995 542 AUGUSTINI

3718 490 3797 549 328

2283 593 2446 649 ritum
2472 604 2713 650 sanctum
2739 598 2829 667 qui
2858 598 3013 652 datus
3038 605 3119 653 est
3141 597 3298 654 nobis
3324 596 3498 669 (Rom.
3520 615 3570 669 v,
3594 602 3661 674 5).

2352 685 2578 743 CAPUT
2602 688 2716 743 XV.
2740 690 2914 745 —25.
2945 690 3053 745 Pro
3079 707 3404 761 personarum
3430 694 3792 753 diversitatem-

2285 779 2508 846 peranda
2536 781 2717 834 oratio.
2745 780 2849 836 Sed
2880 796 3021 836 nunc
3050 783 3204 837 etiam
3232 783 3364 838 illud
3392 784 3527 853 quod
3550 787 3794 858 priusquam

2286 870 2649 938 promitterem
2681 887 2785 927 non
2816 872 3097 942 debebam,
3116 875 3227 944 jam
3269 874 3492 932 fortasse
3509 878 3712 934 debitum
3729 882 3797 935 lla-

2285 959 2440 1028 gitas,
2473 967 2533 1014 ut
2551 961 2765 1030 aliquod
2786 965 3048 1019 sermonis
3068 966 3394 1035 exemplum,
3425 975 3651 1038 tanquam
3670 972 3705 1024 si
3726 987 3795 1041 ego

2288 1049 2518 1120 aliquem
2549 1053 2897 1121 catechizem,
2931 1069 3039 1109 non
3068 1071 3152 1110 me
3182 1057 3362 1127 pigeat
3387 1059 3652 1126 explicare.
3674 1070 3715 1115 et
3735 1064 3793 1114 in-

2288 1141 2540 1196 tuendum
2564 1143 2656 1198 tibi
2678 1158 2995 1214 proponere.
3019 1146 3169 1212 Quod
3198 1146 3501 1217 priusquam
3520 1148 3795 1215 faciam,volo

2289 1235 2491 1303 cogites
2519 1234 2678 1288 aliam
2714 1250 2834 1291 esse
2858 1237 3208 1293 intentionem
3241 1238 3520 1305 distantis,
3548 1256 3651 1296 cum
3675 1242 3795 1297 lector

2292 1322 2500 1379 futurus
2527 1325 2815 1396 cogitatur;
2856 1335 2909 1381 et
2949 1328 3105 1381 aliam
3136 1327 3440 1398 loquentis,
3475 1345 3585 1384 cum
3618 1346 3794 1400 presens

2291 1419 2502 1474 auditor
2520 1417 2815 1473 attenditur
2839 1436 2853 1473 :
2879 1419 3004 1473 etin
3027 1434 3093 1473 eo
3117 1419 3234 1488 ipso
3256 1419 3415 1474 aliam
3445 1421 3497 1474 in
3522 1431 3696 1476 secreto
3716 1438 3794 1476 nlo-

2293 1509 2491 1575 nentis,
2519 1507 2645 1563 dum
2672 1508 2848 1563 nullus
2876 1507 3014 1564 alius
3054 1509 3144 1579 qui
3170 1509 3240 1564 de
3266 1510 3422 1564 nobis
3444 1510 3626 1579 judicet
3654 1521 3793 1580 pnesto

2293 1610 2404 1667 est;
2438 1601 2595 1655 aliam
2641 1602 2813 1670 palam
2856 1601 3097 1656 docentis
3138 1602 3369 1672 aliquid,
3400 1618 3514 1657 cum
3541 1603 3793 1657 dissimiliter

2292 1692 2621 1762 opinantium
2672 1693 2981 1747 circumstat
3028 1692 3242 1747 auditus
3282 1711 3293 1745 :
3340 1699 3398 1747 et
3442 1694 3490 1747 in
3538 1693 3625 1747 hoc
3652 1708 3792 1762 genere

2292 1784 2450 1837 aliam
2468 1825 2481 1849 ,
2510 1798 2630 1838 cum
2656 1782 2881 1838 docetur
2906 1798 3065 1849 unus,
3104 1784 3287 1839 czeteri
3315 1791 3485 1840 autem
3510 1791 3714 1853 tanquam
3733 1758 3791 1850 iu-

2294 1875 2530 1930 dicantes
2572 1882 2663 1928 aut
2686 1882 2998 1930 attestantes
3023 1888 3143 1944 quas
3171 1874 3275 1928 sibi
3315 1883 3438 1929 nota
3463 1882 3578 1928 sunt
3610 1873 3789 1935 audiunt;

2296 1968 2451 2022 aliam
2479 1978 2599 2020 cum
2633 1980 2820 2020 omnes
2849 1967 3209 2021 communiter
3242 1967 3368 2037 quid
3409 1966 3475 2020 ad
3511 1982 3593 2021 eos
3624 1965 3791 2034 profers.

2297 2074 2416 2115 mus
2458 2066 2805 2127 exspectant:
2839 2066 2895 2113 et
2933 2072 3118 2113 rursus
3148 2058 3203 2113 in
3245 2058 3348 2113 hoc
3370 2059 3487 2128 ipso
3525 2058 3687 2123 aliam,
3710 2072 3789 2110 cum

2296 2149 2446 2220 quasi
2477 2151 2720 2220 privatim
2750 2150 3098 2216 consedetur,
3131 2160 3191 2205 ut
3220 2152 3582 2207 sermocinatio
3608 2164 3787 2204 consera-

2298 2249 2413 2306 tur;
2445 2242 2601 2295 aliam
2622 2284 2636 2305 ,
2668 2256 2788 2295 cum
2815 2242 3040 2311 populus
3072 2250 3257 2297 tacens
3285 2258 3446 2297 unum
3482 2242 3545 2297 dc
3568 2242 3663 2295 loco
3686 2254 3789 2306 supe-

2298 2332 2439 2386 riore
2482 2332 2746 2386 dicturum
2790 2348 3079 2402 suspensus
3118 2334 3397 2389 intuetur:
3427 2334 3706 2402 multumque
3736 2330 3786 2383 in-

2300 2434 2497 2493 terest,
2528 2434 2584 2480 et
2616 2440 2740 2480 cum
2785 2426 2855 2479 ita
2906 2426 3167 2493 dicimus,
3201 2435 3379 2481 utrum
3421 2427 3561 2496 pauci
3595 2426 3727 2478 adsint
3746 2437 3787 2474 an

2300 2516 2487 2581 multi;
2519 2515 2661 2570 docti
2688 2532 2755 2569 an
2785 2516 3007 2583 indocti,
3038 2533 3104 2572 an
3133 2534 3199 2572 ex
3221 2529 3447 2588 utroque
3469 2532 3641 2588 genere
3660 2514 3785 2575 mixti;

2302 2607 2489 2662 urbani
2513 2622 2582 2662 an
2612 2608 2829 2674 rustici,
2871 2623 2939 2662 an
2972 2608 3026 2662 hi
3053 2618 3107 2663 et
3136 2610 3215 2665 illi
3242 2610 3433 2675 simul;
3473 2626 3532 2662 an
3558 2607 3730 2678 populus
3747 2620 3788 2656 et

2300 2702 2445 2756 omni
2473 2700 2745 2755 hominum
2766 2717 2965 2771 genere
2988 2711 3322 2772 temperatus
3341 2704 3427 2757 sit.
3451 2702 3577 2757 Fieri
3596 2702 3705 2755 enim
3721 2712 3787 2751 non

2302 2804 2498 2864 potest,
2531 2795 2632 2848 nisi
2660 2795 2815 2849 aliter
2849 2805 3009 2864 atque
3042 2796 3205 2851 aliter
3228 2796 3458 2851 afficiant
3479 2796 3722 2849 locuturum
3740 2800 3789 2842 at

2303 2902 2406 2954 quc
2432 2886 2697 2940 dicturum
2715 2927 2729 2950 ,
2761 2894 2816 2941 et
2844 2895 2902 2941 ut
2930 2902 3109 2941 sermo
3136 2888 3238 2957 qui
3282 2887 3554 2958 profertur,
3578 2882 3789 2939 affectionis

2304 2976 2465 3028 animi
2493 2991 2522 3028 a
2549 2992 2654 3044 quo
2680 2974 2969 3044 profertur,
2997 2977 3290 3045 quemdam
3317 2977 3464 3048 quasi
3486 2977 3655 3031 vultum
3674 2979 3788 3043 gerat.

2304 3075 2359 3121 et
2401 3081 2498 3135 pro
2526 3066 2712 3120 eadem
2748 3066 3060 3121 diversitate
3105 3068 3329 3124 diverse
3366 3067 3548 3123 afficiat
3572 3066 3789 3123 auditores,

2304 3172 2425 3213 cum
2469 3164 2525 3211 et
2556 3157 2666 3226 ‘ipsi
2707 3171 2765 3211 se
2813 3157 2959 3225 ipsos
2988 3157 3211 3213 diverse
3236 3158 3466 3213 afficiant
3494 3158 3679 3212 invicem
3701 3164 3789 3220 prt-

2306 3246 2475 3301 sentia
2504 3260 2620 3299 sua.
2650 3244 2754 3300 Sed
2780 3247 2904 3315 quia
2930 3245 3000 3301 de
3026 3247 3261 3301 rudibus
3289 3247 3570 3302 imbuendis
3594 3238 3791 3306 nuncagi-

2306 3352 2455 3403 mus,
2485 3336 2554 3391 de
2597 3351 2684 3391 me
2711 3337 2827 3406 ipso
2856 3337 2949 3390 tibi
2991 3337 3144 3391 testis
3184 3354 3346 3405 sum,
3375 3339 3520 3392 aliter
3545 3343 3670 3403 atque
3687 3330 3791 3383 aliter

2307 3445 2393 3484 me
2419 3427 2643 3494 moveri,
2669 3442 2789 3482 cum
2816 3436 2941 3484 ante
2966 3444 3054 3483 me
3077 3430 3513 3486 catechizandum
3533 3429 3656 3482 video
3670 3419 3794 3477 erodi-

2306 3530 2448 3588 ιυῐην
2479 3521 2735 3587 inertem,
2764 3521 2933 3576 Civem
2955 3564 2970 3589 ,
2999 3526 3345 3593 peregrinum
3367 3566 3381 3589 ,
3412 3524 3627 3583 divitem,
3651 3528 3795 3585 βαυβρ-

2305 3628 2444 3680 rem,
2470 3612 2755 3681 privatum,
2780 3612 3120 3679 honoratum,
3145 3616 3209 3669 in
3233 3624 3488 3687 potestate
3501 3614 3643 3681 aliqua
3658 3601 3794 3661 cutts‘i-

2309 3712 2513 3769 tutum,
2558 3702 2699 3757 illius
2736 3712 2828 3757 aut
2871 3704 3012 3758 illius
3050 3706 3237 3774 gentis
3267 3706 3552 3768 hominem,
3596 3699 3706 3755 illius
3735 3698 3792 3744 aut

2307 3798 2449 3852 illius
2478 3798 2653 3852 aetatis
2677 3806 2770 3851 aut
2794 3812 2953 3853 sexus
2974 3841 2988 3864 ,
3020 3814 3087 3854 ex
3118 3800 3212 3854 illa
3243 3809 3336 3855 aut
3377 3800 3457 3854 illa
3486 3804 3637 3858 secta,
3660 3805 3709 3845 ex
3734 3784 3792 3839 illo

2306 3898 2397 3944 aut
2424 3889 2515 3944 illo
2544 3890 2745 3960 vulgari
2782 3905 2967 3946 errore
2993 3893 3304 3948 venientem
3330 3911 3344 3947 :
3373 3907 3435 3948 ac
3458 3905 3546 3961 pro
3569 3881 3794 3943 diversitate

2308 3989 2483 4034 motus
2516 3979 2620 4034 mei
2659 3995 2837 4034 sermo
2881 3980 2993 4049 ipse
3035 3990 3087 4036 et
3122 3983 3395 4051 procedit,
3437 3991 3487 4035 et
3514 3971 3791 4049 progreditur.

2306 4077 2363 4126 et
2384 4070 2584 4124 finitur.
2607 4070 2673 4123 Et
2692 4070 2813 4140 quia
2840 4085 2960 4125 cum
2991 4073 3179 4127 eadem
3215 4073 3458 4129 omnibus
3481 4070 3697 4125 debeatur
3712 4060 3793 4115 cln-

2306 4160 2467 4226 ritas,
2497 4175 2602 4215 non
2634 4160 2819 4216 eadem
2851 4171 2934 4216 est
2962 4165 3217 4221 omnibus
3251 4163 3535 4220 adhibenda
3573 4152 3791 4214 medicina:

2308 4252 2417 4321 ipsa
2449 4252 2574 4307 item
2599 4253 2831 4307 cliaritas
2850 4255 2984 4309 alios
3003 4259 3257 4325 parturit,
3281 4273 3398 4312 cum
3420 4256 3528 4309 aliis
3550 4248 3791 4306 inﬁrmatur;

2307 4343 2440 4396 alios
2467 4352 2621 4397 curat
2646 4344 2938 4410 aedificare,
2987 4347 3120 4401 alios
3167 4346 3527 4403 contremiscit
3569 4335 3792 4395 offendere;

2307 4434 2373 4489 ad
2400 4436 2532 4490 alios
2574 4451 2633 4491 se
2663 4437 2910 4504 inclinat,
2947 4438 3013 4492 ad
3043 4440 3177 4493 alios
3211 4457 3270 4496 se
3299 4440 3477 4509 erigit;
3506 4436 3609 4491 aliis
3633 4422 3792 4516 blanda.

2306 4526 2425 4579 aliis
2453 4540 2674 4602 severa,
2721 4527 2852 4581 nulli
2896 4528 3106 4584 inimica
3131 4571 3147 4596 ,
3194 4533 3442 4587 omnibus
3482 4532 3646 4581 mater.
3673 4516 3793 4578 Elii!"

2308 4632 2416 4672 non
2458 4627 2712 4690 expertus
2740 4630 2822 4675 est
2856 4622 3043 4676 eadem
3085 4623 3351 4680 charitate
3390 4620 3520 4693 quod
3552 4617 3680 4675 dico,
3713 4614 3794 4659 Cum

2306 4709 2449 4764 videt
2478 4725 2604 4773 nos,
2634 4711 2756 4780 quia
2800 4713 3020 4769 facultas
3041 4714 3221 4784 aliqua
3249 4716 3401 4771 nobis
3423 4714 3601 4768 donata
3634 4699 3795 4757 delectat

2308 4801 2643 4857 laudabiliter
2666 4804 3003 4861 innotescere
3030 4807 3082 4861 in
3114 4823 3210 4864 ore
3234 4803 3590 4863 multitudinis,
3616 4793 3711 4850 inde
3732 4795 3795 4883 nos

2307 4892 2490 4947 beatos
2536 4901 2721 4963 putat:
2756 4896 2896 4951 Deus
2919 4907 3094 4952 autem
3114 4939 3128 4963 ,
3166 4901 3215 4953 in
3246 4899 3395 4967 cujus
3419 4895 3712 4960 conspectum
3743 4888 3795 4969 ιῐξ·

2308 4992 2413 5038 trat
2450 4988 2682 5055 gemitus
2725 4987 3145 5057 compeditorum
3189 4988 3362 5062 (Psal.
3394 4997 3607 5042 Lxxvut,
3643 4972 3796 5062 ll),

2307 5071 2429 5128 deat
2456 5051 2809 5131 humilitatem
2832 5051 3068 5133 nostram
3097 5090 3151 5134 ct
3180 5051 3411 5134 laborem
3437 5080 3664 5129 nostrum,
3686 5064 3725 5112 ei
3744 5051 3796 5104 di“

2307 5164 2481 5220 mittat
2510 5166 2687 5222 omnia
2718 5179 2931 5237 peccata
2959 5180 3139 5225 nostra
3171 5171 3342 5244 (Psal.
3376 5184 3516 5232 xxiv,
3549 5160 3641 5229 18)-
3664 5153 3795 5244 Qua"?

2306 5254 2495 5311 obrem
2545 5257 2590 5311 si
2642 5257 2767 5328 quid
2813 5260 2903 5314 tibi
2957 5261 3008 5314 in
3060 5262 3212 5317 nobis
3264 5259 3486 5331 placuit,
3533 5260 3585 5307 ut
3626 5243 3795 5309 διίιιυοτη

2306 5345 2734 5404 observationem
2764 5351 3029 5406 sermonis
3058 5352 3132 5407 tui
3158 5367 3188 5405 a
3214 5352 3366 5407 nobis
3385 5346 3557 5402 audire
3574 5334 3795 5409 queretes.

2305 5437 2496 5492 melius
2525 5438 2755 5495 videndo
2796 5449 2851 5496 et
2893 5441 3158 5499 audiendo
3199 5457 3295 5498 nos
3336 5454 3453 5496 cum
3491 5436 3592 5488 haec
3612 5423 3794 5494 aﬁimus'

2305 5534 2463 5601 quam
2489 5531 2711 5602 legendo
2744 5548 2866 5589 cum
2893 5535 3007 5591 haec
3035 5536 3317 5600 dictamus,
3351 5532 3614 5589 edisceres-

2374 5645 2603 5702 CAPUT
2644 5647 2784 5703 XVI.
2806 5650 2983 5705 -24.
3020 5650 3266 5706 Formula
3312 5643 3540 5703 orationis
3564 5624 3794 5691 calathum.

2305 5736 2591 5792 Exordium
2643 5740 2851 5793 ductum
2899 5758 2931 5795 a
2976 5742 3222 5798 laudabili
3268 5736 3515 5812 proposito
3540 5708 3800 5812 “recipientis

2307 5829 2596 5883 christiana:
2620 5831 2897 5900 religionis,
2926 5844 3134 5904 propter
3152 5809 3378 5905 futuram
3398 5823 3613 5897 requiem.
3640 5809 3799 5905 Βοιαιξξ

2305 5921 2360 5982 in
2387 5920 2532 5978 rebus
2557 5922 2789 5997 inquietis
2814 5940 2916 5981 non
2927 5901 3232 6001 quaram—ta.
3263 5921 3382 5980 Non
3408 5920 3458 5975 in
3475 5909 3658 5978 divitiis:
3681 5909 3749 5955 πεί
3762 5901 3798 5945 ⁸³
