3896 6382
190 270 274 329 529
1572 258 1741 313 UBE!

1860 258 2010 315 NUS.

192 380 443 437 honoribus.
469 374 711 445 Requiem
753 380 1040 441 querentes
1074 370 1123 424 in
1151 368 1514 424 oblectamentis
1563 368 1732 424 carnis

193 486 230 530 et
249 492 290 527 ut
311 468 614 541 spectaculis.
644 465 753 520 Sed
776 474 962 518 tamen
991 462 1240 516 faciamus
1261 461 1488 530 aliquem
1522 462 1734 515 venisse

192 566 242 620 ad
266 578 365 627 nos,
396 559 606 631 quivult
640 570 762 613 esse
792 556 1136 620 christianos,
1180 561 1234 608 et
1268 552 1335 607 de
1377 566 1577 622 genere
1618 551 1736 620 qui-

192 658 291 712 dem
318 633 613 717 idiotarum,
647 664 755 704 non
786 658 965 703 tamen
992 647 1398 708 rusticanorum,
1441 642 1535 698 sed
1577 642 1736 696 urba-

188 763 370 811 norum,
397 744 575 815 quales
619 740 761 811 apud
793 738 1168 808 Carthaginem
1212 736 1388 806 plures
1426 734 1656 804 experiri
1682 743 1732 788 te

184 856 377 899 necesse
402 849 507 894 est:
535 838 921 904 interrogatum
949 832 1107 886 etiam
1147 834 1320 884 utrum
1359 835 1574 898 propter
1611 825 1735 879 vita:

186 930 429 1005 praesentis
456 926 669 998 aliquod
700 922 1063 986 commodum,
1116 934 1180 974 an
1231 924 1449 989 propter
1495 916 1733 986 requiem

185 1040 286 1094 qua:
306 1030 411 1092 post
439 1020 578 1073 hanc
603 1018 769 1071 vitam
814 1024 1078 1084 speratur,
1111 1010 1435 1066 christianos
1474 1022 1594 1063 esse
1637 1006 1735 1061 de-

186 1117 378 1179 siderat,
424 1115 640 1183 propter
674 1110 905 1162 futuram
952 1104 1188 1172 reqt'tiem
1234 1099 1614 1170 r‘eSpondisse:
1645 1096 1734 1151 tali

184 1208 378 1263 fortasse
412 1216 441 1259 a
485 1202 641 1257 nobis
668 1194 1033 1254 instrueretur
1062 1193 1314 1264 alloquio.
1356 1192 1468 1246 Deo
1510 1188 1729 1261 gratias,

182 1298 322 1354 frater
350 1315 362 1350 :
392 1290 542 1349 valde
572 1292 665 1346 tibi
694 1288 950 1360 gratulor,
976 1296 1032 1371 et
1052 1284 1257 1357 gaudeo
1290 1282 1356 1338 de
1388 1292 1457 1347 te,
1504 1279 1646 1351 quod
1679 1279 1731 1331 in

184 1390 319 1443 tantis
341 1402 397 1441 ac
424 1382 527 1439 tam
559 1380 881 1454 perieulosis
903 1376 1061 1447 hujus
1099 1375 1281 1431 saeculi
1323 1371 1733 1443 tempestatibus

182 1481 235 1534 de
263 1480 419 1548 aliqua
447 1491 569 1530 vera
601 1484 657 1529 et
677 1481 821 1527 certa
849 1468 1137 1525 securitate
1166 1465 1428 1537 cogitasti.
1454 1463 1585 1517 Nam
1604 1471 1657 1516 et
1681 1461 1733 1514 in

184 1571 267 1626 hac
283 1572 379 1624 vita
407 1568 646 1622 homines
674 1564 881 1634 magnis
907 1561 1181 1616 laboribus
1210 1558 1451 1627 requiem
1488 1562 1734 1626 quierunt

184 1671 227 1717 et
250 1661 591 1722 securitatem,
635 1655 732 1711 sed
770 1652 945 1724 pravis
998 1649 1378 1721 cupiditatibus
1424 1661 1530 1701 non
1580 1645 1732 1698 inve-

184 1753 331 1807 niunt.
354 1751 544 1805 Volunt
567 1748 711 1803 enim
746 1744 1082 1815 requiescere
1124 1742 1177 1795 in
1203 1740 1363 1795 rebus
1402 1735 1655 1807 inquietis
1683 1742 1737 1788 et

187 1858 275 1897 non
316 1838 734 1913 pcrmanentibus
764 1840 779 1890 ξ
810 1845 865 1889 et
915 1833 1036 1902 quia
1087 1832 1192 1885 illa:
1240 1839 1480 1899 tempore
1523 1825 1737 1883 subtra-

189 1935 365 1989 huntur
383 1943 433 1988 et
454 1937 744 1996 transeunt,
768 1925 1051 1982 timoribus
1078 1931 1132 1979 et
1163 1922 1437 1977 doloribus
1484 1933 1579 1975 eos
1621 1915 1741 2001 agi-7

193 2033 318 2088 tant,
350 2039 445 2079 nec
467 2024 663 2092 quietos
687 2032 808 2076 esse
850 2015 1182 2087 permittunt.
1212 2012 1341 2068 Sive
1383 2008 1526 2065 enim
1558 2009 1610 2062 itt
1652 2007 1737 2061 di-

202 2116 332 2169 vitiis
398 2114 519 2168 velit
571 2112 721 2165 homo
782 2108 1158 2178 requiescere,
1234 2101 1402 2172 magis
1476 2097 1738 2169 superbus

198 2205 422 2270 efficitur,
453 2219 604 2273 quam
629 2214 863 2256 securus.
893 2200 1086 2253 Annon
1112 2195 1355 2249 videmus
1381 2206 1538 2262 quam
1585 2188 1737 2244 multi

193 2307 277 2350 cas
322 2295 488 2348 subito
536 2291 880 2363 perdiderint,
949 2287 1097 2342 multi
1145 2285 1306 2341 etiam
1360 2290 1578 2354 prapter
1620 2279 1739 2334 illas

195 2387 444 2459 perierint,
475 2394 566 2440 aut
586 2399 709 2439 cum
740 2397 834 2437 eas
864 2381 1061 2435 habere
1103 2378 1345 2449 cupiunt,
1393 2384 1483 2429 aut
1512 2387 1631 2427 cum
1662 2371 1740 2425 eis

189 2478 430 2551 oppressis
453 2493 482 2531 a
509 2475 873 2547 cupidioribus
909 2473 1219 2527 auferuntur
1241 2468 1294 2523 ίῖ
1322 2466 1453 2536 Qua:
1490 2465 1534 2519 si
1577 2462 1738 2518 etiam

192 2587 273 2641 per
293 2579 443 2625 totam
472 2569 633 2622 vitam
664 2581 787 2621 cum
836 2564 1047 2619 homine
1086 2566 1485 2632 permanerent,
1532 2563 1587 2609 et
1631 2570 1736 2607 non

192 2666 473 2719 desererent
496 2660 808 2716 dilectorem
830 2671 1004 2723 suum,
1035 2655 1148 2725 ipse
1171 2652 1290 2707 illas
1318 2664 1412 2705 sua
1456 2656 1628 2702 morte
1655 2644 1744 2700 de-

192 2766 387 2811 sereret.
417 2756 621 2822 Quanta
645 2760 729 2807 est
752 2748 895 2804 enim
926 2747 1030 2801 vita
1057 2745 1309 2810 hominis,
1338 2739 1548 2797 etiamsi
1578 2752 1742 2817 senes

186 2848 319 2901 seat?
346 2848 444 2901 Aut
470 2860 589 2899 cum
621 2842 723 2899 sibi
750 2840 995 2895 homines
1021 2844 1207 2907 optant
1235 2839 1584 2895 senectutem,
1614 2827 1741 2900 quid

191 2937 317 2991 aliud
335 2947 500 3006 optant
529 2935 630 2990 nisi
680 2934 893 3002 longam
933 2926 1333 2983 infirmitatem?
1357 2924 1443 2980 Sic
1482 2930 1537 2977 et
1567 2920 1742 2974 Itono-

190 3044 270 3083 res
291 3029 433 3099 hnjus
453 3028 652 3091 seculi,
678 3024 807 3095 quid
833 3030 959 3077 sunt
987 3020 1088 3075 nisi
1118 3018 1334 3090 typhus,
1361 3023 1414 3070 et
1445 3012 1672 3068 inanitas
1691 3011 1738 3078 ¹,

186 3128 238 3174 et
258 3120 401 3174 ruina:
426 3115 757 3191 periculum?
780 3115 914 3181 Quia
943 3113 1022 3167 sic
1057 3110 1333 3180 Scriptura
1358 3113 1540 3160 sancta
1565 3102 1694 3158 dicit
1727 3119 1742 3158 :

184 3215 344 3270 Omnis
360 3232 476 3269 caro
503 3216 696 3285 fenum,
729 3219 777 3264 et
805 3207 1013 3263 claritas
1043 3203 1260 3258 hominis
1283 3208 1338 3254 ut
1366 3198 1461 3270 ﬂos
1492 3197 1615 3270 feni.
1641 3194 1745 3249 Fe—

180 3312 284 3359 tiurn
312 3310 465 3373 aruit,
513 3308 609 3375 ﬂos
635 3301 857 3366 decidit;
890 3296 1092 3353 verbum
1133 3302 1298 3348 autem
1327 3290 1530 3345 Domini
1577 3293 1745 3341 manet

174 3400 220 3452 in
242 3410 478 3454 a'teruum
508 3396 640 3469 (lsai
662 3410 748 3457 ιι..
781 3390 930 3463 6-8).
962 3388 1086 3443 idco
1110 3386 1200 3456 qui
1224 3398 1404 3438 veram
1430 3379 1669 3449 requiem
1689 3383 1745 3430 et

175 3508 345 3546 veram
369 3490 675 3547 felicitatem
704 3484 996 3549 desiderat,
1020 3480 1180 3535 debet
1212 3476 1398 3531 tollere
1423 3487 1573 3543 spem
1590 3483 1743 3525 suam

174 3582 238 3637 de
267 3583 412 3637 rebus
435 3580 751 3639 mortalibus
776 3586 831 3632 et
875 3568 1343 3645 prmtereuntibus,
1374 3574 1429 3620 et
1466 3579 1585 3620 eam
1632 3559 1746 3615 col-

172 3673 343 3728 locare
371 3675 421 3728 in
448 3674 615 3727 verbo
642 3666 886 3730 Domini;
914 3672 975 3719 ut
994 3663 1208 3717 haerens
1233 3662 1281 3713 ei
1308 3655 1451 3728 quod
1479 3661 1654 3709 manet
1686 3650 1742 3705 in

164 3774 435 3832 :eteruom,
464 3767 628 3821 etiam
657 3763 774 3831 ipse
798 3772 921 3813 cum
949 3756 1039 3810 illo
1066 3759 1278 3807 maneat
1308 3749 1360 3803 in
1386 3755 1667 3802 mtcrnum.

229 3858 314 3912 ‘25.
346 3858 485 3912 Sunt
510 3857 677 3913 etiam
715 3850 957 3905 homines
985 3843 1224 3916 qui-nec
1264 3839 1461 3894 divites
1499 3841 1747 3907 qurerunt

165 3965 288 4015 esse,
320 3967 416 4007 nec
442 3951 512 4005 ad
542 3960 716 4002 vanas
756 3945 1023 3998 honorum
1070 3948 1294 4007 pompas
1336 3930 1577 4015 ambiunt
1622 3943 1747 3999 per.

167 4045 369 4097 venire:
398 4043 498 4098 sed
541 4038 782 4111 gaudere
812 4042 865 4089 et
907 4030 1247 4101 requiescere
1295 4014 1480 4079 volunt
1518 4022 1569 4076 in
1596 4019 1749 4090 popi-

174 4133 250 4187 nis
283 4134 407 4189 etin
443 4125 919 4188 fornicationibus,
949 4122 1069 4176 etin
1095 4116 1316 4173 theatris
1344 4122 1505 4183 atque
1533 4119 1747 4182 specta-

161 4226 280 4279 culis
318 4221 655 4296 nugacitatis
697 4233 817 4289 qua:
869 4216 921 4269 in
978 4210 1186 4280 magnis
1233 4204 1537 4263 civitatibus
1582 4199 1748 4272 gratis

162 4317 358 4371 habent.
426 4314 542 4371 Sed
602 4311 678 4366 sic
739 4308 899 4363 etiam
961 4303 1061 4373 ipsi
1137 4309 1228 4353 aut
1280 4301 1600 4352 consumunt
1654 4307 1749 4361 per

160 4411 402 4465 luxuriam
435 4411 825 4478 paupertatem
855 4413 1029 4462 suam,
1053 4403 1107 4449 et
1132 4393 1199 4448 ab
1224 4398 1459 4461 egestate
1485 4395 1671 4478 postea
1691 4385 1746 4478 in

160 4498 282 4556 furta
309 4512 359 4557 et
387 4475 743 4560 eliracturas,
772 4501 825 4546 et
850 4485 1135 4560 aliquando
1171 4484 1331 4537 etiam
1383 4480 1435 4534 in
1473 4475 1749 4532 latrocinia

160 4594 449 4661 prosiliunt,
476 4600 536 4647 et
564 4587 747 4644 subito
776 4581 957 4638 multis
979 4588 1033 4635 et
1072 4575 1279 4646 magnis
1319 4570 1599 4626 timoribus
1646 4567 1749 4661 im-

163 4658 385 4754 plentur;
418 4694 476 4740 et
506 4682 608 4754 qui
640 4681 691 4733 in
720 4676 912 4749 p0pina
943 4670 1099 4742 paulo
1126 4676 1250 4723 ante
1288 4662 1596 4727 cantabant,
1640 4658 1751 4730 jam

164 4779 385 4844 planctus
407 4773 658 4832 carceris
684 4768 973 4823 somniant.
1003 4760 1205 4818 Studiis
1244 4766 1424 4812 autem
1468 4763 1748 4844 spectacu-

163 4843 316 4923 lorum
342 4871 482 4922 fiunt
512 4860 860 4920 daemonibus
904 4853 1126 4918 similes,
1160 4847 1485 4905 clamoribus
1511 4843 1622 4897 suis
1666 4843 1752 4895 in-

165 4960 357 5014 citando
379 4957 647 5013 homines
673 4960 731 5005 ut
757 4964 816 5004 se
836 4947 1065 5002 invicem
1086 4942 1318 5007 caedant,
1344 4950 1638 5005 secumque
1662 4934 1755 4988 Ita-

166 5049 308 5105 beant
331 5047 687 5105 contentiosa
716 5039 1007 5098 certamina
1053 5034 1143 5105 qui
1189 5049 1249 5088 se
1306 5044 1416 5085 non
1474 5030 1750 5093 laeserunt,

165 5142 274 5196 dum
302 5144 521 5211 placere
546 5139 745 5192 insano
767 5130 961 5202 populo
986 5126 1207 5195 cupiunt
1235 5141 1248 5177 :
1281 5136 1415 5192 quos
1434 5120 1477 5173 si
1513 5116 1754 5172 animad-

163 5235 404 5287 verterint
453 5244 591 5285 esse
644 5222 962 5284 concordes,
996 5228 1123 5273 tunc
1148 5230 1244 5272 eos
1286 5213 1515 5268 oderunt
1555 5220 1608 5266 et
1639 5226 1759 5279 per-

170 5338 465 5395 sequuntur,
500 5331 563 5377 et
593 5328 849 5389 tanquam
875 5311 1172 5367 collusores
1203 5314 1263 5361 ut
1296 5303 1522 5359 fustibus
1565 5301 1759 5356 verbe-

230 5543 244 5574 ¹
279 5543 506 5604 Plerique
532 5544 677 5591 Mss,
715 5535 797 5580 aut
819 5534 870 5579 ut
901 5527 967 5579 eis
990 5522 1229 5592 oppressis
1266 5537 1297 5573 a
1321 5516 1649 5586 cupidioribus
1674 5532 1761 5568 au-

180 5605 611 5728 kqgﬁimmne
637 5662 745 5728 Mss.
782 5660 837 5702 At
860 5652 973 5728 editi
995 5653 1218 5700 omittunt
1235 5683 1250 5708 ,
1282 5654 1327 5697 et
1352 5644 1557 5696 inanitas
1587 5657 1603 5693 :
1627 5644 1764 5719 cujus

181 5729 275 5779 inoo
286 5714 514 5777 foouttulii
664 5754 679 5775 ,
704 5722 745 5765 et
766 5714 962 5764 vanitas.

450 5808 698 5867 Sacr.
734 5800 1002 5857 Accusr.
1050 5796 1148 5854 Vl.

3323 263 3430 322 350

1845 383 2029 425 rentur
2056 370 2373 435 exolutuaul,
2406 381 2460 428 et
2489 371 2625 427 hanc
2669 372 2999 443 iniquitatem
3035 375 3209 431 facere
3251 378 3415 434 etiam

1845 462 2106 517 vindicem
2137 462 2473 532 iniquitatum
2494 463 2729 533 judicem
2756 475 2982 536 cogunt;
3014 466 3059 521 si
3089 476 3267 523 autem
3290 468 3422 524 hor-

1842 553 2037 609 rendas
2081 555 2337 609 adversus
2405 554 2631 610 invicem
2686 554 2988 614 inimicitias
3026 572 3121 615 eos
3162 575 3422 618 exercere

1843 647 2205 715 Cognoverint,
2234 647 2347 702 sive
2390 648 2542 702 SillL’It
2572 647 2661 718 qui
2700 650 3035 719 appellantur
3057 654 3096 718 ¹,
3128 652 3241 709 sive
3296 664 3421 710 Sce-

1843 738 1948 792 nici
1976 748 2026 793 ct
2059 739 2351 811 thymelici,
2383 739 2494 794 sive
2520 742 2737 811 aurigas,
2788 742 2899 797 sive
2936 751 3240 810 venatores,
3288 760 3422 815 quos

1842 830 2067 885 miseros
2080 846 2185 884 non
2209 831 2379 885 solum
2398 830 2643 886 homines
2659 846 2777 887 cum
2800 831 3123 897 hominibus,
3147 834 3239 889 sed
3261 836 3421 891 etiam

1842 918 2087 974 homines
2110 935 2230 975 cum
2262 920 2447 976 bestiis
2483 921 2535 976 in
2576 930 2846 977 certamen
2896 935 3229 993 pugnamque
3275 938 3426 979 com-

1842 1010 2087 1076 mittunt;
2115 1024 2218 1080 quo
2244 1009 2445 1078 majore
2474 1010 2729 1066 adversus
2772 1011 2996 1066 invicem
3039 1011 3304 1067 discordia
3342 1013 3426 1068 fu-

1842 1117 1962 1156 rere
1988 1102 2271 1167 scnscrint,
2301 1115 2367 1156 eo
2399 1101 2566 1173 magis
2586 1112 2767 1157 amant
2791 1114 2843 1159 et
2874 1103 3227 1169 delectantur,
3253 1115 3307 1159 et
3337 1107 3419 1161 in-

1839 1193 2015 1249 citatis
2044 1195 2063 1226 ’
2093 1194 2290 1259 favent,
2320 1205 2373 1249 et
2400 1196 2636 1250 faventes
2667 1194 2907 1261 incitant,
2941 1196 3059 1265 plus
3087 1195 3343 1250 adVersns
3364 1212 3425 1252 se

1840 1287 1984 1358 ipsos
2018 1288 2342 1342 insanientes
2372 1288 2470 1358 ipsi
2508 1296 2838 1356 spectatores
2892 1288 3031 1342 alter
3078 1303 3175 1358 pro
3228 1288 3421 1354 altero,

1840 1394 1997 1449 quam
2022 1380 2095 1433 illi
2126 1394 2348 1449 quorum
2376 1379 2634 1433 insaniam
2663 1379 2836 1434 insani
2865 1389 3173 1449 provocant,
3201 1380 3294 1435 sed
3335 1380 3429 1434 iu-

1840 1468 2097 1525 saniendo
2142 1470 2163 1501 ³
2192 1478 2434 1540 spectare
2460 1469 2786 1524 desiderant.
2819 1469 3097 1537 Quomodo
3121 1486 3247 1541 ergo
3275 1472 3427 1527 sani-

1842 1570 2001 1617 tatem
2026 1562 2171 1633 pacis
2200 1571 2382 1617 tenere
2429 1561 2639 1615 animus
2669 1569 2868 1631 poteSt,
2909 1561 2999 1631 qui
3045 1561 3329 1616 discordiis
3372 1570 3429 1617 et

1840 1654 2224 1708 certaminibus
2266 1651 2536 1724 pascitur?
2565 1652 2747 1720 Qualis
2790 1653 2934 1707 enim
2978 1651 3129 1708 cibus
3173 1653 3423 1717 sumitur,

1842 1744 1963 1799 talis
2002 1744 2252 1799 valetudo
2293 1744 2659 1813 consequitur.
2710 1743 3014 1816 Postremo_
3051 1744 3294 1814 quamvis
3342 1745 3428 1800 itt-

1841 1848 1970 1889 sana
2010 1836 2199 1906 gaudia
2244 1850 2354 1890 non
2388 1836 2493 1891 sint
2518 1835 2733 1906 gaudia,
2803 1844 2983 1891 tamen
3020 1837 3427 1909 qualiacumque

1842 1929 1967 1993 sint,
1992 1939 2046 1984 et
2071 1929 2458 1999 quantumlibet
2493 1928 2723 1984 delectet
2751 1927 2773 1959 ³
2793 1927 3048 1998 jactantia
3096 1929 3426 1995 divitiarum,

1842 2031 1897 2073 et
1926 2025 2105 2073 tumor
2130 2019 2412 2083 honorum,
2441 2032 2639 2089 vorago
2686 2018 3022 2088 popinarum,
3052 2027 3107 2075 et
3128 2018 3262 2074 bella
3287 2020 3430 2074 thea-

1845 2117 2047 2164 trorum
2079 2109 2119 2175 ⁸,
2171 2118 2226 2165 et
2251 2109 2585 2163 immunditia
2627 2108 3073 2175 fornicationum,
3115 2119 3168 2164 ct
3215 2111 3431 2180 prurigo

1846 2202 2202 2269 thermarum;
2252 2202 2424 2257 aufert
2478 2201 2657 2256 omnia
2725 2201 2823 2256 ista
2890 2217 2992 2255 una
3050 2200 3327 2269 febricula,
3377 2213 3433 2257 et

1844 2295 2018 2351 adhuc
2042 2295 2343 2351 viventibus
2371 2303 2533 2349 totam
2566 2294 2751 2349 falsam
2795 2294 3175 2349 beatitudinem
3217 2294 3432 2349 subtra-

1846 2387 1924 2442 hit
1948 2405 1961 2441 :
1993 2396 2230 2443 remanet
2252 2387 2424 2442 inanis
2449 2395 2503 2442 et
2530 2387 2709 2441 saucia
2735 2387 3084 2450 conscientia,
3111 2388 3274 2441 Deum
3300 2401 3431 2442 seu-

1845 2494 1968 2535 sura
1985 2480 2245 2551 judicem,
2288 2495 2445 2551 quem
2486 2479 2654 2534 noluit
2700 2478 2896 2534 habere
2935 2478 3248 2544 custodem;
3274 2488 3328 2533 et
3353 2478 3434 2532 in.

1846 2582 2067 2630 ventura
2113 2588 2361 2644 aSperum
2406 2572 2710 2637 Dominum,
2755 2587 2911 2642 quem
2962 2571 3171 2626 dulcem
3219 2580 3432 2644 patrem

1846 2678 2089 2739 quaerere
2126 2673 2180 2722 et
2204 2681 2385 2720 amare
2410 2665 2749 2735 contempsit.
2782 2664 2858 2717 Tu
2889 2673 3067 2719 autem
3097 2664 3220 2734 quia
3248 2678 3432 2718 veram

1848 2762 2084 2832 requiem
2112 2772 2230 2831 qua:
2259 2768 2379 2830 post
2420 2760 2555 2813 hanc
2594 2759 2754 2813 vitam
2795 2756 3115 2813 Christianis
3157 2755 3429 2828 promitti-

1849 2860 1934 2906 tur
1972 2848 2189 2922 quarris,
2218 2851 2379 2905 etiam
2413 2847 2499 2904 hic
2541 2863 2660 2904 eam
2710 2848 2851 2904 inter
2900 2847 3269 2902 amarissitnas
3312 2849 3436 2902 vit-t2

1848 2940 2007 3012 hujus
2029 2940 2302 2995 molestias
2322 2955 2540 2994 suavem
2559 2937 2954 3009 jocundamqne
2973 2938 3229 3009 gustabis,
3254 2939 3297 2992 si
3318 2938 3436 3007 ejus

1848 3033 1937 3103 qui
1968 3047 2085 3087 eam
2118 3031 2364 3100 promisit
2396 3038 2661 3101 prmcepta
2685 3029 2959 3084 dilexeris.
2982 3029 3103 3083 Cito
3131 3029 3275 3084 enim
3303 3042 3432 3083 sen-

1849 3123 1949 3178 ties
1968 3122 2231 3177 dulciores
2260 3136 2379 3175 esse
2401 3120 2620 3191 justitia:
2651 3118 2854 3175 fructus
2907 3135 3065 3190 quam
3108 3119 3421 3190 iniquitatis,

1849 3222 1903 3269 et
1922 3213 2099 3268 verius
2126 3221 2287 3282 atque
2322 3211 2609 3282 jucundius
2639 3211 2873 3282 gaudere
2900 3210 3175 3266 hominem
3198 3211 3265 3266 de
3289 3212 3427 3266 bona

1848 3304 2174 3361 conscientia
2206 3304 2344 3358 inter
2380 3300 2671 3368 molestias,
2706 3317 2865 3372 quam
2887 3302 2953 3357 de
2983 3302 3120 3356 mala
3157 3302 3297 3360 iuta:
3341 3304 3436 3359 de-

1848 3398 2026 3464 licias;
2056 3396 2178 3467 quia
2210 3411 2315 3451 non
2337 3396 2415 3451 sic
2440 3394 2634 3449 venisti
2661 3394 2911 3465 cunjungi
2934 3393 3193 3449 Ecclesia:
3223 3394 3343 3461 Dei,
3375 3403 3435 3449 ut

1849 3506 1911 3545 ex
1943 3505 2006 3545 ea
2030 3489 2381 3558 temporalem
2412 3487 2645 3557 aliquam
2675 3486 2958 3540 utilitatem
2988 3485 3252 3554 requiras.

1919 3578 2142 3636 CAPUT
2160 3578 2485 3633 XVll.--9..6.
2507 3576 3012 3649 Reprehenditurjqui
3034 3577 3148 3631 velit
3168 3575 3433 3631 esseCltri-

1849 3673 2043 3727 stiauus
2072 3681 2280 3743 propter
2307 3671 2624 3724 commodum
2654 3666 2948 3738 temporale.
2980 3666 3298 3721 Christianus
3321 3682 3435 3722 vero

1850 3774 1941 3828 est,
1965 3764 2050 3834 qui
2071 3763 2363 3834 religionem
2388 3758 2654 3831 profitetur
2698 3768 2901 3831 propter
2925 3762 3149 3831 futuram
3191 3760 3434 3829 requiem.

1850 3855 2056 3911 Transit
2101 3857 2169 3909 ad
2221 3855 2560 3909 narrationem
2606 3866 2779 3907 eorum
2820 3865 2935 3924 eum
2999 3854 3250 3908 credenda
3295 3864 3433 3908 sunt.

1854 3945 2019 4002 Filius
2043 3945 2135 3999 Dei
2159 3962 2249 3999 cur
2278 3945 2427 3999 homo
2456 3948 2641 4016 factus.
2685 3943 2821 3998 Sunt
2846 3943 2987 3998 enim
3018 3944 3106 4013 qui
3153 3951 3438 4013 propterea

1852 4040 2036 4095 volunt
2058 4053 2180 4094 esse
2207 4036 2507 4102 christiani,
2537 4046 2597 4091 ut
2624 4044 2716 4090 aut
2737 4047 3144 4106 promereantur
3189 4035 3438 4091 homines

1852 4131 2091 4201 aquibus
2130 4127 2441 4198 temporalia
2478 4126 2759 4182 commoda
2802 4133 3134 4196 exspectant,
3188 4137 3279 4181 aut
3315 4129 3438 4198 quia

1854 4221 2123 4279 offendere
2142 4206 2330 4274 nolunt
2362 4233 2495 4289 quos
2526 4219 2737 4273 timent.
2770 4216 2878 4272 Sed
2911 4217 2995 4271 isti
3023 4216 3234 4286 reprobi
3262 4227 3386 4271 sunt
3418 4236 3433 4270 :

1855 4325 1908 4370 et
1937 4315 1981 4369 si
2008 4313 2074 4368 ad
2099 4320 2308 4382 tempus
2337 4324 2432 4365 eos
2454 4317 2627 4378 portat
2649 4308 2907 4373 Ecclesia,
2944 4307 3083 4361 sicut
3108 4321 3231 4360 area
3262 4323 3441 4377 usque

1848 4386 1921 4461 .ad
1952 4416 2159 4474 tempus
2184 4401 2545 4458 ventilationis
2579 4400 2784 4471 paleam
2827 4399 3072 4462 sustinet;
3129 4398 3173 4453 si
3221 4413 3325 4453 non
3378 4415 3438 4454 se

1857 4496 2207 4562 correxerint,
2272 4504 2326 4549 et
2380 4503 2597 4564 propter
2642 4491 2872 4546 futuram
2916 4490 3299 4559 sempiternam
3360 4508 3441 4551 re-

1857 4588 2035 4660 quiem
2063 4584 2335 4642 christiani
2368 4598 2485 4639 esse
2504 4581 2786 4651 cmperint,
2820 4580 2873 4635 in
2898 4582 3003 4635 fine
3025 4582 3435 4651 separabuntur.

1858 4682 1966 4738 Nec
1997 4681 2093 4757 sibi
2122 4679 2465 4734 blandiantur
2486 4676 2625 4747 quod
2655 4676 2706 4729 in
2745 4688 2865 4729 area
2893 4683 3119 4743 possunt
3154 4689 3274 4730 esse
3314 4690 3436 4731 cum

1860 4779 2127 4833 frumento
2152 4772 2241 4828 Dei
2273 4790 2286 4823 :
2316 4772 2437 4841 quia
2466 4771 2517 4825 in
2543 4770 2739 4824 horreo
2760 4785 2878 4822 cum
2904 4767 2994 4821 illo
3012 4782 3116 4821 non
3147 4775 3321 4831 erunt,
3342 4768 3436 4822 sed

1862 4869 1968 4940 igni
1996 4866 2176 4923 debito
2204 4864 2538 4919 destinantur
2558 4862 2579 4893 ⁸
2610 4860 2821 4935 (Matth.
2847 4875 2924 4926 ιιι,
2960 4858 3069 4932 12).
3110 4859 3245 4915 Sunt
3279 4861 3440 4915 etiam

1926 5024 1943 5055 ί
1979 5027 2111 5076 Lov.,
2134 5015 2228 5068 sint
2249 5013 2443 5077 athleta:
2463 5013 2546 5077 qui
2574 5012 2893 5077 appellantur.
2921 5019 2975 5063 At
2997 5010 3220 5076 plerique
3262 5026 3319 5064 ac
3340 5029 3453 5066 me.

1863 5083 1996 5135 lioris
2017 5068 2144 5130 not'ze
2179 5087 2304 5137 Mss,
2347 5068 2499 5139 simtu",
2520 5068 2617 5138 qua"
2639 5068 2967 5139 appelluntur.
2995 5068 3091 5139 Vo;
3119 5068 3225 5124 erat
3249 5077 3449 5139 forsitan

1863 5144 1988 5218 apud
2014 5142 2146 5191 Afros
2171 5135 2297 5189 tunc
2320 5135 2548 5218 vullgarjs'.
2579 5144 2625 5185 In
2662 5135 2956 5218 (ioereiensiI
2982 5135 3151 5218 codice
3187 5138 3446 5218 scriliitur,

1864 5197 2052 5258 sinthw.
2082 5210 2131 5251 In
2164 5210 2268 5250 MSS.
2292 5197 2578 5263 quihusdam
2602 5199 2796 5263 et‘apud
2821 5208 2917 5263 sm.
2945 5197 3126 5260 legitur
3142 5231 3158 5258 ,
3204 5197 3299 5248 sint
3320 5197 3451 5263 atqui

1864 5257 2185 5334 appcllantur.
2213 5257 2344 5334 Apud
2362 5267 2458 5334 En,
2473 5257 2565 5334 sint
2585 5259 2665 5323 qui
2673 5257 3009 5334 appellantur;

1930 5320 1950 5362 ί
1985 5338 2067 5377 Am
2109 5330 2182 5373 Er.
2212 5320 2263 5374 ei
2284 5322 2466 5385 aliquot
2488 5320 2612 5383 Mss,
2640 5328 2686 5373 et
2722 5320 2931 5372 incitati.
2959 5320 3045 5370 Alii
3063 5320 3231 5383 plures
3250 5326 3377 5380 Mss,
3401 5325 3448 5370 et

1867 5392 2132 5443 incitmttes.

1934 5455 1954 5485 ³
1987 5454 2059 5502 sic
2089 5457 2194 5498 Mss.
2235 5455 2289 5497 At
2313 5446 2448 5508 editi,
2473 5453 2752 5508 prat'ocant,
2780 5450 2825 5495 et
2858 5442 3156 5508 ἰηςαηίεῃᾴο.

1934 5516 1955 5547 δ
1988 5521 2063 5562 Er.
2094 5519 2142 5560 et
2166 5518 2295 5567 Lov.,
2321 5503 2568 5557 delectent.
2596 5503 2766 5558 stam.
2787 5514 2838 5556 et
2858 5503 3229 5567 Mss.,dclcctet.

1932 5579 1953 5610 ⁸
1986 5577 2059 5625 sic
2084 5586 2179 5621 sm.
2203 5566 2288 5619 Er.
2304 5578 2355 5620 et
2370 5570 2591 5632 plerique
2608 5577 2716 5619 Mss.
2742 5576 2795 5617 Αι
2816 5575 2947 5625 Lov.,
2968 5566 3310 5632 tlteatracorum

1935 5639 1956 5669 ⁸
1989 5645 2121 5693 Lov.,
2146 5626 2526 5683 destinabantur:
2548 5639 2603 5681 At
2638 5641 2737 5680 sm.
2775 5635 2850 5678 Er.
2878 5637 2931 5677 et
2952 5636 3058 5677 MSS.
3101 5626 3283 5677 habent
3330 5638 3447 5689 pras-

1876 5702 2005 5753 senti
2028 5707 2269 5759 tempore,
2293 5693 2606 5744 destinantur.

2878 5772 3144 5850 (Om-:9.)
