3896 6382
448 315 542 370 δδι
855 309 860 313 ·
1297 305 1381 360 tn;
1421 302 1963 359 C.\Tl-‘.Clll7..\NDlS
2003 299 2317 366 nucleus,
2359 300 2416 356 s.
2459 302 2823 358 AUGUSTINI
3616 312 3708 368 δελ

445 433 536 488 alii
561 431 783 486 meliore
811 428 1021 498 quidem
1063 435 1176 494 spe,
1211 422 1307 479 sed
1349 432 1523 476 tamen
1554 436 1656 474 non
1701 419 1906 472 minore
1939 431 2032 485 pe-

445 524 634 588 riculo,
657 522 742 592 qui
763 521 872 590 jam
921 519 1088 573 Deum
1119 517 1331 580 titnettt,
1360 524 1415 568 et
1467 529 1572 567 non
1613 509 1837 565 irrident
1879 506 2029 561 citri-

446 617 678 670 stianum
715 625 930 674 nomen,
978 624 1074 663 nec
1104 607 1356 661 simulato
1396 605 1560 660 corde
1613 604 1815 657 intrant
1845 598 2031 654 Eccle-

446 708 580 761 siam
605 705 717 770 Dei,
744 701 839 758 sed
866 702 918 756 in
942 702 1046 755 ista
1059 699 1163 753 vita
1189 706 1500 768 exspectant
1524 695 1856 759 felicitatem,
1876 702 1932 746 ut
1953 690 2031 746 fc-

447 799 660 854 liciores
676 798 781 850 sint
807 795 1030 849 inrcbus
1057 792 1304 855 terrenis,
1334 806 1489 860 quam
1516 789 1585 842 Illi
1616 789 1702 856 qni
1722 804 1824 842 non
1851 783 2034 840 colunt

447 888 616 942 Deum
649 904 662 940 :
693 886 920 954 ideoque
944 899 1065 938 cum
1093 882 1321 936 viderint
1349 879 1607 950 quosdam
1646 879 1937 932 sceleratos
1978 882 2034 928 ct

445 977 644 1047 impios
672 976 770 1029 ista
795 974 1008 1028 saaculi‘
1042 972 1400 1044 prosperitate
1433 971 1635 1040 pollere
1665 977 1717 1022 et
1743 967 2029 1032 excellere,

452 1086 512 1125 se
542 1078 719 1123 autem
747 1067 829 1122 vel
852 1068 1028 1120 minus
1056 1066 1250 1120 habere
1279 1064 1378 1119 ista
1409 1065 1491 1118 vel
1517 1064 1784 1123 atttittcre,
1818 1069 2031 1130 pertur-

448 1161 642 1214 bantur
672 1167 920 1228 tanquam
944 1158 1058 1211 sine
1084 1172 1242 1210 causa
1269 1156 1433 1210 Deutn
1481 1154 1659 1209 colant
1685 1195 1700 1218 ,
1728 1161 1782 1207 et
1819 1152 1970 1205 facile
2003 1165 2031 1204 a

449 1253 556 1308 ﬁde
576 1252 844 1307 deﬁciunt.

517 1345 608 1400 27.
641 1345 739 1412 Qui
761 1353 937 1398 autem
965 1350 1183 1412 propter
1217 1339 1601 1395 beatitudinem
1648 1335 2028 1406 sempiternam

446 1446 498 1492 et
525 1445 833 1508 perpetuam
864 1435 1124 1504 requiem,
1169 1449 1286 1502 qua:
1313 1441 1433 1502 post
1461 1431 1598 1484 hanc
1638 1431 1802 1484 vitam
1831 1429 2031 1482 sanctis

449 1530 621 1583 futura
651 1528 993 1598 promittitur,
1017 1526 1126 1579 vult
1167 1525 1280 1579 ﬁeri
1323 1525 1667 1587 Christianus,
1709 1530 1766 1575 ιιι
1804 1535 1909 1574 non
1945 1528 2032 1573 eat

448 1621 504 1675 in
552 1621 724 1690 ignem
780 1629 1038 1672 arternum
1085 1632 1204 1670 cum
1271 1614 1504 1676 diabolo,
1561 1613 1654 1666 scd
1703 1613 1753 1666 in
1809 1625 2028 1680 regnum

445 1720 704 1765 :eternum
735 1711 893 1763 intret
919 1724 1041 1763 cum
1065 1704 1506 1776 (lltristo(tllattlt.
1538 1719 1658 1767 xxv,
1685 1703 1772 1765 54,
1793 1703 1882 1766 41,
1909 1700 2025 1770 46),

449 1819 573 1857 vere
604 1803 714 1872 ipse
738 1801 1059 1855 Christianus
1085 1807 1189 1861 est,
1213 1808 1404 1851 cautus
1445 1798 1497 1850 in
1529 1794 1672 1848 omni
1711 1793 2028 1857 tentatione,

446 1911 514 1949 ne
542 1892 812 1964 prosperis
843 1891 1003 1946 rebus
1030 1894 1424 1957 corrumpatur,
1449 1895 1503 1942 et
1542 1902 1607 1940 ne
1638 1884 1910 1954 frangatur
1938 1883 2030 1936 ad-

447 1985 718 2047 \'crsis,ct
760 1983 812 2037 in
844 1981 1165 2037 abundantia
1215 1980 1476 2034 bonorum
1525 1988 1861 2032 terrenomm
1911 1990 2029 2028 mo—

444 2078 629 2131 destus
666 2084 720 2130 et
764 2084 1088 2142 temperans,
1125 2080 1176 2126 et
1227 2071 1278 2125 in
1325 2069 1751 2124 tribulationibus
1789 2065 1941 2120 fortis
1977 2074 2032 2120 et

447 2170 673 2239 patiens.
719 2167 821 2235 Qui
864 2167 1022 2220 etiam
1063 2164 1392 2236 proﬁcicndo
1431 2165 1709 2232 perveniet
1751 2161 1817 2216 ad
1867 2160 2027 2214 talem

448 2262 710 2323 animum,
746 2268 804 2312 ut
833 2258 948 2326 plus
997 2266 1139 2310 amet
1173 2257 1358 2320 Deum,
1404 2270 1560 2323 quam
1599 2255 1783 2306 timeat
1825 2252 2030 2321 gehen-

445 2370 566 2407 n-nn
602 2371 615 2407 :
647 2363 703 2405 ttt
728 2350 934 2404 etiamsi
964 2349 1108 2403 dicat
1135 2348 1208 2402 illi
1252 2348 1414 2412 Deus,
1467 2345 1626 2400 Utere
1661 2345 1867 2398 deliciis
1909 2360 2029 2398 car-

448 2447 656 2501 nalibus
701 2445 1060 2512 sempiternis,
1097 2451 1151 2496 et
1201 2449 1455 2510 quantum
1493 2450 1643 2508 potes
1690 2453 1873 2509 pecco,
1930 2453 2028 2493 nec

446 2535 713 2601 morieris,
744 2550 841 2589 nec
863 2536 916 2589 in
944 2534 1242 2603 gehennam
1273 2532 1525 2595 mitteris,
1554 2530 1648 2584 sed
1675 2545 1883 2584 mecum
1914 2539 2029 2584 tan—

446 2627 719 2682 tumn'todo
741 2642 847 2680 non
879 2627 1021 2689 eris;
1050 2623 1412 2689 exhorrescat,
1449 2631 1501 2676 et
1527 2622 1747 2676 omnino
1774 2637 1879 2676 non
1905 2637 2025 2691 pec-

445 2730 548 2784 cet,
585 2735 687 2774 non
710 2719 818 2787 jam
851 2717 986 2772 utin
1036 2716 1162 2770 illud
1201 2716 1341 2786 quod
1392 2715 1609 2769 timebat
1653 2730 1758 2768 non
1808 2714 2025 2781 incidat,

443 2811 538 2866 sed
566 2827 631 2865 ne
662 2811 807 2864 illum
833 2825 989 2880 quem
1013 2809 1092 2862 sic
1121 2818 1262 2862 amat
1286 2807 1523 2862 otTendat
1550 2825 1562 2862 :
1601 2808 1652 2862 in
1681 2820 1787 2878 quo
1809 2822 1913 2861 uno
1947 2816 2028 2862 est

447 2903 658 2973 requies
702 2905 744 2968 ',
777 2918 933 2972 quam
957 2901 1143 2955 oculus
1172 2917 1277 2954 non
1305 2901 1454 2967 vidit,
1487 2915 1586 2954 nec
1632 2900 1775 2954 auris
1806 2899 2023 2965 audivit,

449 3012 551 3051 nec
577 2997 628 3050 in
655 3011 748 3049 cor
775 2995 1006 3048 hominis
1040 2993 1302 3057 ascendit,
1336 3009 1493 3064 quam
1535 2995 1855 3064 praeparavit
1886 2994 2027 3050 D;:us

443 3085 783 3155 diligentibus
803 3099 923 3139 cum
955 3083 997 3157 (l
1027 3082 1143 3138 Cor.
1165 3099 1220 3148 tt,
1254 3082 1332 3154 9).

513 3178 604 3232 28.
632 3178 706 3232 De
751 3192 854 3247 qua
892 3178 1075 3246 requie
1118 3176 1382 3246 signiﬁcat
1423 3175 1444 3207 ⁸
1492 3175 1787 3246 Scriptura,
1841 3185 1895 3232 et
1920 3193 2024 3230 non

445 3276 622 3340 tacctL
639 3267 780 3339 quod
807 3267 875 3322 ab
897 3268 1046 3322 initio
1074 3267 1261 3322 mundi
1285 3283 1350 3322 ex
1380 3283 1486 3338 quo
1515 3267 1642 3323 fecit
1670 3269 1810 3323 Deus
1830 3269 2025 3324 coelum

442 3370 493 3412 et
522 3370 716 3413 terram
741 3367 796 3412 et
819 3359 998 3413 omnia
1027 3374 1147 3429 qua:
1169 3359 1221 3412 in
1250 3359 1329 3414 eis
1356 3368 1500 3424 sunt,
1539 3375 1633 3414 sex
1674 3359 1862 3414 diebus
1897 3375 2026 3429 ope-

443 3460 588 3505 ratus
610 3459 709 3514 cst,
744 3459 797 3504 et
824 3450 1053 3522 septimo
1078 3451 1165 3504 die
1186 3450 1450 3520 requievit
1473 3449 1628 3521 (Gen.
1658 3467 1695 3512 ι,
1727 3462 1772 3506 et
1796 3468 1854 3519 ιι,
1886 3447 2022 3525 1-3).

443 3541 657 3594 Poterat
684 3541 1186 3610 enimmtmipotcns
1212 3549 1266 3596 et
1308 3557 1414 3595 uno
1458 3551 1730 3596 momento
1771 3544 2026 3613 temporis

443 3633 620 3686 omnia
653 3633 847 3686 facere.
877 3632 989 3686 Non
1021 3642 1197 3686 autem
1239 3633 1588 3693 laboraverat,
1613 3645 1671 3688 ut
1717 3637 2024 3706 requiesce-

442 3733 545 3786 ret,
579 3721 809 3793 quando,
843 3721 1009 3788 Dixit,
1037 3734 1081 3777 et
1112 3723 1248 3793 facta
1276 3733 1392 3778 sunt
1416 3739 1435 3788 ,'
1465 3725 1742 3793 mandavit,
1766 3738 1812 3780 et
1856 3738 2026 3782 creata

442 3793 558 3868 sunt
586 3812 761 3884 (Psal.
783 3828 1004 3876 chvnt,
1041 3812 1098 3884 5)
1130 3831 1142 3867 :
1176 3813 1268 3868 sed
1294 3825 1350 3868 ut
1379 3814 1724 3885 signiﬁcaret,
1748 3817 1869 3887 quia
1906 3827 2027 3888 post

446 3920 540 3962 sex
567 3910 755 3958 natales
785 3903 968 3957 mundi
993 3903 1167 3972 hujus,
1197 3905 1424 3975 septima
1459 3915 1615 3962 :ctate
1655 3915 1906 3979 tanquam
1943 3924 2027 3963 sc-

440 3997 609 4065 ptimo
629 3995 716 4050 dic
753 3995 1092 4065 requieturtts
1134 4005 1218 4051 cst
1247 3997 1298 4049 in
1321 3999 1522 4052 sanetis
1566 3999 1712 4066 suis;
1769 4001 1891 4071 quia
1924 4002 2025 4072 ipsi

443 4091 496 4146 in
527 4089 617 4144 illo
640 4087 980 4158 requiescant
1011 4097 1126 4158 post
1157 4088 1332 4142 omnia
1363 4089 1501 4144 bona
1527 4105 1710 4161 Opera,
1745 4091 1798 4145 in
1834 4092 2025 4162 quibus

439 4183 489 4237 ei
516 4181 835 4249 servierunt,
864 4197 982 4251 qua:
1026 4182 1138 4251 ipse
1182 4182 1234 4236 in
1280 4182 1384 4237 illis
1431 4193 1699 4253 operatur,
1730 4185 1818 4254 qui
1846 4193 2018 4253 vocat,

437 4287 496 4333 et
523 4279 783 4348 praecipit,
813 4289 867 4333 et
893 4278 1089 4334 delicta
1128 4279 1395 4348 prmterita
1423 4279 1662 4346 dimittit,
1695 4289 1748 4334 et
1768 4280 2026 4351 justiﬁcat

437 4385 559 4424 eum
591 4369 681 4441 qui
706 4371 853 4440 prius
870 4380 991 4425 erat
1021 4370 1232 4439 impius.
1281 4370 1431 4426 Sicut
1471 4380 1648 4426 autem
1697 4387 1818 4426 cum
1849 4373 1924 4427 illi
1955 4389 2023 4428 ex

436 4461 582 4516 dono
604 4461 719 4531 ejus
746 4460 884 4515 bene
909 4470 1218 4531 operantur,
1244 4473 1389 4516 recte
1408 4462 1602 4516 dicitur
1632 4463 1743 4532 ipse
1769 4465 1978 4533 operari
2005 4480 2020 4530 ;

437 4554 514 4606 sic
537 4569 658 4607 cum
685 4553 736 4606 in
765 4552 857 4605 illo
895 4552 1234 4622 requiescunt
1254 4553 1299 4620 ⁵,
1343 4564 1491 4608 recte
1536 4553 1733 4608 dicitur
1777 4555 1890 4622 ipse
1929 4570 2016 4609 re-

436 4644 735 4714 quiescere.
768 4644 898 4699 Nam
925 4645 1066 4712 quod
1111 4644 1179 4698 ad
1204 4645 1374 4714 ipsutn
1399 4646 1606 4710 attinet,
1652 4646 2019 4715 pausationem

436 4750 546 4790 non
575 4736 785 4805 quzcrit,
831 4737 955 4805 quia
989 4735 1226 4789 laborem
1267 4751 1372 4789 non
1421 4737 1602 4790 sentit.
1653 4736 1798 4792 Fecit
1842 4746 2019 4792 autem

434 4827 611 4883 omnia
642 4842 740 4897 per
771 4826 1000 4882 Verbum
1033 4843 1210 4891 suum;
1242 4837 1297 4881 et
1318 4826 1552 4883 Verbum
1576 4829 1692 4900 ejus
1721 4829 1835 4900 ipse
1872 4829 2023 4884 Chri-

433 4927 567 4983 stus,
593 4918 644 4972 in
676 4933 784 4988 quo
833 4918 1179 4986 requiescurt
1218 4919 1404 4989 Angeli
1441 4931 1495 4975 et
1531 4936 1719 4977 omnes
1769 4923 2018 4979 emlcstes

434 5011 766 5066 mttndissimi
797 5010 1016 5082 spiritus
1062 5011 1112 5065 in
1153 5020 1338 5066 sancto
1374 5014 1607 5070 silentio.
1638 5015 1809 5071 llomo
1841 5026 2015 5072 autem

432 5112 653 5174 peccato
681 5101 860 5171 lapsus
881 5100 1110 5172 perdidit
1128 5103 1367 5172 requiem
1390 5120 1546 5174 quam
1571 5105 1797 5164 habebat
1823 5108 1874 5162 in
1902 5108 2016 5178 ejus

430 5195 728 5258 divinitate,
756 5202 810 5247 et
837 5193 1026 5263 recipit
1049 5209 1167 5248 eam
1197 5194 1220 5227 ³
1249 5195 1301 5249 in
1323 5195 1438 5263 ejus
1467 5196 1790 5255 humanitate
1821 5219 1834 5256 :
1865 5201 2014 5255 ideo-

427 5299 534 5355 que
572 5294 873 5354 opportuno
922 5293 1180 5355 tempore,
1208 5302 1313 5356 quo
1364 5287 1477 5357 ipse
1519 5290 1719 5344 sciebat
1764 5302 2013 5362 Oportere

431 5376 568 5443 ﬁeri,
601 5376 762 5432 homo
790 5375 962 5432 factus
999 5386 1053 5432 ct
1078 5377 1146 5432 de
1200 5377 1394 5435 ientina
1434 5390 1589 5438 natus
1631 5394 1732 5440 est.
1781 5389 1824 5441 A
1852 5401 2012 5446 carne

490 5490 506 5520 ί
542 5496 643 5538 Am.
667 5495 742 5538 Er;
767 5495 818 5539 et
835 5495 940 5538 tres
961 5496 1088 5548 Mss,
1111 5487 1354 5541 sicculari.

489 5553 509 5619 ξ
541 5552 615 5600 sic
766 5548 884 5619 aditi
909 5563 1047 5611 vero,
1070 5549 1121 5601 in
1144 5565 1238 5614 quo
1257 5565 1355 5603 una
1371 5560 1440 5604 est
1463 5556 1667 5619 requies.

489 5613 508 5687 ξ
536 5618 725 5687 imit-1r.
743 5619 796 5687 et
811 5614 1100 5687 fereomnes
1110 5613 1240 5687 ms...
1249 5622 1325 5687 _l_)c
1335 5628 1437 5687 qua.
1452 5630 1505 5666 re
1530 5613 1787 5687 significat.

489 5674 508 5739 ξ
544 5677 610 5739 tta
630 5676 739 5721 Mss.
775 5681 828 5723 At
852 5675 986 5739 editi,
1009 5672 1052 5726 si
1073 5688 1183 5724 cum
1204 5675 1278 5739 illi
1301 5672 1602 5739 requiescunt

485 5735 509 5767 ⁸
541 5734 612 5782 sic
635 5740 740 5783 uss.
767 5743 820 5784 Αι
843 5735 985 5800 editi,
1005 5743 1050 5788 et
1075 5737 1252 5801 recepit
1273 5734 1396 5790 eant.
1467 5747 1470 5752 '

2143 415 2337 485 quippe.
2363 397 2712 471 contaminari
2745 436 2847 472 non
2893 429 3123 490 poterat.
3157 421 3270 490 ipse
3300 439 3516 480 carnem
3550 430 3710 498 potius

2142 507 2509 562 mundaturus.
2541 507 2715 578 lpsttm
2741 511 2943 580 antiqui
2970 514 3136 566 sancti
3165 524 3444 570 venturum
3477 517 3530 571 in
3575 536 3711 576 revec

2141 599 2342 653 latione
2386 598 2615 668 Spiritus
2659 614 3044 672 etrtgnoverunt,
3075 615 3129 660 et
3160 609 3641 678 propltetaverunt;
3667 625 3713 670 et

2141 689 2217 745 sic
2247 691 2377 746 salvi
2419 691 2542 747 facti
2594 705 2716 749 sunt
2743 697 3012 751 credendo
3057 699 3180 768 quia
3228 702 3428 768 veniet,
3461 705 3603 760 sicut
3629 722 3713 763 nos

2140 787 2271 840 salvi
2301 787 2562 842 efﬁcimur
2599 787 2866 845 credendo
2908 793 3031 860 quia
3063 794 3207 847 venit
3238 812 3250 847 :
3281 804 3338 850 ut
3382 796 3715 868 diligercmtts

2144 879 2328 942 Deum,
2357 879 2544 948 quisic
2574 896 2670 935 nos
2714 883 2924 959 diicxit,
2971 893 3030 939 ut
3077 887 3289 942 unicum
3324 888 3519 945 Filium
3573 907 3711 948 suum

2136 967 2394 1033 mitteret,
2422 971 2506 1038 qui
2531 970 2853 1027 humilitate‘
2898 986 3092 1028 nostra:
3115 979 3450 1036 mortalitatis
3468 981 3677 1038 indutus
3696 1025 3711 1052 ,

2142 1067 2194 1112 et
2221 1074 2249 1112 a
2281 1060 2647 1127 peccatoribus
2675 1073 2730 1116 et
2755 1078 2850 1132 pro
2872 1065 3240 1134 peccatoribus
3261 1080 3581 1126 moreretur.
3611 1072 3713 1129 iam

2140 1152 2281 1204 enim
2309 1152 2434 1206 olim
2461 1153 2528 1207 ab
2551 1152 2856 1209 ineuntibus
2882 1158 3096 1212 szeculis
3127 1152 3366 1229 mySterii
3407 1161 3571 1231 hujus
3598 1164 3708 1219 alti-

2141 1243 2268 1297 tudo
2294 1243 2618 1313 pra-ﬁgurari
2647 1250 3099 1319 praenuntiarique
3130 1265 3237 1305 non
3259 1261 3465 1308 'ecssat.

2209 1333 2433 1390 CAPUT
2463 1336 2644 1391 XVIII.
2667 1369 2738 1377 —
2755 1331 2844 1392 29.
2887 1339 2966 1394 De
2993 1342 3209 1396 hominis
3236 1353 3281 1397 et
3309 1361 3476 1399 rerum
3504 1347 3714 1402 aliarum

2139 1427 2388 1480 creatione
2414 1428 2533 1499 quid
2560 1429 2884 1483 credendum.
2919 1430 3088 1486 Homo
3127 1434 3179 1488 in
3207 1435 3446 1504 paradiso
3472 1440 3713 1491 constitu-

2138 1526 2237 1572 tus.
2269 1517 2371 1572 Cur
2412 1529 2608 1575 creatus
2635 1521 2722 1591 qui
2761 1524 3112 1592 prtcsciebatur
3155 1527 3477 1596 peccaturus.
3524 1528 3716 1599 Lapsus

2138 1608 2355 1663 hominis
2398 1620 2445 1664 et
2496 1613 2664 1683 angeli
2710 1613 2839 1667 nihil
2883 1609 2991 1670 Deo
3035 1619 3224 1672 nocuit.
3276 1620 3541 1688 Quoniam
3590 1623 3716 1679 Deus

2138 1701 2495 1770 omnipotens,
2525 1713 2580 1757 et
2606 1704 2776 1759 bonus
2811 1714 2865 1760 et
2881 1708 3055 1776 justus
3085 1719 3139 1763 et
3177 1712 3503 1782 misericors,
3531 1716 3627 1785 qui
3652 1715 3712 1771 l’e-

2138 1793 2211 1846 cit
2242 1795 2418 1849 omnia
2447 1795 2605 1863 bona,
2644 1798 2757 1852 sive
2797 1815 2983 1870 magna
3022 1802 3138 1857 sive
3165 1815 3348 1874 parva,
3376 1807 3490 1862 sive
3518 1821 3717 1864 summa

2138 1884 2252 1938 sive
2282 1885 2458 1938 inﬁma
2486 1903 2500 1951 ;
2533 1888 2646 1942 sive
2674 1905 2792 1958 quae
2814 1891 3077 1960 videntur,
3107 1894 3262 1950 siculi
3291 1908 3415 1951 sunt
3449 1899 3649 1954 caelum
3671 1909 3718 1956 et

2142 1983 2280 2029 terra
2329 1986 2383 2030 ct
2418 1994 2584 2045 mare,
2623 1989 2676 2034 et
2711 1981 2760 2033 in
2789 1982 2927 2037 ρωιο
2970 1984 3050 2038 sol
3082 1994 3135 2040 et
3164 1986 3308 2053 luna,
3351 1997 3406 2043 et
3439 1998 3639 2045 caztera
3663 1990 3718 2044 si-

2136 2065 2284 2132 dera,
2316 2067 2366 2121 itt
2402 2078 2541 2122 terra
2582 2079 2758 2124 autem
2801 2081 2859 2126 et
2903 2074 3036 2128 mari
3073 2076 3296 2132 arbores
3335 2088 3389 2132 et
3424 2078 3718 2136 fruticeset

2136 2159 2384 2212 animalia
2415 2175 2524 2214 sua:
2549 2163 2806 2232 cujusque
2845 2175 3070 2231 naturae,
3101 2177 3156 2222 et
3181 2170 3358 2223 omnia
3387 2185 3619 2240 corpora
3644 2171 3716 2225 vel

2137 2247 2371 2303 cmlestia
2400 2250 2482 2304 vel
2513 2254 2821 2318 terrestria;
2847 2255 2958 2310 sive
2987 2272 3108 2328 qua:
3142 2274 3246 2313 non
3270 2261 3538 2326 videntur,
3570 2262 3717 2318 sicuti

2135 2345 2261 2391 sunt
2285 2339 2502 2408 spiritus
2537 2342 2727 2409 quibus
2757 2357 2981 2413 corpora
3019 2357 3332 2417 vegetamur
3375 2359 3429 2406 et
3457 2352 3716 2407 viviﬁcan-

2138 2436 2221 2481 tur
2248 2446 2261 2482 :
2289 2428 2411 2483 fecit
2439 2440 2493 2484 ct
2519 2429 2787 2488 hominem
2813 2435 2878 2489 ad
2908 2436 3192 2508 imaginem
3222 2455 3406 2509 suam;
3451 2452 3511 2498 ut
3533 2459 3716 2514 quem-

2133 2520 2420 2576 admodum
2463 2523 2575 2594 ipse
2604 2541 2695 2594 per
2721 2529 3160 2599 onmipotentiam
3192 2547 3342 2588 suam
3379 2545 3582 2605 prmcst
3607 2537 3715 2592 uni-

2133 2628 2303 2668 versa)
2340 2626 2617 2682 creaturae,
2661 2621 2738 2674 sic
2779 2620 2939 2676 homo
2980 2640 3072 2693 per
3103 2624 3502 2698 intelligentiam
3547 2644 3713 2695 suam,

2135 2720 2234 2773 qua
2265 2706 2424 2760 etiam
2455 2707 2762 2764 Creatorem
2791 2726 2944 2766 suum
2971 2718 3245 2785 cognoscit
3271 2727 3325 2773 et
3349 2719 3497 2784 colit,
3527 2734 3715 2790 praees-

2134 2805 2216 2851 set
2236 2799 2483 2853 omnibus
2509 2802 2737 2857 terrenis
2768 2805 3109 2860 animalibus.
3140 2807 3288 2864 Fecit
3321 2810 3398 2864 illi
3424 2812 3592 2866 etiam
3627 2811 3713 2866 ad.

2128 2887 2384 2956 jUtorium
2427 2889 2723 2947 feminam:
2754 2910 2860 2949 non
2901 2896 2966 2950 ad
3013 2900 3285 2954 carnalem
3329 2903 3714 2973 concupiscen-

2135 2981 2281 3045 tiam,
2311 2983 2739 3054 quandoquidem
2780 3002 2881 3042 nec
2923 2991 3289 3060 eorruptibilia
3329 3008 3556 3063 corpora
3596 3004 3716 3050 tunc

2135 3071 2418 3142 habebant,
2458 3087 2742 3147 antequam
2790 3095 2885 3135 cos
2921 3082 3216 3138 mortalitas
3246 3085 3524 3141 invaderet
3553 3075 3714 3158 pinna

2133 3166 2370 3232 peccati;
2411 3166 2504 3222 sed
2549 3177 2606 3222 ut
2647 3168 2872 3225 haberet
2909 3180 2964 3227 et
3003 3174 3084 3227 vir
3129 3175 3350 3244 gloriam
3389 3176 3460 3232 de
3501 3177 3711 3242 femina,

2132 3271 2252 3312 cum
2289 3260 2336 3313 ei
2368 3261 2579 3329 prteiret
2605 3261 2670 3315 ad
2705 3263 2932 3328 Deum',
2963 3279 3126 3336 seque
3169 3266 3245 3322 illi
3284 3269 3556 3339 prin-heret
3594 3272 3711 3324 lmi-

2134 3351 2350 3405 tandum
2391 3353 2440 3404 in
2472 3355 2752 3410 sanctitate
2789 3364 2948 3426 atque
2977 3358 3209 3429 pietate;
3254 3361 3392 3416 sicut
3433 3362 3550 3434 ipse
3576 3371 3712 3419 esset

2131 3442 2298 3510 gloria
2329 3443 2440 3510 Dei,
2473 3459 2592 3498 cum
2622 3445 2738 3515 ejus
2761 3450 3075 3518 sapientiam
3097 3463 3432 3523 sequeretur.

2203 3535 2292 3588 50.
2337 3536 2518 3606 itaque
2542 3540 2821 3595 constituit
2845 3557 2939 3596 eos
2964 3543 3014 3597 in
3041 3545 3269 3614 quodam
3293 3545 3410 3602 loco
3442 3558 3708 3619 perpetuat

2132 3623 2511 3695 beatitudinis,
2558 3646 2716 3699 quem
2769 3635 2999 3702 appellat
3046 3635 3320 3708 Scriptura
3371 3641 3705 3710 paradisum;

2133 3727 2566 3789 praeceptumque
2609 3722 2711 3775 illis
2741 3723 2909 3792 dedit,
2957 3728 3099 3797 quod
3141 3728 3186 3784 si
3231 3745 3336 3786 non
3372 3735 3706 3804 transgrede‘

2133 3817 2337 3875 rentur,
2372 3811 2424 3864 in
2452 3812 2540 3866 illa
2565 3829 2780 3885 semper
2807 3818 3217 3877 immortalitatis
3242 3823 3570 3883 beatitudine
3592 3844 3706 3898 perc

2133 3912 2412 3956 manerent
2436 3919 2448 3955 :
2476 3904 2520 3957 si
2545 3915 2722 3960 autem
2751 3911 3268 3980 transgrederentur,
3293 3917 3556 3987 supplicia
3580 3935 3706 3975 mor-

2136 3993 2352 4048 talitatis
2395 3997 2782 4066 expenderent.
2833 4001 3156 4060 Praesciebat
3194 4015 3372 4063 autem
3432 4010 3572 4066 Deus
3620 4026 3709 4067 eos

2132 4090 2561 4155 transgressnros
2586 4107 2598 4142 :
2625 4089 2720 4144 sed
2759 4100 2934 4148 tamen
2969 4095 3090 4164 quia
3123 4097 3367 4153 conditur
3395 4110 3479 4154 est
3507 4112 3562 4156 et
3589 4101 3708 4157 clleo

2132 4181 2248 4228 ctor
2274 4177 2448 4230 onmis
2474 4177 2620 4244 boni,
2665 4183 2833 4250 magis
2858 4197 2953 4236 cos
2982 4183 3122 4250 fecit,
3153 4187 3368 4256 quando
3399 4190 3525 4244 fecit
3546 4202 3599 4246 et
3623 4191 3706 4245 bc-

2132 4266 2281 4333 stias,
2323 4277 2380 4322 ut
2416 4269 2664 4339 impleret
2708 4281 2904 4328 terram
2945 4277 3100 4333 bonis
3132 4283 3378 4338 terrenis.
3426 4284 3497 4338 Et
3537 4287 3706 4355 utique

2131 4357 2323 4414 melior
2359 4371 2440 4416 est
2483 4362 2644 4418 homo
2693 4367 2852 4421 etiam
2900 4380 3168 4439 peccator,
3213 4388 3372 4443 quam
3417 4377 3606 4431 bestia.
3641 4375 3707 4432 Et

2132 4463 2452 4522 prmceptum
2475 4455 2619 4524 quod
2642 4471 2747 4510 non
2775 4469 2928 4513 erant
2949 4464 3231 4531 servaturi,
3263 4466 3433 4536 magis
3458 4467 3624 4535 dedit,
3653 4477 3707 4521 ιιι

2129 4554 2310 4600 essent
2347 4547 2755 4618 inexeusabiles,
2781 4566 2902 4605 cum
2933 4553 2983 4607 itt
3010 4569 3105 4609 eos
3129 4557 3399 4614 vindicare
3426 4562 3692 4632 coepisset.

2128 4636 2392 4708 Quidquid
2432 4640 2574 4694 enim
2603 4640 2764 4697 homo
2802 4644 3011 4712 fecerit,
3047 4647 3365 4705 laudabilem
3397 4653 3449 4707 in
3495 4655 3606 4709 suis
3626 4652 3701 4706 l'a-

2127 4730 2229 4783 ctis
2263 4730 2464 4785 invenit
2505 4731 2673 4788 Deum
2701 4751 2714 4788 :
2747 4737 2790 4790 si
2815 4747 2962 4793 recte
2992 4742 3178 4810 egerit,
3208 4742 3524 4800 laudabilem
3567 4747 3702 4800 inve-

2128 4820 2205 4874 nit
2248 4837 2342 4891 per
2373 4822 2633 4892 justitiam
2676 4830 3047 4896 prmmiorum;
3092 4832 3136 4886 si
3168 4837 3488 4903 peccaverit,
3534 4836 3702 4892 lauda-

2125 4913 2286 4968 bilem
2325 4916 2524 4971 invenit
2548 4919 2921 4988 pcrjttstitiam
2957 4925 3378 4994 suppliciorum;
3420 4930 3464 4983 si
3499 4937 3700 5000 peccata

2124 5006 2402 5063 confessus
2423 5008 2488 5062 ad
2520 5021 2664 5066 recte
2695 5015 2979 5070 vivendum
3008 5018 3246 5087 redierit,
3271 5019 3587 5078 laudabilem
3622 5021 3699 5074 iu-

2123 5098 2267 5152 venit
2313 5114 2410 5170 per
2448 5101 2871 5160 misericordiam
2913 5106 3382 5178 indulgentiarum.
3429 5114 3538 5168 Cur
3581 5124 3698 5178 ergo

2123 5203 2226 5241 non
2251 5189 2449 5244 laceret
2474 5191 2609 5247 Deus
2632 5193 2924 5259 hominem,
2955 5199 3195 5268 quamvis
3221 5216 3343 5258 eum
3370 5215 3697 5273 peccaturum

2122 5294 2502 5353 praenosceret,
2545 5301 2665 5342 CIIII]
2706 5297 2761 5343 et
2805 5299 3034 5345 stantem
3077 5304 3380 5364 COI‘OHM‘CI,
3423 5306 3480 5353 et
3515 5295 3696 5351 caden-

2121 5382 2227 5426 tem
2272 5375 2568 5442 ordinaret,
2616 5387 2672 5432 et
2712 5392 3017 5451 surgentem
3059 5384 3354 5454 adjuvarct,
3404 5403 3608 5460 semper
3643 5393 3692 5438 ct

2081 5463 2313 5534 ,ubique
2354 5465 2469 5536 ipse
2515 5468 2776 5537 gloriosus
2805 5472 3061 5542 bonitate,
3119 5475 3344 5546 justitia,
3389 5475 3691 5534 clementia?

2117 5557 2348 5612 maxime
2375 5558 2496 5628 quia
2544 5567 2598 5613 et
2623 5559 2748 5615 illud
2780 5565 3110 5633 prmsciebat,
3150 5561 3226 5624 de'
3243 5571 3534 5641 propagine
3559 5584 3688 5625 mor-

2179 5694 2197 5725 ί
2236 5701 2334 5742 Am.
2362 5701 2413 5744 et
2435 5700 2529 5748 Eia.
2554 5691 2864 5747 lamminae.

2177 5758 2198 5788 ³
2232 5762 2326 5816 t‘r.,
2348 5755 2627 5807 dominia-tn.
2655 5759 2769 5808 Editi
2794 5760 2891 5824 alii,
2917 5761 3182 5814 Dominum.
