3896 6382
164 345 249 401 553
1563 338 1764 394 LIBER
1805 338 2000 395 UNUS.

165 463 362 515 talitatis
405 460 526 529 ejus
556 458 779 514 futuros
832 465 1076 519 sanctos,
1118 456 1205 525 qui
1251 468 1356 509 non
1400 453 1501 508 sini
1545 468 1762 523 quaire-

162 566 291 619 reut,
334 554 429 609 sed
456 552 708 609 Creatori
754 566 859 606 suo
900 551 1121 621 gloriam
1162 548 1374 611 darent,
1404 554 1456 600 et
1496 560 1618 601 eum
1666 558 1761 600 co-

160 644 313 699 lendo
362 646 438 700 ab
486 644 633 699 onmi
688 642 1043 712 corruptione
1090 639 1320 705 liberati,
1369 653 1489 694 eum
1545 638 1765 708 Angelis

143 740 353 793 sanctis
389 752 616 807 semper
641 736 833 790 vivere
881 742 939 789 et
984 734 1136 788 beate
1171 732 1352 787 vivere
1393 730 1764 785 mererentur?

120 830 229 897 Uni
253 829 426 883 enim
463 827 777 881 hominibus
803 823 953 879 dedit
982 824 1207 879 liberum
1241 823 1541 888 arbitrium,
1574 830 1631 875 ut
1659 836 1763 875 non

104 922 331 983 servili
362 920 721 984 necessitate,
767 916 863 972 sed
893 917 1119 986 ingenua
1147 914 1419 969 voluntate
1463 913 1631 967 Deum
1669 927 1765 966 co-

126 1022 343 1076 tereut,
371 1012 537 1066 dedit
573 1010 737 1064 etiam
766 1007 1001 1077 Angelis.
1030 1006 1096 1060 Et
1140 1006 1259 1060 ideo
1284 1015 1384 1059 ne’c
1408 1003 1649 1072 angellis,
1676 1003 1767 1071 qui

156 1121 275 1161 cum
312 1103 615 1175 Spiritibus
642 1101 762 1155 aliis
806 1099 1121 1154 satellitibus
1152 1092 1264 1151 suis
1292 1095 1648 1165 superbieudo
1672 1095 1768 1147 de—

157 1196 323 1252 seruit
350 1192 736 1247 obedientiam
762 1190 879 1255 Dei,
908 1200 958 1243 et
986 1188 1229 1242 diabolus
1251 1186 1419 1241 lactus
1440 1195 1542 1251 est,
1570 1185 1768 1255 aliquid

156 1286 335 1341 nocuit
364 1285 516 1349 Deo,
548 1281 648 1337 scd
676 1281 777 1335 sibi
808 1297 823 1333 :
858 1279 1004 1333 novit
1041 1278 1185 1333 enim
1225 1276 1365 1332 Deus
1400 1275 1649 1331 ordinare
1674 1275 1770 1330 det-

155 1385 406 1431 serentes
436 1387 506 1428 se
534 1372 744 1425 animas
766 1369 865 1439 (a),
892 1377 946 1422 et
979 1383 1045 1423 ex
1071 1381 1254 1422 earum
1277 1367 1419 1436 justa
1447 1365 1658 1421 miseria
1686 1366 1770 1420 in-

155 1466 387 1521 leriores
442 1472 635 1532 partes
684 1469 944 1514 creatura‘
989 1473 1100 1512 suae
1148 1456 1675 1512 convenientissimis
1718 1464 1774 1510 et

156 1552 680 1627 congruentissimis
732 1549 934 1619 legibus
984 1547 1314 1603 admirandze
1358 1546 1773 1617 dispensationis

157 1662 355 1701 ornare
375 1647 425 1700 ¹.
450 1643 641 1713 Itaque
669 1657 769 1697 nec
795 1640 1042 1695 diabolus
1067 1639 1262 1709 aliquid
1288 1639 1398 1693 Deo
1423 1638 1622 1702 nocuit,
1651 1636 1773 1706 quia

159 1740 247 1794 vel
269 1739 395 1808 ipse
415 1737 614 1805 lapsus
636 1743 740 1801 est,
771 1732 855 1787 vel
886 1731 1152 1785 hominem
1183 1730 1391 1784 seduxit
1412 1729 1480 1785 ad
1506 1738 1731 1784 mortem
1755 1745 1771 1783 :

162 1846 263 1888 nec
301 1831 435 1900 ipse
478 1828 642 1881 homo
678 1827 731 1880 in
760 1816 942 1894 aliquo
967 1822 1156 1877 minuit
1181 1824 1460 1877 veritatem
1496 1830 1588 1875 aut
1615 1830 1772 1890 pote-

169 1933 375 1981 statem
417 1929 518 1975 aut
543 1920 844 1974 beatitateni
879 1918 900 1949 ³
931 1916 1237 1971 Conditoris
1274 1915 1376 1981 sui,
1416 1914 1539 1985 quia
1563 1914 1774 1985 conjugi

168 2031 292 2070 sine
316 2012 615 2068 seductas
637 2009 861 2073 diabolo,
889 2007 957 2062 ad
986 2007 1039 2062 id
1070 2006 1214 2077 quod
1241 2007 1381 2063 Deus
1402 2005 1772 2077 prohibuerat,

176 2104 417 2175 propria
470 2101 732 2156 voluntate
777 2099 1069 2154 consensit;
1113 2097 1435 2154 Justissimis
1480 2098 1624 2151 enim
1676 2097 1772 2152 Dei

176 2197 405 2268 legibus
436 2207 630 2248 omnes
654 2192 873 2246 damnati
900 2200 1044 2255 sunt,
1082 2190 1191 2245 Deo
1227 2189 1462 2260 glorioso
1487 2202 1581 2259 per
1608 2189 1780 2259 requis

173 2301 349 2348 tatem
408 2288 682 2355 vindictae,
731 2286 831 2356 ipsi
878 2282 1219 2356 ignominiosi
1258 2297 1356 2353 per
1395 2283 1778 2351 turpitudinem

172 2396 356 2454 preme
389 2378 552 2452 (Gen.
584 2394 640 2443 ιι,
668 2378 749 2447 ut)
778 2394 793 2431 :
820 2386 879 2430 ut
902 2385 957 2431 et
982 2374 1141 2430 homo
1169 2387 1201 2428 a
1229 2386 1327 2428 suo
1349 2370 1600 2427 Creatorc
1621 2386 1777 2427 aver-

174 2488 269 2529 sus
292 2474 483 2527 victus
512 2468 729 2524 diabolo
751 2466 1089 2532 subderetur,
1120 2473 1177 2519 et
1212 2463 1455 2519 diabolus
1482 2462 1682 2516 homini
1713 2461 1780 2516 ad

179 2564 505 2620 Creatorem
546 2575 707 2614 suum
734 2573 997 2613 converso
1030 2555 1327 2612 vincendos
1357 2561 1778 2625 proponeretur;

177 2662 236 2707 ut
262 2654 605 2724 quicumque
641 2647 857 2703 diabolo
899 2662 1072 2717 usque
1112 2647 1169 2701 in
1206 2646 1365 2701 linem
1393 2643 1775 2709 consentirent,

177 2754 303 2801 cum
333 2744 431 2799 illo
462 2742 609 2797 irent
634 2741 686 2795 in
716 2749 916 2795 arterna
940 2737 1232 2809 supplicia;
1255 2736 1577 2806 quieumque
1598 2745 1779 2789 autem

179 2835 534 2890 humiliarent
576 2845 638 2886 se
681 2830 813 2896 Deo,
854 2839 910 2883 et
949 2841 1042 2898 per
1088 2826 1204 2897 ejus
1243 2825 1469 2895 gratiam
1508 2823 1781 2879 diabolum

182 2925 489 2985 Vincerent,
517 2930 721 2975 :eterna
756 2919 974 2988 prmmia
999 2922 1353 2971 mererentur.

262 3013 497 3071 CAPUT
532 3011 677 3067 XIX.
705 3010 891 3064 -δι
933 3007 1001 3062 In
1042 3004 1275 3062 Ecclesia
1316 3006 1433 3061 boni
1466 3014 1511 3060 et
1549 3006 1686 3071 mali,
1728 3005 1784 3060 in

186 3107 299 3175 ﬁne
332 3104 623 3172 separandi.
657 3101 895 3155 Civitates
924 3098 1040 3153 dum
1067 3099 1129 3151 ab
1155 3097 1297 3151 initio
1326 3097 1520 3167 generis
1554 3096 1779 3149 humani.

185 3194 459 3248 Diluvium
494 3201 542 3245 et
569 3207 690 3243 arra
705 3198 1095 3243 sacramentum.
1126 3186 1203 3240 De
1222 3184 1510 3240 Abraltamo
1543 3195 1589 3238 et
1614 3184 1786 3239 Israe-

184 3282 329 3340 litico
375 3284 590 3354 populo.
639 3280 844 3334 Horum
889 3278 1024 3332 dicta
1070 3288 1116 3332 et
1158 3282 1314 3351 facta,
1360 3277 1626 3349 prophetia
1665 3278 1781 3344 luit.

178 3372 375 3446 Neque
420 3374 529 3428 hoc
575 3387 671 3425 nos
717 3385 933 3425 movere
975 3368 1164 3435 debet;
1210 3369 1331 3438 quia
1376 3367 1531 3423 multi
1573 3368 1786 3423 diabolo

181 3467 560 3532 consentiunt,
592 3474 645 3519 et
672 3463 824 3532 pauci
867 3463 1028 3516 Deum
1073 3469 1369 3531 sequuntur
1394 3476 1408 3514 :
1438 3459 1559 3529 quia
1595 3467 1650 3513 et
1674 3458 1787 3513 fru-

184 3567 440 3615 mentum
478 3556 533 3610 in
574 3554 973 3624 comparatione
1004 3552 1273 3622 palearum
1302 3548 1454 3605 valde
1480 3550 1784 3620 pauciorcm

185 3648 368 3704 habet
393 3660 688 3700 numerum.
724 3643 833 3699 Sed
873 3643 1017 3698 sicut
1043 3641 1274 3712 agricola
1312 3640 1458 3695 novit
1479 3639 1604 3710 quid
1633 3639 1789 3694 iaciat

182 3742 261 3799 de
300 3739 513 3809 ingenti
538 3751 725 3791 acervo
748 3735 937 3805 palea},
973 3734 1051 3788 sic
1075 3732 1207 3788 nihil
1248 3739 1331 3787 est
1370 3732 1480 3786 Deo
1504 3730 1789 3787 multitudo

184 3842 569 3903 peccatorum,
605 3826 696 3898 qui
734 3826 881 3881 novit
930 3824 1058 3895 quid
1102 3823 1169 3878 de
1210 3823 1317 3877 illis
1353 3831 1494 3893 agat,
1527 3831 1584 3876 ut
1618 3821 1789 3876 admis-

186 3921 446 3977 nistratio
471 3919 618 3988 regni
648 3919 766 3986 ejus
791 3931 858 3971 ex
873 3915 1016 3969 nulla
1051 3923 1198 3983 parte
1227 3912 1469 3968 turbetur
1490 3921 1648 3983 atque
1676 3921 1790 3967 tur-

190 4022 375 4083 petur.
417 4009 534 4065 Nec
563 4009 685 4063 ideo
716 4005 982 4078 putandus
1023 4014 1105 4061 est
1132 4006 1323 4061 vicisse
1365 4004 1628 4068 diabolus,
1664 4006 1789 4075 quia

193 4117 384 4157 secum
421 4101 627 4170 plures,
665 4113 787 4152 cum
826 4098 1021 4167 quibus
1054 4112 1084 4150 a
1120 4098 1298 4165 paucis
1341 4097 1662 4162 vinceretur,
1703 4105 1789 4151 at-s

191 4193 383 4248 traxit.
426 4192 550 4246 Dus:
598 4191 778 4260 itaque
812 4189 1074 4255 civitates,
1117 4195 1218 4242 una
1256 4188 1576 4257 iniquorum,
1621 4186 1789 4241 altera

188 4302 529 4357 sanctorum,
562 4290 632 4345 ab
652 4289 804 4343 initio
831 4285 1044 4357 generis
1080 4284 1301 4339 humani
1334 4300 1499 4353 usque
1540 4283 1593 4337 in
1630 4284 1788 4337 linem

190 4384 382 4440 πωιί
415 4380 798 4451 perducuntur,
845 4392 985 4432 nunc
1028 4374 1304 4447 permixtae
1331 4373 1662 4443 corporibus,
1694 4373 1790 4429 sed

190 4473 571 4529 voluntatibus
593 4479 876 4540 separata,
909 4469 961 4522 in
991 4467 1079 4523 die
1110 4481 1241 4521 vero
1263 4464 1448 4535 judicii
1477 4465 1637 4519 etiam
1672 4480 1792 4519 cor-

195 4581 331 4635 pore
366 4562 705 4635 separandze.
744 4561 944 4615 Omnes
973 4560 1115 4613 enim
1158 4557 1405 4612 homines
1432 4566 1675 4613 amantes
1702 4572 1792 4613 sus

198 4656 441 4723 perbiatn
472 4664 526 4706 et
565 4651 911 4721 temporalem
942 4648 1359 4704 dominationem
1388 4660 1509 4702 cum
1548 4664 1683 4702 vano
1707 4656 1790 4719 ty-

202 4748 313 4817 pho
332 4756 389 4800 et
412 4756 605 4816 pempa
627 4742 968 4814 arrogantiae,
995 4739 1527 4812 omnesque-spiritus
1547 4740 1636 4810 qui
1670 4741 1791 4795 talia

203 4837 451 4905 diligunt,
482 4845 535 4890 et
559 4835 782 4904 gloriam
813 4848 964 4887 suam
990 4832 1321 4901 subjectione
1350 4832 1622 4886 hominum
1648 4848 1793 4901 quae-

206 4938 352 4994 runt,
391 4930 549 4983 simul
596 4945 699 4983 una
739 4928 998 4983 societate
1038 4926 1269 4998 devincti
1312 4937 1466 4992 sunt;
1513 4927 1607 4983 sed
1653 4937 1708 4982 et
1744 4928 1789 4983 si

206 5020 384 5091 saepe’
424 5019 707 5075 adversum
736 5034 795 5074 se
826 5035 922 5089 pro
960 5018 1042 5073 his
1077 5018 1237 5073 rebus
1264 5017 1533 5084 dimicant,
1566 5017 1681 5089 pari
1711 5027 1791 5072 tan-

208 5128 332 5166 men
379 5110 620 5181 pondere
660 5110 964 5179 cupiditatis
1012 5110 1064 5164 in
1102 5108 1347 5166 eamdem
1379 5107 1791 5179 profunditatem

209 5204 626 5273 prccipitantur,
658 5211 714 5256 et
735 5202 834 5255 sibi
876 5215 1081 5256 morum
1111 5209 1166 5255 et
1196 5201 1507 5256 meritorum
1548 5200 1794 5255 similitui

208 5296 333 5349 diue
384 5294 799 5363 coujunguntur.
859 5291 926 5346 Et
977 5305 1162 5346 rursus
1210 5306 1398 5346 omnes
1448 5290 1692 5344 homines
1738 5296 1793 5343 et

208 5400 399 5441 omnes
422 5386 643 5455 spiritus
672 5384 944 5439 humiliter
975 5383 1067 5438 Dei
1094 5382 1313 5453 gloriam
1335 5392 1656 5453 qurerentes,
1688 5394 1791 5436 non

211 5492 382 5545 suam,
422 5488 477 5532 et
514 5491 637 5531 eum
662 5476 860 5547 pietate
902 5482 1188 5542 sectantes,
1230 5472 1298 5529 ad
1328 5480 1485 5529 unam
1527 5471 1795 5545 pertinent

275 5631 288 5661 ⁸
323 5627 431 5678 mla
457 5627 606 5678 editio
620 5634 752 5685 Lov.,
777 5626 1021 5677 ardinare.

270 5687 291 5757 ξ
323 5691 554 5757 ﬁerique
576 5691 925 5757 omittunt
937 5724 951 5746 ,
963 5693 1059 5757 aut
1074 5686 1361 5739 beatitatem.

270 5753 290 5782 ³
322 5760 457 5813 3155.,
472 5749 691 5801 devincti
711 5756 838 5813 sinu,
858 5754 909 5813 ct
930 5749 973 5800 si
995 5762 1120 5813 sepe
1135 5762 1151 5811 ;
1170 5763 1363 5812 omisso,
1389 5752 1488 5801 sed.

268 5786 892 5877 (ἤῖἕιέιτὶἓὶᾜξῗίἱ.

3344 350 3450 409 33⁸

1868 454 2200 512 societatem.
2233 456 2298 511 Et
2322 466 2498 514 tamen
2526 460 2667 515 Deus
2701 461 3253 530 misericordissimus,
3275 474 3330 520 et
3354 481 3453 522 suo

1870 561 1966 616 per
1991 547 2179 617 impios
2206 548 2449 605 homines
2477 551 2684 620 patiens
2713 561 2814 619 est,
2853 562 2909 609 et
2941 554 3142 625 praebet
3173 556 3254 611 eis
3279 557 3455 626 pinnis

1871 638 2049 692 teutize
2074 647 2231 709 atque
2250 642 2594 696 correctionis
2620 643 2816 697 lucum.

1942 727 2031 782 32.
2069 727 2200 783 Nam
2248 740 2303 784 et
2328 730 2468 800 quod
2497 740 2683 787 omnes
2720 732 2926 788 diluvio
2966 728 3186 800 delevit,
3223 746 3456 808 excepto

1873 833 1980 872 uno
1999 818 2144 889 justo
2168 834 2288 874 cum
2315 821 2446 885 suis,
2473 833 2607 893 quos
2632 822 2688 877 in
2708 838 2831 879 arca
2858 827 3059 880 servari
3083 827 3268 893 voluit,
3290 844 3456 885 nove-

1871 918 1957 964 rat
1984 910 2197 980 quidem
2224 912 2364 982 quod
2386 928 2491 967 non
2521 926 2580 969 se
2607 916 2900 971 correctori
2929 924 3111 972 essent
3137 936 3150 972 :
3178 929 3453 976 verumta-

1873 1016 1995 1056 men
2025 1016 2145 1055 cum
2185 1017 2280 1072 per
2306 1012 2520 1058 centum
2545 1020 2718 1060 annos
2742 1018 2865 1062 area
2894 1005 3146 1063 fabricata
3172 1018 3276 1075 cst,
3307 1025 3449 1080 prte-

1874 1092 2153 1147 dicabatur
2213 1094 2395 1164 utique
2444 1095 2524 1152 eis
2586 1097 2663 1151 ira
2719 1098 2819 1153 Dei
2870 1108 3093 1155 ventura
3148 1110 3313 1172 super
3360 1118 3457 1159 eos

1876 1180 2026 1252 (Ceu.
2063 1198 2135 1248 vi,
2172 1183 2301 1254 vn);
2330 1191 2387 1239 ct
2427 1185 2472 1239 si
2505 1195 2946 1245 converterentur
2969 1191 2987 1223 ⁸
3018 1191 3084 1246 ad
3115 1192 3302 1259 Deum,
3333 1207 3458 1264 par-

1875 1282 2022 1329 ceret
2058 1274 2155 1339 cis,
2185 1275 2322 1330 sicut
2351 1279 2589 1348 pepercit
2622 1289 2802 1349 postea
2833 1280 3021 1337 Ninive
3053 1283 3252 1338 civitati
3281 1285 3458 1354 agenti

1876 1365 2264 1435 pmnitentlam,
2297 1383 2418 1421 cum
2452 1367 2501 1423 ei
2532 1382 2627 1438 per
2661 1370 2972 1439 prophetam
3027 1371 3261 1428 futurum
3300 1373 3461 1430 inter-

1876 1458 2006 1512 itum
2034 1459 2441 1527 prtenuntiasset
2470 1459 2641 1531 (Jama
2662 1468 2763 1531 ut).
2794 1463 2907 1518 Hoc
2928 1474 3105 1519 autem
3141 1466 3266 1522 facit
3292 1466 3458 1532 Deus,

1876 1548 2036 1603 etiam
2065 1548 2167 1604 illis
2192 1565 2325 1620 quos
2350 1550 2499 1606 novit
2534 1552 2587 1606 in
2618 1553 2818 1608 malitia
2854 1566 3287 1623 perseveraturos
3322 1558 3459 1615 dans

1877 1638 2171 1708 paenitendi
2193 1641 2443 1711 spatium,
2466 1650 2523 1696 ut
2545 1651 2783 1698 nostram
2804 1644 3107 1714 patientiam
3131 1656 3379 1703 exerceat
3403 1655 3461 1703 et

1878 1730 2127 1786 informet
2151 1733 2397 1802 exemplo
2424 1738 2557 1801 suo;
2598 1749 2704 1805 quo
2729 1736 3037 1792 noverimus
3074 1748 3331 1809 quantum
3358 1753 3460 1796 nos

1878 1829 2121 1890 Oporteat
2138 1822 2485 1879 tolerabiliter
2504 1826 2671 1881 malos
2693 1827 2979 1896 sustinere,
3000 1834 3125 1885 eum
3150 1831 3463 1902 ignoremus

1879 1914 2065 1982 quales
2095 1923 2277 1983 postea
2305 1916 2466 1970 futuri
2505 1925 2649 1983 sunt,
2678 1919 2892 1988 quando
2931 1920 3023 1976 ille
3050 1922 3220 1991 parcit
3255 1930 3313 1977 et
3334 1923 3464 1979 sinit

1880 2012 1974 2057 eus
1999 2003 2199 2067 vivere,
2247 2021 2404 2074 quem
2442 2006 2573 2060 nihil
2610 2007 2904 2063 futurorum
2945 2010 3093 2065 latet.
3122 1998 3461 2069 Prescotiu-

1882 2094 2038 2150 batur
2077 2104 2252 2150 tamen
2299 2098 2460 2151 etiam
2509 2097 2691 2152 diluvii
2742 2110 3079 2155 sacramento
3120 2116 3226 2171 quo
3270 2118 3365 2172 per
3402 2103 3466 2157 li-

1881 2199 2039 2254 gnum
2074 2186 2203 2255 justi
2234 2187 2442 2242 liberati
2486 2197 2629 2252 sunt,
2673 2187 2850 2242 futura
2893 2190 3129 2244 Ecclesia
3168 2206 3328 2262 quam
3367 2208 3465 2248 rex

1882 2276 1999 2346 ejus
2032 2286 2087 2332 et
2121 2278 2262 2333 Deus
2283 2277 2529 2333 Christus
2553 2280 2811 2350 mysterio
2849 2295 2961 2334 suae
3003 2280 3181 2336 crucis
3208 2282 3276 2337 ab
3302 2281 3467 2354 hujus

1883 2368 2063 2422 smculi
2107 2366 2476 2423 submersione
2526 2368 2825 2438 suspendit.
2878 2369 3063 2440 Neque
3122 2372 3267 2427 enim
3324 2372 3467 2428 Deus

1884 2457 2161 2529 ignorabat
2183 2458 2327 2529 quod
2358 2460 2520 2514 etiam
2543 2470 2606 2514 ex
2640 2460 2742 2514 illis
2771 2460 2860 2529 qui
2886 2461 3099 2516 fuerant
3123 2461 3177 2516 in
3205 2477 3329 2517 arca
3354 2477 3470 2518 ser-

1882 2551 2010 2612 vati,
2042 2550 2295 2604 nascituri
2324 2559 2475 2605 erant
2503 2550 2650 2615 mali,
2683 2551 2774 2620 qui
2806 2549 2994 2606 faciem
3031 2560 3189 2606 terra:
3213 2551 3469 2623 iniquita-

1887 2640 2026 2694 tibus
2049 2641 2239 2694 iterum
2278 2640 2603 2711 implerent:
2636 2640 2729 2695 sed
2769 2650 2944 2697 tamen
2971 2650 3026 2697 et
3057 2643 3359 2713 exemplum
3385 2642 3468 2697 fu—

1886 2730 1989 2785 turi
2026 2730 2213 2799 judicii
2266 2730 2430 2797 dedit,
2477 2740 2532 2786 et
2580 2738 2886 2786 sanctorum
2931 2732 3297 2788 liberationem
3339 2733 3472 2804 ligni

1886 2822 2144 2893 mysterio
2164 2823 2560 2893 praenuntiavit.
2592 2821 2725 2877 Nam
2764 2834 2821 2879 et
2845 2832 2966 2893 post
2998 2823 3116 2879 haec
3150 2840 3259 2879 non
3287 2840 3472 2881 cessa-

1884 2916 1961 2967 rit
1986 2914 2309 2984 repullulare
2349 2914 2548 2968 malitia
2576 2929 2669 2984 per
2706 2913 3012 2984 superbiam
3043 2925 3098 2969 ct
3138 2915 3388 2972 libidines
3415 2925 3475 2973 et

1887 3007 2097 3062 illicitas
2142 3007 2461 3077 impietates,
2510 3021 2632 3061 cum
2679 3005 2925 3062 homines
2969 3006 3185 3063 deserto
3217 3006 3474 3064 Creatorc

1887 3116 2005 3164 suo,
2049 3115 2156 3154 non
2196 3101 2368 3155 solum
2409 3098 2476 3153 ad
2516 3108 2817 3154 creaturam
2860 3113 3022 3170 quam
3060 3100 3202 3154 Deus
3231 3099 3476 3155 condidit

1888 3192 2021 3262 lapsi
2053 3199 2197 3255 sunt,
2229 3200 2288 3245 ut
2309 3205 2405 3259 pro
2433 3191 2543 3245 Deo
2571 3189 2813 3244 colerent
2843 3189 2987 3259 quod
3014 3189 3138 3245 fecit
3174 3190 3348 3257 Deus;
3376 3187 3477 3245 sed

1887 3285 2047 3339 etiam
2087 3282 2154 3336 ad
2196 3296 2359 3353 opera
2399 3294 2653 3335 manuum
2685 3280 2961 3334 hominum
3003 3287 3061 3336 et
3096 3280 3165 3336 ad
3198 3280 3474 3337 fabrorum

1888 3376 2111 3431 artiﬁcia
2137 3383 2498 3431 curvaverant
2517 3373 2724 3427 animas
2743 3387 2887 3435 suas.
2920 3372 3009 3428 ubi
3035 3372 3102 3428 de
3130 3373 3235 3429 illis
3266 3374 3478 3443 turpius

1889 3466 2130 3522 diabolus
2154 3474 2209 3520 et
2233 3464 2493 3520 daemonia
2516 3462 2937 3533 triumpharent;
2966 3479 3086 3533 qua:
3111 3477 3172 3517 se
3192 3462 3247 3518 in
3278 3462 3477 3517 talibus

1891 3556 2158 3629 ﬁgmentis
2177 3555 2386 3611 adorari
2415 3553 2768 3624 venerarique
2792 3554 3063 3621 laetantur,
3093 3553 3221 3609 dum
3247 3566 3470 3609 errores

1890 3664 2018 3705 suos
2048 3650 2294 3704 humanis
2319 3648 2594 3705 erroribus
2619 3648 2905 3718 pascunt”.

1962 3742 2055 3797 53.
2094 3740 2278 3810 Neque
2306 3748 2431 3794 tunc
2469 3752 2599 3793 sane
2622 3736 2908 3793 defuerunt
2928 3736 3056 3808 justi
3085 3737 3175 3809 qui
3202 3738 3366 3793 Deum
3389 3737 3478 3808 pio

1891 3841 2216 3906 quaarerent,
2246 3842 2303 3888 et
2344 3832 2648 3903 superbiam
2675 3832 2876 3889 diaboli
2911 3832 3207 3897 vincerent,
3238 3831 3385 3885 cives
3409 3829 3478 3884 ila

1894 3929 1997 3984 lius
2024 3935 2223 3983 sanctae
2262 3925 2512 3991 civitatis,
2555 3939 2689 3995 quos
2732 3926 2875 3995 regis
2900 3924 2982 3980 sui
3024 3924 3220 3980 Christi
3252 3933 3476 3980 ventura

1894 4021 2166 4077 humilitas
2205 4028 2300 4089 per
2343 4018 2598 4088 Spiritum
2638 4014 2876 4072 revelata
2919 4016 3147 4071 sanavit.
3180 4014 3256 4071 Ex
3285 4014 3479 4086 quibus

1895 4112 2162 4169 Abraham
2181 4112 2298 4181 pius
2314 4120 2368 4165 et
2380 4109 2550 4164 ﬁdelis
2566 4108 2658 4164 Dei
2670 4123 2857 4164 servus
2873 4109 3076 4164 electus
3087 4117 3168 4164 est
3184 4107 3337 4179 (Cen.
3351 4106 3476 4179 xu),

1893 4204 1977 4259 cui
1998 4203 2460 4259 demonstraretur
2479 4209 2869 4256 sacramentum
2891 4190 3010 4254 Filii
3036 4200 3153 4264 Dei,
3179 4208 3237 4254 ut
3258 4210 3480 4271 propter

1892 4295 2245 4349 imitationem
2277 4292 2402 4347 ﬁdei
2424 4297 2613 4347 Omnes
2640 4291 2827 4347 ﬁdeles
2849 4291 3088 4346 omnium
3111 4292 3348 4361 gentium
3382 4293 3479 4348 lilii

1895 4387 2014 4457 ejus
2050 4384 2211 4440 futuri
2251 4373 2576 4439 dicerentur.
2618 4378 2701 4436 Εἰ
2742 4382 2835 4436 ἰΙΙο
2878 4386 3035 4436 natus
3062 4389 3147 4437 est
3187 4381 3416 4451 populus
3443 4397 3477 4436 a

1894 4492 2001 4548 quo
2037 4491 2175 4531 unus
2214 4475 2352 4529 Deus
2397 4478 2553 4528 verus
2593 4472 2859 4528 coleretur
2890 4471 2981 4541 qui
3022 4470 3148 4526 fecit
3188 4471 3385 4526 catlum
3423 4476 3481 4527 et

1896 4574 2091 4623 terram
2111 4609 2125 4633 ,
2153 4574 2273 4621 eum
2303 4574 2513 4620 extera)
2549 4570 2736 4634 gentes
2772 4561 3076 4618 simulacris
3108 4569 3165 4617 et
3200 4562 3481 4618 daemoniis

1896 4662 2173 4718 servirent.
2201 4657 2258 4714 lu
2286 4674 2353 4714 eo
2380 4658 2538 4728 plane
2567 4654 2764 4727 popqu
2788 4650 2957 4710 multo
2979 4653 3279 4710 evidentius
3303 4654 3483 4710 futura

1897 4753 2135 4809 Ecclesia
2163 4750 2383 4822 ﬁgurata
2414 4758 2515 4804 εει.
2546 4749 2673 4803 Erat
2700 4747 2843 4802 enim
2876 4746 2946 4800 ibi
2973 4746 3257 4802 multitudo
3293 4759 3485 4801 carna-

1896 4846 1982 4908 lis,
2030 4858 2147 4915 qua:
2192 4848 2409 4913 prhpter
2455 4839 2683 4895 visibilia
2729 4837 2988 4892 beneﬁcia
3039 4837 3249 4892 colebat
3290 4837 3483 4893 Deum.

1898 4938 2062 4992 Erant
2088 4935 2157 4990 ibi
2184 4942 2358 4989 autem
2391 4931 2541 5001 pauci
2572 4930 2804 4985 futuram
2833 4930 3073 4998 requiem
3103 4928 3398 4998 cogitantes
3427 4933 3487 4983 et

1897 5028 2168 5083 cmlestem
2216 5023 2440 5095 patriam
2480 5021 2832 5090 requirentes,
2877 5018 3069 5088 quibus
3112 5016 3485 5087 prophetando

1901 5115 2235 5172 revelabatur
2280 5113 2455 5166 futura
2498 5110 2770 5165 humilitas
2822 5108 2939 5171 Dei,
2987 5109 3126 5178 regis
3170 5117 3225 5163 et
3272 5106 3484 5163 Domitii

1899 5207 2065 5262 nostri
2099 5205 2228 5260 Jesu
2256 5203 2474 5267 Christi,
2507 5210 2569 5255 ut
2605 5213 2703 5270 per
2739 5215 2858 5256 eam
2899 5198 3056 5253 tidem
3101 5198 3170 5252 ab
3207 5198 3353 5253 omni
3382 5198 3481 5254 rii-

1901 5298 2079 5369 perbia
2108 5297 2166 5352 et
2192 5305 2402 5351 tumore
2426 5302 2761 5348 sanarentur.
2803 5292 3002 5349 Horum
3031 5298 3360 5358 sanctorum,
3389 5293 3481 5363 qui

1899 5394 2287 5460 praecesserunt
2326 5393 2566 5455 tempore
2611 5383 2941 5438 nativitatem
2984 5379 3217 5449 Domini,
3248 5392 3355 5438 non
3395 5392 3484 5435 so-

1902 5484 2009 5536 lum
2038 5494 2237 5543 sermo,
2267 5477 2361 5533 sed
2381 5478 2541 5532 etiam
2563 5477 2692 5542 vita,
2714 5484 2768 5530 et
2792 5470 3061 5545 conjugis,
3089 5483 3140 5529 et
3164 5473 3285 5539 lilii,
3313 5480 3369 5529 et
3398 5471 3480 5526 la-

1901 5582 2006 5638 eta,
2052 5569 2329 5642 prephetia
2375 5568 2471 5622 l‘uit
2520 5567 2677 5637 hujus
2716 5566 2997 5637 temporis,
3037 5577 3143 5634 quo
3190 5577 3289 5633 per
3319 5561 3479 5617 ﬁdem

1968 5688 1981 5717 ι
2002 5689 2076 5734 Er.
2101 5690 2151 5733 et
2172 5687 2306 5741 Lov.,
2330 5678 2441 5741 utsi
2462 5684 2868 5731 converterentur.
2887 5685 2985 5729 Am.
3013 5682 3061 5729 et
3084 5680 3211 5736 ωδ..
3231 5676 3280 5725 sl
3300 5671 3347 5727 si
3365 5662 3503 5723 δῶμ’

1908 5750 2199 5807 verterentur
2227 5779 2240 5792 .
2292 5803 2301 5807 _
2424 5805 2432 5807 ἓ
2453 5803 2465 5807 _
2754 5796 2765 5807 ,

1969 5810 1988 5839 ³
2022 5803 2331 5856 t-‘loriaccnsls
2353 5803 2544 5855 cuidam
2567 5808 2668 5865 Μελ,
2697 5803 2910 5850 nascenti
