3896 6382
496 345 601 402 355

496 457 756 525 passionis
789 452 981 509 Christi
1021 467 1084 506 ex
1124 448 1373 521 gentibus
1420 454 1772 516 congregatur
1800 441 2065 497 Ecclesia.

500 550 601 603 I'er
634 547 752 602 illos
799 552 1010 599 sanctos
1060 538 1393 596 Patriarchas
1429 546 1483 591 et
1529 535 1824 604 Prophetas
1868 531 2071 587 carnali

498 639 692 711 papula
724 636 901 702 Israel,
932 635 1019 704 qui
1048 642 1229 704 postea
1267 630 1427 685 etiam
1454 628 1622 683 Judaei
1645 623 1892 695 appellati
1923 631 2068 685 sunt,

492 741 547 785 et
578 730 798 785 visibilia
829 726 1084 783 beneﬁcia
1114 722 1548 779 ministrabantur
1574 733 1693 788 quae
1731 715 2014 771 carnaliter
2041 728 2071 767 a

498 820 723 877 Domino
749 816 1141 880 desiderabant,
1178 823 1232 868 ct
1258 810 1610 867 coercitiones
1639 821 1913 877 pinnarum
1953 818 2073 859 cor-

493 913 757 984 poralium
776 910 978 980 quibus
1017 923 1114 977 pro
1140 916 1379 974 tempore
1421 909 1766 965 terrerentur,
1809 898 1945 951 sicut
1981 910 2072 950 co-

495 1021 614 1060 rum
652 1004 862 1059 duritia:
896 1000 1237 1071 congruebat.
1274 996 1343 1049 Et
1381 995 1434 1049 in
1480 993 1562 1047 his
1606 999 1781 1045 tamen
1825 986 2073 1043 omnibus

496 1097 751 1169 mysteria
770 1093 1064 1165 Spiritualia
1090 1088 1539 1161 signiﬁcabantur,
1562 1099 1680 1153 qua:
1704 1080 1772 1135 ad
1805 1078 2073 1135 Christum

494 1168 567 1243 et,
599 1186 890 1243 Ecclesiam
939 1182 1266 1252 pertinerent
1294 1196 1307 1231 :
1335 1177 1485 1246 cujus
1531 1173 1784 1228 Ecclesia:
1832 1168 2074 1224 membra

497 1289 649 1334 erant
691 1278 850 1332 etiam
884 1276 959 1329 illi
991 1272 1181 1336 sancti,
1223 1268 1466 1339 quamvis
1511 1268 1562 1319 in
1594 1265 1691 1319 hac
1734 1264 1840 1316 vita
1880 1262 2076 1315 fuerint

495 1378 785 1437 antequam
828 1362 1121 1420 secundum
1164 1375 1378 1415 carnem
1416 1357 1661 1413 Christus
1692 1355 1951 1408 Dominus
1983 1366 2077 1406 na-

495 1469 751 1515 sceretur.
795 1457 913 1527 Ipse
955 1455 1096 1511 enim
1138 1451 1442 1522 unigenitus
1475 1449 1567 1503 Dei
1614 1447 1798 1511 Filius,
1841 1444 2073 1499 Verbum

498 1550 689 1615 Patris,
737 1546 941 1617 aequale
977 1554 1032 1599 et
1068 1551 1391 1597 eomternnm
1435 1538 1599 1602 Patri,
1638 1552 1732 1606 per
1757 1534 1895 1605 quod
1939 1533 2076 1588 facta

495 1652 621 1697 sunt
650 1641 849 1704 omnia,
893 1639 1057 1692 homo
1088 1645 1303 1705 propter
1346 1648 1444 1687 nos
1485 1632 1657 1685 factus
1684 1637 1785 1694 est,
1833 1638 1889 1681 ut
1917 1628 2077 1681 totius

496 1732 753 1787 Ecclesia:
796 1738 1049 1797 tanquam
1079 1725 1239 1779 totius
1282 1721 1523 1790 corporis
1567 1726 1724 1787 caput
1759 1725 1921 1771 esset.
1970 1714 2078 1771 Sed

496 1824 641 1877 velut
676 1827 819 1876 totus
846 1820 1006 1873 homo
1048 1815 1174 1870 dum
1222 1813 1476 1875 nascitur,
1509 1809 1725 1865 etiamsi
1771 1821 1989 1861 manum
2021 1805 2078 1860 in

497 1912 764 1969 nascendo
789 1907 1097 1980 prmmittat,
1140 1914 1317 1959 tamen
1347 1902 1593 1956 universo
1626 1898 1836 1969 corpori
1866 1896 1966 1951 sub
1996 1911 2079 1951 ca-

497 2005 603 2074 pite
629 2002 923 2070 conjuncta
962 2007 1121 2067 atque
1162 2003 1437 2064 compacta
1483 2000 1584 2057 est,
1622 1988 2071 2061 quemadmodum

496 2096 656 2149 etiam
686 2091 928 2148 nonnulli
952 2090 1005 2143 in
1036 2089 1166 2157 ipsis
1193 2084 1521 2141 Patriarchis
1541 2083 1607 2137 ad
1635 2082 1788 2151 hujus
1811 2081 1975 2151 ipsius
2000 2081 2079 2136 rei

497 2187 702 2255 signum
731 2197 889 2237 manu
922 2179 1191 2250 prmmissa
1230 2176 1338 2231 nati
1367 2184 1492 2230 sunt
1521 2172 1937 2244 (Gen.xxv,25)
1964 2190 1975 2226 :
2005 2173 2079 2227 ita

497 2286 684 2331 omnes
704 2273 874 2327 sancti
904 2270 993 2340 qui
1032 2279 1155 2323 ante
1187 2266 1395 2322 Domini
1421 2266 1586 2320 nostri
1614 2264 1741 2320 Iesu
1760 2264 1956 2318 Christi
1982 2279 2078 2317 na-

497 2368 753 2422 tivitatem
785 2364 836 2417 in
868 2362 1027 2416 terris
1053 2359 1286 2424 luerunt,
1324 2356 1566 2429 quamvis
1609 2364 1734 2411 ante
1777 2355 1885 2409 nati
1930 2363 2075 2422 sunt,

498 2467 675 2512 tamen
715 2454 963 2509 universo
1004 2450 1238 2520 corpori,
1284 2449 1434 2519 cujus
1470 2448 1558 2502 ille
1594 2456 1755 2517 caput
1796 2448 1936 2513 est‘,
1979 2446 2080 2501 sub

499 2549 671 2617 capite
696 2545 1054 2600 cohaeserunt.

516 2668 521 2673 -
574 2636 799 2693 CAPUT
818 2633 1013 2690 XX.—
1035 2633 1122 2688 54.
1147 2630 1499 2685 lsraelitarum
1524 2629 1732 2683 servitus
1756 2629 1807 2682 in
1824 2626 2074 2699 Egypto,

498 2740 543 2783 et
570 2728 796 2784 liberalia
824 2726 999 2795 viaque
1024 2741 1112 2794 per
1138 2739 1275 2777 mare
1298 2722 1547 2776 Rubrum.
1582 2720 1868 2789 Baptisntus
1889 2720 2084 2789 ﬁgura-

501 2832 600 2874 tus.
628 2820 745 2872 (luis
765 2816 1042 2871 immolatio
1069 2816 1316 2885 passionis
1341 2811 1527 2868 Christi
1552 2814 1737 2882 ﬁgura.
1761 2811 1869 2866 Lex
1888 2813 2082 2882 scripta

500 2911 657 2981 digito
682 2908 798 2963 Dei.
825 2906 1112 2961 Jerusalem
1144 2918 1292 2976 typus
1324 2904 1537 2958 civitatis
1577 2902 1805 2957 caelestis.
1847 2903 2081 2973 Populus

499 3016 627 3071 ergo
646 2999 735 3054 ille
756 2998 962 3053 delatus
979 2997 1034 3051 in
1049 2995 1360 3066 Egyptum,
1386 2995 1604 3050 servivit
1632 2994 1739 3063 regi
1769 2993 2076 3058 durissimo;

497 3101 554 3147 et
577 3089 903 3162 gravissimis
932 3088 1202 3144 laboribus
1226 3086 1499 3153 eruditus,
1532 3085 1776 3156 quresivit
1823 3084 2079 3139 liberato-

499 3199 613 3239 rem
662 3184 826 3237 Deum
860 3198 875 3236 :
906 3190 962 3236 et
994 3180 1186 3235 missus
1209 3188 1296 3234 est
1324 3179 1401 3233 eis
1431 3192 1569 3233 unus
1593 3176 1664 3233 de
1690 3177 1805 3246 ipso
1835 3177 2029 3246 populo
2061 3204 2083 3242 ,-

498 3282 714 3332 sanctus
741 3273 831 3327 Dei
856 3288 1042 3327 servus
1069 3269 1277 3340 Moyses
1294 3310 1308 3334 ,
1333 3268 1424 3339 qui
1448 3268 1502 3322 in
1532 3268 1728 3322 virtute
1754 3266 1847 3321 Dei
1876 3266 2081 3336 magnis

500 3364 771 3421 miraculis
799 3373 1007 3419 terrens
1037 3371 1163 3416 tunc
1198 3360 1414 3429 impiam
1442 3368 1653 3430 gentem
1685 3357 2077 3427 Egyptiorum,

496 3456 695 3512 eduxit.
724 3454 846 3509 inde
887 3453 1137 3522 populum
1186 3449 1283 3505 Dei
1332 3464 1426 3518 per
1474 3464 1620 3505 mare
1668 3447 1939 3511 Rubrum;
1990 3448 2078 3502 ubi

499 3545 782 3602 discedens
830 3559 965 3613 aqua
1011 3544 1149 3597 viam
1191 3542 1415 3612 pra-buit
1441 3541 1836 3596 transeuntibus
1869 3557 1882 3593 :
1914 3539 2080 3611 .«Egy-

502 3636 594 3706 ptii
642 3644 819 3689 autem
848 3649 969 3688 cum
999 3648 1093 3689 eos
1122 3639 1572 3702 persequerentur
1591 3673 1606 3697 ,
1650 3631 1993 3687 redeuntibus
2023 3632 2079 3688 in

500 3743 560 3782 se
585 3726 832 3781 ﬂuctibus
854 3723 1090 3778 demersi
1126 3722 1372 3778 exstincti
1415 3732 1560 3777 sunt.
1611 3722 1686 3777 Ita
1732 3723 2078 3792 quemadmo-

499 3820 628 3873 dum
658 3832 750 3888 per
782 3815 1034 3870 diluvium
1065 3814 1217 3883 aquis
1256 3822 1397 3869 terra
1435 3822 1654 3883 purgata
1680 3824 1763 3868 est
1789 3829 1818 3866 a
1847 3814 2077 3883 nequitia

502 3918 838 3981 peccatorum
858 3948 873 3973 ,
902 3906 993 3975 qui
1023 3914 1146 3960 tunc
1172 3907 1223 3959 in
1252 3905 1339 3958 illa
1362 3905 1706 3960 inundatione
1734 3905 1896 3961 deleti
1931 3916 2075 3975 sunt,

504 4012 559 4058 et
581 4001 708 4071 justi
743 4006 1029 4055 evaserunt
1055 4012 1148 4067 per
1173 3998 1369 4066 lignum
1400 4013 1413 4049 :
1444 3996 1521 4052 sic
1545 4012 1615 4052 ex
1641 3995 1871 4067 IEgypto
1896 3996 2079 4053 exiens

502 4094 728 4166 populus
766 4093 882 4159 Dei,
914 4107 1009 4161 per
1031 4105 1199 4159 aquas
1224 4090 1323 4144 iter
1353 4089 1588 4154 invenit,
1626 4090 1819 4159 quibus
1844 4089 2077 4159 ipsorum

500 4188 684 4243 hostes
710 4184 1027 4252 consumpti
1077 4190 1221 4237 sunt.
1274 4181 1383 4235 Nec
1430 4181 1501 4235 ibi
1541 4180 1708 4235 deluit
1743 4181 1870 4250 ligni
1900 4195 2078 4234 sacra.

500 4288 759 4335 mentum.
786 4276 916 4330 Nam
941 4276 1082 4344 virga
1111 4272 1371 4342 percussit
1399 4272 1637 4343 Moyses,
1667 4282 1724 4327 ut
1749 4271 1877 4326 illud
1909 4273 2075 4326 mira-

497 4369 675 4427 cnlum
703 4367 873 4422 ﬁeret.
907 4364 1199 4433 Utrumque
1232 4362 1439 4434 signum
1467 4372 1551 4418 est
1584 4364 1751 4419 sancti
1778 4364 2032 4433 Baptismi
2057 4403 2074 4427 ,

505 4478 601 4530 per
626 4460 767 4531 quod
818 4459 1000 4513 Iideles
1028 4458 1095 4511 in
1128 4472 1319 4511 novam
1354 4457 1516 4511 vitam
1547 4466 1840 4523 transeunt,
1861 4467 2077 4526 peccata

499 4566 631 4605 vero
645 4564 835 4604 eorum
862 4556 1111 4616 tanquam
1149 4545 1347 4601 inimici
1375 4545 1622 4601 delentur
1645 4556 1803 4616 atque
1834 4547 2074 4601 moriun-

502 4654 607 4698 tur.
634 4641 885 4711 Apertius
911 4649 1088 4693 autem
1114 4638 1307 4693 Cltristi
1335 4638 1508 4708 passio
1533 4639 1584 4691 in
1607 4638 1697 4692 illo
1726 4638 1917 4708 popqu
1946 4638 2079 4708 ligu-

502 4744 616 4788 rata
636 4740 744 4797 est,
771 4746 890 4787 cum
913 4730 1045 4798 jussi
1072 4737 1195 4783 sunt
1217 4744 1370 4783 ovem
1395 4727 1639 4783 occidere
1659 4736 1712 4782 et
1732 4728 2074 4797 manducare,

497 4836 553 4881 et
577 4824 645 4879 de
671 4823 925 4892 sanguine
952 4823 1070 4890 ejus
1095 4829 1271 4890 postes
1299 4835 1424 4874 suos
1451 4820 1681 4889 signare,
1707 4827 1762 4874 et
1796 4818 1900 4875 hoc
1931 4821 2075 4875 cele-

500 4918 657 4972 Imtre
684 4915 827 4969 omni
855 4928 1016 4976 anno,
1046 4922 1101 4967 et
1125 4911 1392 4982 appellare
1418 4910 1619 4964 Pascha
1648 4910 1876 4965 Domini.
1908 4910 2077 4965 Mani-

499 5006 781 5062 lestissime
799 5005 992 5074 quippe
1014 5003 1289 5072 prophetia
1312 5003 1332 5033 ³
1354 5001 1419 5056 dc
1449 5000 1670 5057 Domino
1704 5000 1829 5057 .Iesu
1854 4999 2069 5056 Christo

497 5098 797 5167 dicit,,quia
836 5106 1073 5165 tanquam
1103 5095 1207 5149 ocis
1256 5094 1324 5147 ad
1369 5092 1736 5147 immolandum
1784 5092 1963 5147 ductus
2003 5104 2076 5148 est

498 5189 655 5262 (Issi.
685 5204 793 5255 un,
816 5189 895 5258 7).
918 5188 1080 5256 Cujus
1109 5186 1370 5257 passionis
1390 5195 1443 5239 et
1462 5186 1637 5241 crucis
1655 5185 1808 5256 signa
1829 5186 1882 5240 in
1903 5186 2075 5241 fronte

498 5280 655 5336 hodie
690 5290 945 5349 tanquam
995 5279 1048 5333 in
1104 5286 1256 5348 poste
1307 5275 1594 5346 signandus
1635 5292 1729 5345 es,
1780 5291 2075 5348 omnesque

497 5369 783 5427 Christiani
811 5369 1106 5438 signantur.
1512 5418 1523 5425 ,
1648 5400 1651 5423 :

570 5461 658 5516 ὣς
692 5458 821 5515 Iade
852 5474 953 5528 per
975 5457 1242 5512 desertum
1268 5458 1493 5528 populus
1520 5458 1608 5515 ille
1630 5458 1821 5516 ductus
1845 5468 1946 5528 est,
1977 5475 2074 5532 per

495 5552 839 5623 quadraginta
885 5566 1052 5605 annos
1097 5549 1301 5619 accepit
1340 5552 1499 5606 etiam
1545 5553 1714 5624 legem
1772 5553 1937 5626 digito
1978 5555 2071 5611 Dei

508 5696 515 5701 ’
563 5688 580 5751 9
618 5696 716 5751 Arn.
745 5693 945 5751 etgstssq
967 5686 1293 5751 cujusquain
1316 5693 1458 5751 caput
1487 5694 1575 5739 est.

562 5749 583 5783 ³
614 5746 706 5797 soli
731 5748 865 5807 editi,
887 5746 1129 5812 prapltctul

1345 334 1431 390 DE
1469 327 2011 389 CATECIIIZtNDIS
2050 326 2368 389 IlUDIBUS.
2408 328 2464 382 s.
2509 327 2877 384 AUGUSTINI
3614 335 3696 389 εδδ

2188 441 2436 510 scriptam
2465 441 2656 512 (Exod.
2688 458 2822 507 t-xx,
2853 457 2993 496 xxxn
3018 483 3031 506 ,
3062 458 3243 507 xvxrv;
3272 441 3422 495 Num.
3448 459 3539 509 xlv,
3559 446 3640 503 53,
3660 457 3695 499 et

2179 532 2327 587 Deut.
2351 549 2495 599 xxtx,
2526 533 2604 605 5),
2629 549 2735 603 quo
2763 534 2977 588 nomine
3006 533 3326 603 signiﬁcatur
3359 534 3567 602 Spiritus
3599 552 3698 591 san-

2178 633 2330 691 ctus,
2370 625 2504 679 sicut
2547 625 2598 679 in
2644 625 2929 695 Evangelia
2980 622 3404 678 manifestissime
3444 624 3698 682 declaratur

2180 714 2330 784 (Luc.
2360 731 2433 780 xi,
2462 715 2576 786 20).
2610 715 2793 785 Neque
2822 715 2965 769 enim
2994 715 3134 770 Deus
3158 714 3323 768 forma
3350 716 3571 784 corporis
3594 716 3702 769 deli-

2179 807 2318 861 nitus
2351 817 2461 873 est,
2494 822 2591 862 nec
2618 807 2696 862 sic
2724 807 2779 860 in
2806 806 2901 861 illo
2924 805 3161 860 membra
3201 813 3255 860 et
3290 804 3432 873 digiti
3478 806 3700 872 cogitandi

2178 906 2320 961 sunt,
2344 897 2790 968 quemadmodum
2823 896 3064 951 videmus
3092 896 3141 949 in
3182 894 3332 949 nobis
3357 911 3369 947 :
3398 896 3484 949 sed
3505 896 3610 965 quia
3629 910 3703 964 per

2178 988 2432 1057 Spiritum
2460 999 2699 1043 Sanctum
2724 987 2861 1042 dona
2885 988 2975 1041 Dei
2992 986 3188 1040 sanctis
3207 986 3517 1053 dividuntur,
3543 995 3592 1040 ut
3608 1003 3702 1040 cum

2179 1080 2385 1135 diversa
2434 1089 2673 1149 possunt,
2723 1096 2829 1133 non
2876 1089 3056 1134 tamen
3098 1077 3373 1133 discedant
3404 1093 3434 1131 a
3460 1078 3707 1133 concordia

2180 1172 2472 1236 charitatis,
2504 1171 2554 1224 in
2582 1170 2760 1240 digitis
2784 1179 2961 1225 autem
3003 1169 3233 1225 maxime
3261 1176 3474 1239 apparet
3506 1167 3706 1237 quaedam

2179 1263 2388 1327 divisio,
2413 1277 2509 1316 nec
2530 1271 2703 1316 tamen
2726 1260 2793 1316 ab
2815 1261 3013 1315 unitate
3033 1260 3299 1332 praecisio;
3323 1260 3432 1313 sive
3453 1266 3708 1328 propterea,

2180 1353 2292 1407 sive
2345 1362 2562 1421 proliter
2611 1352 2768 1405 aliam
2833 1365 3221 1420 quamcumque
3275 1364 3485 1404 causam
3526 1348 3711 1418 Spiritus

2180 1455 2397 1501 sanctus
2425 1445 2719 1514 appellatus
2746 1454 2825 1499 est
2850 1442 3045 1513 digitus
3083 1444 3213 1511 Dei,
3244 1457 3349 1498 non
3380 1451 3546 1496 tamen
3563 1470 3582 1506 κ,
3617 1455 3711 1493 cunt

2182 1535 2285 1591 hoc
2319 1536 2599 1599 audimus,
2633 1535 2849 1589 humani
2877 1533 3117 1603 corporis
3147 1532 3314 1587 l‘orma
3349 1530 3611 1602 cogitanda
3633 1538 3727 1584 est.

2182 1628 2400 1697 Accepit
2426 1641 2555 1696 ergo
2585 1626 2675 1680 ille
2705 1626 2929 1696 populus
2958 1626 3127 1695 legem
3168 1624 3333 1694 digito
3374 1623 3467 1677 Dei
3503 1623 3713 1692 scriptam

2182 1718 2234 1772 in
2268 1718 2460 1773 tabulis
2486 1733 2614 1772 sane
2643 1718 2899 1787 lapideis,
2951 1716 3018 1771 ad
3069 1717 3472 1787 signiﬁcandam
3510 1714 3715 1769 duritiam

2182 1810 2359 1866 cordis
2383 1810 2617 1876 illorum,
2647 1809 2789 1879 quod
2819 1810 2987 1879 legem
3014 1824 3119 1863 non
3144 1816 3300 1864 erant
3324 1805 3719 1877 impleturi.Cor-

2183 1901 2382 1971 poralia
2408 1901 2602 1970 quippe
2618 1900 2755 1954 dona
2778 1899 3141 1954 desiderantes
3156 1916 3185 1954 a
3206 1899 3452 1961 Domino,
3468 1898 3618 1967 magis
3630 1911 3721 1950 caro

2182 1994 2289 2047 nali
2312 1993 2501 2048 timore
2525 2007 2683 2062 quam
2706 1992 2966 2061 spirituali
2993 1992 3253 2046 eharitate
3279 1990 3591 2046 tenebantur
3614 2004 3626 2040 :
3653 1987 3717 2040 le-

2182 2100 2304 2155 gem
2340 2092 2517 2138 autem
2568 2099 2673 2137 non
2727 2083 2910 2154 implet
2954 2084 3054 2137 nisi
3102 2084 3360 2137 charitas.
3414 2081 3532 2136 Ideo
3578 2080 3720 2134 multis

2183 2177 2533 2233 sacramentis
2560 2175 2854 2231 visibilibus
2877 2175 3083 2229 onerati
3112 2183 3241 2229 sunt
3258 2216 3273 2241 ,
3306 2189 3413 2244 quo
3438 2172 3603 2227 servili
3627 2170 3721 2238 jugo

2183 2275 2573 2338 premerentur,
2605 2266 2659 2321 in
2688 2265 3153 2321 observationibus
3176 2266 3421 2320 ciborum
3452 2272 3505 2318 et
3529 2264 3573 2315 in
3592 2260 3724 2315 sacri-

2186 2357 2318 2413 ficiis
2343 2357 2674 2423 animalium,
2701 2366 2755 2412 et
2778 2356 2831 2412 in
2856 2356 2974 2411 aliis
2996 2355 3479 2412 innumerabilibus
3509 2368 3645 2423 :qua:
3663 2363 3724 2403 ta-

2184 2466 2306 2506 men
2349 2452 2498 2521 signa
2542 2459 2695 2505 erant
2732 2466 2909 2505 rerum
2955 2450 3321 2521 spiritualium
3369 2449 3435 2504 ad
3488 2448 3725 2503 Dominum.

2182 2542 2364 2598 .Iesum
2395 2543 2663 2598 Christum
2686 2552 2740 2598 et
2768 2543 2833 2597 ad
2864 2542 3154 2597 Ecclesiam
3200 2541 3615 2612 pertinentium;
3640 2551 3729 2606 qua

2185 2644 2310 2689 tunc
2337 2649 2367 2687 a
2408 2634 2589 2704 paucis
2632 2634 2828 2687 sanctis
2864 2641 2920 2687 et
2954 2632 3399 2702 iutelligebantur
3434 2630 3502 2686 ad
3544 2628 3732 2685 lruchun

2182 2725 2387 2790 salutis,
2418 2732 2473 2780 et
2497 2724 2916 2779 observabantur
2943 2723 3010 2779 ad
3034 2724 3450 2794 congruentiam
3479 2720 3729 2791 temporis,

2183 2829 2213 2868 a
2256 2815 2589 2870 multitudine
2614 2830 2741 2869 vero
2768 2814 3061 2869 carnalium
3107 2813 3488 2871 tantummodo
3527 2812 3734 2868 absenta-

2186 2906 2396 2971 bantur,
2426 2920 2530 2960 non
2563 2905 3009 2976 intelligebantur.

2248 2999 2343 3055 ‘56.
2386 2999 2491 3055 Per
2517 2998 2681 3053 multa
2712 2998 2889 3067 itaque
2917 3006 2971 3051 et
2997 2996 3140 3051 varia
3164 2996 3327 3068 signa
3362 3011 3541 3053 rerum
3576 2993 3736 3048 futura-

2183 3105 2322 3156 rum,
2358 3104 2491 3160 quas
2534 3089 2747 3159 longum
2774 3096 2855 3143 est
2884 3102 3073 3142 omnes
3110 3101 3546 3143 commemorare
3565 3125 3577 3149 ,
3603 3092 3649 3138 et
3668 3094 3736 3134 eis

2183 3196 2325 3237 nunc
2352 3182 2402 3235 in
2428 3180 2668 3235 Ecclesia
2692 3179 2931 3234 videmus
2957 3178 3205 3248 impleri,
3240 3178 3535 3250 perductus
3561 3184 3634 3232 est
3672 3172 3739 3226 illo

2184 3274 2409 3344 populus
2467 3273 2535 3327 ad
2578 3282 2773 3327 terram
2815 3271 3206 3342 promissionis,
3263 3272 3360 3327 ubi
3418 3268 3739 3340 temporalitcr

2182 3366 2569 3435 carnaliterque
2593 3373 2840 3435 regnaret
2878 3379 2972 3433 pro
3010 3362 3168 3418 modo
3194 3363 3463 3419 desiderii
3485 3362 3566 3419 sui
3596 3354 3743 3429 :quod

2183 3464 2361 3510 tamen
2406 3471 2625 3524 regnum
2667 3464 2937 3509 terrenum
2978 3454 3124 3524 regni
3155 3455 3463 3523 spiritualis
3500 3452 3742 3521 imaginem

2182 3546 2443 3618 gessitJhi
2460 3546 2751 3601 Jerusalem
2767 3544 2976 3600 condita
2993 3556 3074 3599 est
3093 3544 3465 3601 famosissima
3479 3538 3743 3601 civitasDei,

2182 3638 2423 3692 serviens
2451 3638 2502 3690 in
2531 3636 2680 3705 signo
2700 3634 2879 3690 liberae
2895 3636 3140 3701 civitatis,
3155 3651 3282 3705 quae
3298 3636 3538 3691 cmlestis
3565 3632 3745 3688 Jerusaé

2184 3730 2285 3784 lem
2325 3728 2516 3783 dicitur
2554 3726 2746 3799 (Colat.
2776 3741 2848 3789 tv,
2884 3726 2975 3792 εδδ
3002 3726 3117 3796 26),
3139 3726 3291 3795 quod
3331 3727 3556 3783 verbum
3579 3730 3651 3779 est
3676 3720 3747 3773 he-

2183 3820 2404 3886 hrznum,
2427 3829 2481 3873 et
2502 3819 2875 3887 interpretatur
2900 3816 3044 3871 Visio
3066 3817 3234 3887 pacis.
3277 3816 3456 3888 Cujus
3475 3817 3619 3871 cives
3653 3818 3749 3866 sunt

2183 3922 2372 3963 omnes
2392 3907 2705 3963 sanctilieati
2732 3906 2975 3961 homines
2994 3907 3081 3976 qui
3112 3906 3365 3974 fuerunt,
3393 3906 3751 3978 etquisunt,et

2182 4002 2270 4071 qui
2312 4000 2471 4055 futuri
2515 4010 2671 4065 sunt;
2704 4010 2758 4055 et
2784 4015 2972 4055 omnes
2996 4000 3318 4055 sanetilicati
3352 4003 3595 4071 Spiritus,
3622 3996 3751 4051 etiam

2182 4092 2500 4161 quicumque
2519 4092 2569 4145 in
2593 4091 2818 4146 excelsis
2839 4091 3099 4145 caelorum
3120 4092 3374 4159 partibus
3394 4093 3481 4162 pia
3499 4087 3752 4145 devmione

2184 4184 2552 4254 obtemperant
2583 4184 2722 4249 Deo,
2753 4198 2852 4238 nec
2878 4184 3151 4237 imitantur
3196 4184 3432 4255 impiam
3472 4182 3661 4239 diaboli
3684 4193 3755 4232 su-

2185 4280 2420 4348 perbiam
2465 4287 2521 4334 et
2562 4278 2869 4348 angelorum
2908 4277 3044 4346 ejus.
3088 4276 3255 4346 IIujus
3297 4279 3540 4333 civitatis
3580 4289 3665 4330 rex
3692 4276 3757 4325 est

2184 4371 2437 4424 Dominus
2479 4370 2634 4424 Jesus
2672 4369 2913 4423 Christus
2934 4409 2949 4434 ,
2982 4366 3218 4422 Verbum
3254 4369 3357 4424 Dei
3389 4385 3504 4439 quo
3534 4371 3759 4437 reguntur

2182 4462 2372 4514 sumini
2404 4460 2589 4529 Angeli
2618 4500 2633 4526 ,
2667 4468 2722 4514 et
2750 4458 2983 4513 Verbum
3015 4456 3289 4513 hominem
3320 4472 3614 4514 assumens
3638 4462 3688 4509 ut
3707 4464 3757 4506 eo

2182 4560 2492 4620 regerentur
2520 4561 2573 4605 et
2603 4550 2868 4615 homines,
2897 4548 2988 4619 qui
3028 4548 3431 4605 simnl'omnes
3463 4564 3585 4605 cum
3612 4547 3695 4600 illo
3719 4542 3760 4594 in

2183 4651 2379 4695 aeterna
2412 4656 2538 4710 pace
2568 4641 2883 4711 rt-gnahunt.
2917 4640 2996 4693 Ad
3028 4640 3185 4709 hujus
3216 4642 3370 4711 regis
3399 4634 3763 4711 praeﬁguratio-

2182 4748 2302 4786 nem
2329 4731 2381 4785 in
2414 4734 2502 4786 illo
2527 4742 2738 4787 terreno
2775 4748 2941 4802 regno
2977 4732 3151 4801 populi
3183 4732 3361 4788 Israel
3396 4733 3642 4787 maxime
3659 4726 3769 4783 emi-

2183 4823 2297 4877 nttit
2340 4839 2431 4878 rex
2474 4823 2659 4889 David,
2688 4823 2754 4878 de
2781 4824 2934 4892 cujus
2974 4824 3179 4877 semine
3223 4824 3543 4878 secundum
3575 4829 3765 4875 carnem

2182 4916 2388 4970 veniret
2404 4916 2712 4970 verissimus
2736 4931 2831 4970 rex
2859 4922 3039 4969 noster
3059 4915 3324 4970 Dominus
3339 4916 3512 4972 .Iesus
3529 4916 3769 4973 Christus,

2181 5007 2264 5076 qui
2292 5016 2364 5060 est
2391 5023 2544 5076 super
2571 5007 2740 5060 omnia
2777 5005 2916 5061 Deus
2950 5006 3235 5060 benedictus
3273 5009 3335 5062 in
3387 5011 3588 5063 swcula
3616 5004 3769 5076 (Rom-

2181 5113 2256 5161 tx,
2286 5097 2364 5167 5).
2395 5097 2555 5152 Multa
2586 5098 2638 5152 in
2670 5097 2757 5151 illa
2788 5106 2925 5152 terra
2970 5096 3348 5167 promissionis
3397 5109 3559 5171 gesta
3586 5104 3703 5154 sunt
3733 5092 3775 5146 in

2184 5192 2401 5261 ﬁguram
2435 5193 2640 5246 venturi
2674 5190 2873 5246 Christi
2911 5201 2966 5246 et
3010 5192 3257 5246 Ecclesia:
3278 5231 3297 5257 ,
3339 5209 3477 5264 qua:
3512 5195 3569 5249 in
3598 5186 3775 5247 sanctis

2181 5283 2357 5339 Libris
2382 5284 2634 5352 paulatim
2656 5281 2864 5337 discere
2891 5283 3106 5351 poteris.

2250 5374 2476 5433 CAPUT
2515 5374 2655 5430 XXI.
2683 5405 2751 5415 —
2779 5375 2864 5430 37.
2907 5374 3181 5443 Caplioilas
3207 5374 3555 5445 Babylonica
3585 5384 3632 5429 ct
3660 5373 3708 5425 in
3730 5383 3778 5421 ea

2181 5477 2319 5537 gesta
2355 5467 2476 5536 quid
2501 5466 2805 5537 signiﬁcent.
2857 5464 2979 5519 Post
3020 5466 3376 5534 captivitatem
3420 5462 3779 5537 Babylonicum

2181 5557 2382 5611 libertas
2408 5557 2571 5627 qualis
2588 5556 2805 5609 reddita.
2822 5556 2947 5611 I‘ost
2973 5556 3171 5626 aliquot
3193 5564 3386 5610 tamen
3410 5555 3779 5627 generationes

2181 5651 2414 5706 ostendit
2456 5650 2617 5704 alium
2659 5658 2839 5720 typum
2882 5648 2945 5701 ad
2977 5665 3088 5702 rem
3123 5652 3365 5702 maxime
3402 5649 3779 5719 pertinentem.

2182 5743 2313 5798 Nam
2339 5743 2597 5813 captivata
2626 5752 2705 5796 est
2726 5742 2815 5795 illa
2837 5740 3042 5808 civitas,
3069 5750 3121 5795 et
3150 5738 3321 5794 multa
3358 5755 3498 5811 pars
3532 5740 3653 5811 ejus
3673 5735 3766 5790 edo
