3896 6382
214 339 304 395 531
1098 390 1103 393 _
1588 326 1778 382 LIBER
1820 326 2020 382 UNUS.

213 460 283 506 ω
302 450 345 503 in
368 444 707 517 Babyloniam.
749 441 900 497 Sicut
929 450 1099 495 autem
1139 439 1432 495 Jerusalem
1462 441 1727 510 signiﬁcat

211 542 438 598 civitatein
481 539 889 606 societatemque
932 542 1257 599 sanctorum;
1306 533 1384 589 sic
1436 533 1726 605 Babylonia

209 626 692 696 signiﬁcatcivitatem
708 623 1121 690 societatemque
1136 618 1457 689 iniquorum,
1476 620 1725 689 quoniam

204 718 366 773 dicitur
388 714 705 784 interpretari
733 713 1002 768 Conlusio.
1033 712 1107 767 De
1133 710 1326 780 quibus
1354 711 1563 766 duabus
1590 711 1725 766 civi-

205 809 393 873 tatibus,
420 807 484 860 ab
522 804 736 860 exordio
764 803 976 873 generis
1015 802 1231 856 humani
1262 816 1429 872 usque
1466 801 1522 856 in
1564 801 1725 857 ﬁnem

201 898 349 957 sa-culi
377 896 623 966 permixte
642 896 657 926 ί
684 905 978 963 temporum
1006 892 1262 953 varietate
1287 890 1645 957 currentibus,
1673 900 1729 946 et

206 990 356 1043 ultimo
375 987 565 1057 judicio
603 984 910 1057 separandis
932 1025 948 1050 ,
988 983 1150 1053 paulo
1188 989 1323 1042 ante
1350 981 1462 1052 jam
1496 980 1728 1043 diximus

204 1079 323 1149 (Cap.
348 1079 446 1149 l9).
474 1078 561 1133 Illa
588 1093 713 1148 ergo
741 1077 1017 1146 captivitas
1053 1074 1367 1131 Jerusalem
1392 1073 1643 1139 civitatis,
1674 1080 1729 1127 et

198 1171 272 1225 ille
302 1169 504 1238 WPqus
532 1168 583 1221 in
614 1167 953 1238 BabyIOniam
980 1165 1172 1223 ductus
1200 1164 1265 1219 ad
1295 1164 1608 1220 servitutem
1648 1163 1729 1219 ire

190 1261 375 1332 jubelttr
400 1276 426 1313 a
459 1260 677 1317 Domino
714 1274 811 1330 per
835 1258 1122 1315 Jeremiam
1150 1257 1297 1317 illius
1324 1255 1578 1325 temporis
1605 1270 1731 1324 pro-

194 1353 394 1422 phetam.
425 1353 487 1407 Et
519 1352 840 1408 exstiterunt
867 1364 1021 1422 reges
1058 1348 1391 1419 Babylonia),
1410 1347 1510 1403 sub
1537 1348 1729 1418 quibus

189 1443 254 1499 illi
275 1444 573 1509 serviebant,
600 1443 689 1513 qui
728 1457 793 1495 ex
824 1456 1009 1495 eorum
1030 1440 1314 1495 occasione
1334 1438 1585 1495 commoti
1606 1437 1728 1508 qui-

187 1535 382 1590 busdam
404 1534 666 1590 miraculis
686 1542 1069 1603 cognoscerent
1096 1541 1151 1587 et
1178 1532 1421 1588 colerent
1447 1539 1504 1586 et
1522 1531 1625 1586 coli
1643 1531 1729 1600 ju-'

189 1627 352 1683 herent
377 1643 528 1682 unum
554 1642 739 1682 verum
784 1626 952 1681 Deum
974 1668 989 1692 ,
1018 1626 1109 1696 qui
1148 1624 1387 1681 condidit
1420 1627 1725 1679 universam

186 1730 448 1773 creaturam
478 1717 629 1792 (Dan.
663 1733 806 1786 n-vi,
836 1716 969 1789 xw).
999 1716 1142 1772 Jussi
1172 1724 1298 1771 sunt
1324 1724 1500 1771 autem
1526 1724 1581 1770 et
1603 1728 1727 1769 ora-

190 1826 239 1866 re
260 1826 346 1881 pro
380 1812 451 1867 eis
481 1826 510 1865 a
535 1812 726 1882 quibus
753 1810 946 1879 captivi
979 1808 1331 1874 tenebantur,
1373 1816 1427 1863 et
1454 1808 1506 1862 in
1539 1821 1725 1862 eorum

189 1918 306 1972 pace
340 1919 505 1973 pacem
540 1918 774 1974 sperare,
821 1901 886 1955 ad
917 1899 1208 1972 gignendos
1251 1900 1385 1955 lilios
1409 1940 1425 1965 ,
1456 1907 1512 1953 et
1539 1898 1727 1953 domus

194 1996 519 2060 aediﬁcandas,
542 2008 591 2051 et
619 1996 934 2067 plantandos
963 1995 1147 2050 hortos
1172 2004 1226 2049 et
1255 1995 1457 2051 vineas.
1486 1993 1611 2047 Post
1635 2008 1725 2050 se-

199 2088 441 2156 ptuaginta
461 2095 617 2149 autem
642 2102 810 2148 annos
835 2085 1165 2157 promittitur
1189 2084 1268 2145 eis
1297 2084 1365 2138 ab
1391 2084 1488 2138 illa.
1508 2082 1727 2152 captivi-

198 2184 297 2239 tate
321 2178 536 2231 liberatio
573 2176 791 2249 (larem.
822 2192 952 2241 xxv,
991 2177 1174 2246 xxxx).
1208 2175 1319 2230 Hoc
1347 2183 1524 2229 autem
1556 2184 1724 2233 telum

190 2266 390 2335 ﬁgurate
404 2266 711 2338 signiﬁcabat
731 2267 1027 2323 Ecclesiam
1049 2266 1246 2321 Christi
1270 2266 1319 2320 in
1336 2266 1581 2321 omnibus
1598 2280 1725 2319 san-

191 2359 279 2412 ctis
312 2358 434 2428 ejus,
462 2361 544 2429 qui
567 2369 696 2415 sunt
719 2360 864 2415 cives
890 2359 1186 2414 Jerusalem
1215 2358 1469 2421 cmlestis,
1500 2357 1726 2413 servitu-

184 2464 280 2503 ram
320 2450 466 2506 fuisse
499 2452 594 2507 sub
629 2452 853 2522 regibus
884 2451 1042 2521 hujus
1075 2450 1278 2506 saeculi.
1322 2450 1459 2505 Dicit
1487 2449 1630 2507 enim
1670 2458 1727 2505 et

184 2541 434 2609 apostolica
452 2542 716 2609 doctrina,
749 2551 809 2597 ut
836 2544 998 2598 omnis
1026 2544 1198 2600 anima
1223 2541 1599 2603 sublimioribus
1628 2557 1722 2612 po-

182 2636 401 2690 testatibus
424 2636 615 2691 subdita
641 2636 752 2701 sit;
788 2644 844 2692 et
868 2646 929 2692 ut
947 2635 1238 2691 reddantur
1262 2635 1492 2690 omnibus
1520 2634 1725 2700 omnia;

181 2726 251 2776 tsi
280 2727 524 2793 tributum,
570 2730 865 2793 tributum;
892 2729 973 2782 cui
1007 2727 1252 2800 vectigal,
1294 2726 1503 2797 vectigal
1546 2724 1721 2797 (Rom.

180 2830 295 2879 xm,
323 2818 342 2870 l
367 2859 391 2883 ι
425 2816 503 2888 7);
552 2828 606 2873 et
650 2827 855 2873 cmtera
882 2834 1000 2888 qute
1042 2819 1188 2873 salvo
1218 2817 1311 2872 Dei
1359 2816 1527 2872 nostri
1556 2816 1721 2881 cultu,

183 2908 521 2965 constitutionis
540 2910 803 2965 humanae
832 2909 1159 2979 principibus
1180 2908 1486 2975 reddimus;
1510 2906 1724 2979 quando

182 3005 231 3051 et
255 2998 350 3068 ipse
375 3001 630 3071 Dominus,
668 3012 734 3057 ut
761 3001 913 3056 nobis
939 3001 1095 3071 hujus
1123 3016 1268 3057 same
1301 3000 1560 3056 doctrina:
1588 3014 1725 3069 prte-

181 3088 311 3143 beret
327 3094 618 3165 exemplum,
644 3108 761 3165 pro
780 3094 951 3163 capite
974 3093 1204 3147 hominis
1223 3107 1328 3161 quo
1348 3100 1462 3147 erat
1483 3090 1720 3156 indutus,

178 3183 392 3239 tributum
415 3187 612 3243 solvere
633 3201 760 3243 non
779 3184 1097 3256 dedignatus
1115 3195 1199 3239 est
1217 3182 1427 3255 (Matth.
1453 3198 1582 3247 xvn,
1604 3180 1720 3253 26).

174 3273 401 3332 labentur
423 3288 591 3336 autem
616 3278 796 3335 etiam
826 3278 965 3333 servi
1001 3277 1278 3332 christiani
1304 3285 1359 3331 et
1384 3275 1510 3333 boui
1541 3273 1723 3332 ﬁdeles

170 3366 367 3425 dominis
404 3371 508 3428 suis
530 3370 934 3444 temporalibus
971 3370 1341 3441 aequanimiter
1389 3368 1723 3439 ﬁdeliterque

171 3462 345 3516 servire
372 3463 567 3535 (Ephes.
598 3483 651 3522 vi
671 3504 694 3531 ,
716 3465 773 3537 5)
806 3483 820 3520 :
850 3479 983 3535 quos
1002 3463 1289 3535 iudicaturi
1316 3470 1460 3530 sunt,
1483 3461 1529 3519 si
1554 3475 1723 3533 usque

173 3549 221 3604 in
244 3549 377 3607 linem
407 3554 603 3627 iniquos
632 3556 982 3621 invenerint;
1014 3563 1106 3617 aut
1133 3570 1253 3609 cum
1284 3554 1476 3624 quibus
1501 3553 1722 3624 (equali-

174 3650 249 3696 ter
273 3649 509 3714 regnaturi
534 3658 665 3705 sunt
684 3688 700 3714 ,
722 3649 768 3702 si
795 3647 953 3702 etilli
975 3647 1042 3701 ad
1064 3662 1248 3702 verum
1278 3646 1447 3701 Deum
1476 3644 1719 3701 conversi

164 3730 359 3790 fuerint.
388 3735 643 3803 Omnibus.
689 3746 866 3797 tamen
901 3737 1205 3808 praecipitur
1233 3736 1437 3792 servire
1474 3734 1723 3791 humanis

168 3828 480 3894 potestatibus
511 3841 685 3901 atque
725 3829 990 3893 terrenis,
1034 3842 1314 3899 quousque
1351 3836 1472 3898 post
1514 3837 1723 3897 tempus

168 3917 481 3991 pratliuitum,
529 3922 681 3994 quod
743 3920 1414 3992 signiﬁcantseptuaginta
1459 3920 1606 3985 anni,
1655 3916 1724 3974 ab

169 4008 298 4065 istius
316 4015 485 4069 seculi
508 4014 838 4075 confusione
862 4023 1109 4084 tanquam
1130 4012 1198 4068 de
1219 4012 1527 4084 captivitate
1547 4009 1725 4082 Baby-

166 4097 315 4169 loniae,
343 4107 472 4161 sicut
510 4106 829 4163 Jerusalem
858 4104 1116 4160 liberetur
1154 4104 1413 4159 Ecclesia.
1446 4102 1527 4159 Ex
1569 4102 1722 4171 cujus

162 4193 441 4260 captivitatis
464 4198 768 4252 occasione
789 4195 888 4265 ipsi
908 4194 1070 4251 etiam
1095 4195 1293 4250 terreni
1315 4208 1468 4263 reges
1491 4193 1722 4249 desertis

159 4282 308 4352 idolis,
333 4304 426 4359 pro
453 4291 657 4360 quibus
685 4288 1149 4359 persequebantur
1174 4286 1530 4353 Christianos,
1558 4300 1718 4340 unum

158 4390 315 4433 verum
352 4381 517 4437 Deum
554 4392 615 4438 et
644 4379 924 4437 Christum
966 4380 1251 4435 Dominum
1279 4385 1649 4450 cognoverunt
1667 4384 1721 4431 et

156 4468 326 4541 colunt,
349 4488 444 4543 pro
461 4474 665 4544 quibus
691 4471 968 4542 apostolus
982 4470 1199 4526 Paulus.
1204 4470 1356 4541 jubet
1375 4469 1539 4533 orari,
1556 4468 1719 4524 etiam

156 4573 254 4615 cum
284 4573 744 4636 persequerentur
768 4563 1083 4619 Ecclesiam.
1110 4563 1200 4618 Sic
1241 4563 1387 4618 enim
1411 4562 1583 4617 dicit:
1618 4560 1721 4615 Oli-

155 4666 270 4706 secro
289 4655 451 4726 itaque
477 4658 715 4728 primum
743 4655 854 4723 ﬁeri
892 4654 1268 4723 deprecationes
1285 4694 1300 4716 ,
1329 4653 1647 4707 adorationes
1673 4654 1716 4718 ’,

154 4741 550 4813 interpellationes
572 4788 591 4813 ,
625 4746 909 4818 gratiarum
938 4747 1189 4812 actiones,
1238 4761 1349 4814 pro.
1372 4744 1594 4815 regibus,
1627 4760 1719 4814 pro

156 4834 351 4888 omnibus
376 4836 679 4891 hominibus
695 4877 711 4901 ,
740 4846 786 4889 et
813 4837 1039 4890 omnibus
1063 4836 1148 4905 qui
1174 4835 1227 4889 in
1252 4834 1557 4890 sublimitate
1580 4844 1724 4903 sunt,

152 4932 195 4973 Il
212 4940 421 4981 securam
449 4939 499 4983 et
530 4928 872 4999 tranquillam
895 4922 1044 4983 vitam
1075 4944 1282 4998 agamus
1306 4944 1417 4981 cum
1444 4927 1581 4981 omni
1607 4928 1717 4995 pie-

154 5016 295 5067 tateet
333 5017 583 5071 ehan‘tata
614 5018 636 5049 ³
674 5017 729 5089 (l
757 5016 891 5071 Tim.
923 5034 979 5083 ιι,
1012 5019 1064 5083 l,
1100 5016 1195 5087 2).
1226 5014 1407 5086 Itaque
1437 5032 1531 5085 per
1576 5017 1718 5085 ipsos

150 5102 254 5160 data
281 5123 376 5177 pax
403 5121 485 5165 est
517 5110 807 5176 Ecclesia,
837 5111 1077 5180 quamvis
1108 5110 1433 5179 temporalis,
1465 5110 1719 5179 tranquil-

150 5192 253 5247 litas
284 5200 635 5270 tempuralis‘
666 5200 733 5254 ad
774 5201 1113 5257 mdiﬁcandas
1153 5199 1502 5270 spiritualiter
1527 5199 1719 5256 domos

148 5294 188 5336 el
220 5287 527 5354 plantandos
550 5291 748 5346 hortos
781 5301 837 5348 et
862 5292 1069 5348 vineas.
1097 5291 1228 5355 Nam
1254 5297 1458 5347 etecce
1484 5300 1535 5347 te
1557 5292 1718 5346 modo

150 5385 228 5439 per
253 5377 400 5432 istum
430 5394 747 5451 sermonem
776 5380 1101 5438 aediﬁcamus
1121 5390 1279 5452 atque
1302 5381 1621 5453 plantamus.
1652 5381 1719 5437 Et

203 5507 1015 5583 ἰξίωιεε-Αεβάίιίιηφνάφιαο
1450 5572 1461 5583 .
1556 5570 1585 5583 _.

204 5567 221 5594 ’
250 5574 372 5625 um,
418 5572 689 5635 orationes.
715 5567 849 5631 'E'diti
872 5581 1035 5623 autem
1056 5572 1136 5623 alii
1171 5580 1224 5624 et
1244 5580 1370 5634 Mss,
1394 5570 1713 5635 adorationes.

150 5630 293 5695 “res
315 5639 406 5695 est.
435 5631 754 5695 ρτοεειιςιια-ς.
1357 5630 1367 5634 ⁷
1406 5693 1414 5695 λ
1588 5634 1641 5687 λ,

206 5690 223 5764 ξ
257 5690 445 5764 γυιξξριεὶ
463 5693 730 5764 [castitate
758 5708 775 5745 :
795 5697 935 5757 juxta
956 5708 1191 5764 graecum,
1211 5693 1467 5749 senmotéti.

206 5750 225 5776 ‘
252 5753 319 5800 Sic
468 5750 597 5804 ωειλ
625 5752 743 5805 vero
761 5793 775 5816 ,
795 5750 1039 5817 temporis.

3298 336 3418 397 ’⁸358

1835 437 1937 496 hoc
1974 441 2032 495 lit
2072 457 2165 511 per
2192 451 2357 499 totum
2399 456 2583 502 orbem
2612 464 2872 505 terrarum
2909 464 3030 507 cum
3061 468 3190 523 pace
3224 469 3409 525 regum

1830 531 2241 588 Christianorum
2267 576 2282 599 ,
2323 536 2460 591 sicut
2489 537 2625 593 idem
2655 539 2781 595 dicit
2807 544 3079 613 apostolus
3103 561 3118 597 :
3150 544 3242 599 Dei
3266 549 3411 617 agri-

1831 624 2054 685 cultura,
2082 623 2177 678 Dei
2202 625 2472 695 aediﬁcatio
2496 629 2614 683 estis
2645 629 2695 702 (Ι
2722 630 2841 686 Cor.
2874 649 2949 696 nl,
2977 634 3058 703 9).
3084 676 3085 679 η

1903 714 1991 768 58.
2034 715 2100 769 Ει
2128 725 2246 784 post
2270 733 2441 773 annos
2477 719 2690 789 quidem
2721 724 3085 793 septuaginta,
3121 740 3255 794 quos
3291 742 3409 799 my-

1832 806 1967 860 stice
2012 807 2418 877 prophetaverat
2457 811 2745 877 Jcremias,
2793 823 2849 869 ut
2895 816 3053 870 linem
3108 826 3408 888 temporum

1833 897 2219 967 prteﬁguraret,
2248 911 2424 957 tamen
2450 912 2507 957 ut
2536 904 2646 972 ipsa
2674 906 2837 977 ﬁgura
2869 908 3241 977 integraretur,
3274 911 3411 967 facta

1832 994 1916 1041 est
1958 988 2009 1042 in
2046 988 2341 1047 Jerusalem
2373 995 2640 1050 restitutio
2663 997 3029 1053 asdiﬁcatinnis
3060 1002 3250 1070 templi
3269 1003 3361 1058 Dei
3380 1020 3409 1060 κε

1832 1077 1926 1132 sed
1952 1080 2071 1145 quia
2098 1089 2263 1136 totum
2291 1083 2512 1153 ﬁgurate
2540 1087 2814 1157 agebatur,
2844 1105 2949 1144 non
2986 1101 3109 1146 erat
3127 1093 3289 1147 ﬁrma
3310 1109 3410 1164 pax

1832 1181 1896 1221 ac
1934 1168 2152 1226 libertas
2182 1172 2386 1228 reddita
2412 1174 2631 1231 Jndreis.
2679 1178 2860 1247 Itaque
2887 1193 3067 1250 posma
3098 1198 3127 1236 a
3158 1183 3411 1239 Romanis

1832 1260 1955 1314 victi
1982 1271 2210 1329 sunt,et
2236 1265 2498 1321 tributarii
2528 1268 2671 1324 lacti.
2699 1272 2773 1325 Ex
2802 1272 2894 1327 illo
2922 1289 3049 1329 sane
3077 1284 3318 1346 tempore
3345 1293 3409 1332 ex

1832 1367 1944 1421 quo
1967 1364 2158 1409 terram
2188 1357 2556 1425 promissionis
2583 1372 2922 1431 acceperunt,
2954 1373 3007 1419 et
3036 1380 3191 1435 reges
3215 1365 3415 1422 habere

1832 1453 2141 1512 cmperunt,
2193 1462 2260 1501 ne
2304 1448 2357 1502 in
2397 1449 2578 1519 aliquo
2616 1465 2801 1522 regum
2829 1467 3047 1509 suorum
3089 1457 3411 1527 completum

1832 1549 1950 1591 esse
1980 1538 2369 1596 arbitrarentur
2412 1542 2553 1611 quod
2594 1543 2674 1599 eis
2716 1545 3255 1602 liberator-Christus
3287 1564 3409 1618 pro-

1831 1626 2161 1693 mittebatur,
2194 1631 2434 1700 apertius
2461 1634 2774 1703 permultas
2798 1638 3103 1706 prophetias
3126 1640 3415 1710 propheta-

1833 1725 1919 1773 tus
1956 1728 2039 1774 est
2079 1718 2353 1789 Christus;
2398 1740 2503 1779 non
2540 1726 2715 1781 solum
2760 1727 2829 1781 ab
2855 1731 2971 1798 ipso
3000 1730 3165 1784 David
3195 1731 3245 1784 iu
3279 1731 3415 1785 libro

1830 1808 2188 1878 Psalmorum,
2217 1815 2313 1870 sed
2347 1816 2513 1872 etiam
2540 1832 2571 1873 a
2596 1818 2808 1874 cmteris
2829 1827 2884 1874 et
2907 1820 3115 1891 magnis
3141 1830 3197 1876 et
3215 1823 3415 1876 sanctis

1830 1900 2135 1970 praplietis,
2181 1919 2348 1975 usque
2387 1907 2454 1965 ad
2499 1918 2708 1979 tempus
2732 1910 3052 1980 captivitatis
3093 1913 3144 1967 in
3180 1912 3412 1983 Babylo-

1829 1990 2012 2047 niam:
2043 2002 2099 2048 et
2137 1994 2190 2051 in
2232 1995 2681 2068 ipsacaptivitate
2723 2000 2937 2056 fuerunt
2970 2006 3284 2073 prophetae,
3316 2007 3412 2074 qui

1828 2092 2108 2144 venturum
2164 2086 2445 2147 Dominum
2505 2090 2688 2145 Jesum
2741 2092 3015 2148 Christum
3070 2095 3410 2150 liberatorem

1829 2173 2065 2229 omnium
2075 2176 2475 2246 prophetarent.
2502 2181 2564 2234 lit
2580 2190 2920 2252 posteaquam
2951 2186 3204 2253 templum
3228 2199 3405 2242 trans-

1828 2265 1961 2319 actis
2003 2268 2335 2337 septuaginta
2372 2270 2528 2326 anuis
2586 2274 2888 2328 restitutum
2916 2284 3018 2340 est,
3059 2284 3233 2331 tantas
3266 2292 3415 2347 p-es-

1828 2370 1983 2411 suras
1998 2366 2054 2412 et
2069 2358 2397 2416 calamitates
2420 2377 2448 2415 a
2474 2364 2690 2433 regibus
2711 2363 2963 2422 Gentium
2978 2367 3153 2423 Judzci
3168 2372 3412 2438 perpessi

1829 2459 1974 2516 sunt,
2007 2460 2064 2505 ut
2091 2452 2449 2524 intelligerent
2492 2456 2728 2512 nondum
2771 2459 2995 2514 venisse
3028 2460 3365 2516 liberatorem
3394 2504 3409 2525 ,

1830 2555 1984 2610 quem
2017 2556 2122 2597 non
2150 2542 2496 2612 spiritualiter
2525 2546 2870 2603 liberaturum
2899 2549 3281 2621 intelligcbant,
3312 2553 3409 2607 scd

1829 2644 1926 2700 pro
1954 2630 2267 2689 liberatione
2288 2636 2484 2690 carnali
2515 2636 2913 2697 desiderabant.
2988 2661 2992 2665 ’

1899 2720 2124 2777 CAPUT
2162 2722 2328 2780 XXII.
2370 2756 2445 2765 —
2489 2726 2577 2782 59.
2624 2726 2833 2784 xEtales
2871 2731 3049 2785 mundi
3102 2747 3211 2787 sex.
3255 2732 3413 2789 Sexta

1828 2821 1949 2865 tetas
1976 2828 2038 2867 ea:
2072 2813 2286 2869 adventu
2313 2815 2519 2873 Christi.
2551 2817 2780 2875 Christus
2808 2819 2863 2875 Ν
2867 2837 3014 2875 ovum
3040 2821 3413 2877 Testamentum

1826 2904 2143 2975 sempiternae
2167 2907 2474 2963 ha’reditatis
2501 2912 2850 2983 manifestans,
2881 2924 3076 2969 terrena
3099 2924 3414 2969 contemnere

1826 2995 2059 3068 exemplo
2086 2998 2248 3052 docet.
2289 2999 2542 3057 Nativitas
2586 3004 2724 3073 ejus,
2749 3005 2850 3058 vita
2887 3015 2933 3059 et
2974 3022 3130 3061 mors.
3172 3006 3411 3061 Peractis

1827 3101 1953 3155 ergo
1982 3087 2215 3157 quinque
2240 3091 2489 3148 :etatihus
2512 3093 2713 3160 smculi,
2750 3110 2973 3165 quarum
3015 3098 3183 3165 prima
3214 3107 3298 3153 est
3324 3099 3395 3153 ab

1828 3176 1991 3240 initio,
2011 3166 2222 3249 generis
2251 3181 2705 3252 humani,id.est,
2736 3185 2807 3241 ab
2844 3186 3035 3251 Adam,
3064 3189 3155 3256 qui
3204 3190 3405 3256 primus

1827 3267 1988 3323 homo
2008 3270 2175 3325 [aetiis
2194 3280 2303 3339 est,
2326 3288 2491 3343 usque
2517 3274 2743 3342 adtNoe,
2771 3276 2865 3346 qui
2887 3275 3012 3331 fecit
3037 3292 3218 3333 arcam
3246 3278 3297 3331 in
3323 3278 3405 3332 di-

1820 3360 1969 3417 luvio
1995 3361 2145 3435 (Gen.
2174 3368 2288 3436 vi);
2318 3366 2439 3421 inde
2463 3368 2695 3423 secunda
2721 3376 2803 3424 est
2828 3384 2999 3439 usque
3012 3368 3404 3436 adAbraham,

1827 3452 1915 3524 qui
1945 3463 2094 3526 Palcl'
2128 3455 2299 3517 dictus
2326 3458 2445 3515 est'
2492 3457 2727 3527 omnium
2752 3461 2966 3533 quidem
3003 3465 3242 3535 gentium
3273 3463 3404 3535 (Id.

1830 3561 1962 3615 xvu‘,
1993 3546 2223 3619 4),_quae
2251 3548 2407 3611 ﬁdem
2430 3550 2595 3620 ipsius
2620 3552 2981 3621 imitarentur;
3013 3554 3108 3610 sed
3138 3563 3318 3609 tamen
3339 3569 3403 3610 ex

1828 3639 2115 3709 propagine
2143 3641 2319 3695 carnis
2344 3657 2455 3698 sum
2476 3645 2497 3675 ⁸
2526 3642 2690 3699 futuri
2728 3646 2908 3716 populi
2934 3645 3243 3703 Judaeorum
3272 3665 3286 3702 :
3317 3648 3405 3717 qui

1826 3736 1951 3783 ante
1984 3728 2145 3784 ﬁdem
2177 3731 2519 3788 christianum
2552 3736 2822 3805 gentium,
2854 3751 2993 3792 unus
3036 3738 3174 3793 inter
3219 3749 3408 3793 omnes

1827 3819 2062 3874 omnium
2092 3831 2349 3877 terrarum
2377 3825 2605 3894 populus
2631 3842 2796 3882 unum
2821 3843 3005 3882 vemm
3034 3828 3198 3884 Deum
3220 3829 3406 3893 coluit,

1827 3924 1893 3964 ex
1931 3926 2036 3980 quo
2062 3914 2258 3982 populo
2297 3914 2530 3971 salvator
2564 3915 2813 3979 Christus
2851 3918 3146 3975 secundum
3188 3934 3404 3983 carnem

1828 4002 2052 4057 veniret.
2078 4003 2166 4057 lsti
2196 4005 2339 4059 enim
2366 4007 2573 4063 articuli
2598 4008 2822 4066 duarum
2845 4020 3063 4066 aetatum
3090 4013 3329 4068 eminent
3350 4012 3402 4067 in

1826 4090 2095 4151 veteribus
2121 4092 2298 4154 Libris
2328 4112 2342 4147 :
2375 4096 2699 4166 reliquarum
2727 4109 2906 4156 autem
2952 4102 3111 4156 trium
3138 4103 3196 4157 in
3228 4104 3406 4157 Evan-

1824 4182 1963 4251 gelio
1989 4183 2149 4238 etiam
2180 4184 2552 4253 declarantur,
2582 4203 2704 4243 cum
2742 4190 2973 4247 carnalis
3000 4192 3165 4262 origo
3190 4193 3407 4248 Domini

1824 4273 1954 4329 Jesu
1979 4273 2175 4330 Christi
2202 4286 2654 4335 commemoratur
2674 4280 2890 4351 (Matth.
2918 4298 2956 4348 ι,
2990 4284 3103 4353 l7).
3131 4284 3263 4339 Nam
3292 4294 3407 4341 ter-

1826 4364 1896 4419 tia
1923 4372 2005 4419 est
2032 4365 2098 4420 ab
2125 4366 2395 4422 Abraham
2422 4383 2591 4438 usque
2619 4370 2686 4425 ad
2716 4371 2882 4426 David
2910 4387 3089 4442 regem
3114 4390 3129 4426 :
3161 4383 3346 4443 (piam
3372 4390 3405 4437 ι

1826 4453 1993 4511 David
2021 4470 2188 4524 usque
2207 4454 2276 4511 ad
2300 4456 2443 4511 illam
2468 4459 2828 4527 captivitatem
2852 4476 2954 4531 qua
2982 4462 3208 4532 populus
3229 4464 3324 4520 Dei
3340 4466 3403 4521 in

1826 4546 2170 4623 Babyloniam
2194 4548 2589 4625 transmigravit
2618 4552 2838 4622 :quinta
2857 4553 2925 4609 ab
2946 4554 3033 4641 illa
3062 4557 3409 4628 transmigra-

1827 4636 1971 4692 tionc
1998 4651 2162 4707 usque
2187 4637 2261 4692 ad
2281 4638 2566 4695 adventum
2599 4641 2807 4696 Domini
2830 4636 2999 4698 nostri
3018 4643 3146 4700 Jesu
3164 4646 3405 4716 'Cbristis;

1825 4740 1889 4781 ex
1912 4726 2063 4796 cujus
2093 4727 2325 4782 adventu
2351 4740 2502 4784 sexta
2532 4741 2662 4786 tetas
2689 4732 2865 4802 agitur
2894 4750 2908 4787 ε
2938 4742 2995 4788 ut
3015 4733 3127 4804 jam
3156 4737 3406 4806 Spiritus»

1824 4816 1888 4871 lis
1913 4818 2102 4887 gratia,
2129 4834 2248 4888 qua:
2279 4820 2462 4889 paucis
2503 4830 2628 4877 tunc
2667 4822 2989 4878 Patriarohis
3022 4834 3078 4880 et
3119 4826 3403 4897 Pr0phetis

1824 4917 1948 4965 nota
1973 4918 2107 4973 erat,
2127 4909 2556 4967 manilestaretur
2571 4913 2818 4968 omnibus
2835 4917 3081 4985 gentibus
3111 4934 3225 4985 :‘ne
3240 4922 3401 4990 Aquis.-

1824 5020 1983 5074 quam
2006 5005 2174 5061 Deum
2224 5006 2327 5061 nisi
2350 5008 2520 5077 gratis
2542 5008 2775 5074 coleret,
2793 5011 3156 5071 nunvisibilia
3187 5015 3405 5081 praemia

1824 5095 2093 5153 servitutis
2112 5110 2223 5151 suae
2242 5107 2293 5152 et
2316 5098 2597 5167 praesentis
2616 5099 2739 5159 vitae
2765 5097 3210 5166 lelicitatem,sed
3232 5104 3401 5167 solum

1824 5188 1984 5242 vitam
2014 5195 2301 5253 aeternam,
2346 5189 2405 5243 iu
2442 5203 2543 5259 qua
2591 5189 2710 5258 ipso
2740 5189 2849 5245 Deo
2890 5190 3284 5256 lruereturrab
3314 5193 3407 5249 illo

1822 5277 2170 5344 desiderans;
2215 5289 2275 5334 ut
2302 5275 2763 5348 liacisextagartate.
2790 5294 2953 5340 mens.
2983 5280 3214 5347 humana
3240 5297 3404 5338 rcnoo

1824 5376 1977 5423 vetur
2002 5368 2068 5421 ad
2098 5368 2389 5438 imaginem
2416 5369 2515 5427 Dei
2534 5410 2549 5431 .
2581 5370 2894 5443 sicutsexta
2926 5370 3015 5429 die
3044 5372 3206 5426 homo
3233 5370 3406 5438 factus

1823 5468 1906 5515 est
1932 5459 1998 5514 ad
2027 5451 2430 5528 imaginemDei
2461 5458 2631 5532 (Gen.
2663 5476 2700 5524 ι,
2727 5460 2796 5513 27
2817 5459 2859 5531 ).
2886 5458 3203 5538 Tuncenim
3233 5469 3285 5513 et
3318 5461 3405 5514 lex

1824 5552 2095 5623 impletur,
2133 5550 2257 5605 dum
2299 5565 2403 5605 non
2446 5550 2735 5620 cupiditate
2778 5565 2956 5637 rerum
3006 5549 3402 5637 temporalium,

1912 5691 2069 5748 “Mss,
2093 5688 2268 5739 electus
2289 5693 2373 5738 est.

1903 5752 1924 5786 ί
1942 5746 2067 5810 Mss,
2092 5764 2154 5801 ex
2178 5749 2399 5815 progenie
2422 5746 2583 5798 ramis
2606 5759 2720 5798 suc.
