3896 6382
515 329 624 394 339

517 446 616 504 sed
655 444 912 506 ebur-itote
951 443 1091 507 illius
1131 442 1220 517 qui
1265 444 1548 513 praecepit,
1582 442 1716 502 fiunt
1748 454 2100 512 quaacumque

521 537 793 609 przecepit.
820 535 950 603 Quis
987 545 1165 591 autem
1199 550 1304 592 non
1333 534 1613 597 redamare
1637 532 1849 589 aﬂ'ectet
1871 533 2104 603 justissi-

522 644 668 684 mum
695 638 749 684 et
775 627 1332 690 misericordissimam
1356 628 1541 695 Deum,
1563 627 1652 697 qui
1680 626 1828 697 prior
1855 626 1932 680 sic
1957 638 2104 678 ama—

518 719 594 773 vit
635 719 1010 790 itijustissimos
1050 728 1106 774 et
1142 719 1550 790 superbissimos
1592 718 1867 784 homines,
1895 726 1953 772 ut
1983 730 2105 786 pro-

521 821 642 880 pter
685 825 781 866 eos
831 811 1067 866 mitteret
1109 811 1324 869 unicum
1372 811 1582 877 Filium,
1629 826 1723 881 per
1771 825 1928 881 quem
1981 809 2106 865 fecit

517 900 742 967 utttnia;
774 901 867 974 qui
903 916 1010 958 non
1049 902 1132 959 sui
1172 900 1485 966 mutatione,
1509 901 1606 956 sed
1634 900 1864 956 hominis
1892 915 2103 956 assum-

520 997 706 1065 ptione
743 994 906 1057 homo
934 995 1122 1064 factus,
1163 1011 1269 1050 non
1307 995 1478 1051 solum
1509 1009 1631 1051 cum
1667 995 1745 1050 eis
1779 995 1986 1064 vivere,
2010 991 2105 1051 sed

517 1087 682 1142 etiam
712 1101 809 1157 pro
833 1087 911 1142 eis
939 1095 994 1142 et
1016 1087 1084 1142 ab
1106 1088 1182 1143 eis
1203 1095 1383 1158 posset
1409 1085 1619 1148 occidi?-

591 1179 680 1236 ιθ.
714 1178 896 1250 Itaque
925 1196 1121 1240 novum
1148 1188 1523 1240 testamentum
1553 1179 1880 1236 hzereditatis
1907 1177 2106 1248 sempi-

523 1277 692 1326 ternas
734 1270 1113 1336 manifestans,
1144 1272 1195 1326 in
1225 1287 1330 1343 quo
1357 1281 1641 1328 renovatus
1672 1271 1831 1325 homo
1860 1286 1957 1341 per
1984 1285 2107 1341 gra-

523 1361 650 1416 tiam
680 1361 771 1419 Dei
799 1371 980 1433 ageret
1001 1378 1192 1419 novam
1215 1363 1398 1428 vitam,
1432 1362 1533 1424 hoc
1561 1372 1642 1419 est
1668 1363 1826 1419 vitam
1856 1361 2108 1432 spiritua-

523 1450 678 1518 lem;
719 1460 777 1508 ut
823 1460 974 1515 vetus
1013 1453 1322 1514 ostenderet
1363 1454 1628 1525 primum,
1674 1454 1726 1509 in
1752 1469 1858 1526 quo
1881 1453 2109 1510 carnalis

523 1544 749 1614 populus
776 1559 939 1616 agens
963 1555 1198 1603 veterem
1229 1548 1498 1603 hominem
1519 1589 1534 1612 ,
1558 1547 1797 1617 exceptis
1819 1546 2000 1617 paucis
2025 1546 2107 1601 iu-

525 1635 883 1708 telligentibus
914 1637 1237 1695 Patriarchis
1260 1649 1316 1695 et
1343 1639 1624 1709 Pr0phetis
1652 1647 1705 1694 et
1732 1638 2001 1698 nonnullis
2030 1638 2109 1692 la-

523 1728 762 1785 tentibus
803 1731 1040 1802 salictis,
1084 1733 1371 1799 caritaliter
1410 1733 1595 1791 vivens
1632 1733 1864 1787 carnalia
1892 1733 2108 1802 prtemia

522 1818 861 1879 desiderabat
899 1837 932 1878 a
965 1823 1189 1880 Domino
1219 1825 1358 1892 Deo,
1393 1833 1449 1881 et
1477 1828 1528 1879 ln
1570 1824 1735 1895 ﬁgura
1759 1824 2110 1894 spiritualium

522 1909 788 1975 bonorum
829 1912 1126 1984 accipiebat
1151 1933 1172 1983 :5
1196 1916 1378 1975 omnia
1415 1931 1542 1988 ergo
1572 1916 1707 1974 bona
1738 1924 1948 1971 terrena
1978 1930 2114 1972 con-s

525 2000 742 2072 tempsit
789 2001 950 2070 homo
993 2003 1166 2066 factus
1213 2005 1468 2072 Dominus
1506 2005 1786 2069 Christus,
1829 2014 1888 2060 ut
1923 2017 2112 2061 conte-

524 2093 756 2156 mnenda
786 2104 1108 2154 monstraret
1128 2113 1150 2164 ;,
1167 2104 1222 2152 et
1239 2099 1417 2160 omnia
1441 2106 1652 2153 terrena
1672 2099 1923 2154 sustinuit
1942 2099 2077 2154 mala
2094 2140 2110 2166 ,

524 2198 645 2254 quae
683 2186 991 2253 sustinenda
1031 2189 1372 2258 praecipiebat
1405 2207 1419 2245 :
1453 2197 1512 2244 ut
1545 2205 1719 2261 neque
1747 2191 1800 2245 in
1831 2191 1934 2246 illis
1963 2207 2112 2262 qua:-

525 2284 737 2335 reretur
775 2275 1000 2340 felicitas
1023 2317 1039 2343 ,
1086 2294 1257 2352 neque
1283 2280 1335 2334 in
1364 2280 1478 2339 istis
1506 2280 1788 2338 infelicitas
1815 2282 2112 2349 timeretur.

524 2363 693 2431 ﬂatus
737 2367 880 2429 enim
925 2367 1004 2430 de
1035 2379 1210 2432 matre
1247 2385 1368 2440 qum
1411 2373 1654 2442 Quamvis
1696 2387 1736 2432 a
1763 2372 1879 2428 viro
1918 2373 2114 2428 intacta

527 2461 875 2530 conceperit,
913 2475 1232 2533 semperque
1274 2463 1470 2520 intacta
1519 2465 1913 2534 permanserit,
1964 2466 2114 2536 virgo

527 2551 868 2622 concipiens,
894 2553 1044 2624 virgo
1073 2555 1286 2626 pariens
1308 2597 1324 2624 ,
1357 2556 1508 2627 virgo
1537 2560 1768 2612 moriens
1787 2599 1803 2625 ,
1837 2569 2013 2614 tamen
2038 2557 2117 2613 fa-

524 2641 628 2700 bro
647 2643 970 2714 desponsata
998 2654 1147 2714 erat,
1177 2661 1392 2714 omnem
1421 2648 1640 2720 typhum
1666 2649 1896 2704 carnalis
1921 2650 2114 2707 nobili-

510 2734 653 2789 tatis
695 2735 967 2796 exstinxit.
1014 2728 1190 2800 Natus
1224 2739 1384 2794 etiam
1428 2740 1481 2794 in
1522 2741 1736 2798 civitate
1762 2742 2072 2798 Bethlehem
2096 2786 2112 2811 ,

527 2840 650 2908 quae
677 2826 815 2892 inter
841 2842 1031 2884 omnes
1057 2829 1256 2895 ,ιυιιωω
1281 2831 1526 2892 civitates
1555 2833 1625 2894 ita
1654 2841 1773 2890 erat
1798 2835 1984 2905 exigua
2012 2877 2027 2903 ,
2058 2844 2119 2890 ut

527 2914 795 2988 hodieque
813 2918 1255 2991 villaiappelletur
1272 2964 1287 2989 ,
1317 2923 1485 2978 noluit
1504 2939 1823 2995 quemquam
1850 2924 1918 2980 de
1937 2926 2116 2996 cujus-

526 3024 690 3083 quam
732 3019 959 3079 terrente
1000 3011 1234 3072 civitatis
1271 3015 1595 3072 sublimitate
1633 3017 1866 3089 gloriari.
1910 3019 2117 3091 Pauper

527 3099 700 3164 etiam
740 3099 914 3167 factus
957 3110 1076 3170 est,
1121 3103 1273 3174 cujus
1318 3115 1445 3175 sunt
1478 3106 1696 3179 omnia,
1731 3117 1788 3164 et
1825 3124 1922 3179 per
1957 3126 2116 3182 quem

528 3197 710 3257 creata
738 3201 867 3250 sunt
886 3195 1071 3257 omnia.
1089 3213 1110 3266 ;.
1135 3212 1203 3251 ne
1227 3198 1507 3269 quisquam
1537 3214 1658 3255 cum
1689 3201 1743 3256 in
1772 3216 1895 3257 eum
1925 3203 2116 3258 crede-

529 3287 653 3346 ret,
695 3280 766 3337 de
807 3285 1034 3341 terrenis
1069 3286 1268 3344 divitiis
1308 3289 1532 3346 auderet
1565 3290 1772 3347 extolli.
1810 3292 1992 3348 Noluit
2016 3311 2115 3351 rex

527 3370 600 3439 ab
635 3369 943 3442 hominibus
966 3376 1118 3445 fieri;
1149 3381 1276 3450 quia
1299 3379 1612 3438 humilitatis
1633 3385 1954 3442 ostendebat
1974 3388 2116 3443 viam

528 3461 746 3520 miseris
762 3505 778 3530 ,
812 3481 949 3537 quos
973 3468 1042 3523 ab
1062 3483 1129 3526 eo
1153 3471 1170 3504 ⁸
1194 3471 1442 3541 superbia
1465 3483 1811 3543 separaverat
1838 3495 1853 3532 :
1875 3480 2118 3547 quamvis

527 3553 916 3623 sempiternum
938 3557 1064 3627 ejus.
1075 3574 1298 3631 regnum
1325 3561 1573 3624 universa
1596 3573 1839 3622 creatura
1866 3576 2114 3626 testetur.

528 3642 768 3713 Επιψίήῇ
785 3686 802 3714 ,
823 3648 915 3721 qui
940 3663 1128 3707 omnes
1154 3652 1357 3722 pascit;
1389 3654 1554 3715 sitivit
1570 3697 1586 3722 ,
1616 3672 1710 3726 per
1729 3673 1885 3728 quem
1908 3671 2119 3717 creatur

529 3735 720 3797 omnis
736 3746 922 3808 potus,
936 3746 993 3794 et
1015 3740 1112 3810 qui
1128 3742 1474 3812 spiritualiter
1499 3747 1650 3815 panis
1669 3758 1752 3803 est
1771 3750 2120 3808 esurientium

532 3824 1086 3899 fanaquesitientium
1119 3849 1135 3886 :
1163 3834 1232 3888 ab
1257 3834 1449 3892 itinere
1479 3839 1718 3894 terrestri
1749 3838 1997 3912 fatigatus
2013 3849 2116 3912 est,

649 3935 718 3979 se.
735 3921 908 3992 ipsum
937 3924 1091 3989 nobis
1110 3925 1250 3990 viam
1273 3925 1398 3983 fecit
1422 3928 1475 3984 in
1499 3930 1699 3996 omium,
1722 3949 1737 3986 :
1765 3933 1910 3996 velut
1932 3935 2122 3990 obmu-

532 4012 639 4072 tuit
681 4021 741 4071 et
779 4013 1060 4076 obsurduit
1100 4030 1282 4080 coram
1324 4020 1777 4089 conviciantibus,
1825 4040 1923 4094 per
1960 4041 2119 4096 quem

533 4114 725 4175 mutus.
741 4107 948 4172 locutus
973 4117 1058 4164 est
1081 4117 1139 4175 et
1160 4111 1355 4177 surdus
1378 4112 1579 4169 audivit
1608 4133 1622 4169 :
1653 4116 1860 4174 vinctus
1886 4126 1998 4187 est,
2031 4119 2121 4189 qui

459 4238 465 4244 ο
515 4197 612 4260 ,αα
649 4198 1016 4266 inﬁrmitatum
1057 4203 1283 4259 vinculis
1325 4205 1529 4266 solvit:
1557 4206 1852 4279 ﬂagellatus
1884 4220 1999 4279 est,
2028 4212 2122 4282 qni

529 4289 774 4357 omnium
799 4291 1043 4350 dolorum
1067 4292 1275 4366 ﬂagella
1305 4294 1374 4351 de
1393 4295 1665 4362 hominum
1688 4301 2000 4371 corporibus
2030 4319 2123 4367 ex-

529 4381 671 4461 pulit
715 4397 732 4437 :
773 4384 1060 4440 crucifixus
1098 4393 1182 4442 est
1202 4427 1218 4454 ,
1247 4385 1345 4457 qui,
1367 4388 1636 4445 cruciatus
1663 4400 1876 4448 nostros
1901 4390 2072 4448 ﬁnivit
2105 4411 2118 4448 :

532 4482 778 4538 mortuus
809 4481 932 4545 est,
975 4476 1066 4546 qui
1102 4484 1343 4532 mortuos
1379 4479 1675 4541 suscitavit.
1710 4480 1816 4536 Sed
1853 4488 1909 4537 et
1939 4498 2120 4538 resur-

534 4566 678 4633 rexit
719 4580 990 4637 nunquam
1027 4566 1348 4636 moriturus,
1394 4585 1464 4637 ne
1502 4569 1571 4626 ab
1608 4569 1701 4626 illo
1737 4571 2017 4642 quisquam
2045 4575 2123 4629 sic

535 4655 771 4714 disceret
818 4665 1045 4723 mortem
1091 4667 1470 4729 contemnere,
1521 4662 1675 4734 quasi
1725 4679 1993 4736 nunquam
2037 4668 2120 4731 vi-

531 4755 720 4814 «ιιιωι
746 4748 791 4812 ’ς

609 4837 835 4898 CAPUT
864 4841 1052 4908 XXIII.
1078 4872 1152 4885 —-
1175 4843 1237 4910 ﬂ
1253 4885 1266 4900 .
1295 4845 1518 4914 Spiritus
1543 4855 1745 4906 sanctus
1769 4847 1850 4901 die
1875 4850 2123 4921 quinque:

535 4934 728 5006 gestum
773 4942 883 5007 post
916 4935 1328 4991 resurrectionem
1352 4933 1542 4993 Christi
1563 4938 1769 4999 missus.
1791 4938 1963 4994 Judwi
1989 4958 2123 5010 pra:-

529 5025 788 5088 dt'oatione
824 5024 1186 5097 Apostolorum
1208 5029 1430 5083 conversi
1444 5070 1460 5096 ,
1491 5029 1604 5090 vine
1625 5031 1927 5102 evangelica:
1951 5035 2120 5088 studio

533 5118 830 5192 ﬂagrantes.
851 5115 1095 5173 Ecclesiae
1111 5117 1250 5189 apud
1271 5116 1451 5174 Gentes
1471 5135 1561 5191 per
1577 5118 1798 5175 Paulum
1816 5125 2117 5186 constitutor.

437 5239 442 5243 -
535 5207 667 5270 Inde
684 5207 1014 5276 conﬁrmatis
1038 5207 1315 5278 discipulis
1334 5249 1350 5273 ,
1378 5221 1727 5267 conversatus
1747 5227 1867 5268 cum
1891 5215 1968 5270 eis
1990 5231 2120 5287 qua-

533 5299 777 5372 draginta
805 5300 996 5357 diebus
1015 5341 1031 5366 ,
1061 5300 1264 5357 eisdem
1288 5301 1652 5372 spectantibus
1671 5306 1912 5361 ascendit
1932 5308 1984 5362 in
2006 5324 2121 5364 coe-

531 5392 644 5450 lum
667 5407 688 5460 ;,
723 5401 778 5449 et
810 5391 1094 5462 completis
1117 5406 1148 5446 a
1176 5394 1566 5451 resurrectione
1593 5395 1971 5469 quinquaginta
1999 5400 2116 5456 die-

531 5485 636 5544 bus
676 5485 821 5550 misit
854 5484 937 5544 eis
964 5481 1218 5556 Spiritum
1254 5495 1497 5542 sanctum
1539 5485 1878 5561 (promiserat
1904 5492 2070 5564 enim)
2097 5535 2112 5562 ,

530 5613 536 5618 ’
599 5627 620 5692 ξ
651 5627 723 5676 sic
741 5630 851 5679 llas.
878 5631 934 5680 At
955 5624 1100 5692 editi,
1116 5623 1175 5675 ab
1190 5637 1267 5674 ea.

603 5688 623 5719 ι
655 5693 756 5736 Am.
778 5692 856 5740 ιιι.
879 5694 934 5744 et
952 5685 1061 5738 fere
1093 5685 1271 5745 omnes
1303 5693 1427 5747 Mss,
1475 5687 1682 5750 Murus.
1717 5694 1846 5748 Unus
1871 5689 2120 5742 Vaticanus

537 5754 614 5808 his
624 5778 642 5809 ,
664 5755 1040 5801 resurrecturus.

1333 327 1420 382 DE
1458 325 2006 385 C\TECllLZANDlS
2047 324 2359 394 RUDIBUS,
2399 325 2458 382 S.
2499 325 2865 385 AUGUSTINJ
3636 345 3714 403 5ιο

2211 454 2308 510 per
2346 454 2505 512 quem
2551 440 2740 497 diﬂ‘usa
2779 441 3037 499 charitate
3073 443 3133 498 in.
3155 447 3394 505 cordibus
3419 466 3612 524 eorum,
3633 475 3717 516 nun

2209 531 2382 588 solum
2422 532 2538 591 sine
2571 547 2734 591 onere
2753 575 2770 600 ,
2807 534 2902 590 sed
2927 535 3086 590 etiam
3115 552 3235 592 cum
3259 539 3562 608 jucunditate
3583 547 3715 618 legent

2209 631 2430 692 possent
2454 624 2693 694 implere.
2715 625 2846 694 Quae
2871 625 2992 682 data
3015 636 3099 682 est
3125 627 3318 684 Iudaeis
3347 633 3396 686 in
3423 633 3589 690 decem
3611 654 3719 707 prm—

2209 714 2408 784 ceptis,
2452 716 2593 786 quod
2640 718 2908 788 appellant
2947 719 3278 792 decalogum.
3320 724 3443 793 Quae
3483 744 3638 786 rursus
3671 735 3720 788 ad

2211 804 2318 861 duo
2347 805 2654 878 rediguntur
2672 849 2687 876 ,
2720 819 2776 865 ut
2795 810 3079 882 diligamus
3103 813 3265 869 Deum
3290 830 3352 871 ex
3374 827 3476 873 toto
3497 821 3651 890 corde,
3671 839 3723 880 ex

2213 908 2320 954 tota
2367 903 2541 957 anima
2563 946 2577 970 ,
2619 920 2682 959 ex
2717 913 2824 960 tota
2854 913 3032 963 mente
3059 924 3073 973 ;
3105 915 3160 962 et
3187 907 3454 979 diligamus
3479 915 3721 981 proximum

2212 992 2348 1055 sicut
2386 1008 2485 1054 nos
2528 996 2693 1072 ipsos.
2729 997 2859 1052 Nam
2891 998 2941 1052 in
2973 997 3057 1062 his
3086 998 3292 1062 duobus
3322 1005 3724 1074 praeceptistntam

2212 1081 2406 1152 Legem
2436 1084 2832 1158 PrOphetasque
2859 1089 3089 1158 pendere
3109 1131 3122 1156 ,
3157 1090 3269 1159 ipse
3298 1091 3538 1148 Dominus
3564 1104 3610 1150 et
3629 1096 3730 1152 dixit

2214 1173 2268 1230 in
2292 1175 2582 1246 Evangelia
2615 1175 2824 1246 (Matth.
2857 1195 2964 1234 xxn
2987 1222 3001 1246 ,
3033 1181 3227 1252 57-40)
3252 1223 3266 1249 ,
3299 1191 3352 1236 et
3371 1197 3462 1238 suo
3482 1185 3732 1242 manifesta-

2215 1265 2289 1319 vit
2325 1267 2590 1337 exemplo.
2630 1267 2763 1322 Nam
2807 1279 2855 1324 ct
2907 1272 3129 1341 populus
3159 1272 3319 1327 lsrael
3348 1289 3414 1328 ex
3441 1275 3520 1331 die
3543 1292 3632 1347 quo
3655 1279 3732 1348 pri-

2214 1371 2358 1410 mum
2388 1358 2579 1426 pascha
2603 1359 2654 1413 in
2678 1359 2905 1430 imagine
2927 1363 3284 1428 celebrarunt,
3310 1379 3458 1420 ovem
3483 1367 3734 1426 occidentes

2215 1458 2270 1505 et
2297 1451 2673 1515 manducantcs
2691 1495 2704 1518 ,
2735 1455 2888 1523 cujus
2913 1457 3168 1526 sanguine
3194 1468 3372 1528 postes
3398 1475 3569 1514 eorum
3592 1459 3646 1514 ad
3671 1475 3735 1514 sa-

2216 1540 2343 1596 lutis
2386 1543 2603 1597 tutelam
2646 1545 2837 1616 signati
2875 1557 2997 1602 sunt
3035 1547 3228 1620 (Exod.
3261 1550 3364 1621 χιι)
3391 1567 3404 1616 ;
3434 1566 3494 1605 ex
3522 1551 3620 1620 ipso
3639 1566 3733 1622 ergo

2215 1632 2302 1688 die
2331 1635 2796 1706 quinquagesimus
2814 1637 2929 1694 dies
2950 1639 3200 1708 impletus
3225 1648 3307 1696 est
3325 1682 3341 1707 ,
3370 1650 3421 1696 et
3447 1641 3602 1712 legem
3623 1657 3736 1697 acce-

2217 1733 2410 1794 perunt
2453 1725 2704 1796 scriptam
2744 1728 2908 1799 digito
2947 1730 3039 1800 Dei
3083 1728 3192 1804 (Id.
3235 1747 3362 1796 xix,
3398 1732 3489 1802 xx)
3513 1773 3528 1797 ,
3556 1746 3645 1802 quo
3668 1747 3738 1785 no-

2217 1815 2360 1883 mine
2393 1815 2502 1886 jam
2545 1817 2775 1874 diximus
2803 1820 3086 1890 significari
3112 1821 3370 1891 Spiritum
3397 1833 3616 1877 sanctum
3641 1821 3737 1893 (Su-

2219 1926 2333 1981 pm,
2351 1926 2463 1980 cap.
2495 1926 2559 1964 xx
2580 1953 2594 1978 ,
2625 1927 2677 1964 η.
2707 1910 2799 1984 55)
2833 1930 2846 1966 :
2877 1913 3012 1966 sicut
3037 1921 3158 1984 post
3185 1913 3395 1968 Domini
3422 1914 3681 1984 passionem
3699 1922 3736 1966 et

2218 2001 2664 2056 resurrectionem
2691 2043 2706 2067 ,
2729 2001 2868 2071 quod
2898 2011 2984 2068 est
3010 2018 3197 2070 verum
3222 2003 3415 2074 pascha
3435 2003 3737 2074 ,uninquago-

2218 2093 2356 2147 sinio
2391 2092 2478 2148 die
2511 2093 2625 2163 ipse
2662 2077 2891 2162 Spiritus
2915 2105 3133 2149 sanctus
3160 2081 3435 2166 discipulis
3458 2096 3630 2148 missus
3645 2102 3737 2148 est:

2218 2201 2325 2239 non
2361 2185 2470 2255 jam
2510 2186 2732 2257 lapideis
2763 2187 2955 2242 tabulis
2983 2187 3144 2242 corda
3174 2187 3310 2243 dura
3337 2187 3653 2259 significans;
3675 2185 3740 2240 sed

2219 2291 2338 2334 eum
2367 2287 2547 2336 essent
2571 2294 2732 2332 unum
2764 2279 2816 2333 in
2843 2278 3020 2346 locum
3045 2281 3352 2350 congregati
3381 2280 3433 2334 in
3459 2281 3562 2349 ipsa
3582 2277 3741 2332 Jerusae

2219 2367 2324 2427 lem
2349 2411 2365 2436 ,
2396 2368 2572 2425 factus.
2593 2377 2678 2424 est
2701 2368 2878 2425 suhito
2907 2369 2972 2425 de
2997 2370 3134 2433 ctelo
3165 2385 3339 2428 sonus
3357 2411 3372 2437 ,
3403 2371 3546 2440 quasi
3570 2368 3743 2435 ferretur

2220 2456 2377 2512 ﬂatus
2401 2457 2708 2524 vehemens,
2731 2467 2786 2514 et
2805 2459 2931 2514 visa:
2951 2468 3074 2515 sunt
3099 2460 3208 2516 illis
3233 2461 3426 2531 linguze
3450 2460 3616 2515 divisa:
3635 2456 3743 2528 quasi

2220 2548 2354 2620 ignis
2375 2589 2389 2614 ,
2427 2557 2481 2604 et
2504 2557 2780 2620 cmperunt
2809 2550 3000 2621 linguis
3030 2552 3206 2621 loqui,
3243 2552 3314 2606 ita
3343 2562 3400 2607 ut
3421 2566 3593 2606 omnes
3615 2549 3682 2619 qui
3697 2548 3742 2601 ad

2220 2639 2342 2694 illos
2369 2650 2644 2703 venerant,
2673 2654 2826 2694 suam
2854 2641 3087 2713 linguam
3107 2643 3341 2714 quisque
3362 2650 3674 2714 cognosceret
3689 2637 3749 2707 (ad

2220 2728 2362 2783 illam
2397 2729 2538 2784 enim
2570 2729 2838 2786 civitatem
2866 2745 2932 2786 ex
2961 2732 3106 2796 omni
3136 2741 3290 2799 terra
3317 2731 3675 2788 conveniebant
3691 2727 3751 2782 lu-

2220 2820 2319 2876 dtei
2341 2863 2354 2887 ,
2391 2837 2726 2894 quacumque
2760 2821 2987 2892 dispersi
3026 2831 3212 2890 erant,
3266 2834 3323 2880 et
3355 2825 3581 2880 diversas
3603 2822 3751 2890 linguas

2219 2915 2453 2984 gentium
2473 2915 2805 2970 diversarum
2826 2914 3125 2971 didicerant
3147 2915 3295 2990 [Αει.
3321 2933 3379 2986 n,
3405 2915 3591 2989 i-tlj):
3611 2913 3753 2968 deinde

2219 3021 2342 3062 cum
2389 3013 2498 3060 tota
2540 3006 2730 3063 fiducia
2771 3007 3044 3062 Christum
3075 3009 3474 3078 praedicantes,
3503 3009 3549 3062 iu
3575 3007 3668 3075 ejus
3689 3018 3753 3056 no-

2220 3101 2367 3165 mine
2403 3100 2567 3164 mnlta
2609 3100 2758 3172 signa
2800 3099 3103 3166 faciebant,
3144 3101 3225 3156 ita
3271 3111 3329 3156 ut
3363 3100 3625 3173 quemdam
3654 3111 3755 3151 mor-

2221 3199 2370 3247 tuum
2393 3198 2699 3246 transeunte
2727 3191 2883 3247 Petro
2906 3192 3094 3247 umbra
3115 3192 3244 3262 ejus
3271 3194 3530 3266 tetigerit,
3559 3202 3606 3248 et
3627 3203 3757 3246 resur-

2221 3282 2420 3337 rexerit
2444 3280 2555 3353 (Id.
2582 3298 2615 3335 v
2635 3322 2652 3348 ,
2685 3280 2794 3354 15).

2290 3374 2381 3428 42.
2410 3373 2516 3430 Sed
2536 3389 2656 3428 cum
2683 3375 2924 3429 viderent
2941 3374 3110 3430 Judaei
3135 3384 3290 3432 tanta
3315 3377 3465 3448 signa
3487 3377 3588 3432 fieri
3609 3376 3654 3429 in
3675 3371 3757 3441 ejus

2222 3465 2439 3524 nomine
2461 3507 2478 3534 ,
2519 3481 2676 3536 quem
2718 3467 2907 3536 partim
2944 3483 3040 3537 per
3071 3468 3334 3524 invidiam
3357 3511 3373 3539 ,
3401 3470 3583 3540 partim
3607 3482 3682 3538 per
3697 3478 3758 3518 er-

2221 3572 2399 3611 rorem
2425 3557 2804 3626 crucifixerunt
2822 3600 2837 3625 ,
2865 3559 2955 3613 alii
2977 3559 3163 3614 irritati
3187 3571 3323 3616 sunt
3344 3563 3410 3616 ad
3429 3556 3759 3632 persequendos

2223 3647 2602 3717 praedicatores
2643 3648 2759 3718 ejus
2806 3650 3126 3718 Apostolus,
3169 3651 3270 3707 alii
3299 3667 3428 3708 vero
3454 3651 3659 3722 idipsqu
3675 3660 3755 3699 am-

2224 3739 2364 3809 plius
2387 3738 2713 3806 admirantes
2730 3779 2745 3803 ,
2777 3740 2918 3812 quod
2949 3741 3002 3794 in
3033 3740 3148 3811 ejus
3177 3746 3410 3799 nomine
3430 3785 3445 3810 ,
3472 3756 3619 3814 quem
3639 3733 3761 3791 veluti

2223 3846 2254 3885 a
2297 3845 2358 3886 se
2393 3845 2708 3901 oppressum
2755 3840 2810 3886 et
2851 3832 3047 3886 victum
3089 3833 3367 3900 riserunt,
3395 3843 3536 3889 tanta
3563 3825 3762 3886 miracula

2225 3921 2413 3977 flerent
2436 3962 2453 3988 ,
2485 3923 2792 3994 paenitendo
2820 3925 3065 3978 conversi
3086 3924 3446 3981 crediderunt
3472 3925 3524 3980 in
3547 3937 3656 3980 eum
3681 3917 3766 3973 mil-

2226 4015 2296 4070 lia
2318 4017 2336 4048 ³
2361 4015 2690 4071 Judteorum.
2718 4015 2832 4071 Non
2863 4025 3016 4071 erant
3036 4017 3148 4086 jam
3179 4017 3261 4073 illi
3287 4018 3592 4090 temporalia
3611 4008 3766 4068 beneﬁ—

2225 4105 2307 4160 cia
2349 4114 2728 4177 terrenumque
2769 4121 2988 4175 regnum
3031 4106 3417 4165 desiderantes
3462 4124 3493 4163 a
3534 4109 3666 4168 Deo,
3699 4114 3770 4156 uec

2228 4198 2548 4266 promissum
2586 4212 2765 4267 regem
2789 4196 3060 4253 Christum
3085 4201 3384 4256 carnaliter
3408 4203 3768 4270 exspectantes:

2226 4288 2324 4347 sed
2364 4289 2735 4347 immortaliter
2773 4289 3130 4361 intelligentes
3168 4300 3226 4347 et
3269 4292 3557 4365 diligentes
3584 4303 3688 4347 eum
3709 4283 3773 4352 φιί

2229 4395 2326 4451 pro
2371 4381 2502 4452 ipsis
2546 4383 2616 4438 ab
2655 4381 2787 4450 ipsis
2829 4390 2972 4446 tanta
3011 4385 3319 4440 mortaliter
3357 4385 3610 4456 pertulit,
3645 4388 3689 4434 et
3720 4377 3774 4430 eis

2227 4488 2395 4543 usque
2421 4473 2490 4528 ad
2515 4472 2602 4528 sui
2626 4473 2898 4544 sanguinis
2924 4475 2945 4508 ²
2977 4485 3193 4545 peccata
3220 4477 3493 4550 donavit,
3523 4485 3572 4533 et
3599 4474 3777 4529 immor-

2227 4566 2484 4620 talitatem
2524 4581 2554 4618 a
2595 4580 2654 4621 se
2692 4567 3010 4636 sperandam
3047 4578 3100 4624 et
3128 4567 3549 4626 desiderandam
3576 4559 3776 4630 exempl0

2228 4670 2336 4714 Sua:
2363 4657 2767 4714 resurrectionis
2791 4659 3042 4714 ostendit.
3075 4660 3259 4730 Itaque
3281 4662 3403 4732 jam
3430 4662 3623 4718 veteris
3645 4653 3779 4712 homio

2229 4748 2310 4803 nis
2332 4757 2539 4805 terrena
2560 4750 2823 4807 desideria
2851 4753 3232 4820 mortificantes
3253 4797 3276 4826 ,,
3299 4767 3356 4812 et
3381 4755 3666 4828 spiritualis
3689 4747 3780 4800 ιίῐκ

2227 4841 2460 4898 novitate
2510 4843 2793 4914 ﬂagrantes
2821 4888 2835 4912 ,
2879 4847 3017 4902 sicut
3062 4832 3499 4919 praeceperat-in
3540 4839 3781 4913 Evangelio

2228 4928 2484 4996 Dominus
2503 4976 2517 5000 ,
2547 4935 2847 4992 vendebant
2871 4939 3046 4993 omnia
3076 4955 3194 5010 qua:
3220 4940 3506 4996 habebant
3529 4983 3542 5006 ,
3576 4946 3627 4994 et
3651 4932 3780 5005 pretia

2225 5040 2406 5081 rerum
2432 5042 2646 5082 suarum
2673 5037 2798 5085 ante
2825 5030 2987 5100 pedes
3007 5032 3398 5103 Apostolorum
3424 5032 3718 5105 ponebant,
3742 5031 3786 5077 ul

2226 5116 2326 5188 ipsi
2355 5117 2735 5176 distribuerent
2761 5122 3048 5194 unicuique
3071 5165 3084 5188 ,
3127 5125 3267 5180 sicut
3313 5127 3519 5198 cuique
3547 5139 3672 5196 opus
3699 5123 3787 5173 eral

2227 5207 2338 5281 (Id.
2368 5226 2405 5264 ιι
2429 5252 2444 5276 ,
2475 5211 2575 5279 44,
2607 5221 2656 5266 et
2674 5228 2728 5275 tv
2747 5254 2762 5279 ,
2793 5214 2888 5284 54)
2920 5232 2935 5270 :
2964 5215 3319 5286 viventesque
3350 5219 3405 5273 in
3431 5217 3708 5274 christiana
3729 5208 3788 5262 di-

2227 5298 2456 5355 lectione
2481 5301 2823 5358 concorditer
2843 5345 2858 5370 ,
2884 5320 2988 5359 non
3010 5305 3263 5361 dicebant
3285 5309 3498 5380 aliquid
3527 5320 3691 5363 suum,
3716 5294 3787 5352 sed

2225 5399 2378 5445 erant
2403 5391 2509 5446 illis
2527 5392 2704 5447 omnia
2729 5396 3030 5450 communia
3055 5439 3070 5464 ,
3097 5405 3153 5452 et
3171 5398 3355 5453 anima
3385 5410 3443 5455 et
3469 5415 3565 5456 cor
3582 5408 3728 5453 unum
3749 5389 3788 5441 in

2227 5480 2392 5536 Deum
2415 5480 2526 5555 (Id.
2553 5499 2607 5537 tv
2626 5525 2639 5546 ,
2664 5483 2866 5554 52.55).
2893 5485 3091 5540 Deinde
3111 5489 3272 5544 etiam
3299 5489 3406 5558 ipsi
3428 5505 3460 5544 a
3482 5488 3676 5547 Judreis
3693 5493 3788 5534 car.

2291 5572 2474 5644 tum
2500 5582 2624 5635 νοεῖν
2667 5574 2983 5644 crediteth
3013 5578 3067 5630 in
3108 5591 3219 5630 eum
3262 5579 3434 5633 millia
3451 5617 3468 5644 ,
3516 5576 3791 5631 addiderunt.

2223 5632 2392 5708 neque,
2415 5647 2478 5708 ex
2499 5632 2790 5708 imoLcedice
2821 5645 2902 5689 his.
3117 5703 3136 5708 _
3269 5632 3272 5633 ⁷
3369 5705 3400 5708 _
3711 5697 3721 5708 ο

2224 5697 2423 5813 »εἰέκ
2446 5698 2492 5747 in
2509 5699 2722 5751 θάίίίοηθ
2746 5707 2854 5759 LOY.
2880 5701 3091 5764 additum
3112 5703 3294 5765 fuerat,
3321 5703 3608 5769 emisionem
3630 5697 3794 5751 :tninus
