3896 6382
257 300 340 358 Sil

250 410 452 466 natibus
480 409 685 465 civibus
716 408 895 461 carnis
924 424 1042 463 sete
1076 407 1490 477 persecutionem
1523 408 1661 475 passi
1682 414 1839 473 atque

248 501 471 571 dispersi
516 508 676 565 sunt,
723 508 783 552 ut.
825 499 988 554 latius
1029 499 1273 554 Christus
1296 514 1477 553 eorum
1504 498 1839 567 diSpersinuc

246 591 661 661 praedicaretur,
713 598 769 645 et
812 589 1152 646 imitarentur
1191 592 1349 645 etiam
1388 591 1485 660 ipsi
1528 591 1837 660 patientiam

245 683 456 739 Domini
483 684 569 739 sui
600 702 614 738 :
642 682 761 753 quia
789 682 879 752 qui
902 697 998 737 eos
1028 683 1042 713 ¹
1069 690 1375 738 mansuetus
1407 696 1592 752 passus
1620 680 1793 735 fuerat
1819 722 1833 747 ,

245 774 643 835 mansuefactos
672 788 768 844 pro
797 789 855 829 se
877 774 984 843 pati
1001 772 1240 843 jubebat.

313 867 405 921 45.
436 865 521 919 Es
550 865 682 934 ipsis
706 872 1014 925 sanctorum
1041 863 1462 933 persecutoribus
1485 862 1654 916 fuerat
1674 861 1849 916 etiam.

254 958 518 1028 apostolus
562 956 797 1021 Paulus,
840 966 894 1010 et
932 955 985 1009 in
1020 954 1346 1010 Christianos
1384 956 1612 1008 maxime
1651 952 1835 1008 sanie-

259 1051 341 1105 bat
380 1068 392 1103 :
439 1048 533 1104 sed
568 1058 753 1116 postea
784 1048 1011 1103 credens
1036 1056 1089 1102 et
1112 1046 1384 1117 apostolus
1410 1046 1609 1108 factus,
1643 1046 1837 1099 missus

269 1152 340 1197 cst
359 1152 411 1197 ut
430 1141 692 1197 Gentibus
717 1140 1062 1210 Evangelium
1091 1139 1422 1210 prmdicaret,
1450 1139 1691 1209 graviora
1717 1154 1837 1208 per-

275 1247 441 1302 pessus
480 1247 575 1302 pro
610 1232 827 1286 nomine
865 1230 1095 1293 Christi,
1122 1247 1280 1301 quam
1314 1230 1508 1284 fecerat
1533 1240 1717 1284 contra
1741 1246 1836 1283 no-

271 1341 377 1381 men
415 1323 629 1378 Christi.
678 1323 947 1379 Ecclesias
972 1331 1149 1380 autem
1173 1323 1501 1376 constituens
1531 1338 1625 1393 per
1647 1337 1834 1377 omnes

263 1427 434 1486 gentes
452 1432 552 1488 qua
577 1416 919 1486 Evangelium
941 1415 1235 1470 seminabat
1253 1455 1269 1482 ,
1296 1415 1534 1484 impense
1556 1415 1831 1485 praecipie-

262 1509 373 1574 bat,
405 1517 460 1561 ut
486 1506 736 1577 quioniam
768 1506 868 1576 ipsi
896 1521 961 1561 ex
992 1505 1250 1562 idolorum
1273 1507 1419 1561 cultu
1441 1506 1748 1573 venientes,
1780 1515 1837 1561 et

259 1599 320 1653 ad
347 1615 503 1653 unum
531 1599 701 1653 Deum
732 1598 1016 1653 colendum
1048 1598 1206 1652 rudes
1231 1639 1245 1662 ,
1273 1614 1378 1652 non
1409 1600 1558 1653 facile
1589 1608 1831 1669 poterant

248 1692 409 1746 rebus
446 1691 554 1745 suis
592 1689 823 1745 venditis
865 1700 919 1745 et
950 1690 1247 1745 distributis
1271 1690 1474 1745 servire
1502 1691 1612 1747 Deo
1636 1732 1650 1757 ,
1684 1692 1832 1747 obla-

256 1786 425 1839 tiones
464 1784 694 1839 facerent
737 1783 790 1837 in
835 1798 1097 1854 pauperes
1131 1792 1435 1838 sanctorum
1476 1785 1564 1854 qui
1595 1795 1748 1839 erant
1779 1786 1830 1841 in

256 1875 503 1930 lieclesiis
538 1874 766 1941 Juda'ae,
811 1890 931 1945 qua:
968 1873 1179 1929 Christo
1203 1874 1539 1930 crediderant
1569 1892 1583 1927 :
1611 1877 1682 1929 ita
1713 1877 1839 1932 illos

258 1978 509 2037 tanquam
546 1968 771 2035 milites,
812 1966 932 2020 illos
970 1975 1147 2021 autem
1177 1974 1425 2035 tanquam
1455 1967 1831 2037 stipendiarios

263 2060 609 2130 provinciales
638 2056 923 2128 apostolica
966 2058 1206 2113 doctrina
1241 2059 1556 2124 constituit;
1588 2059 1830 2116 inserens

271 2153 353 2206 eis
378 2151 630 2205 Chrismm
652 2151 783 2205 velut
807 2150 1038 2221 lapidem
1058 2151 1365 2221 angularem
1390 2192 1403 2216 ,
1430 2152 1565 2206 sicut
1591 2167 1688 2222 per
1709 2166 1833 2221 pro-

264 2243 478 2314 phetam
499 2244 861 2313 pra-nuntiatus
886 2253 1022 2309 crat,
1054 2244 1105 2298 in
1126 2258 1230 2314 quo
1252 2243 1409 2298 ambo
1429 2245 1578 2314 quasi
1602 2244 1828 2314 parietes

254 2334 327 2390 de
353 2336 558 2391 diverso
584 2335 847 2391 venientes
866 2377 880 2400 ,
913 2335 980 2391 de
1006 2334 1205 2391 Judmis
1233 2335 1483 2391 videlicet
1505 2344 1664 2406 atque
1686 2335 1827 2391 Gen-

256 2426 430 2495 tibus,
466 2443 711 2499 germana
750 2427 1012 2483 charitate
1045 2429 1420 2499 copulat-eatur
1455 2426 1623 2498 (Psal.
1657 2443 1830 2497 cxvn,

254 2517 361 2583 ἤ,
401 2529 445 2572 et
480 2518 604 2573 lsai.
634 2535 828 2586 xxvm,
862 2519 974 2589 16).
1000 2519 1103 2574 Sed
1135 2528 1316 2589 postea
1343 2519 1615 2589 graviores
1638 2526 1692 2573 et
1715 2532 1832 2572 ere-

258 2607 457 2664 briores
481 2611 875 2679 persecutiones
899 2624 964 2664 ex
993 2608 1277 2665 incredulis
1305 2609 1551 2679 gentibus
1578 2608 1833 2664 adversus

262 2696 448 2753 Christi
488 2700 775 2754 Ecclesiam
806 2708 1152 2755 surrexerunt
1172 2740 1186 2764 ,
1215 2709 1268 2755 et
1297 2699 1613 2769 implebatur
1638 2699 1689 2753 in
1717 2699 1833 2754 dies

264 2789 488 2861 singulos
515 2794 734 2848 verbum
771 2792 981 2847 Domini
1012 2792 1379 2863 prmdicentis,
1411 2792 1546 2848 Ecce
1573 2809 1663 2864 ego
1690 2795 1832 2847 mitto

266 2896 352 2935 eos
377 2882 495 2935 velut
522 2900 631 2938 ones
664 2885 717 2937 in
747 2884 912 2937 medio
941 2884 1173 2955 luporum
1202 2883 1411 2955 (Matth.
1444 2901 1505 2951 χ,
1540 2883 1652 2959 16).

346 2969 543 3029 CAPUT
576 2973 774 3031 XXIV.
797 3005 869 3015 —-
891 2975 978 3029 44.
1011 2975 1240 3030 Ecclesia
1264 2977 1408 3046 quasi
1436 2976 1547 3031 vitis
1576 2975 1829 3047 pullulat,

278 3074 325 3117 et
349 3075 545 3135 putatur.
567 3066 650 3122 Ex
668 3067 733 3122 iis
759 3083 873 3137 qua
891 3067 1118 3144 videntur
1136 3068 1343 3139 impleta
1362 3109 1376 3135 ,
1405 3068 1678 3123 credantur
1698 3085 1830 3139 pra:-

278 3156 405 3210 ἀξίω
444 3175 540 3228 qm
575 3168 765 3214 restant
788 3160 1077 3231 implenda,
1108 3161 1383 3232 praesertim
1400 3160 1657 3231 judicium
1687 3163 1831 3231 [utu-

275 3263 404 3300 rum.
426 3250 516 3304 Sed
543 3251 626 3305 illa
652 3252 775 3305 vitis
804 3266 922 3321 quae
952 3266 1046 3321 per
1073 3250 1255 3306 orbem
1288 3260 1548 3306 terrarum
1569 3293 1584 3320 ,
1608 3251 1744 3306 sicut
1765 3251 1833 3307 de

273 3338 359 3392 illa
403 3340 790 3410 protihetatum,
832 3351 888 3397 et
929 3343 997 3397 ab
1033 3341 1149 3412 ipso
1174 3343 1398 3397 Domino
1424 3343 1833 3413 prmuuutiatum

272 3439 419 3496 erat,
456 3430 738 3488 fructuosos
767 3431 1010 3502 palmites
1035 3432 1363 3488 dilfundcbat
1382 3474 1396 3499 ,
1426 3442 1573 3489 tanto
1601 3434 1832 3506 pullula-

274 3516 368 3573 hat
406 3522 638 3591 amplius,
683 3533 881 3593 quanto
921 3523 1209 3579 uberiore”
1246 3532 1538 3597 martyrum
1579 3526 1835 3595 sanguine

281 3608 547 3678 rigabatur.
587 3613 787 3681 Quibus
826 3629 922 3685 per
961 3629 1149 3669 omnes
1184 3623 1353 3669 terras
1380 3615 1837 3670 innumerabiliter

278 3713 381 3769 pro
404 3700 513 3757 fidei
529 3706 739 3761 veritate
760 3706 1130 3774 morientibus,
1151 3706 1308 3761 etiam
1332 3706 1443 3776 ipsa
1465 3707 1836 3778 persequentia

269 3806 435 3863 regna
462 3806 742 3861 cesserunt,
772 3804 828 3852 et
850 3796 915 3851 ad
938 3794 1207 3852 Christum
1229 3796 1658 3868 cognoscendum
1678 3806 1837 3867 atque

268 3888 614 3944 venerandum
657 3888 830 3944 fracta
871 3889 1137 3959 superbiae
1174 3890 1384 3945 cervice
1412 3898 1833 3945 eonversasunt.

266 3976 547 4048 Oportebat
588 3991 768 4038 autem
815 3991 874 4036 ut
918 3981 1105 4038 eadem
1147 3980 1308 4050 vitis,
1354 3981 1492 4037 sicut
1535 3997 1565 4037 a
1612 3982 1840 4038 Domino

268 4069 542 4130 identidem
560 4074 876 4146 praedictum
911 4082 1027 4129 erat
1047 4115 1062 4141 ,
1094 4082 1370 4145 putaretur
1392 4114 1407 4138 ,
1438 4081 1492 4128 et
1518 4088 1583 4127 ex
1611 4088 1673 4128 ea
1699 4070 1808 4142 pra:

270 4163 565 4221 ciderentur
597 4165 924 4222 infructuosa
961 4174 1226 4221 sarmenta
1254 4163 1313 4236 (1
1317 4181 1434 4225 nati.
1462 4180 1566 4230 xv,
1596 4163 1652 4236 2)
1674 4204 1691 4232 ,
1719 4164 1837 4234 qui-

265 4253 367 4311 bus
410 4256 635 4315 haereses
672 4267 727 4315 et
762 4257 1047 4313 schismata
1091 4272 1187 4326 per
1224 4256 1339 4311 loca
1377 4256 1511 4311 facta
1551 4264 1713 4322 sunt,
1743 4256 1842 4311 sub

264 4346 456 4405 Christi
495 4351 742 4416 nomine,
786 4364 894 4405 non
920 4349 1088 4420 ipsius
1110 4348 1330 4419 gloriam
1352 4387 1368 4414 ,
1398 4346 1493 4401 sed
1519 4361 1669 4401 suam
1693 4361 1841 4417 qua:-

266 4444 525 4509 rentium,
569 4459 665 4513 per
704 4457 935 4513 quorum
975 4439 1325 4497 adversitates
1362 4442 1530 4510 magis
1570 4440 1844 4510 magisque

265 4543 598 4589 exerceretur
623 4533 880 4599 Ecclesia,
906 4539 956 4587 et
980 4530 1296 4602 probaretur
1315 4539 1473 4601 atque
1488 4529 1846 4589 illustraretur.

266 4632 322 4677 et
349 4625 579 4680 doctrina
609 4625 727 4697 eius
754 4634 809 4681 et
837 4624 1110 4695 patientia.

340 4714 428 4768 45.
452 4716 637 4771 Omnia
668 4730 795 4786 ergo
820 4713 966 4780 lucc,
997 4714 1133 4770 sicut
1162 4722 1307 4768 tanto
1335 4720 1458 4768 ante
1482 4711 1733 4783 przedicta
1764 4712 1846 4768 le-

274 4805 471 4875 simus,
512 4809 589 4864 sic
632 4816 687 4864 et
714 4807 848 4862 facta
873 4805 1243 4877 cognoscimus
1272 4822 1287 4859 :
1316 4813 1369 4860 et
1398 4803 1846 4876 quemadmodum

273 4897 426 4966 primi
464 4898 770 4964 christiani,
808 4898 932 4970 quia
977 4897 1211 4952 nondum
1239 4897 1337 4952 ista
1365 4895 1674 4965 provenisse
1697 4891 1849 4950 vide-

276 4985 430 5057 bant,
473 4989 742 5046 miraculis
787 4988 1139 5044 movebantur
1182 4995 1240 5040 ut
1274 4985 1595 5050 crederent;
1638 4985 1717 5040 sic
1750 4998 1850 5039 nos

274 5079 395 5147 quia
428 5080 601 5137 omnia
638 5080 739 5134 ista
767 5079 839 5133 ita
868 5079 1129 5149 completa
1157 5077 1485 5144 sunt,_sicut
1512 5091 1575 5131 ca
1603 5076 1656 5131 in
1674 5076 1851 5132 Libris

276 5168 524 5241 legimus,
557 5173 650 5244 qui
691 5173 849 5241 longe
885 5181 1168 5241 antequam
1205 5170 1319 5225 haec
1346 5169 1696 5240 implerentur
1724 5184 1849 5224 con-

276 5262 456 5334 scripti
482 5274 607 5319 sunt
630 5307 645 5331 ,
674 5264 765 5317 ubi
791 5263 967 5318 omnia
990 5262 1163 5317 futura
1183 5262 1516 5330 dicebantur,
1548 5272 1602 5317 et
1626 5277 1842 5332 prensen

278 5354 348 5408 tia
377 5355 485 5425 jam
514 5354 766 5412 videntur
784 5395 801 5421 ,
831 5353 1156 5409 :edificamur
1182 5352 1250 5408 ad
1279 5352 1437 5408 fidem
1459 5394 1475 5422 ,
1502 5360 1560 5409 ut
1587 5354 1750 5409 etiam
1782 5353 1835 5409 ill

342 5535 476 5598 [Λευ.
506 5542 560 5586 et
582 5540 681 5590 En,
702 5533 786 5595 qui
802 5541 918 5598 mue
937 5546 1031 5583 cos.
1051 5540 1187 5598 _tcv.,
1210 5534 1294 5598 qui
1310 5546 1404 5597 pro
1426 5532 1512 5598 cis.
1533 5534 1723 5598 Aliquot.
1743 5540 1865 5589 Mss.
1930 5506 1939 5513 ’

300 5594 376 5665 qui
394 5610 483 5659 per
501 5608 621 5655 eos;
658 5594 927 5656 etquidam
946 5630 959 5653 ,
983 5594 1062 5659 qui
1088 5594 1283 5660 propter
1310 5594 1387 5648 eos
1402 5608 1421 5659 ;
1443 5594 1668 5662 plerique
1693 5611 1722 5648 θ
1760 5601 1774 5625 ‘
1792 5611 1862 5653 nu

298 5669 499 5725 Ψέιεοσο
594 5723 620 5725 _
726 5722 736 5725 _
859 5715 869 5725 .

336 5722 356 5751 ³
388 5728 489 5769 Am.
517 5725 573 5769 et
591 5723 693 5777 ῑιι,
720 5722 967 5769 teneriore.

1671 294 1869 348 ωειλ
1915 270 2107 348 usus.

3419 299 3528 355 1H2

1947 421 2065 475 qua:
2087 415 2287 461 restant
2307 448 2320 470 .
2346 410 2668 465 sustinentes
2687 421 2741 465 et
2768 419 3167 481 perseverantes
3188 411 3237 465 in
3266 411 3523 479 Domino,

1946 498 2059 551 sine
2096 497 2425 554 dubitatione
2468 508 2686 555 ventura
2721 502 3018 557 credamus.
3051 500 3322 572 Siquidem
3348 503 3524 558 adhuc

1946 589 2308 645 tribulationes
2336 590 2522 647 futura:
2546 595 2597 646 in
2623 594 2822 647 eisdem
2848 595 3139 665 Seripturis
3159 596 3405 664 leguntur
3424 638 3438 659 ,
3462 608 3518 652 et

1944 682 2058 749 ipse
2099 680 2313 734 ultimus
2347 681 2528 750 judicii
2565 682 2710 747 dies,
2746 683 2834 737 ubi
2861 699 3046 739 omnes
3073 686 3216 740 cives
3242 687 3519 740 ambarum

1944 770 2152 825 illarum
2174 773 2442 828 civitatum
2470 775 2698 845 recrptis
2722 777 3034 845 corporibus
3064 780 3349 833 surrecturi
3373 790 3519 844 sunt,

1942 871 1996 916 et
2021 864 2277 919 rationem
2305 865 2426 919 vita:
2445 880 2553 918 suae
2578 875 2700 919 ante
2724 865 2948 919 tribunal
2971 866 3162 921 Christi
3185 868 3379 937 judicis
3402 870 3522 925 red.

1941 954 2121 1009 dituri.
2166 957 2351 1012 Veniet
2390 958 2531 1012 enim
2571 960 2621 1012 in
2647 960 2886 1014 claritate
2916 961 3192 1030 potestatis
3211 1003 3224 1025 ,
3252 962 3341 1031 qui
3370 963 3521 1031 prius

1941 1047 1995 1101 in
2044 1046 2339 1103 humilitate
2384 1048 2728 1105 humanitatis
2771 1052 2955 1106 venire
3003 1051 3249 1121 dignatus
3296 1061 3416 1117 est;
3467 1063 3525 1107 et

1939 1153 2126 1195 omnes
2156 1142 2269 1211 pios
2296 1142 2363 1196 ab
2388 1142 2563 1211 impiis
2588 1145 2885 1214 segregabit
2914 1163 2926 1198 :
2960 1160 3066 1200 non
3100 1154 3303 1201 tantum
3332 1146 3412 1200 eis
3432 1147 3520 1215 qui

1940 1231 1992 1286 in
2021 1248 2144 1287 eum
2171 1232 2395 1289 credere
2422 1236 2641 1290 omnino
2668 1237 2955 1292 noluerunt
2974 1279 2987 1301 ,
3017 1237 3109 1291 sed
3140 1238 3298 1292 etiam
3323 1237 3403 1293 eis
3430 1240 3522 1308 qui

1939 1321 2132 1378 frustra
2162 1334 2214 1379 et
2240 1324 2564 1381 infructuose
2589 1326 2930 1382 crediderunt
2958 1328 3009 1381 in
3040 1343 3160 1383 eum
3185 1344 3202 1391 ;
3235 1327 3339 1382 illis
3362 1327 3521 1383 datu-

1937 1430 2029 1470 rus
2081 1431 2300 1484 regnum
2344 1429 2525 1471 secum
2570 1427 2826 1473 :cternum
2857 1458 2872 1485 ,
2926 1418 3030 1473 illis
3081 1426 3257 1473 autem
3309 1433 3521 1488 poenam

1936 1516 2191 1561 mtcrnam
2218 1523 2338 1561 cum
2367 1507 2597 1562 diabolo.
2631 1508 2735 1563 Sed
2765 1509 2904 1562 sicut
2934 1508 3135 1563 nullum
3161 1508 3406 1579 gaudium
3432 1524 3519 1563 re-

1938 1615 2056 1654 rum
2100 1600 2466 1670 temporalium
2495 1617 2559 1655 ex
2586 1601 2759 1670 aliqua
2787 1610 2936 1670 parte
2962 1601 3136 1656 simile
3165 1610 3339 1672 potest
3369 1602 3521 1655 iuve-

1936 1692 2037 1745 niri
2099 1692 2292 1761 gaudio
2350 1692 2472 1747 vitae
2514 1702 2730 1747 aeternae
2760 1732 2773 1756 ,
2824 1708 2982 1761 quam
3034 1693 3199 1747 sancti
3252 1692 3520 1761 accepturi

1935 1792 2097 1848 sunt;
2128 1784 2197 1838 ita
2224 1784 2399 1839 nullus
2422 1785 2693 1840 cruciatus
2722 1796 2997 1854 pmnarum
3028 1784 3396 1854 temporalium
3426 1799 3521 1853 po-

1937 1884 2041 1932 test
2065 1876 2402 1946 sempiternis
2427 1876 2726 1947 iniquorum
2753 1876 3074 1931 cruciatibus
3092 1875 3410 1945 comparari.

2003 1968 2228 2024 CAPUT
2265 1968 2432 2023 XXV.
2463 1996 2533 2009 -—
2558 1970 2645 2023 66.
2681 1969 2835 2023 Fides
2864 1969 3236 2023 resurrectionis
3260 1968 3517 2024 suadetur.

1936 2060 2078 2115 Mors
2122 2070 2363 2131 perpetua
2397 2061 2448 2114 in
2488 2061 2763 2115 tormentis.
2814 2060 2929 2114 Vita
2966 2070 3156 2114 a'tcrna
3207 2072 3517 2114 sanctorum.

1935 2149 2221 2207 Cavendum
2268 2166 2369 2203 non
2414 2159 2609 2204 tantum
2651 2167 2685 2203 a
2739 2149 2987 2220 Paganis,
3037 2148 3258 2216 Judceis,
3294 2162 3340 2205 et
3370 2152 3525 2205 luere-

1935 2243 2065 2306 ticis,
2083 2241 2171 2296 sed
2186 2242 2333 2294 etiam
2350 2257 2381 2292 rt
2397 2240 2543 2295 malis
2559 2239 2877 2295 Christianis.
2899 2241 3125 2295 Societas
3145 2242 3210 2296 sit
3226 2258 3338 2295 cum
3358 2243 3523 2301 bonis:

1934 2348 2037 2386 non
2062 2342 2226 2385 tanien
2252 2348 2366 2402 spes
2391 2333 2443 2385 in
2468 2332 2593 2401 ipsis
2614 2342 2848 2401 ponatur.
2880 2330 3081 2401 Itaque,
3109 2331 3292 2400 frater,
3321 2333 3523 2387 ennlir-

1934 2437 2019 2477 ma
2053 2432 2105 2477 te
2134 2422 2304 2491 ipsum
2335 2422 2386 2475 in
2412 2422 2540 2491 ejus.
2555 2422 2768 2477 nomine
2792 2430 2953 2492 atque
2987 2422 3250 2493 adjutorio
3285 2423 3368 2477 cui
3398 2438 3522 2478 cre-

1934 2513 2035 2579 dis,
2050 2513 2303 2569 adversus
2318 2512 2523 2582 linguas
2538 2527 2721 2568 eorum
2737 2512 2824 2582 qui
2851 2512 3006 2567 fidem
3026 2524 3263 2568 nostram
3280 2513 3521 2581 irrident,

1935 2604 2002 2658 de
2026 2603 2217 2674 quibus
2248 2602 2490 2657 diabolus
2508 2601 2807 2657 seductoria
2835 2603 2990 2657 verba
3014 2603 3267 2672 loquitur,
3282 2603 3515 2658 maxime

1936 2696 2123 2751 volens
2151 2695 2375 2750 irridere
2402 2693 2558 2750 fidem
2598 2694 3020 2749 resurrectionis.
3063 2693 3167 2750 Sed
3209 2710 3275 2749 ex
3318 2703 3368 2749 te
3402 2694 3520 2763 ipso

1936 2787 2096 2845 crede
2118 2787 2353 2843 futurum
2384 2795 2434 2843 te
2459 2801 2577 2843 esse
2600 2802 2722 2841 cum
2749 2786 2913 2842 fueris
2935 2828 2951 2854 ,
2980 2786 3191 2856 quando
3232 2802 3352 2841 cum
3396 2796 3523 2843 ante

1936 2894 2041 2933 non
2072 2878 2254 2941 fueris,
2276 2893 2415 2932 nunc
2438 2892 2558 2932 esse
2589 2887 2641 2932 te
2662 2876 2829 2932 vides.
2860 2876 2956 2932 Ubi
2980 2877 3125 2932 enim
3147 2885 3262 2932 erat
3287 2878 3385 2932 ista
3412 2893 3522 2933 mo-

1936 2972 2015 3026 les
2040 2970 2280 3040 corporis
2315 2970 2386 3024 tui
2418 2978 2472 3024 et
2498 2968 2595 3024 ista
2624 2969 2791 3024 forma
2813 2969 3281 3040 membrorumque
3301 2984 3524 3040 compa-

1936 3077 2003 3133 go
2026 3070 2149 3116 ante
2186 3074 2380 3130 paucos
2413 3074 2601 3126 annos,
2655 3060 2961 3129 priusquam
3008 3069 3186 3126 natus,
3228 3060 3313 3115 vel
3358 3059 3519 3114 etiam

1936 3156 2243 3226 priusquam
2272 3154 2324 3208 in
2354 3152 2542 3207 matris
2568 3160 2721 3208 utero
2741 3161 3029 3222 conceptus
3054 3154 3239 3208 esses?
3278 3154 3364 3208 ubi
3401 3164 3519 3209 erat

1939 3249 2052 3303 hate
2079 3248 2248 3302 moles
2270 3256 2325 3301 et
2348 3246 2463 3301 bam
2482 3252 2682 3300 statura
2707 3246 2948 3315 corporis
2979 3245 3090 3300 tui?
3118 3245 3305 3300 Nonne
3324 3246 3393 3301 de
3423 3261 3519 3300 oe-

1935 3339 2094 3396 cultis
2124 3337 2282 3408 hujus
2307 3346 2566 3391 creatura:
2585 3336 2833 3402 secretis,
2860 3335 3083 3390 Domino
3108 3336 3218 3389 Deo
3235 3335 3522 3390 invisibili-

1938 3440 2019 3489 ter
2042 3430 2305 3485 formante
2326 3469 2343 3496 ,
2386 3427 2645 3498 processit
2672 3427 2724 3481 in
2755 3427 2929 3482 lucem
2950 3466 2965 3492 ,
3005 3427 3271 3497 certisque
3303 3434 3520 3481 aztatum

1938 3523 2282 3579 incrementis
2307 3522 2362 3576 in
2383 3522 2537 3578 istam
2556 3520 2971 3592 magnitudinem
2991 3521 3321 3592 formamque
3341 3534 3523 3577 surre-

1940 3615 2052 3670 xit?
2072 3613 2339 3683 Numquid
2362 3629 2490 3684 ergo
2510 3611 2725 3668 difficile
2743 3621 2824 3669 est
2844 3613 2973 3679 Deo,
2997 3613 3084 3682 qui
3113 3613 3271 3668 etiam
3299 3628 3520 3683 aggeres

1940 3708 2159 3763 nubium
2188 3722 2255 3762 ex
2283 3706 2495 3763 occulto
2520 3706 2572 3760 in
2602 3714 2875 3762 momento
2899 3705 3185 3775 contrahit,
3210 3716 3264 3762 et
3290 3707 3528 3777 contegit

1941 3801 2136 3861 cadum
2162 3800 2216 3854 in
2246 3799 2351 3855 ictu
2382 3798 2667 3869 temporis,
2706 3798 2930 3854 reddere
2975 3800 3131 3853 istam
3175 3798 3525 3868 quantitatem

1941 3890 2183 3961 corporis
2204 3891 2281 3947 tui
2307 3891 2444 3945 sicut
2468 3898 2601 3955 erat,
2626 3889 2715 3960 qui
2736 3904 2853 3945 eam
2877 3890 3049 3946 facere
3075 3891 3242 3960 potuit
3263 3889 3398 3945 sicut
3413 3905 3523 3945 non

1942 3984 2127 4041 eratli
2154 3981 2326 4039 Credo
2354 3997 2482 4053 ergo
2520 3982 2725 4038 fortiter
2753 3991 2807 4038 et
2833 3983 3150 4039 inconcusse
3179 3984 3304 4055 quia
3344 3986 3522 4041 omnia

1943 4092 2061 4149 qua:
2086 4075 2333 4131 videntur
2357 4075 2507 4151 quasi
2538 4075 2808 4145 pereundo
2844 4075 3089 4130 humanis
3120 4077 3291 4132 oculis
3313 4077 3526 4132 subtra-

1945 4169 2020 4235 hi,
2052 4170 2197 4225 salva
2236 4178 2291 4224 et
2331 4168 2535 4239 integra
2564 4178 2695 4224 sunt
2724 4169 3123 4238 omnipotentiae
3151 4169 3283 4235 Dei;
3328 4171 3419 4240 qui
3462 4186 3527 4226 ea

1943 4274 2067 4315 cum
2098 4259 2340 4323 voluerit,
2368 4259 2485 4314 sine
2515 4259 2617 4313 ulla
2648 4274 2793 4313 mora
2818 4268 2873 4314 et
2891 4258 3204 4315 difficultate
3231 4260 3522 4329 reparabit,

1946 4365 2007 4405 ea
2036 4349 2289 4403 duntaxat
2315 4364 2436 4417 quae
2459 4348 2659 4417 justitia
2685 4348 2799 4418 ejus
2825 4348 3117 4418 reparanda
3144 4363 3263 4404 esse
3286 4349 3488 4419 judieat
3515 4370 3528 4406 :

1948 4450 2006 4496 ut
2025 4440 2079 4494 in
2101 4438 2185 4494 his
2202 4438 2513 4508 corporibus
2529 4437 2752 4493 reddant
2772 4437 3013 4492 homines
3030 4437 3291 4492 factorum
3308 4451 3527 4494 suorum

1949 4532 2232 4591 rationem.
2259 4531 2310 4584 in
2350 4528 2543 4600 quibus
2568 4544 2628 4584 ea
2657 4528 2923 4594 fecerunt;
2952 4538 3004 4583 et
3030 4529 3081 4583 in
3113 4529 3196 4584 his
3223 4537 3531 4585 mereantur

1950 4632 2043 4677 aut
2076 4606 2544 4678 commutationem
2572 4621 2809 4677 cmlestis
2836 4620 3251 4691 incorruptionis
3292 4636 3391 4691 pro
3419 4637 3533 4676 me-

1951 4715 2069 4770 ritis
2090 4712 2319 4783 pietatis,
2343 4720 2434 4767 aut
2452 4712 2848 4782 corruptibilem
2866 4714 2887 4745 ¹
2916 4712 3155 4781 corporis
3175 4711 3533 4768 conditionem
3620 4706 3623 4709 ’

1955 4822 2052 4878 pro
2076 4807 2279 4862 meritis
2307 4806 2620 4877 iniquitatis,
2653 4823 2757 4862 non
2784 4822 2904 4878 quae
2936 4818 3109 4864 morte
3137 4808 3406 4877 solvatur,
3440 4809 3536 4864 sed

1955 4918 2074 4974 qum
2092 4902 2367 4957 materiam
2394 4901 2735 4971 sempiternis
2763 4902 3035 4957 doloribus
3063 4902 3318 4972 prmbeat.
3354 4918 3358 4924 '

2026 4996 2114 5049 47.
2156 4992 2300 5063 Fuge
2328 5006 2455 5063 ergo
2484 5007 2579 5063 per
2610 4992 2934 5049 immobilem
2966 4992 3121 5047 fidem
3157 5002 3211 5049 et
3234 5008 3410 5050 mores
3436 4994 3538 5049 b0»

1957 5103 2055 5144 nos
2073 5088 2113 5155 ³,
2139 5088 2280 5159 fuge,
2308 5087 2491 5151 frater,
2518 5085 2607 5140 illa
2629 5094 2891 5140 tormenta
2910 5126 2925 5151 ,
2952 5086 3040 5140 ubi
3071 5100 3167 5140 nec
3188 5092 3418 5141 tortores
3441 5088 3541 5142 de-

1961 5182 2162 5246 ficiunt,
2193 5194 2293 5234 nec
2341 5178 2464 5233 torti
2502 5176 2834 5242 moriuntur;
2870 5176 3068 5247 quibus
3114 5176 3230 5231 sine
3264 5176 3370 5231 fine
3398 5187 3545 5230 mors

1960 5279 2064 5338 est,
2107 5286 2212 5326 non
2260 5284 2417 5339 posse
2456 5269 2512 5323 in
2556 5267 2878 5323 cruciatibus
2925 5268 3081 5322 mori.
3139 5267 3207 5322 Et
3256 5266 3545 5323 esardesce

1963 5376 2144 5419 amore
2172 5368 2329 5430 atque
2366 5358 2631 5415 desiderio
2672 5359 3009 5428 sempiterme
3048 5357 3168 5413 vita:
3208 5366 3542 5420 sanctorum,

2029 5538 2047 5569 ⁸
2081 5538 2152 5585 sic
2174 5542 2273 5583 Am.
2299 5540 2372 5583 Er.
2400 5539 2453 5583 et
2471 5532 2638 5597 plures
2659 5540 2762 5597 Mss.
2782 5540 2981 5597 Athon,
3008 5532 3157 5594 potuit
3178 5544 3290 5581 cum
3309 5544 3401 5581 non
3420 5534 3552 5583 erat.

1966 5598 2270 5650 Corbeiensis
2289 5598 2445 5646 codex
2465 5593 2494 5644 εἰ
2515 5595 2727 5655 secunda
2752 5607 2913 5655 manu,
2940 5593 3009 5644 sic
3034 5607 3143 5643 cum
3167 5607 3258 5642 non
3281 5599 3403 5641 erat.

2032 5664 2050 5691 ³
2079 5659 2263 5721 Aliquot
2283 5664 2413 5721 Mss,
2431 5653 2772 5721 corruptibilis.

2036 5724 2053 5754 ³
2076 5722 2147 5771 sic
2166 5714 2274 5771 Mss.
2303 5714 2419 5770 aditi
2439 5714 2655 5781 veroﬁrd
2681 5729 2836 5766 morcs
2863 5714 3020 5765 bonos.
