  <div class='ocr_page' id='page_1' title='image "/cluster/home/n/w/nwhite01/storage/ocr_20150623/40-41/uva.x000217726/177.png"; bbox 0 0 3896 6382; ppageno 0'>
   <div class='ocr_carea' id='block_1_1' title="bbox 492 312 599 371">
    <p class='ocr_par' dir='ltr' id='par_1_1' title="bbox 492 312 599 371">
     <span class='ocr_line' id='line_1_1' title="bbox 492 312 599 371; baseline -0.028 0"><span class='ocrx_word' id='word_1_1' title='bbox 492 312 599 371; x_wconf 69' lang='grc' dir='ltr'><strong>3ιό</strong></span> 
     </span>
    </p>
   </div>
   <div class='ocr_carea' id='block_1_2' title="bbox 494 415 2073 490">
    <p class='ocr_par' dir='ltr' id='par_1_2' title="bbox 494 415 2073 490">
     <span class='ocr_line' id='line_1_2' title="bbox 494 415 2073 490; baseline -0.008 -11"><span class='ocrx_word' id='word_1_2' title='bbox 494 425 584 480; x_wconf 93' lang='lat' dir='ltr'><strong>ubi</strong></span> <span class='ocrx_word' id='word_1_3' title='bbox 630 437 730 478; x_wconf 90' lang='lat' dir='ltr'><strong>nec</strong></span> <span class='ocrx_word' id='word_1_4' title='bbox 773 435 995 490; x_wconf 83' lang='lat' dir='ltr'><strong>operosa</strong></span> <span class='ocrx_word' id='word_1_5' title='bbox 1041 419 1139 473; x_wconf 78' lang='lat' dir='ltr'><strong>erit</strong></span> <span class='ocrx_word' id='word_1_6' title='bbox 1184 418 1341 481; x_wconf 89' lang='lat' dir='ltr'><strong>actio,</strong></span> <span class='ocrx_word' id='word_1_7' title='bbox 1390 432 1488 471; x_wconf 87' lang='lat' dir='ltr'><strong>nec</strong></span> <span class='ocrx_word' id='word_1_8' title='bbox 1521 417 1731 485; x_wconf 79' lang='lat' dir='ltr'><strong>requies</strong></span> <span class='ocrx_word' id='word_1_9' title='bbox 1770 415 2073 480; x_wconf 85' lang='lat' dir='ltr'><strong>desidiosa;</strong></span> 
     </span>
    </p>
   </div>
   <div class='ocr_carea' id='block_1_3' title="bbox 496 507 2075 569">
    <p class='ocr_par' dir='ltr' id='par_1_3' title="bbox 496 507 2075 569">
     <span class='ocr_line' id='line_1_3' title="bbox 496 507 2075 569; baseline -0.005 -1"><span class='ocrx_word' id='word_1_10' title='bbox 496 517 609 569; x_wconf 83' lang='lat' dir='ltr'><strong>laus</strong></span> <span class='ocrx_word' id='word_1_11' title='bbox 638 514 738 568; x_wconf 88' lang='lat' dir='ltr'><strong>erit</strong></span> <span class='ocrx_word' id='word_1_12' title='bbox 786 513 874 566; x_wconf 86' lang='lat' dir='ltr'><strong>Dei</strong></span> <span class='ocrx_word' id='word_1_13' title='bbox 900 512 1014 564; x_wconf 89' lang='lat' dir='ltr'><strong>sine</strong></span> <span class='ocrx_word' id='word_1_14' title='bbox 1042 510 1283 569; x_wconf 84' lang='lat' dir='ltr'><strong>fastidio,</strong></span> <span class='ocrx_word' id='word_1_15' title='bbox 1316 509 1433 563; x_wconf 87' lang='lat' dir='ltr'><strong>sine</strong></span> <span class='ocrx_word' id='word_1_16' title='bbox 1477 508 1686 560; x_wconf 80' lang='lat' dir='ltr'><strong>defectu</strong></span> <span class='ocrx_word' id='word_1_17' title='bbox 1721 524 1734 561; x_wconf 94' lang='lat'>:</span> <span class='ocrx_word' id='word_1_18' title='bbox 1778 507 1979 561; x_wconf 91' lang='lat' dir='ltr'><strong>nullum</strong></span> <span class='ocrx_word' id='word_1_19' title='bbox 2024 507 2075 560; x_wconf 90' lang='lat' dir='ltr'><strong>in</strong></span> 
     </span>
    </p>
   </div>
   <div class='ocr_carea' id='block_1_4' title="bbox 496 596 2079 667">
    <p class='ocr_par' dir='ltr' id='par_1_4' title="bbox 496 596 2079 667">
     <span class='ocr_line' id='line_1_4' title="bbox 496 596 2079 667; baseline -0.014 -6"><span class='ocrx_word' id='word_1_20' title='bbox 496 608 677 661; x_wconf 77' lang='lat' dir='ltr'><strong>animo</strong></span> <span class='ocrx_word' id='word_1_21' title='bbox 705 603 917 658; x_wconf 71' lang='lat' dir='ltr'><strong>tmdium</strong></span> <span class='ocrx_word' id='word_1_22' title='bbox 940 644 955 667; x_wconf 92' lang='lat'><strong>,</strong></span> <span class='ocrx_word' id='word_1_23' title='bbox 984 602 1160 655; x_wconf 89' lang='lat' dir='ltr'><strong>nullus</strong></span> <span class='ocrx_word' id='word_1_24' title='bbox 1197 600 1345 655; x_wconf 78' lang='lat' dir='ltr'><strong>labor</strong></span> <span class='ocrx_word' id='word_1_25' title='bbox 1388 600 1438 652; x_wconf 81' lang='lat' dir='ltr'><strong>in</strong></span> <span class='ocrx_word' id='word_1_26' title='bbox 1482 612 1740 667; x_wconf 81' lang='lat' dir='ltr'><strong>corpore;</strong></span> <span class='ocrx_word' id='word_1_27' title='bbox 1772 599 1912 652; x_wconf 81' lang='lat' dir='ltr'><strong>nulla</strong></span> <span class='ocrx_word' id='word_1_28' title='bbox 1942 596 2079 651; x_wconf 85' lang='lat' dir='ltr'><strong>indi-</strong></span> 
     </span>
    </p>
   </div>
   <div class='ocr_carea' id='block_1_5' title="bbox 496 690 2078 765">
    <p class='ocr_par' dir='ltr' id='par_1_5' title="bbox 496 690 2078 765">
     <span class='ocr_line' id='line_1_5' title="bbox 496 690 2078 765; baseline -0.002 -18"><span class='ocrx_word' id='word_1_29' title='bbox 496 697 671 765; x_wconf 74' lang='lat' dir='ltr'><strong>gentia</strong></span> <span class='ocrx_word' id='word_1_30' title='bbox 690 737 705 761; x_wconf 93' lang='lat'><strong>,</strong></span> <span class='ocrx_word' id='word_1_31' title='bbox 731 710 833 749; x_wconf 91' lang='lat' dir='ltr'><strong>nec</strong></span> <span class='ocrx_word' id='word_1_32' title='bbox 863 704 948 748; x_wconf 88' lang='lat' dir='ltr'><strong>tua</strong></span> <span class='ocrx_word' id='word_1_33' title='bbox 979 693 1063 746; x_wconf 80' lang='lat' dir='ltr'><strong>cui</strong></span> <span class='ocrx_word' id='word_1_34' title='bbox 1094 691 1358 745; x_wconf 80' lang='lat' dir='ltr'><strong>subveniri</strong></span> <span class='ocrx_word' id='word_1_35' title='bbox 1386 690 1686 756; x_wconf 78' lang='lat' dir='ltr'><strong>desideres,</strong></span> <span class='ocrx_word' id='word_1_36' title='bbox 1722 705 1819 743; x_wconf 89' lang='lat' dir='ltr'><strong>nec</strong></span> <span class='ocrx_word' id='word_1_37' title='bbox 1850 690 2078 758; x_wconf 74' lang='lat' dir='ltr'><strong>proximi</strong></span> 
     </span>
    </p>
   </div>
   <div class='ocr_carea' id='block_1_6' title="bbox 495 782 2078 842">
    <p class='ocr_par' dir='ltr' id='par_1_6' title="bbox 495 782 2078 842">
     <span class='ocr_line' id='line_1_6' title="bbox 495 782 2078 842; baseline -0.004 -2"><span class='ocrx_word' id='word_1_38' title='bbox 495 789 579 842; x_wconf 84' lang='lat' dir='ltr'><strong>cui</strong></span> <span class='ocrx_word' id='word_1_39' title='bbox 608 786 891 841; x_wconf 84' lang='lat' dir='ltr'><strong>subvenire</strong></span> <span class='ocrx_word' id='word_1_40' title='bbox 918 785 1150 838; x_wconf 75' lang='lat' dir='ltr'><strong>festines.</strong></span> <span class='ocrx_word' id='word_1_41' title='bbox 1174 783 1372 838; x_wconf 91' lang='lat' dir='ltr'><strong>Omnes</strong></span> <span class='ocrx_word' id='word_1_42' title='bbox 1393 782 1596 836; x_wconf 75' lang='lat' dir='ltr'><strong>delicia:</strong></span> <span class='ocrx_word' id='word_1_43' title='bbox 1622 782 1761 836; x_wconf 83' lang='lat' dir='ltr'><strong>Deus</strong></span> <span class='ocrx_word' id='word_1_44' title='bbox 1786 782 1887 835; x_wconf 86' lang='lat' dir='ltr'><strong>erit</strong></span> <span class='ocrx_word' id='word_1_45' title='bbox 1909 790 1963 836; x_wconf 91' lang='lat' dir='ltr'><strong>et</strong></span> <span class='ocrx_word' id='word_1_46' title='bbox 1990 796 2078 835; x_wconf 91' lang='lat' dir='ltr'><strong>sa-</strong></span> 
     </span>
    </p>
   </div>
   <div class='ocr_carea' id='block_1_7' title="bbox 494 870 2079 939">
    <p class='ocr_par' dir='ltr' id='par_1_7' title="bbox 494 870 2079 939">
     <span class='ocr_line' id='line_1_7' title="bbox 494 870 2079 939; baseline -0.006 -6"><span class='ocrx_word' id='word_1_47' title='bbox 494 878 684 933; x_wconf 64' lang='lat' dir='ltr'><strong>tin-tas’</strong></span> <span class='ocrx_word' id='word_1_48' title='bbox 717 887 915 930; x_wconf 72' lang='lat' dir='ltr'><strong>sanctze</strong></span> <span class='ocrx_word' id='word_1_49' title='bbox 937 872 1165 927; x_wconf 93' lang='lat' dir='ltr'><strong>civitatis</strong></span> <span class='ocrx_word' id='word_1_50' title='bbox 1190 873 1242 926; x_wconf 92' lang='lat' dir='ltr'><strong>in</strong></span> <span class='ocrx_word' id='word_1_51' title='bbox 1264 873 1353 926; x_wconf 90' lang='lat' dir='ltr'><strong>illo</strong></span> <span class='ocrx_word' id='word_1_52' title='bbox 1381 879 1435 926; x_wconf 90' lang='lat' dir='ltr'><strong>et</strong></span> <span class='ocrx_word' id='word_1_53' title='bbox 1463 870 1528 924; x_wconf 73' lang='lat' dir='ltr'><strong>tle</strong></span> <span class='ocrx_word' id='word_1_54' title='bbox 1550 871 1639 926; x_wconf 88' lang='lat' dir='ltr'><strong>illo</strong></span> <span class='ocrx_word' id='word_1_55' title='bbox 1658 871 1924 939; x_wconf 77' lang='lat' dir='ltr'><strong>sapienter</strong></span> <span class='ocrx_word' id='word_1_56' title='bbox 1950 871 2079 924; x_wconf 90' lang='lat' dir='ltr'><strong>bea-</strong></span> 
     </span>
    </p>
   </div>
   <div class='ocr_carea' id='block_1_8' title="bbox 496 962 2079 1038">
    <p class='ocr_par' dir='ltr' id='par_1_8' title="bbox 496 962 2079 1038">
     <span class='ocr_line' id='line_1_8' title="bbox 496 962 2079 1038; baseline -0.004 -16"><span class='ocrx_word' id='word_1_57' title='bbox 496 977 655 1038; x_wconf 85' lang='lat' dir='ltr'><strong>teque</strong></span> <span class='ocrx_word' id='word_1_58' title='bbox 687 966 928 1020; x_wconf 81' lang='lat' dir='ltr'><strong>viventis.</strong></span> <span class='ocrx_word' id='word_1_59' title='bbox 959 964 1262 1018; x_wconf 78' lang='lat' dir='ltr'><strong>Efficiemur</strong></span> <span class='ocrx_word' id='word_1_60' title='bbox 1289 963 1451 1024; x_wconf 86' lang='lat' dir='ltr'><strong>enim,</strong></span> <span class='ocrx_word' id='word_1_61' title='bbox 1482 962 1618 1016; x_wconf 83' lang='lat' dir='ltr'><strong>sicut</strong></span> <span class='ocrx_word' id='word_1_62' title='bbox 1643 962 1709 1015; x_wconf 90' lang='lat' dir='ltr'><strong>ab</strong></span> <span class='ocrx_word' id='word_1_63' title='bbox 1731 962 1822 1015; x_wconf 82' lang='lat' dir='ltr'><strong>iilo</strong></span> <span class='ocrx_word' id='word_1_64' title='bbox 1850 963 2079 1030; x_wconf 88' lang='lat' dir='ltr'><strong>promis-</strong></span> 
     </span>
    </p>
   </div>
   <div class='ocr_carea' id='block_1_9' title="bbox 500 1052 2080 1126">
    <p class='ocr_par' dir='ltr' id='par_1_9' title="bbox 500 1052 2080 1126">
     <span class='ocr_line' id='line_1_9' title="bbox 500 1052 2080 1126; baseline -0.004 -14"><span class='ocrx_word' id='word_1_65' title='bbox 500 1073 618 1112; x_wconf 77' lang='lat' dir='ltr'><strong>sum</strong></span> <span class='ocrx_word' id='word_1_66' title='bbox 648 1071 924 1126; x_wconf 82' lang='lat' dir='ltr'><strong>speramus</strong></span> <span class='ocrx_word' id='word_1_67' title='bbox 953 1065 1004 1109; x_wconf 89' lang='lat' dir='ltr'><strong>et</strong></span> <span class='ocrx_word' id='word_1_68' title='bbox 1032 1065 1401 1123; x_wconf 78' lang='lat' dir='ltr'><strong>exspectamus</strong></span> <span class='ocrx_word' id='word_1_69' title='bbox 1425 1094 1438 1114; x_wconf 87' lang='lat'><strong>,</strong></span> <span class='ocrx_word' id='word_1_70' title='bbox 1480 1054 1709 1121; x_wconf 73' lang='lat' dir='ltr'><strong>mquales</strong></span> <span class='ocrx_word' id='word_1_71' title='bbox 1753 1053 1966 1120; x_wconf 81' lang='lat' dir='ltr'><strong>Angelis</strong></span> <span class='ocrx_word' id='word_1_72' title='bbox 1991 1052 2080 1105; x_wconf 87' lang='lat' dir='ltr'><strong>Dei</strong></span> 
     </span>
    </p>
   </div>
   <div class='ocr_carea' id='block_1_10' title="bbox 496 1143 2081 1220">
    <p class='ocr_par' dir='ltr' id='par_1_10' title="bbox 496 1143 2081 1220">
     <span class='ocr_line' id='line_1_10' title="bbox 496 1143 2081 1220; baseline -0.005 -17"><span class='ocrx_word' id='word_1_73' title='bbox 496 1149 655 1220; x_wconf 80' lang='lat' dir='ltr'><strong>(Luc.</strong></span> <span class='ocrx_word' id='word_1_74' title='bbox 688 1164 760 1202; x_wconf 81' lang='lat' dir='ltr'><strong>xx</strong></span> <span class='ocrx_word' id='word_1_75' title='bbox 781 1188 797 1212; x_wconf 92' lang='lat'><strong>,</strong></span> <span class='ocrx_word' id='word_1_76' title='bbox 823 1147 913 1217; x_wconf 75' lang='grc' dir='ltr'>ὃὸ)</span> <span class='ocrx_word' id='word_1_77' title='bbox 934 1187 950 1212; x_wconf 84' lang='grc'><em>,</em></span> <span class='ocrx_word' id='word_1_78' title='bbox 976 1155 1174 1201; x_wconf 91' lang='lat' dir='ltr'><strong>etcum</strong></span> <span class='ocrx_word' id='word_1_79' title='bbox 1204 1147 1281 1200; x_wconf 89' lang='lat' dir='ltr'><strong>eis</strong></span> <span class='ocrx_word' id='word_1_80' title='bbox 1314 1146 1509 1214; x_wconf 86' lang='lat' dir='ltr'><strong>pariter</strong></span> <span class='ocrx_word' id='word_1_81' title='bbox 1539 1144 1625 1197; x_wconf 90' lang='lat' dir='ltr'><strong>illa</strong></span> <span class='ocrx_word' id='word_1_82' title='bbox 1658 1143 1915 1197; x_wconf 89' lang='lat' dir='ltr'><strong>Trinitate</strong></span> <span class='ocrx_word' id='word_1_83' title='bbox 1956 1158 2081 1211; x_wconf 74' lang='lat' dir='ltr'><strong>per-</strong></span> 
     </span>
    </p>
   </div>
   <div class='ocr_carea' id='block_1_11' title="bbox 497 1233 2080 1307">
    <p class='ocr_par' dir='ltr' id='par_1_11' title="bbox 497 1233 2080 1307">
     <span class='ocr_line' id='line_1_11' title="bbox 497 1233 2080 1307; baseline -0.005 -13"><span class='ocrx_word' id='word_1_84' title='bbox 497 1238 738 1294; x_wconf 89' lang='lat' dir='ltr'><strong>fruemur</strong></span> <span class='ocrx_word' id='word_1_85' title='bbox 759 1237 869 1307; x_wconf 89' lang='lat' dir='ltr'><strong>jam</strong></span> <span class='ocrx_word' id='word_1_86' title='bbox 901 1252 995 1306; x_wconf 87' lang='lat' dir='ltr'><strong>per</strong></span> <span class='ocrx_word' id='word_1_87' title='bbox 1035 1236 1292 1305; x_wconf 73' lang='lat' dir='ltr'><strong>Speciem,</strong></span> <span class='ocrx_word' id='word_1_88' title='bbox 1335 1235 1385 1289; x_wconf 90' lang='lat' dir='ltr'><strong>in</strong></span> <span class='ocrx_word' id='word_1_89' title='bbox 1438 1250 1539 1303; x_wconf 86' lang='lat' dir='ltr'><strong>qua</strong></span> <span class='ocrx_word' id='word_1_90' title='bbox 1591 1249 1730 1287; x_wconf 92' lang='lat' dir='ltr'><strong>nunc</strong></span> <span class='ocrx_word' id='word_1_91' title='bbox 1772 1249 1867 1303; x_wconf 87' lang='lat' dir='ltr'><strong>per</strong></span> <span class='ocrx_word' id='word_1_92' title='bbox 1924 1233 2080 1287; x_wconf 81' lang='lat' dir='ltr'><strong>fidem</strong></span> 
     </span>
    </p>
   </div>
   <div class='ocr_carea' id='block_1_12' title="bbox 499 1324 2084 1401">
    <p class='ocr_par' dir='ltr' id='par_1_12' title="bbox 499 1324 2084 1401">
     <span class='ocr_line' id='line_1_12' title="bbox 499 1324 2084 1401; baseline -0.003 -20"><span class='ocrx_word' id='word_1_93' title='bbox 499 1330 834 1383; x_wconf 81' lang='lat' dir='ltr'><strong>ambulamus</strong></span> <span class='ocrx_word' id='word_1_94' title='bbox 858 1327 941 1401; x_wconf 88' lang='grc'><strong>(11</strong></span> <span class='ocrx_word' id='word_1_95' title='bbox 977 1327 1093 1382; x_wconf 78' lang='lat' dir='ltr'><strong>Cor.</strong></span> <span class='ocrx_word' id='word_1_96' title='bbox 1140 1343 1194 1391; x_wconf 90' lang='lat' dir='ltr'><strong>v,</strong></span> <span class='ocrx_word' id='word_1_97' title='bbox 1227 1325 1301 1396; x_wconf 87' lang='lat'><strong>7).</strong></span> <span class='ocrx_word' id='word_1_98' title='bbox 1333 1326 1610 1379; x_wconf 74' lang='lat' dir='ltr'><strong>Credimus</strong></span> <span class='ocrx_word' id='word_1_99' title='bbox 1638 1325 1779 1378; x_wconf 91' lang='lat' dir='ltr'><strong>enim</strong></span> <span class='ocrx_word' id='word_1_100' title='bbox 1810 1324 1949 1394; x_wconf 85' lang='lat' dir='ltr'><strong>quod</strong></span> <span class='ocrx_word' id='word_1_101' title='bbox 1975 1339 2084 1378; x_wconf 88' lang='lat' dir='ltr'><strong>non</strong></span> 
     </span>
    </p>
   </div>
   <div class='ocr_carea' id='block_1_13' title="bbox 497 1414 2082 1488">
    <p class='ocr_par' dir='ltr' id='par_1_13' title="bbox 497 1414 2082 1488">
     <span class='ocr_line' id='line_1_13' title="bbox 497 1414 2082 1488; baseline -0.003 -14"><span class='ocrx_word' id='word_1_102' title='bbox 497 1420 764 1480; x_wconf 82' lang='lat' dir='ltr'><strong>videmus.</strong></span> <span class='ocrx_word' id='word_1_103' title='bbox 788 1428 845 1473; x_wconf 89' lang='lat' dir='ltr'><strong>ut</strong></span> <span class='ocrx_word' id='word_1_104' title='bbox 868 1419 996 1488; x_wconf 81' lang='lat' dir='ltr'><strong>ipsis</strong></span> <span class='ocrx_word' id='word_1_105' title='bbox 1026 1417 1228 1472; x_wconf 89' lang='lat' dir='ltr'><strong>meritis</strong></span> <span class='ocrx_word' id='word_1_106' title='bbox 1256 1416 1380 1471; x_wconf 85' lang='lat' dir='ltr'><strong>ﬁdei</strong></span> <span class='ocrx_word' id='word_1_107' title='bbox 1398 1417 1557 1471; x_wconf 88' lang='lat' dir='ltr'><strong>etiam</strong></span> <span class='ocrx_word' id='word_1_108' title='bbox 1590 1415 1771 1470; x_wconf 88' lang='lat' dir='ltr'><strong>videre</strong></span> <span class='ocrx_word' id='word_1_109' title='bbox 1795 1414 1935 1485; x_wconf 88' lang='lat' dir='ltr'><strong>quod</strong></span> <span class='ocrx_word' id='word_1_110' title='bbox 1963 1429 2082 1469; x_wconf 88' lang='lat' dir='ltr'><strong>cre-</strong></span> 
     </span>
    </p>
   </div>
   <div class='ocr_carea' id='block_1_14' title="bbox 502 1506 2085 1576">
    <p class='ocr_par' dir='ltr' id='par_1_14' title="bbox 502 1506 2085 1576">
     <span class='ocr_line' id='line_1_14' title="bbox 502 1506 2085 1576; baseline -0.002 -11"><span class='ocrx_word' id='word_1_111' title='bbox 502 1509 678 1565; x_wconf 86' lang='lat' dir='ltr'><strong>dimus</strong></span> <span class='ocrx_word' id='word_1_112' title='bbox 706 1520 760 1565; x_wconf 91' lang='lat' dir='ltr'><strong>et</strong></span> <span class='ocrx_word' id='word_1_113' title='bbox 782 1509 1045 1563; x_wconf 77' lang='lat' dir='ltr'><strong>inhzerere</strong></span> <span class='ocrx_word' id='word_1_114' title='bbox 1076 1523 1414 1572; x_wconf 87' lang='lat' dir='ltr'><strong>mereamur;</strong></span> <span class='ocrx_word' id='word_1_115' title='bbox 1446 1516 1504 1562; x_wconf 94' lang='lat' dir='ltr'><strong>ut</strong></span> <span class='ocrx_word' id='word_1_116' title='bbox 1530 1507 1885 1576; x_wconf 69' lang='lat' dir='ltr'><strong>aequalitatem</strong></span> <span class='ocrx_word' id='word_1_117' title='bbox 1912 1506 2085 1562; x_wconf 83' lang='lat' dir='ltr'><strong>Patris</strong></span> 
     </span>
    </p>
   </div>
   <div class='ocr_carea' id='block_1_15' title="bbox 502 1600 2081 1672">
    <p class='ocr_par' dir='ltr' id='par_1_15' title="bbox 502 1600 2081 1672">
     <span class='ocr_line' id='line_1_15' title="bbox 502 1600 2081 1672; baseline -0.003 -14"><span class='ocrx_word' id='word_1_118' title='bbox 502 1613 554 1658; x_wconf 90' lang='lat' dir='ltr'><strong>et</strong></span> <span class='ocrx_word' id='word_1_119' title='bbox 578 1603 697 1659; x_wconf 84' lang='lat' dir='ltr'><strong>Filii</strong></span> <span class='ocrx_word' id='word_1_120' title='bbox 719 1614 770 1658; x_wconf 89' lang='lat' dir='ltr'><strong>et</strong></span> <span class='ocrx_word' id='word_1_121' title='bbox 791 1603 1017 1672; x_wconf 79' lang='lat' dir='ltr'><strong>Spiritus</strong></span> <span class='ocrx_word' id='word_1_122' title='bbox 1038 1603 1227 1668; x_wconf 78' lang='lat' dir='ltr'><strong>sancti,</strong></span> <span class='ocrx_word' id='word_1_123' title='bbox 1251 1611 1308 1661; x_wconf 88' lang='lat' dir='ltr'><strong>et</strong></span> <span class='ocrx_word' id='word_1_124' title='bbox 1324 1603 1488 1671; x_wconf 80' lang='lat' dir='ltr'><strong>ipsius</strong></span> <span class='ocrx_word' id='word_1_125' title='bbox 1509 1600 1783 1661; x_wconf 79' lang='lat' dir='ltr'><strong>Trinitatis</strong></span> <span class='ocrx_word' id='word_1_126' title='bbox 1805 1602 2081 1667; x_wconf 90' lang='lat' dir='ltr'><strong>unitatem,</strong></span> 
     </span>
    </p>
   </div>
   <div class='ocr_carea' id='block_1_16' title="bbox 502 1692 2083 1765">
    <p class='ocr_par' dir='ltr' id='par_1_16' title="bbox 502 1692 2083 1765">
     <span class='ocr_line' id='line_1_16' title="bbox 502 1692 2083 1765; baseline -0.004 -14"><span class='ocrx_word' id='word_1_127' title='bbox 502 1696 770 1765; x_wconf 89' lang='lat' dir='ltr'><strong>quomodo</strong></span> <span class='ocrx_word' id='word_1_128' title='bbox 791 1696 897 1749; x_wconf 89' lang='lat' dir='ltr'><strong>sint</strong></span> <span class='ocrx_word' id='word_1_129' title='bbox 925 1695 1037 1749; x_wconf 71' lang='lat' dir='ltr'><strong>htcc</strong></span> <span class='ocrx_word' id='word_1_130' title='bbox 1059 1695 1157 1749; x_wconf 85' lang='lat' dir='ltr'><strong>tria</strong></span> <span class='ocrx_word' id='word_1_131' title='bbox 1182 1710 1321 1749; x_wconf 89' lang='lat' dir='ltr'><strong>unus</strong></span> <span class='ocrx_word' id='word_1_132' title='bbox 1350 1695 1509 1758; x_wconf 87' lang='lat' dir='ltr'><strong>Deus,</strong></span> <span class='ocrx_word' id='word_1_133' title='bbox 1546 1708 1654 1748; x_wconf 93' lang='lat' dir='ltr'><strong>non</strong></span> <span class='ocrx_word' id='word_1_134' title='bbox 1677 1693 1786 1763; x_wconf 88' lang='lat' dir='ltr'><strong>jam</strong></span> <span class='ocrx_word' id='word_1_135' title='bbox 1817 1692 1995 1747; x_wconf 80' lang='lat' dir='ltr'><strong>verbis</strong></span> <span class='ocrx_word' id='word_1_136' title='bbox 2026 1693 2083 1745; x_wconf 84' lang='lat' dir='ltr'><strong>ti-</strong></span> 
     </span>
    </p>
   </div>
   <div class='ocr_carea' id='block_1_17' title="bbox 502 1786 2085 1859">
    <p class='ocr_par' dir='ltr' id='par_1_17' title="bbox 502 1786 2085 1859">
     <span class='ocr_line' id='line_1_17' title="bbox 502 1786 2085 1859; baseline -0.004 -15"><span class='ocrx_word' id='word_1_137' title='bbox 502 1789 588 1844; x_wconf 89' lang='lat' dir='ltr'><strong>dei</strong></span> <span class='ocrx_word' id='word_1_138' title='bbox 618 1797 673 1844; x_wconf 90' lang='lat' dir='ltr'><strong>et</strong></span> <span class='ocrx_word' id='word_1_139' title='bbox 692 1788 1052 1859; x_wconf 73' lang='lat' dir='ltr'><strong>strepentibus</strong></span> <span class='ocrx_word' id='word_1_140' title='bbox 1075 1786 1294 1859; x_wconf 78' lang='lat' dir='ltr'><strong>syllabis</strong></span> <span class='ocrx_word' id='word_1_141' title='bbox 1328 1801 1694 1856; x_wconf 89' lang='lat' dir='ltr'><strong>personcmus,</strong></span> <span class='ocrx_word' id='word_1_142' title='bbox 1719 1786 1813 1840; x_wconf 82' lang='lat' dir='ltr'><strong>sed</strong></span> <span class='ocrx_word' id='word_1_143' title='bbox 1840 1793 2085 1840; x_wconf 86' lang='lat' dir='ltr'><strong>contem-</strong></span> 
     </span>
    </p>
   </div>
   <div class='ocr_carea' id='block_1_18' title="bbox 503 1875 2085 1948">
    <p class='ocr_par' dir='ltr' id='par_1_18' title="bbox 503 1875 2085 1948">
     <span class='ocr_line' id='line_1_18' title="bbox 503 1875 2085 1948; baseline -0.002 -15"><span class='ocrx_word' id='word_1_144' title='bbox 503 1879 737 1948; x_wconf 84' lang='lat' dir='ltr'><strong>platione</strong></span> <span class='ocrx_word' id='word_1_145' title='bbox 758 1878 1037 1947; x_wconf 86' lang='lat' dir='ltr'><strong>purissima</strong></span> <span class='ocrx_word' id='word_1_146' title='bbox 1064 1885 1118 1933; x_wconf 90' lang='lat' dir='ltr'><strong>et</strong></span> <span class='ocrx_word' id='word_1_147' title='bbox 1144 1875 1518 1935; x_wconf 87' lang='lat' dir='ltr'><strong>ardentissima</strong></span> <span class='ocrx_word' id='word_1_148' title='bbox 1543 1877 1596 1932; x_wconf 88' lang='lat' dir='ltr'><strong>in</strong></span> <span class='ocrx_word' id='word_1_149' title='bbox 1623 1875 1713 1931; x_wconf 90' lang='lat' dir='ltr'><strong>illo</strong></span> <span class='ocrx_word' id='word_1_150' title='bbox 1738 1876 1950 1934; x_wconf 87' lang='lat' dir='ltr'><strong>silentio</strong></span> <span class='ocrx_word' id='word_1_151' title='bbox 1970 1891 2085 1931; x_wconf 88' lang='lat' dir='ltr'><strong>sor-</strong></span> 
     </span>
    </p>
   </div>
   <div class='ocr_carea' id='block_1_19' title="bbox 499 1967 764 2023">
    <p class='ocr_par' dir='ltr' id='par_1_19' title="bbox 499 1967 764 2023">
     <span class='ocr_line' id='line_1_19' title="bbox 499 1967 764 2023; baseline -0.011 0"><span class='ocrx_word' id='word_1_152' title='bbox 499 1967 764 2023; x_wconf 79' lang='lat' dir='ltr'><strong>beamus&#39;.</strong></span> 
     </span>
    </p>
   </div>
   <div class='ocr_carea' id='block_1_20' title="bbox 572 2056 2086 2122">
    <p class='ocr_par' dir='ltr' id='par_1_20' title="bbox 572 2056 2086 2122">
     <span class='ocr_line' id='line_1_20' title="bbox 572 2056 2086 2122; baseline -0.003 -8"><span class='ocrx_word' id='word_1_153' title='bbox 572 2059 662 2114; x_wconf 72' lang='grc'><strong>48.</strong></span> <span class='ocrx_word' id='word_1_154' title='bbox 686 2058 811 2113; x_wconf 77' lang='lat' dir='ltr'><strong>Haec</strong></span> <span class='ocrx_word' id='word_1_155' title='bbox 837 2067 958 2113; x_wconf 86' lang='lat' dir='ltr'><strong>tene</strong></span> <span class='ocrx_word' id='word_1_156' title='bbox 990 2056 1090 2112; x_wconf 83' lang='lat' dir='ltr'><strong>ﬁxa</strong></span> <span class='ocrx_word' id='word_1_157' title='bbox 1122 2057 1174 2111; x_wconf 92' lang='lat' dir='ltr'><strong>in</strong></span> <span class='ocrx_word' id='word_1_158' title='bbox 1220 2056 1381 2112; x_wconf 90' lang='lat' dir='ltr'><strong>corde</strong></span> <span class='ocrx_word' id='word_1_159' title='bbox 1414 2065 1505 2112; x_wconf 91' lang='lat' dir='ltr'><strong>tuo</strong></span> <span class='ocrx_word' id='word_1_160' title='bbox 1525 2097 1539 2122; x_wconf 92' lang='lat'><strong>,</strong></span> <span class='ocrx_word' id='word_1_161' title='bbox 1587 2065 1644 2112; x_wconf 91' lang='lat' dir='ltr'><strong>et</strong></span> <span class='ocrx_word' id='word_1_162' title='bbox 1683 2057 1871 2112; x_wconf 81' lang='lat' dir='ltr'><strong>invoca</strong></span> <span class='ocrx_word' id='word_1_163' title='bbox 1918 2058 2086 2110; x_wconf 78' lang='lat' dir='ltr'><strong>Deum</strong></span> 
     </span>
    </p>
   </div>
   <div class='ocr_carea' id='block_1_21' title="bbox 503 2146 2082 2215">
    <p class='ocr_par' dir='ltr' id='par_1_21' title="bbox 503 2146 2082 2215">
     <span class='ocr_line' id='line_1_21' title="bbox 503 2146 2082 2215; baseline -0.003 -10"><span class='ocrx_word' id='word_1_164' title='bbox 503 2150 590 2205; x_wconf 90' lang='lat' dir='ltr'><strong>cui</strong></span> <span class='ocrx_word' id='word_1_165' title='bbox 616 2149 813 2215; x_wconf 84' lang='lat' dir='ltr'><strong>credis,</strong></span> <span class='ocrx_word' id='word_1_166' title='bbox 845 2158 902 2202; x_wconf 92' lang='lat' dir='ltr'><strong>ut</strong></span> <span class='ocrx_word' id='word_1_167' title='bbox 924 2156 1132 2203; x_wconf 88' lang='lat' dir='ltr'><strong>tueatur</strong></span> <span class='ocrx_word' id='word_1_168' title='bbox 1153 2157 1202 2201; x_wconf 91' lang='lat' dir='ltr'><strong>te</strong></span> <span class='ocrx_word' id='word_1_169' title='bbox 1226 2147 1481 2203; x_wconf 90' lang='lat' dir='ltr'><strong>adversus</strong></span> <span class='ocrx_word' id='word_1_170' title='bbox 1510 2148 1831 2202; x_wconf 88' lang='lat' dir='ltr'><strong>tentationes</strong></span> <span class='ocrx_word' id='word_1_171' title='bbox 1851 2146 2082 2201; x_wconf 82' lang='lat' dir='ltr'><strong>diaboli:</strong></span> 
     </span>
    </p>
   </div>
   <div class='ocr_carea' id='block_1_22' title="bbox 498 2237 2082 2308">
    <p class='ocr_par' dir='ltr' id='par_1_22' title="bbox 498 2237 2082 2308">
     <span class='ocr_line' id='line_1_22' title="bbox 498 2237 2082 2308; baseline -0.007 -8"><span class='ocrx_word' id='word_1_172' title='bbox 498 2255 555 2300; x_wconf 86' lang='lat' dir='ltr'><strong>et</strong></span> <span class='ocrx_word' id='word_1_173' title='bbox 589 2249 706 2301; x_wconf 84' lang='lat' dir='ltr'><strong>esto</strong></span> <span class='ocrx_word' id='word_1_174' title='bbox 744 2248 930 2300; x_wconf 84' lang='lat' dir='ltr'><strong>cautus</strong></span> <span class='ocrx_word' id='word_1_175' title='bbox 954 2278 969 2308; x_wconf 88' lang='lat'><strong>,</strong></span> <span class='ocrx_word' id='word_1_176' title='bbox 1006 2254 1075 2300; x_wconf 87' lang='lat' dir='ltr'><strong>ne</strong></span> <span class='ocrx_word' id='word_1_177' title='bbox 1105 2239 1197 2292; x_wconf 87' lang='lat' dir='ltr'><strong>tibi</strong></span> <span class='ocrx_word' id='word_1_178' title='bbox 1236 2237 1450 2293; x_wconf 84' lang='lat' dir='ltr'><strong>aliunde</strong></span> <span class='ocrx_word' id='word_1_179' title='bbox 1486 2237 1657 2292; x_wconf 74' lang='lat' dir='ltr'><strong>hosus</strong></span> <span class='ocrx_word' id='word_1_180' title='bbox 1687 2238 1775 2293; x_wconf 91' lang='lat' dir='ltr'><strong>ille</strong></span> <span class='ocrx_word' id='word_1_181' title='bbox 1809 2237 2082 2307; x_wconf 83' lang='lat' dir='ltr'><strong>subrepat,</strong></span> 
     </span>
    </p>
   </div>
   <div class='ocr_carea' id='block_1_23' title="bbox 498 2328 2084 2406">
    <p class='ocr_par' dir='ltr' id='par_1_23' title="bbox 498 2328 2084 2406">
     <span class='ocr_line' id='line_1_23' title="bbox 498 2328 2084 2406; baseline -0.005 -17"><span class='ocrx_word' id='word_1_182' title='bbox 498 2336 589 2406; x_wconf 85' lang='lat' dir='ltr'><strong>qui</strong></span> <span class='ocrx_word' id='word_1_183' title='bbox 619 2336 685 2391; x_wconf 90' lang='lat' dir='ltr'><strong>ad</strong></span> <span class='ocrx_word' id='word_1_184' title='bbox 711 2336 960 2390; x_wconf 87' lang='lat' dir='ltr'><strong>solatium</strong></span> <span class='ocrx_word' id='word_1_185' title='bbox 991 2330 1552 2394; x_wconf 80' lang='lat' dir='ltr'><strong>malevolentissimum</strong></span> <span class='ocrx_word' id='word_1_186' title='bbox 1576 2328 1931 2384; x_wconf 87' lang='lat' dir='ltr'><strong>damnationis</strong></span> <span class='ocrx_word' id='word_1_187' title='bbox 1950 2342 2084 2394; x_wconf 69' lang='lat' dir='ltr'><strong>sum,</strong></span> 
     </span>
    </p>
   </div>
   <div class='ocr_carea' id='block_1_24' title="bbox 502 2420 2083 2501">
    <p class='ocr_par' dir='ltr' id='par_1_24' title="bbox 502 2420 2083 2501">
     <span class='ocr_line' id='line_1_24' title="bbox 502 2420 2083 2501; baseline -0.005 -21"><span class='ocrx_word' id='word_1_188' title='bbox 502 2441 624 2481; x_wconf 89' lang='lat' dir='ltr'><strong>cum</strong></span> <span class='ocrx_word' id='word_1_189' title='bbox 654 2426 845 2495; x_wconf 89' lang='lat' dir='ltr'><strong>quibus</strong></span> <span class='ocrx_word' id='word_1_190' title='bbox 874 2425 1157 2479; x_wconf 80' lang='lat' dir='ltr'><strong>damnetur</strong></span> <span class='ocrx_word' id='word_1_191' title='bbox 1176 2424 1411 2501; x_wconf 78' lang='lat' dir='ltr'><strong>inquirit.</strong></span> <span class='ocrx_word' id='word_1_192' title='bbox 1437 2424 1552 2499; x_wconf 77' lang='lat' dir='ltr'><strong>Non</strong></span> <span class='ocrx_word' id='word_1_193' title='bbox 1584 2420 1725 2479; x_wconf 90' lang='lat' dir='ltr'><strong>enim</strong></span> <span class='ocrx_word' id='word_1_194' title='bbox 1752 2433 1846 2493; x_wconf 79' lang='lat' dir='ltr'><strong>per</strong></span> <span class='ocrx_word' id='word_1_195' title='bbox 1869 2432 1963 2478; x_wconf 86' lang='lat' dir='ltr'><strong>eos</strong></span> <span class='ocrx_word' id='word_1_196' title='bbox 1990 2432 2083 2472; x_wconf 89' lang='lat' dir='ltr'><strong>so-</strong></span> 
     </span>
    </p>
   </div>
   <div class='ocr_carea' id='block_1_25' title="bbox 502 2510 2082 2591">
    <p class='ocr_par' dir='ltr' id='par_1_25' title="bbox 502 2510 2082 2591">
     <span class='ocr_line' id='line_1_25' title="bbox 502 2510 2082 2591; baseline -0.001 -20"><span class='ocrx_word' id='word_1_197' title='bbox 502 2517 585 2572; x_wconf 87' lang='lat' dir='ltr'><strong>los</strong></span> <span class='ocrx_word' id='word_1_198' title='bbox 604 2517 694 2587; x_wconf 87' lang='lat' dir='ltr'><strong>qui</strong></span> <span class='ocrx_word' id='word_1_199' title='bbox 725 2516 1072 2571; x_wconf 88' lang='lat' dir='ltr'><strong>christianum</strong></span> <span class='ocrx_word' id='word_1_200' title='bbox 1103 2510 1296 2570; x_wconf 86' lang='lat' dir='ltr'><strong>nomen</strong></span> <span class='ocrx_word' id='word_1_201' title='bbox 1325 2516 1571 2581; x_wconf 89' lang='lat' dir='ltr'><strong>oderunt,</strong></span> <span class='ocrx_word' id='word_1_202' title='bbox 1602 2524 1661 2591; x_wconf 80' lang='lat' dir='ltr'><strong>et</strong></span> <span class='ocrx_word' id='word_1_203' title='bbox 1678 2514 1861 2570; x_wconf 82' lang='lat' dir='ltr'><strong>dolent</strong></span> <span class='ocrx_word' id='word_1_204' title='bbox 1886 2530 1952 2571; x_wconf 91' lang='lat' dir='ltr'><strong>eo</strong></span> <span class='ocrx_word' id='word_1_205' title='bbox 1980 2529 2082 2569; x_wconf 86' lang='lat' dir='ltr'><strong>no-</strong></span> 
     </span>
    </p>
   </div>
   <div class='ocr_carea' id='block_1_26' title="bbox 501 2608 2084 2681">
    <p class='ocr_par' dir='ltr' id='par_1_26' title="bbox 501 2608 2084 2681">
     <span class='ocr_line' id='line_1_26' title="bbox 501 2608 2084 2681; baseline -0.001 -16"><span class='ocrx_word' id='word_1_206' title='bbox 501 2609 651 2665; x_wconf 87' lang='lat' dir='ltr'><strong>mine</strong></span> <span class='ocrx_word' id='word_1_207' title='bbox 687 2618 1002 2681; x_wconf 86' lang='lat' dir='ltr'><strong>occupatum</strong></span> <span class='ocrx_word' id='word_1_208' title='bbox 1041 2623 1161 2664; x_wconf 88' lang='lat' dir='ltr'><strong>esse</strong></span> <span class='ocrx_word' id='word_1_209' title='bbox 1198 2609 1380 2664; x_wconf 92' lang='lat' dir='ltr'><strong>orbem</strong></span> <span class='ocrx_word' id='word_1_210' title='bbox 1423 2619 1704 2676; x_wconf 87' lang='lat' dir='ltr'><strong>terrarum,</strong></span> <span class='ocrx_word' id='word_1_211' title='bbox 1735 2616 1791 2680; x_wconf 79' lang='lat' dir='ltr'><strong>et</strong></span> <span class='ocrx_word' id='word_1_212' title='bbox 1812 2608 1984 2664; x_wconf 88' lang='lat' dir='ltr'><strong>adhuc</strong></span> <span class='ocrx_word' id='word_1_213' title='bbox 2012 2609 2084 2663; x_wconf 86' lang='lat' dir='ltr'><strong>si-</strong></span> 
     </span>
    </p>
   </div>
   <div class='ocr_carea' id='block_1_27' title="bbox 502 2694 2085 2767">
    <p class='ocr_par' dir='ltr' id='par_1_27' title="bbox 502 2694 2085 2767">
     <span class='ocr_line' id='line_1_27' title="bbox 502 2694 2085 2767; baseline -0.001 -12"><span class='ocrx_word' id='word_1_214' title='bbox 502 2701 754 2756; x_wconf 87' lang='lat' dir='ltr'><strong>mulacris</strong></span> <span class='ocrx_word' id='word_1_215' title='bbox 804 2694 859 2755; x_wconf 84' lang='lat' dir='ltr'><strong>et</strong></span> <span class='ocrx_word' id='word_1_216' title='bbox 890 2701 1273 2756; x_wconf 69' lang='lat' dir='ltr'><strong>daemoniorum</strong></span> <span class='ocrx_word' id='word_1_217' title='bbox 1295 2700 1699 2767; x_wconf 28' lang='lat' dir='ltr'><strong>curiositatibus,</strong></span> <span class='ocrx_word' id='word_1_218' title='bbox 1715 2701 1913 2761; x_wconf 77' lang='lat' dir='ltr'><strong>servire</strong></span> <span class='ocrx_word' id='word_1_219' title='bbox 1943 2699 2085 2756; x_wconf 86' lang='lat' dir='ltr'><strong>desi-</strong></span> 
     </span>
    </p>
   </div>
   <div class='ocr_carea' id='block_1_28' title="bbox 501 2790 2084 2865">
    <p class='ocr_par' dir='ltr' id='par_1_28' title="bbox 501 2790 2084 2865">
     <span class='ocr_line' id='line_1_28' title="bbox 501 2790 2084 2865; baseline -0.001 -19"><span class='ocrx_word' id='word_1_220' title='bbox 501 2790 714 2857; x_wconf 82' lang='lat' dir='ltr'><strong>derant,</strong></span> <span class='ocrx_word' id='word_1_221' title='bbox 756 2790 916 2845; x_wconf 88' lang='lat' dir='ltr'><strong>audet</strong></span> <span class='ocrx_word' id='word_1_222' title='bbox 945 2790 1033 2845; x_wconf 90' lang='lat' dir='ltr'><strong>ille</strong></span> <span class='ocrx_word' id='word_1_223' title='bbox 1058 2799 1262 2865; x_wconf 85' lang='lat' dir='ltr'><strong>tentare</strong></span> <span class='ocrx_word' id='word_1_224' title='bbox 1291 2790 1611 2846; x_wconf 83' lang='lat' dir='ltr'><strong>christianos</strong></span> <span class='ocrx_word' id='word_1_225' title='bbox 1638 2810 1651 2846; x_wconf 90' lang='lat'><strong>:</strong></span> <span class='ocrx_word' id='word_1_226' title='bbox 1684 2791 1788 2846; x_wconf 76' lang='lat' dir='ltr'><strong>sed</strong></span> <span class='ocrx_word' id='word_1_227' title='bbox 1808 2792 1965 2846; x_wconf 90' lang='lat' dir='ltr'><strong>etiam</strong></span> <span class='ocrx_word' id='word_1_228' title='bbox 1988 2806 2084 2862; x_wconf 89' lang='lat' dir='ltr'><strong>per</strong></span> 
     </span>
    </p>
   </div>
   <div class='ocr_carea' id='block_1_29' title="bbox 504 2880 2083 2951">
    <p class='ocr_par' dir='ltr' id='par_1_29' title="bbox 504 2880 2083 2951">
     <span class='ocr_line' id='line_1_29' title="bbox 504 2880 2083 2951; baseline 0 -16"><span class='ocrx_word' id='word_1_229' title='bbox 504 2895 598 2936; x_wconf 89' lang='lat' dir='ltr'><strong>eos</strong></span> <span class='ocrx_word' id='word_1_230' title='bbox 628 2895 763 2951; x_wconf 88' lang='lat' dir='ltr'><strong>quos</strong></span> <span class='ocrx_word' id='word_1_231' title='bbox 811 2881 969 2950; x_wconf 90' lang='lat' dir='ltr'><strong>paulo</strong></span> <span class='ocrx_word' id='word_1_232' title='bbox 1008 2888 1132 2935; x_wconf 89' lang='lat' dir='ltr'><strong>ante</strong></span> <span class='ocrx_word' id='word_1_233' title='bbox 1174 2882 1728 2947; x_wconf 78' lang='lat' dir='ltr'><strong>commemoravimus,</strong></span> <span class='ocrx_word' id='word_1_234' title='bbox 1773 2880 1842 2936; x_wconf 91' lang='lat' dir='ltr'><strong>de</strong></span> <span class='ocrx_word' id='word_1_235' title='bbox 1884 2881 2083 2936; x_wconf 89' lang='lat' dir='ltr'><strong>unitate</strong></span> 
     </span>
    </p>
   </div>
   <div class='ocr_carea' id='block_1_30' title="bbox 505 2973 2084 3049">
    <p class='ocr_par' dir='ltr' id='par_1_30' title="bbox 505 2973 2084 3049">
     <span class='ocr_line' id='line_1_30' title="bbox 505 2973 2084 3049; baseline 0.001 -22"><span class='ocrx_word' id='word_1_236' title='bbox 505 2973 782 3037; x_wconf 84' lang='lat' dir='ltr'><strong>Ecclesiae,</strong></span> <span class='ocrx_word' id='word_1_237' title='bbox 809 2974 953 3029; x_wconf 85' lang='lat' dir='ltr'><strong>velut</strong></span> <span class='ocrx_word' id='word_1_238' title='bbox 985 2982 1166 3044; x_wconf 88' lang='lat' dir='ltr'><strong>putata</strong></span> <span class='ocrx_word' id='word_1_239' title='bbox 1186 2974 1323 3049; x_wconf 69' lang='lat' dir='ltr'><strong>vite,</strong></span> <span class='ocrx_word' id='word_1_240' title='bbox 1344 2973 1618 3044; x_wconf 83' lang='lat' dir='ltr'><strong>praecisos,</strong></span> <span class='ocrx_word' id='word_1_241' title='bbox 1635 2974 1724 3044; x_wconf 89' lang='lat' dir='ltr'><strong>qui</strong></span> <span class='ocrx_word' id='word_1_242' title='bbox 1742 2973 1976 3028; x_wconf 70' lang='lat' dir='ltr'><strong>baarctici</strong></span> <span class='ocrx_word' id='word_1_243' title='bbox 1997 2973 2084 3028; x_wconf 87' lang='lat' dir='ltr'><strong>vel</strong></span> 
     </span>
    </p>
   </div>
   <div class='ocr_carea' id='block_1_31' title="bbox 502 3064 2083 3136">
    <p class='ocr_par' dir='ltr' id='par_1_31' title="bbox 502 3064 2083 3136">
     <span class='ocr_line' id='line_1_31' title="bbox 502 3064 2083 3136; baseline -0.003 -17"><span class='ocrx_word' id='word_1_244' title='bbox 502 3065 823 3119; x_wconf 84' lang='lat' dir='ltr'><strong>schismatici</strong></span> <span class='ocrx_word' id='word_1_245' title='bbox 851 3064 1130 3136; x_wconf 75' lang='lat' dir='ltr'><strong>dicuntur,</strong></span> <span class='ocrx_word' id='word_1_246' title='bbox 1167 3074 1389 3119; x_wconf 88' lang='lat' dir='ltr'><strong>conatur</strong></span> <span class='ocrx_word' id='word_1_247' title='bbox 1413 3065 1573 3121; x_wconf 90' lang='lat' dir='ltr'><strong>etiam</strong></span> <span class='ocrx_word' id='word_1_248' title='bbox 1601 3064 1652 3118; x_wconf 90' lang='lat' dir='ltr'><strong>id</strong></span> <span class='ocrx_word' id='word_1_249' title='bbox 1672 3064 1884 3135; x_wconf 90' lang='lat' dir='ltr'><strong>quidem</strong></span> <span class='ocrx_word' id='word_1_250' title='bbox 1916 3064 2083 3120; x_wconf 61' lang='lat' dir='ltr'><strong>inter.</strong></span> 
     </span>
    </p>
   </div>
   <div class='ocr_carea' id='block_1_32' title="bbox 504 3153 2085 3225">
    <p class='ocr_par' dir='ltr' id='par_1_32' title="bbox 504 3153 2085 3225">
     <span class='ocr_line' id='line_1_32' title="bbox 504 3153 2085 3225; baseline 0.001 -17"><span class='ocrx_word' id='word_1_251' title='bbox 504 3155 655 3209; x_wconf 90' lang='lat' dir='ltr'><strong>dum.</strong></span> <span class='ocrx_word' id='word_1_252' title='bbox 684 3153 793 3209; x_wconf 86' lang='lat' dir='ltr'><strong>Sed</strong></span> <span class='ocrx_word' id='word_1_253' title='bbox 830 3163 1004 3210; x_wconf 86' lang='lat' dir='ltr'><strong>tamen</strong></span> <span class='ocrx_word' id='word_1_254' title='bbox 1039 3154 1101 3213; x_wconf 77' lang='lat' dir='ltr'><strong>id</strong></span> <span class='ocrx_word' id='word_1_255' title='bbox 1122 3156 1282 3210; x_wconf 81' lang='lat' dir='ltr'><strong>etiam</strong></span> <span class='ocrx_word' id='word_1_256' title='bbox 1324 3154 1609 3225; x_wconf 85' lang='lat' dir='ltr'><strong>aliquando</strong></span> <span class='ocrx_word' id='word_1_257' title='bbox 1636 3162 1860 3210; x_wconf 90' lang='lat' dir='ltr'><strong>conatur</strong></span> <span class='ocrx_word' id='word_1_258' title='bbox 1894 3162 1951 3211; x_wconf 90' lang='lat' dir='ltr'><strong>et</strong></span> <span class='ocrx_word' id='word_1_259' title='bbox 1990 3169 2085 3225; x_wconf 89' lang='lat' dir='ltr'><strong>per</strong></span> 
     </span>
    </p>
   </div>
   <div class='ocr_carea' id='block_1_33' title="bbox 502 3246 2083 3319">
    <p class='ocr_par' dir='ltr' id='par_1_33' title="bbox 502 3246 2083 3319">
     <span class='ocr_line' id='line_1_33' title="bbox 502 3246 2083 3319; baseline 0.001 -17"><span class='ocrx_word' id='word_1_260' title='bbox 502 3246 716 3303; x_wconf 69' lang='lat' dir='ltr'><strong>Judzeos</strong></span> <span class='ocrx_word' id='word_1_261' title='bbox 747 3255 972 3315; x_wconf 88' lang='lat' dir='ltr'><strong>tentare,</strong></span> <span class='ocrx_word' id='word_1_262' title='bbox 999 3257 1159 3319; x_wconf 85' lang='lat' dir='ltr'><strong>atque</strong></span> <span class='ocrx_word' id='word_1_263' title='bbox 1183 3248 1459 3313; x_wconf 83' lang='lat' dir='ltr'><strong>seducere.</strong></span> <span class='ocrx_word' id='word_1_264' title='bbox 1491 3248 1601 3305; x_wconf 84' lang='lat' dir='ltr'><strong>Sed</strong></span> <span class='ocrx_word' id='word_1_265' title='bbox 1625 3250 1856 3305; x_wconf 82' lang='lat' dir='ltr'><strong>maxime</strong></span> <span class='ocrx_word' id='word_1_266' title='bbox 1886 3263 2083 3306; x_wconf 88' lang='lat' dir='ltr'><strong>caven-</strong></span> 
     </span>
    </p>
   </div>
   <div class='ocr_carea' id='block_1_34' title="bbox 503 3337 2085 3411">
    <p class='ocr_par' dir='ltr' id='par_1_34' title="bbox 503 3337 2085 3411">
     <span class='ocr_line' id='line_1_34' title="bbox 503 3337 2085 3411; baseline 0.004 -20"><span class='ocrx_word' id='word_1_267' title='bbox 503 3337 632 3393; x_wconf 88' lang='lat' dir='ltr'><strong>dum</strong></span> <span class='ocrx_word' id='word_1_268' title='bbox 672 3347 753 3394; x_wconf 89' lang='lat' dir='ltr'><strong>est</strong></span> <span class='ocrx_word' id='word_1_269' title='bbox 778 3353 845 3393; x_wconf 89' lang='lat' dir='ltr'><strong>ne</strong></span> <span class='ocrx_word' id='word_1_270' title='bbox 870 3353 965 3408; x_wconf 89' lang='lat' dir='ltr'><strong>per</strong></span> <span class='ocrx_word' id='word_1_271' title='bbox 992 3338 1237 3395; x_wconf 82' lang='lat' dir='ltr'><strong>homines</strong></span> <span class='ocrx_word' id='word_1_272' title='bbox 1274 3340 1369 3411; x_wconf 91' lang='lat' dir='ltr'><strong>qui</strong></span> <span class='ocrx_word' id='word_1_273' title='bbox 1404 3349 1527 3396; x_wconf 89' lang='lat' dir='ltr'><strong>sunt</strong></span> <span class='ocrx_word' id='word_1_274' title='bbox 1568 3341 1621 3396; x_wconf 90' lang='lat' dir='ltr'><strong>in</strong></span> <span class='ocrx_word' id='word_1_275' title='bbox 1664 3341 1775 3411; x_wconf 88' lang='lat' dir='ltr'><strong>ipsa</strong></span> <span class='ocrx_word' id='word_1_276' title='bbox 1823 3342 2085 3398; x_wconf 84' lang='lat' dir='ltr'><strong>catholica</strong></span> 
     </span>
    </p>
   </div>
   <div class='ocr_carea' id='block_1_35' title="bbox 505 3428 2086 3504">
    <p class='ocr_par' dir='ltr' id='par_1_35' title="bbox 505 3428 2086 3504">
     <span class='ocr_line' id='line_1_35' title="bbox 505 3428 2086 3504; baseline 0.004 -20"><span class='ocrx_word' id='word_1_277' title='bbox 505 3428 767 3497; x_wconf 80' lang='lat' dir='ltr'><strong>Ecclesia,</strong></span> <span class='ocrx_word' id='word_1_278' title='bbox 795 3444 928 3501; x_wconf 89' lang='lat' dir='ltr'><strong>quos</strong></span> <span class='ocrx_word' id='word_1_279' title='bbox 952 3430 1097 3485; x_wconf 88' lang='lat' dir='ltr'><strong>velut</strong></span> <span class='ocrx_word' id='word_1_280' title='bbox 1121 3431 1323 3501; x_wconf 85' lang='lat' dir='ltr'><strong>paleam</strong></span> <span class='ocrx_word' id='word_1_281' title='bbox 1352 3448 1520 3503; x_wconf 89' lang='lat' dir='ltr'><strong>usque</strong></span> <span class='ocrx_word' id='word_1_282' title='bbox 1542 3433 1609 3488; x_wconf 88' lang='lat' dir='ltr'><strong>ad</strong></span> <span class='ocrx_word' id='word_1_283' title='bbox 1635 3444 1845 3504; x_wconf 87' lang='lat' dir='ltr'><strong>tempus</strong></span> <span class='ocrx_word' id='word_1_284' title='bbox 1865 3434 2086 3489; x_wconf 86' lang='lat' dir='ltr'><strong>ventila-</strong></span> 
     </span>
    </p>
   </div>
   <div class='ocr_carea' id='block_1_36' title="bbox 502 3522 2083 3595">
    <p class='ocr_par' dir='ltr' id='par_1_36' title="bbox 502 3522 2083 3595">
     <span class='ocr_line' id='line_1_36' title="bbox 502 3522 2083 3595; baseline 0.001 -19"><span class='ocrx_word' id='word_1_285' title='bbox 502 3522 665 3577; x_wconf 85' lang='lat' dir='ltr'><strong>tionis</strong></span> <span class='ocrx_word' id='word_1_286' title='bbox 685 3536 803 3577; x_wconf 65' lang='lat' dir='ltr'><strong>suae</strong></span> <span class='ocrx_word' id='word_1_287' title='bbox 821 3522 1076 3587; x_wconf 86' lang='lat' dir='ltr'><strong>sustinet,</strong></span> <span class='ocrx_word' id='word_1_288' title='bbox 1119 3524 1478 3594; x_wconf 73' lang='lat' dir='ltr'><strong>unusquisque</strong></span> <span class='ocrx_word' id='word_1_289' title='bbox 1508 3532 1741 3580; x_wconf 88' lang='lat' dir='ltr'><strong>tentetur</strong></span> <span class='ocrx_word' id='word_1_290' title='bbox 1766 3534 1822 3581; x_wconf 88' lang='lat' dir='ltr'><strong>et</strong></span> <span class='ocrx_word' id='word_1_291' title='bbox 1848 3525 2083 3595; x_wconf 85' lang='lat' dir='ltr'><strong>decipia-</strong></span> 
     </span>
    </p>
   </div>
   <div class='ocr_carea' id='block_1_37' title="bbox 502 3611 2107 3683">
    <p class='ocr_par' dir='ltr' id='par_1_37' title="bbox 502 3611 2107 3683">
     <span class='ocr_line' id='line_1_37' title="bbox 502 3611 2107 3683; baseline 0.003 -19"><span class='ocrx_word' id='word_1_292' title='bbox 502 3621 613 3665; x_wconf 90' lang='lat' dir='ltr'><strong>tur.</strong></span> <span class='ocrx_word' id='word_1_293' title='bbox 659 3611 949 3681; x_wconf 86' lang='lat' dir='ltr'><strong>Propterea</strong></span> <span class='ocrx_word' id='word_1_294' title='bbox 978 3613 1121 3667; x_wconf 92' lang='lat' dir='ltr'><strong>enim</strong></span> <span class='ocrx_word' id='word_1_295' title='bbox 1162 3613 1304 3669; x_wconf 88' lang='lat' dir='ltr'><strong>Deus</strong></span> <span class='ocrx_word' id='word_1_296' title='bbox 1330 3614 1542 3683; x_wconf 89' lang='lat' dir='ltr'><strong>patiens</strong></span> <span class='ocrx_word' id='word_1_297' title='bbox 1569 3623 1652 3670; x_wconf 89' lang='lat' dir='ltr'><strong>est</strong></span> <span class='ocrx_word' id='word_1_298' title='bbox 1690 3615 1743 3670; x_wconf 91' lang='lat' dir='ltr'><strong>in</strong></span> <span class='ocrx_word' id='word_1_299' title='bbox 1770 3616 1910 3681; x_wconf 88' lang='lat' dir='ltr'><strong>illos,</strong></span> <span class='ocrx_word' id='word_1_300' title='bbox 1952 3624 2009 3670; x_wconf 92' lang='lat' dir='ltr'><strong>ut</strong></span> <span class='ocrx_word' id='word_1_301' title='bbox 2032 3624 2107 3670; x_wconf 17' lang='lat' dir='ltr'><strong>et.</strong></span> 
     </span>
    </p>
   </div>
   <div class='ocr_carea' id='block_1_38' title="bbox 502 3701 2088 3775">
    <p class='ocr_par' dir='ltr' id='par_1_38' title="bbox 502 3701 2088 3775">
     <span class='ocr_line' id='line_1_38' title="bbox 502 3701 2088 3775; baseline 0.002 -19"><span class='ocrx_word' id='word_1_302' title='bbox 502 3716 723 3756; x_wconf 86' lang='lat' dir='ltr'><strong>suorum</strong></span> <span class='ocrx_word' id='word_1_303' title='bbox 750 3701 1041 3756; x_wconf 85' lang='lat' dir='ltr'><strong>electorum</strong></span> <span class='ocrx_word' id='word_1_304' title='bbox 1084 3701 1241 3759; x_wconf 83' lang='lat' dir='ltr'><strong>ﬁdem</strong></span> <span class='ocrx_word' id='word_1_305' title='bbox 1279 3712 1440 3773; x_wconf 86' lang='lat' dir='ltr'><strong>atque</strong></span> <span class='ocrx_word' id='word_1_306' title='bbox 1466 3704 1801 3774; x_wconf 89' lang='lat' dir='ltr'><strong>prudentiam</strong></span> <span class='ocrx_word' id='word_1_307' title='bbox 1845 3720 1942 3775; x_wconf 82' lang='lat' dir='ltr'><strong>per</strong></span> <span class='ocrx_word' id='word_1_308' title='bbox 1966 3706 2088 3759; x_wconf 78' lang='lat' dir='ltr'><strong>il-lo-</strong></span> 
     </span>
    </p>
   </div>
   <div class='ocr_carea' id='block_1_39' title="bbox 493 3792 2087 3866">
    <p class='ocr_par' dir='ltr' id='par_1_39' title="bbox 493 3792 2087 3866">
     <span class='ocr_line' id='line_1_39' title="bbox 493 3792 2087 3866; baseline 0.003 -21"><span class='ocrx_word' id='word_1_309' title='bbox 493 3807 623 3849; x_wconf 81' lang='lat' dir='ltr'><strong>.rum</strong></span> <span class='ocrx_word' id='word_1_310' title='bbox 655 3792 1053 3863; x_wconf 78' lang='lat' dir='ltr'><strong>perversitatem</strong></span> <span class='ocrx_word' id='word_1_311' title='bbox 1092 3793 1392 3849; x_wconf 79' lang='lat' dir='ltr'><strong>exercendo</strong></span> <span class='ocrx_word' id='word_1_312' title='bbox 1432 3794 1745 3861; x_wconf 89' lang='lat' dir='ltr'><strong>conﬁrmet;</strong></span> <span class='ocrx_word' id='word_1_313' title='bbox 1788 3806 1841 3850; x_wconf 90' lang='lat' dir='ltr'><strong>et</strong></span> <span class='ocrx_word' id='word_1_314' title='bbox 1869 3797 1989 3866; x_wconf 85' lang='lat' dir='ltr'><strong>quia</strong></span> <span class='ocrx_word' id='word_1_315' title='bbox 2019 3795 2087 3851; x_wconf 88' lang='lat' dir='ltr'><strong>de</strong></span> 
     </span>
    </p>
   </div>
   <div class='ocr_carea' id='block_1_40' title="bbox 490 3883 2087 3955">
    <p class='ocr_par' dir='ltr' id='par_1_40' title="bbox 490 3883 2087 3955">
     <span class='ocr_line' id='line_1_40' title="bbox 490 3883 2087 3955; baseline 0.004 -20"><span class='ocrx_word' id='word_1_316' title='bbox 490 3898 937 3942; x_wconf 57' lang='lat' dir='ltr'><strong>,numerocorum</strong></span> <span class='ocrx_word' id='word_1_317' title='bbox 966 3883 1117 3937; x_wconf 92' lang='lat' dir='ltr'><strong>multi</strong></span> <span class='ocrx_word' id='word_1_318' title='bbox 1151 3883 1449 3954; x_wconf 80' lang='lat' dir='ltr'><strong>proﬁciunt,</strong></span> <span class='ocrx_word' id='word_1_319' title='bbox 1473 3893 1529 3940; x_wconf 91' lang='lat' dir='ltr'><strong>et</strong></span> <span class='ocrx_word' id='word_1_320' title='bbox 1546 3885 1612 3940; x_wconf 90' lang='lat' dir='ltr'><strong>ad</strong></span> <span class='ocrx_word' id='word_1_321' title='bbox 1636 3885 1947 3955; x_wconf 88' lang='lat' dir='ltr'><strong>placendum</strong></span> <span class='ocrx_word' id='word_1_322' title='bbox 1976 3887 2087 3942; x_wconf 87' lang='lat' dir='ltr'><strong>Deo</strong></span> 
     </span>
    </p>
   </div>
   <div class='ocr_carea' id='block_1_41' title="bbox 502 3974 2086 4046">
    <p class='ocr_par' dir='ltr' id='par_1_41' title="bbox 502 3974 2086 4046">
     <span class='ocr_line' id='line_1_41' title="bbox 502 3974 2086 4046; baseline 0.003 -16"><span class='ocrx_word' id='word_1_323' title='bbox 502 3974 781 4030; x_wconf 74' lang='lat' dir='ltr'><strong>miserati&#39;</strong></span> <span class='ocrx_word' id='word_1_324' title='bbox 806 3974 1013 4031; x_wconf 87' lang='lat' dir='ltr'><strong>animas</strong></span> <span class='ocrx_word' id='word_1_325' title='bbox 1039 3990 1184 4043; x_wconf 89' lang='lat' dir='ltr'><strong>suas,</strong></span> <span class='ocrx_word' id='word_1_326' title='bbox 1222 3990 1417 4045; x_wconf 75' lang='lat' dir='ltr'><strong>magno</strong></span> <span class='ocrx_word' id='word_1_327' title='bbox 1454 3977 1653 4046; x_wconf 88' lang='lat' dir='ltr'><strong>impetu</strong></span> <span class='ocrx_word' id='word_1_328' title='bbox 1683 3984 2086 4034; x_wconf 90' lang='lat' dir='ltr'><strong>convertuntur.</strong></span> 
     </span>
    </p>
   </div>
   <div class='ocr_carea' id='block_1_42' title="bbox 505 4066 2089 4139">
    <p class='ocr_par' dir='ltr' id='par_1_42' title="bbox 505 4066 2089 4139">
     <span class='ocr_line' id='line_1_42' title="bbox 505 4066 2089 4139; baseline 0.002 -17"><span class='ocrx_word' id='word_1_329' title='bbox 505 4066 624 4123; x_wconf 79' lang='lat' dir='ltr'><strong>Non</strong></span> <span class='ocrx_word' id='word_1_330' title='bbox 653 4067 795 4122; x_wconf 89' lang='lat' dir='ltr'><strong>enim</strong></span> <span class='ocrx_word' id='word_1_331' title='bbox 824 4082 1011 4122; x_wconf 88' lang='lat' dir='ltr'><strong>omnes</strong></span> <span class='ocrx_word' id='word_1_332' title='bbox 1030 4067 1129 4122; x_wconf 86' lang='lat' dir='ltr'><strong>sibi</strong></span> <span class='ocrx_word' id='word_1_333' title='bbox 1156 4081 1251 4137; x_wconf 91' lang='lat' dir='ltr'><strong>per</strong></span> <span class='ocrx_word' id='word_1_334' title='bbox 1274 4067 1579 4139; x_wconf 88' lang='lat' dir='ltr'><strong>patientiam</strong></span> <span class='ocrx_word' id='word_1_335' title='bbox 1604 4068 1699 4124; x_wconf 91' lang='lat' dir='ltr'><strong>Dei</strong></span> <span class='ocrx_word' id='word_1_336' title='bbox 1730 4068 2089 4125; x_wconf 82' lang='lat' dir='ltr'><strong>thesaurizant</strong></span> 
     </span>
    </p>
   </div>
   <div class='ocr_carea' id='block_1_43' title="bbox 500 4158 2088 4229">
    <p class='ocr_par' dir='ltr' id='par_1_43' title="bbox 500 4158 2088 4229">
     <span class='ocr_line' id='line_1_43' title="bbox 500 4158 2088 4229; baseline 0.001 -15"><span class='ocrx_word' id='word_1_337' title='bbox 500 4160 636 4215; x_wconf 89' lang='lat' dir='ltr'><strong>iram</strong></span> <span class='ocrx_word' id='word_1_338' title='bbox 659 4158 709 4213; x_wconf 91' lang='lat' dir='ltr'><strong>in</strong></span> <span class='ocrx_word' id='word_1_339' title='bbox 738 4158 931 4215; x_wconf 69' lang='lat' dir='ltr'><strong>dieira:</strong></span> <span class='ocrx_word' id='word_1_340' title='bbox 944 4159 1261 4229; x_wconf 89' lang='lat' dir='ltr'><strong>justijudicii</strong></span> <span class='ocrx_word' id='word_1_341' title='bbox 1278 4159 1390 4229; x_wconf 88' lang='lat' dir='ltr'><strong>ejus</strong></span> <span class='ocrx_word' id='word_1_342' title='bbox 1408 4177 1423 4214; x_wconf 84' lang='lat'><strong>:</strong></span> <span class='ocrx_word' id='word_1_343' title='bbox 1441 4160 1747 4215; x_wconf 89' lang='lat' dir='ltr'><strong>sed-multos</strong></span> <span class='ocrx_word' id='word_1_344' title='bbox 1762 4160 1947 4216; x_wconf 88' lang='lat' dir='ltr'><strong>eadem</strong></span> <span class='ocrx_word' id='word_1_345' title='bbox 1961 4160 2088 4216; x_wconf 86' lang='lat' dir='ltr'><strong>0m-</strong></span> 
     </span>
    </p>
   </div>
   <div class='ocr_carea' id='block_1_44' title="bbox 501 4251 2089 4323">
    <p class='ocr_par' dir='ltr' id='par_1_44' title="bbox 501 4251 2089 4323">
     <span class='ocr_line' id='line_1_44' title="bbox 501 4251 2089 4323; baseline -0.001 -16"><span class='ocrx_word' id='word_1_346' title='bbox 501 4251 793 4323; x_wconf 83' lang='lat' dir='ltr'><strong>nipotentis</strong></span> <span class='ocrx_word' id='word_1_347' title='bbox 819 4251 1067 4321; x_wconf 88' lang='lat' dir='ltr'><strong>patientia</strong></span> <span class='ocrx_word' id='word_1_348' title='bbox 1094 4251 1337 4321; x_wconf 87' lang='lat' dir='ltr'><strong>perducit</strong></span> <span class='ocrx_word' id='word_1_349' title='bbox 1371 4251 1438 4307; x_wconf 89' lang='lat' dir='ltr'><strong>ad</strong></span> <span class='ocrx_word' id='word_1_350' title='bbox 1480 4252 1887 4308; x_wconf 88' lang='lat' dir='ltr'><strong>saluberrimum</strong></span> <span class='ocrx_word' id='word_1_351' title='bbox 1918 4252 2089 4323; x_wconf 67' lang='lat' dir='ltr'><strong>pinni-</strong></span> 
     </span>
    </p>
   </div>
   <div class='ocr_carea' id='block_1_45' title="bbox 509 4341 2084 4413">
    <p class='ocr_par' dir='ltr' id='par_1_45' title="bbox 509 4341 2084 4413">
     <span class='ocr_line' id='line_1_45' title="bbox 509 4341 2084 4413; baseline -0.001 -13"><span class='ocrx_word' id='word_1_352' title='bbox 509 4344 689 4403; x_wconf 77' lang='lat' dir='ltr'><strong>tentize</strong></span> <span class='ocrx_word' id='word_1_353' title='bbox 736 4344 973 4399; x_wconf 88' lang='lat' dir='ltr'><strong>dolorem</strong></span> <span class='ocrx_word' id='word_1_354' title='bbox 1025 4341 1203 4413; x_wconf 86' lang='lat' dir='ltr'><strong>(Rom.</strong></span> <span class='ocrx_word' id='word_1_355' title='bbox 1254 4359 1312 4410; x_wconf 80' lang='grc' dir='ltr'><strong>ιι,</strong></span> <span class='ocrx_word' id='word_1_356' title='bbox 1353 4345 1409 4409; x_wconf 82' lang='lat'><strong>5,</strong></span> <span class='ocrx_word' id='word_1_357' title='bbox 1449 4342 1528 4413; x_wconf 75' lang='grc'><strong>4).</strong></span> <span class='ocrx_word' id='word_1_358' title='bbox 1571 4343 1724 4409; x_wconf 88' lang='lat' dir='ltr'><strong>Quod</strong></span> <span class='ocrx_word' id='word_1_359' title='bbox 1765 4343 1937 4399; x_wconf 89' lang='lat' dir='ltr'><strong>donec</strong></span> <span class='ocrx_word' id='word_1_360' title='bbox 1975 4343 2084 4410; x_wconf 85' lang='lat' dir='ltr'><strong>fiat,</strong></span> 
     </span>
    </p>
   </div>
   <div class='ocr_carea' id='block_1_46' title="bbox 514 4433 2083 4505">
    <p class='ocr_par' dir='ltr' id='par_1_46' title="bbox 514 4433 2083 4505">
     <span class='ocr_line' id='line_1_46' title="bbox 514 4433 2083 4505; baseline -0.002 -14"><span class='ocrx_word' id='word_1_361' title='bbox 514 4443 792 4492; x_wconf 81' lang='lat' dir='ltr'><strong>exercetur</strong></span> <span class='ocrx_word' id='word_1_362' title='bbox 812 4450 908 4505; x_wconf 87' lang='lat' dir='ltr'><strong>per</strong></span> <span class='ocrx_word' id='word_1_363' title='bbox 928 4448 1023 4489; x_wconf 90' lang='lat' dir='ltr'><strong>eos</strong></span> <span class='ocrx_word' id='word_1_364' title='bbox 1044 4434 1253 4488; x_wconf 88' lang='lat' dir='ltr'><strong>illorum</strong></span> <span class='ocrx_word' id='word_1_365' title='bbox 1275 4433 1362 4504; x_wconf 88' lang='lat' dir='ltr'><strong>qui</strong></span> <span class='ocrx_word' id='word_1_366' title='bbox 1380 4433 1490 4503; x_wconf 84' lang='lat' dir='ltr'><strong>jam</strong></span> <span class='ocrx_word' id='word_1_367' title='bbox 1506 4444 1706 4490; x_wconf 88' lang='lat' dir='ltr'><strong>rectam</strong></span> <span class='ocrx_word' id='word_1_368' title='bbox 1722 4434 1859 4490; x_wconf 88' lang='lat' dir='ltr'><strong>viam</strong></span> <span class='ocrx_word' id='word_1_369' title='bbox 1884 4443 2083 4503; x_wconf 86' lang='lat' dir='ltr'><strong>tenent,</strong></span> 
     </span>
    </p>
   </div>
   <div class='ocr_carea' id='block_1_47' title="bbox 508 4522 2086 4589">
    <p class='ocr_par' dir='ltr' id='par_1_47' title="bbox 508 4522 2086 4589">
     <span class='ocr_line' id='line_1_47' title="bbox 508 4522 2086 4589; baseline 0.001 -10"><span class='ocrx_word' id='word_1_370' title='bbox 508 4540 618 4582; x_wconf 85' lang='lat' dir='ltr'><strong>non</strong></span> <span class='ocrx_word' id='word_1_371' title='bbox 642 4525 812 4580; x_wconf 87' lang='lat' dir='ltr'><strong>solum</strong></span> <span class='ocrx_word' id='word_1_372' title='bbox 843 4524 1117 4580; x_wconf 83' lang='lat' dir='ltr'><strong>tolerantia</strong></span> <span class='ocrx_word' id='word_1_373' title='bbox 1140 4564 1154 4589; x_wconf 93' lang='lat'><strong>,</strong></span> <span class='ocrx_word' id='word_1_374' title='bbox 1183 4523 1284 4579; x_wconf 84' lang='lat' dir='ltr'><strong>sed</strong></span> <span class='ocrx_word' id='word_1_375' title='bbox 1304 4524 1463 4579; x_wconf 87' lang='lat' dir='ltr'><strong>etiam</strong></span> <span class='ocrx_word' id='word_1_376' title='bbox 1491 4522 1873 4579; x_wconf 75' lang='lat' dir='ltr'><strong>misericordia.</strong></span> <span class='ocrx_word' id='word_1_377' title='bbox 1896 4524 2086 4581; x_wconf 84' lang='lat' dir='ltr'><strong>Multos</strong></span> 
     </span>
    </p>
   </div>
   <div class='ocr_carea' id='block_1_48' title="bbox 509 4613 2085 4682">
    <p class='ocr_par' dir='ltr' id='par_1_48' title="bbox 509 4613 2085 4682">
     <span class='ocr_line' id='line_1_48' title="bbox 509 4613 2085 4682; baseline 0.001 -14"><span class='ocrx_word' id='word_1_378' title='bbox 509 4628 638 4682; x_wconf 74' lang='lat' dir='ltr'><strong>ergo</strong></span> <span class='ocrx_word' id='word_1_379' title='bbox 665 4614 873 4667; x_wconf 81' lang='lat' dir='ltr'><strong>visurus</strong></span> <span class='ocrx_word' id='word_1_380' title='bbox 900 4627 961 4669; x_wconf 87' lang='lat' dir='ltr'><strong>es</strong></span> <span class='ocrx_word' id='word_1_381' title='bbox 987 4613 1246 4678; x_wconf 85' lang='lat' dir='ltr'><strong>ebriosos,</strong></span> <span class='ocrx_word' id='word_1_382' title='bbox 1274 4627 1483 4679; x_wconf 91' lang='lat' dir='ltr'><strong>avaros,</strong></span> <span class='ocrx_word' id='word_1_383' title='bbox 1508 4613 1856 4678; x_wconf 82' lang='lat' dir='ltr'><strong>fraudatores,</strong></span> <span class='ocrx_word' id='word_1_384' title='bbox 1887 4614 2085 4670; x_wconf 86' lang='lat' dir='ltr'><strong>aleato-</strong></span> 
     </span>
    </p>
   </div>
   <div class='ocr_carea' id='block_1_49' title="bbox 478 4700 2089 4773">
    <p class='ocr_par' dir='ltr' id='par_1_49' title="bbox 478 4700 2089 4773">
     <span class='ocr_line' id='line_1_49' title="bbox 478 4700 2089 4773; baseline 0 -14"><span class='ocrx_word' id='word_1_385' title='bbox 478 4700 483 4705; x_wconf 81' lang='grc'><strong>’</strong></span> <span class='ocrx_word' id='word_1_386' title='bbox 508 4718 619 4770; x_wconf 84' lang='lat' dir='ltr'><strong>res,</strong></span> <span class='ocrx_word' id='word_1_387' title='bbox 645 4702 935 4769; x_wconf 78' lang='lat' dir='ltr'><strong>adulteros,</strong></span> <span class='ocrx_word' id='word_1_388' title='bbox 962 4701 1326 4768; x_wconf 83' lang='lat' dir='ltr'><strong>fornicatores,</strong></span> <span class='ocrx_word' id='word_1_389' title='bbox 1358 4704 1591 4759; x_wconf 91' lang='lat' dir='ltr'><strong>remedia</strong></span> <span class='ocrx_word' id='word_1_390' title='bbox 1617 4704 1870 4773; x_wconf 81' lang='lat' dir='ltr'><strong>sacrilega</strong></span> <span class='ocrx_word' id='word_1_391' title='bbox 1899 4705 1999 4761; x_wconf 90' lang='lat' dir='ltr'><strong>sibi</strong></span> <span class='ocrx_word' id='word_1_392' title='bbox 2020 4706 2089 4759; x_wconf 86' lang='lat' dir='ltr'><strong>al-</strong></span> 
     </span>
    </p>
   </div>
   <div class='ocr_carea' id='block_1_50' title="bbox 509 4793 2088 4865">
    <p class='ocr_par' dir='ltr' id='par_1_50' title="bbox 509 4793 2088 4865">
     <span class='ocr_line' id='line_1_50' title="bbox 509 4793 2088 4865; baseline 0.003 -17"><span class='ocrx_word' id='word_1_393' title='bbox 509 4793 755 4863; x_wconf 78' lang='lat' dir='ltr'><strong>ligantcs,</strong></span> <span class='ocrx_word' id='word_1_394' title='bbox 781 4793 1249 4862; x_wconf 72' lang='lat' dir='ltr'><strong>prmcantatoribus</strong></span> <span class='ocrx_word' id='word_1_395' title='bbox 1266 4804 1320 4849; x_wconf 91' lang='lat' dir='ltr'><strong>et</strong></span> <span class='ocrx_word' id='word_1_396' title='bbox 1336 4794 1721 4856; x_wconf 87' lang='lat' dir='ltr'><strong>mathematicis</strong></span> <span class='ocrx_word' id='word_1_397' title='bbox 1736 4796 1825 4850; x_wconf 77' lang='lat' dir='ltr'><strong>vei</strong></span> <span class='ocrx_word' id='word_1_398' title='bbox 1839 4812 2088 4865; x_wconf 89' lang='lat' dir='ltr'><strong>quarum-</strong></span> 
     </span>
    </p>
   </div>
   <div class='ocr_carea' id='block_1_51' title="bbox 507 4883 2088 4954">
    <p class='ocr_par' dir='ltr' id='par_1_51' title="bbox 507 4883 2088 4954">
     <span class='ocr_line' id='line_1_51' title="bbox 507 4883 2088 4954; baseline 0.004 -17"><span class='ocrx_word' id='word_1_399' title='bbox 507 4883 638 4939; x_wconf 87' lang='lat' dir='ltr'><strong>libet</strong></span> <span class='ocrx_word' id='word_1_400' title='bbox 657 4883 936 4954; x_wconf 79' lang='lat' dir='ltr'><strong>iinpiarum</strong></span> <span class='ocrx_word' id='word_1_401' title='bbox 965 4884 1156 4941; x_wconf 88' lang='lat' dir='ltr'><strong>artium</strong></span> <span class='ocrx_word' id='word_1_402' title='bbox 1176 4884 1562 4945; x_wconf 87' lang='lat' dir='ltr'><strong>divinatoribus</strong></span> <span class='ocrx_word' id='word_1_403' title='bbox 1581 4884 1809 4941; x_wconf 89' lang='lat' dir='ltr'><strong>deditos.</strong></span> <span class='ocrx_word' id='word_1_404' title='bbox 1836 4887 2088 4943; x_wconf 88' lang='lat' dir='ltr'><strong>Animad-</strong></span> 
     </span>
    </p>
   </div>
   <div class='ocr_carea' id='block_1_52' title="bbox 510 4976 2089 5049">
    <p class='ocr_par' dir='ltr' id='par_1_52' title="bbox 510 4976 2089 5049">
     <span class='ocr_line' id='line_1_52' title="bbox 510 4976 2089 5049; baseline 0.004 -20"><span class='ocrx_word' id='word_1_405' title='bbox 510 4990 767 5032; x_wconf 79' lang='lat' dir='ltr'><strong>versurus</strong></span> <span class='ocrx_word' id='word_1_406' title='bbox 787 4976 945 5033; x_wconf 87' lang='lat' dir='ltr'><strong>etiam</strong></span> <span class='ocrx_word' id='word_1_407' title='bbox 962 4976 1103 5047; x_wconf 90' lang='lat' dir='ltr'><strong>quod</strong></span> <span class='ocrx_word' id='word_1_408' title='bbox 1132 4978 1234 5032; x_wconf 72' lang='lat' dir='ltr'><strong>illa:</strong></span> <span class='ocrx_word' id='word_1_409' title='bbox 1252 4978 1417 5033; x_wconf 66' lang='lat' dir='ltr'><strong>turba:</strong></span> <span class='ocrx_word' id='word_1_410' title='bbox 1434 4978 1688 5047; x_wconf 81' lang='lat' dir='ltr'><strong>impleant</strong></span> <span class='ocrx_word' id='word_1_411' title='bbox 1715 4979 1967 5034; x_wconf 88' lang='lat' dir='ltr'><strong>ecclesias</strong></span> <span class='ocrx_word' id='word_1_412' title='bbox 1992 4995 2089 5049; x_wconf 90' lang='lat' dir='ltr'><strong>per</strong></span> 
     </span>
    </p>
   </div>
   <div class='ocr_carea' id='block_1_53' title="bbox 508 5066 2085 5140">
    <p class='ocr_par' dir='ltr' id='par_1_53' title="bbox 508 5066 2085 5140">
     <span class='ocr_line' id='line_1_53' title="bbox 508 5066 2085 5140; baseline 0 -15"><span class='ocrx_word' id='word_1_413' title='bbox 508 5066 629 5125; x_wconf 80' lang='lat' dir='ltr'><strong>dies</strong></span> <span class='ocrx_word' id='word_1_414' title='bbox 674 5066 841 5124; x_wconf 81' lang='lat' dir='ltr'><strong>festos</strong></span> <span class='ocrx_word' id='word_1_415' title='bbox 881 5067 1336 5132; x_wconf 86' lang='lat' dir='ltr'><strong>Christianorum,</strong></span> <span class='ocrx_word' id='word_1_416' title='bbox 1383 5084 1501 5139; x_wconf 64' lang='lat' dir='ltr'><strong>qua:</strong></span> <span class='ocrx_word' id='word_1_417' title='bbox 1540 5068 1762 5140; x_wconf 84' lang='lat' dir='ltr'><strong>implent</strong></span> <span class='ocrx_word' id='word_1_418' title='bbox 1796 5080 1849 5125; x_wconf 89' lang='lat' dir='ltr'><strong>et</strong></span> <span class='ocrx_word' id='word_1_419' title='bbox 1882 5070 2085 5131; x_wconf 86' lang='lat' dir='ltr'><strong>theatra</strong></span> 
     </span>
    </p>
   </div>
   <div class='ocr_carea' id='block_1_54' title="bbox 510 5156 2086 5231">
    <p class='ocr_par' dir='ltr' id='par_1_54' title="bbox 510 5156 2086 5231">
     <span class='ocr_line' id='line_1_54' title="bbox 510 5156 2086 5231; baseline 0.004 -19"><span class='ocrx_word' id='word_1_420' title='bbox 510 5174 609 5231; x_wconf 88' lang='lat' dir='ltr'><strong>per</strong></span> <span class='ocrx_word' id='word_1_421' title='bbox 645 5156 760 5217; x_wconf 88' lang='lat' dir='ltr'><strong>dies</strong></span> <span class='ocrx_word' id='word_1_422' title='bbox 796 5157 1062 5221; x_wconf 84' lang='lat' dir='ltr'><strong>solemnes</strong></span> <span class='ocrx_word' id='word_1_423' title='bbox 1100 5158 1463 5229; x_wconf 82' lang='lat' dir='ltr'><strong>Paganorum;</strong></span> <span class='ocrx_word' id='word_1_424' title='bbox 1507 5166 1563 5213; x_wconf 92' lang='lat' dir='ltr'><strong>et</strong></span> <span class='ocrx_word' id='word_1_425' title='bbox 1600 5158 1714 5215; x_wconf 58' lang='lat' dir='ltr'><strong>haec</strong></span> <span class='ocrx_word' id='word_1_426' title='bbox 1754 5160 1982 5217; x_wconf 90' lang='lat' dir='ltr'><strong>videndo</strong></span> <span class='ocrx_word' id='word_1_427' title='bbox 2019 5163 2086 5218; x_wconf 88' lang='lat' dir='ltr'><strong>ad</strong></span> 
     </span>
    </p>
   </div>
   <div class='ocr_carea' id='block_1_55' title="bbox 510 5248 2087 5324">
    <p class='ocr_par' dir='ltr' id='par_1_55' title="bbox 510 5248 2087 5324">
     <span class='ocr_line' id='line_1_55' title="bbox 510 5248 2087 5324; baseline 0.003 -19"><span class='ocrx_word' id='word_1_428' title='bbox 510 5248 833 5311; x_wconf 83' lang='lat' dir='ltr'><strong>imitandum</strong></span> <span class='ocrx_word' id='word_1_429' title='bbox 853 5250 1160 5313; x_wconf 69' lang='lat' dir='ltr'><strong>tentabesis.</strong></span> <span class='ocrx_word' id='word_1_430' title='bbox 1186 5249 1256 5305; x_wconf 83' lang='lat' dir='ltr'><strong>Et</strong></span> <span class='ocrx_word' id='word_1_431' title='bbox 1280 5249 1403 5317; x_wconf 89' lang='lat' dir='ltr'><strong>quid</strong></span> <span class='ocrx_word' id='word_1_432' title='bbox 1435 5250 1606 5308; x_wconf 86' lang='lat' dir='ltr'><strong>dicam</strong></span> <span class='ocrx_word' id='word_1_433' title='bbox 1628 5292 1646 5316; x_wconf 89' lang='lat'><strong>,</strong></span> <span class='ocrx_word' id='word_1_434' title='bbox 1675 5251 1878 5308; x_wconf 88' lang='lat' dir='ltr'><strong>videbis</strong></span> <span class='ocrx_word' id='word_1_435' title='bbox 1901 5295 1917 5320; x_wconf 91' lang='lat'><strong>,</strong></span> <span class='ocrx_word' id='word_1_436' title='bbox 1945 5256 2087 5324; x_wconf 87' lang='lat' dir='ltr'><strong>quod</strong></span> 
     </span>
    </p>
   </div>
   <div class='ocr_carea' id='block_1_56' title="bbox 509 5340 2089 5412">
    <p class='ocr_par' dir='ltr' id='par_1_56' title="bbox 509 5340 2089 5412">
     <span class='ocr_line' id='line_1_56' title="bbox 509 5340 2089 5412; baseline 0.004 -15"><span class='ocrx_word' id='word_1_437' title='bbox 509 5340 672 5399; x_wconf 82' lang='lat' dir='ltr'><strong>etiam</strong></span> <span class='ocrx_word' id='word_1_438' title='bbox 695 5356 837 5399; x_wconf 92' lang='lat' dir='ltr'><strong>nunc</strong></span> <span class='ocrx_word' id='word_1_439' title='bbox 859 5340 969 5412; x_wconf 84' lang='lat' dir='ltr'><strong>jam</strong></span> <span class='ocrx_word' id='word_1_440' title='bbox 991 5340 1172 5411; x_wconf 82' lang='lat' dir='ltr'><strong>utique</strong></span> <span class='ocrx_word' id='word_1_441' title='bbox 1190 5340 1368 5396; x_wconf 75' lang='lat' dir='ltr'><strong>nosti?</strong></span> <span class='ocrx_word' id='word_1_442' title='bbox 1397 5356 1501 5396; x_wconf 92' lang='lat' dir='ltr'><strong>non</strong></span> <span class='ocrx_word' id='word_1_443' title='bbox 1530 5341 1674 5397; x_wconf 88' lang='lat' dir='ltr'><strong>cnim</strong></span> <span class='ocrx_word' id='word_1_444' title='bbox 1698 5344 1875 5401; x_wconf 85' lang='lat' dir='ltr'><strong>nescis</strong></span> <span class='ocrx_word' id='word_1_445' title='bbox 1893 5346 2089 5403; x_wconf 89' lang='lat' dir='ltr'><strong>multos</strong></span> 
     </span>
    </p>
   </div>
   <div class='ocr_carea' id='block_1_57' title="bbox 586 5488 1962 5561">
    <p class='ocr_par' dir='ltr' id='par_1_57' title="bbox 586 5488 1962 5561">
     <span class='ocr_line' id='line_1_57' title="bbox 586 5488 1962 5561; baseline 0.009 0"><span class='ocrx_word' id='word_1_446' title='bbox 586 5490 755 5561; x_wconf 57' lang='lat' dir='ltr'><strong>tristia.</strong></span> <span class='ocrx_word' id='word_1_447' title='bbox 779 5490 998 5561; x_wconf 59' lang='grc' dir='ltr'><strong>ωρίεεαδτ</strong></span> <span class='ocrx_word' id='word_1_448' title='bbox 1024 5491 1187 5561; x_wconf 64' lang='lat' dir='ltr'><strong>Antias</strong></span> <span class='ocrx_word' id='word_1_449' title='bbox 1208 5488 1569 5561; x_wconf 65' lang='lat' dir='ltr'><strong>forte-quinque</strong></span> <span class='ocrx_word' id='word_1_450' title='bbox 1745 5493 1962 5553; x_wconf 71' lang='grc' dir='ltr'><strong>δαιίεεαδο</strong></span> 
     </span>
    </p>
   </div>
   <div class='ocr_carea' id='block_1_58' title="bbox 587 5545 1496 5611">
    <p class='ocr_par' dir='ltr' id='par_1_58' title="bbox 587 5545 1496 5611">
     <span class='ocr_line' id='line_1_58' title="bbox 587 5545 1496 5611; baseline 0 -10"><span class='ocrx_word' id='word_1_451' title='bbox 587 5553 692 5603; x_wconf 71' lang='grc' dir='ltr'><strong>ἐκ</strong></span> <span class='ocrx_word' id='word_1_452' title='bbox 710 5545 808 5603; x_wconf 78' lang='lat' dir='ltr'><strong>duo</strong></span> <span class='ocrx_word' id='word_1_453' title='bbox 822 5559 927 5601; x_wconf 73' lang='lat' dir='ltr'><strong>uss.</strong></span> <span class='ocrx_word' id='word_1_454' title='bbox 950 5559 1007 5602; x_wconf 79' lang='lat' dir='ltr'><strong>At</strong></span> <span class='ocrx_word' id='word_1_455' title='bbox 1041 5545 1178 5611; x_wconf 76' lang='lat' dir='ltr'><strong>editi,</strong></span> <span class='ocrx_word' id='word_1_456' title='bbox 1203 5545 1496 5602; x_wconf 63' lang='lat' dir='ltr'><strong>sorbeantur.“</strong></span> 
     </span>
    </p>
   </div>
   <div class='ocr_carea' id='block_1_59' title="bbox 587 5612 2090 5682">
    <p class='ocr_par' dir='ltr' id='par_1_59' title="bbox 587 5612 2090 5682">
     <span class='ocr_line' id='line_1_59' title="bbox 587 5612 2090 5682; baseline -0.001 0"><span class='ocrx_word' id='word_1_457' title='bbox 587 5616 751 5682; x_wconf 63' lang='grc' dir='ltr'><strong>ἲωῖη</strong></span> <span class='ocrx_word' id='word_1_458' title='bbox 768 5612 1261 5682; x_wconf 51' lang='lat' dir='ltr'><strong>Melius</strong></span> <span class='ocrx_word' id='word_1_459' title='bbox 1283 5622 1381 5682; x_wconf 68' lang='grc' dir='ltr'><strong>Αειις</strong></span> <span class='ocrx_word' id='word_1_460' title='bbox 1409 5620 1480 5664; x_wconf 69' lang='grc' dir='ltr'><strong>ενι</strong></span> <span class='ocrx_word' id='word_1_461' title='bbox 1511 5615 1768 5682; x_wconf 61' lang='grc' dir='ltr'><strong>ει-εειίιιιιριε</strong></span> <span class='ocrx_word' id='word_1_462' title='bbox 1788 5624 1919 5682; x_wconf 61' lang='lat' dir='ltr'><strong>uss...</strong></span> <span class='ocrx_word' id='word_1_463' title='bbox 1950 5620 2090 5678; x_wconf 76' lang='lat' dir='ltr'><strong>mise-</strong></span> 
     </span>
    </p>
   </div>
   <div class='ocr_carea' id='block_1_60' title="bbox 512 5673 2089 5742">
    <p class='ocr_par' dir='ltr' id='par_1_60' title="bbox 512 5673 2089 5742">
     <span class='ocr_line' id='line_1_60' title="bbox 512 5673 2089 5742; baseline 0.003 -16"><span class='ocrx_word' id='word_1_464' title='bbox 512 5676 628 5742; x_wconf 81' lang='lat' dir='ltr'><strong>rati.</strong></span> <span class='ocrx_word' id='word_1_465' title='bbox 650 5673 822 5727; x_wconf 80' lang='lat' dir='ltr'><strong>Alludit</strong></span> <span class='ocrx_word' id='word_1_466' title='bbox 842 5676 901 5742; x_wconf 80' lang='lat' dir='ltr'><strong>ad</strong></span> <span class='ocrx_word' id='word_1_467' title='bbox 920 5674 1040 5730; x_wconf 82' lang='lat' dir='ltr'><strong>illud</strong></span> <span class='ocrx_word' id='word_1_468' title='bbox 1066 5673 1399 5740; x_wconf 68' lang='lat' dir='ltr'><strong>Fodesiastici,</strong></span> <span class='ocrx_word' id='word_1_469' title='bbox 1423 5690 1527 5741; x_wconf 64' lang='lat' dir='ltr'><strong>caj&#39;.</strong></span> <span class='ocrx_word' id='word_1_470' title='bbox 1562 5678 1641 5739; x_wconf 73' lang='grc'><strong>50,</strong></span> <span class='ocrx_word' id='word_1_471' title='bbox 1666 5673 1723 5741; x_wconf 59' lang='grc' dir='ltr'><strong>ᾗ]</strong></span> <span class='ocrx_word' id='word_1_472' title='bbox 1743 5679 1803 5730; x_wconf 61' lang='grc'><strong>24</strong></span> <span class='ocrx_word' id='word_1_473' title='bbox 1826 5678 1839 5730; x_wconf 69' lang='grc' dir='ltr'>ξ</span> <span class='ocrx_word' id='word_1_474' title='bbox 1866 5673 2089 5742; x_wconf 61' lang='lat' dir='ltr'><strong>Miserere</strong></span> 
     </span>
    </p>
   </div>
   <div class='ocr_carea' id='block_1_61' title="bbox 510 5737 1803 5803">
    <p class='ocr_par' dir='ltr' id='par_1_61' title="bbox 510 5737 1803 5803">
     <span class='ocr_line' id='line_1_61' title="bbox 510 5737 1803 5803; baseline 0 -14"><span class='ocrx_word' id='word_1_475' title='bbox 510 5739 687 5789; x_wconf 69' lang='lat' dir='ltr'><strong>minus</strong></span> <span class='ocrx_word' id='word_1_476' title='bbox 715 5744 812 5790; x_wconf 81' lang='lat' dir='ltr'><strong>tua:</strong></span> <span class='ocrx_word' id='word_1_477' title='bbox 832 5737 1025 5803; x_wconf 80' lang='lat' dir='ltr'><strong>placens</strong></span> <span class='ocrx_word' id='word_1_478' title='bbox 1054 5746 1166 5789; x_wconf 77' lang='lat' dir='ltr'><strong>Deo.</strong></span> <span class='ocrx_word' id='word_1_479' title='bbox 1336 5737 1341 5740; x_wconf 77' lang='lat'>&#39;</span> <span class='ocrx_word' id='word_1_480' title='bbox 1387 5737 1392 5738; x_wconf 56' lang='lat'><em>&#39;</em></span> <span class='ocrx_word' id='word_1_481' title='bbox 1481 5737 1494 5741; x_wconf 85' lang='grc'><strong><em>“</em></strong></span> <span class='ocrx_word' id='word_1_482' title='bbox 1629 5737 1674 5741; x_wconf 84' lang='grc'>”</span> <span class='ocrx_word' id='word_1_483' title='bbox 1800 5742 1803 5743; x_wconf 66' lang='grc'><strong><em>⁷</em></strong></span> 
     </span>
    </p>
   </div>
   <div class='ocr_carea' id='block_1_62' title="bbox 1344 301 3688 388">
    <p class='ocr_par' dir='ltr' id='par_1_62' title="bbox 1344 301 3688 388">
     <span class='ocr_line' id='line_1_62' title="bbox 1344 301 3688 388; baseline 0.006 -30"><span class='ocrx_word' id='word_1_484' title='bbox 1344 304 1431 359; x_wconf 85' lang='lat' dir='ltr'><strong>DE</strong></span> <span class='ocrx_word' id='word_1_485' title='bbox 1471 301 2006 360; x_wconf 67' lang='lat' dir='ltr'><strong>CATECHIZANDIS</strong></span> <span class='ocrx_word' id='word_1_486' title='bbox 2044 302 2360 369; x_wconf 77' lang='lat' dir='ltr'><strong>RUDIBUS,</strong></span> <span class='ocrx_word' id='word_1_487' title='bbox 2400 304 2458 359; x_wconf 88' lang='lat' dir='ltr'><strong>S.</strong></span> <span class='ocrx_word' id='word_1_488' title='bbox 2500 306 2865 379; x_wconf 71' lang='lat' dir='ltr'><strong>AUGUSTINI</strong></span> <span class='ocrx_word' id='word_1_489' title='bbox 3607 328 3688 388; x_wconf 67' lang='grc' dir='ltr'>δη</span> 
     </span>
    </p>
   </div>
   <div class='ocr_carea' id='block_1_63' title="bbox 2183 417 3686 510">
    <p class='ocr_par' dir='ltr' id='par_1_63' title="bbox 2183 417 3686 510">
     <span class='ocr_line' id='line_1_63' title="bbox 2183 417 3686 510; baseline 0.019 -41"><span class='ocrx_word' id='word_1_490' title='bbox 2183 417 2272 485; x_wconf 91' lang='lat' dir='ltr'><strong>qui</strong></span> <span class='ocrx_word' id='word_1_491' title='bbox 2311 417 2642 487; x_wconf 80' lang='lat' dir='ltr'><strong>appellantur</strong></span> <span class='ocrx_word' id='word_1_492' title='bbox 2670 421 2940 491; x_wconf 73' lang='lat' dir='ltr'><strong>christiani</strong></span> <span class='ocrx_word' id='word_1_493' title='bbox 2964 464 2976 483; x_wconf 83' lang='lat'><strong>.</strong></span> <span class='ocrx_word' id='word_1_494' title='bbox 3006 421 3119 497; x_wconf 49' lang='lat' dir='ltr'><strong>huic</strong></span> <span class='ocrx_word' id='word_1_495' title='bbox 3158 428 3325 495; x_wconf 85' lang='lat' dir='ltr'><strong>omnia</strong></span> <span class='ocrx_word' id='word_1_496' title='bbox 3353 431 3475 500; x_wconf 85' lang='lat' dir='ltr'><strong>mala</strong></span> <span class='ocrx_word' id='word_1_497' title='bbox 3498 446 3686 510; x_wconf 81' lang='lat' dir='ltr'><strong>operari,</strong></span> 
     </span>
    </p>
   </div>
   <div class='ocr_carea' id='block_1_64' title="bbox 2183 509 3689 590">
    <p class='ocr_par' dir='ltr' id='par_1_64' title="bbox 2183 509 3689 590">
     <span class='ocr_line' id='line_1_64' title="bbox 2183 509 3689 590; baseline 0.019 -32"><span class='ocrx_word' id='word_1_498' title='bbox 2183 522 2301 576; x_wconf 75' lang='lat' dir='ltr'><strong>quae</strong></span> <span class='ocrx_word' id='word_1_499' title='bbox 2343 509 2571 563; x_wconf 85' lang='lat' dir='ltr'><strong>breviter</strong></span> <span class='ocrx_word' id='word_1_500' title='bbox 2606 513 3037 581; x_wconf 86' lang='lat' dir='ltr'><strong>commemoravl.</strong></span> <span class='ocrx_word' id='word_1_501' title='bbox 3073 515 3135 569; x_wconf 86' lang='lat' dir='ltr'><strong>Et</strong></span> <span class='ocrx_word' id='word_1_502' title='bbox 3173 517 3471 588; x_wconf 72' lang='lat' dir='ltr'><strong>aliquando‘</strong></span> <span class='ocrx_word' id='word_1_503' title='bbox 3507 509 3689 590; x_wconf 69' lang='lat' dir='ltr'><strong>fortasse</strong></span> 
     </span>
    </p>
   </div>
   <div class='ocr_carea' id='block_1_65' title="bbox 2182 592 3691 694">
    <p class='ocr_par' dir='ltr' id='par_1_65' title="bbox 2182 592 3691 694">
     <span class='ocr_line' id='line_1_65' title="bbox 2182 592 3691 694; baseline 0.013 -46"><span class='ocrx_word' id='word_1_504' title='bbox 2182 598 2421 671; x_wconf 80' lang='lat' dir='ltr'><strong>graviora</strong></span> <span class='ocrx_word' id='word_1_505' title='bbox 2452 599 2626 655; x_wconf 85' lang='lat' dir='ltr'><strong>facere</strong></span> <span class='ocrx_word' id='word_1_506' title='bbox 2658 592 2898 676; x_wconf 76' lang='lat' dir='ltr'><strong>hominés</strong></span> <span class='ocrx_word' id='word_1_507' title='bbox 2929 620 3033 674; x_wconf 87' lang='lat' dir='ltr'><strong>non</strong></span> <span class='ocrx_word' id='word_1_508' title='bbox 3065 604 3269 675; x_wconf 88' lang='lat' dir='ltr'><strong>ignoras</strong></span> <span class='ocrx_word' id='word_1_509' title='bbox 3289 652 3303 674; x_wconf 93' lang='lat'><strong>,</strong></span> <span class='ocrx_word' id='word_1_510' title='bbox 3333 628 3455 681; x_wconf 89' lang='lat' dir='ltr'><strong>quos</strong></span> <span class='ocrx_word' id='word_1_511' title='bbox 3482 621 3600 674; x_wconf 82' lang='lat' dir='ltr'><strong>llusli</strong></span> <span class='ocrx_word' id='word_1_512' title='bbox 3621 639 3691 694; x_wconf 73' lang='lat' dir='ltr'><strong>ap.</strong></span> 
     </span>
    </p>
   </div>
   <div class='ocr_carea' id='block_1_66' title="bbox 2185 688 3691 779">
    <p class='ocr_par' dir='ltr' id='par_1_66' title="bbox 2185 688 3691 779">
     <span class='ocr_line' id='line_1_66' title="bbox 2185 688 3691 779; baseline 0.015 -38"><span class='ocrx_word' id='word_1_513' title='bbox 2185 688 2367 756; x_wconf 84' lang='lat' dir='ltr'><strong>peliari</strong></span> <span class='ocrx_word' id='word_1_514' title='bbox 2395 688 2731 745; x_wconf 84' lang='lat' dir='ltr'><strong>christianos.</strong></span> <span class='ocrx_word' id='word_1_515' title='bbox 2754 692 2858 748; x_wconf 88' lang='lat' dir='ltr'><strong>Sed</strong></span> <span class='ocrx_word' id='word_1_516' title='bbox 2889 695 2929 747; x_wconf 89' lang='lat' dir='ltr'><strong>si</strong></span> <span class='ocrx_word' id='word_1_517' title='bbox 2957 695 3055 749; x_wconf 90' lang='lat' dir='ltr'><strong>hoc</strong></span> <span class='ocrx_word' id='word_1_518' title='bbox 3084 698 3256 751; x_wconf 90' lang='lat' dir='ltr'><strong>animo</strong></span> <span class='ocrx_word' id='word_1_519' title='bbox 3276 704 3473 770; x_wconf 83' lang='lat' dir='ltr'><strong>venisti,</strong></span> <span class='ocrx_word' id='word_1_520' title='bbox 3502 717 3549 761; x_wconf 92' lang='lat' dir='ltr'><strong>ul</strong></span> <span class='ocrx_word' id='word_1_521' title='bbox 3575 688 3691 779; x_wconf 71' lang='lat' dir='ltr'><strong>quasi</strong></span> 
     </span>
    </p>
   </div>
   <div class='ocr_carea' id='block_1_67' title="bbox 2185 782 3692 867">
    <p class='ocr_par' dir='ltr' id='par_1_67' title="bbox 2185 782 3692 867">
     <span class='ocr_line' id='line_1_67' title="bbox 2185 782 3692 867; baseline 0.015 -33"><span class='ocrx_word' id='word_1_522' title='bbox 2185 794 2402 834; x_wconf 91' lang='lat' dir='ltr'><strong>securus</strong></span> <span class='ocrx_word' id='word_1_523' title='bbox 2429 782 2549 835; x_wconf 88' lang='lat' dir='ltr'><strong>talia</strong></span> <span class='ocrx_word' id='word_1_524' title='bbox 2578 783 2738 854; x_wconf 82' lang='lat' dir='ltr'><strong>facias</strong></span> <span class='ocrx_word' id='word_1_525' title='bbox 2758 827 2777 863; x_wconf 14' lang='lat'><strong>,7</strong></span> <span class='ocrx_word' id='word_1_526' title='bbox 2803 786 3026 841; x_wconf 90' lang='lat' dir='ltr'><strong>multum</strong></span> <span class='ocrx_word' id='word_1_527' title='bbox 3054 804 3200 843; x_wconf 90' lang='lat' dir='ltr'><strong>erras</strong></span> <span class='ocrx_word' id='word_1_528' title='bbox 3225 808 3236 844; x_wconf 92' lang='lat'>:</span> <span class='ocrx_word' id='word_1_529' title='bbox 3262 808 3355 848; x_wconf 89' lang='lat' dir='ltr'><strong>nec</strong></span> <span class='ocrx_word' id='word_1_530' title='bbox 3394 797 3477 850; x_wconf 86' lang='lat' dir='ltr'><strong>tibi</strong></span> <span class='ocrx_word' id='word_1_531' title='bbox 3504 802 3692 867; x_wconf 78' lang='lat' dir='ltr'><strong>proderit</strong></span> 
     </span>
    </p>
   </div>
   <div class='ocr_carea' id='block_1_68' title="bbox 2187 872 3693 959">
    <p class='ocr_par' dir='ltr' id='par_1_68' title="bbox 2187 872 3693 959">
     <span class='ocr_line' id='line_1_68' title="bbox 2187 872 3693 959; baseline 0.015 -35"><span class='ocrx_word' id='word_1_532' title='bbox 2187 886 2378 926; x_wconf 91' lang='lat' dir='ltr'><strong>nomen</strong></span> <span class='ocrx_word' id='word_1_533' title='bbox 2399 872 2616 940; x_wconf 88' lang='lat' dir='ltr'><strong>Christi,</strong></span> <span class='ocrx_word' id='word_1_534' title='bbox 2640 892 2757 929; x_wconf 92' lang='lat' dir='ltr'><strong>cum</strong></span> <span class='ocrx_word' id='word_1_535' title='bbox 2780 880 3001 946; x_wconf 68' lang='lat' dir='ltr'><strong>coeperit</strong></span> <span class='ocrx_word' id='word_1_536' title='bbox 3031 880 3118 942; x_wconf 84' lang='lat' dir='ltr'><strong>ille</strong></span> <span class='ocrx_word' id='word_1_537' title='bbox 3142 884 3460 940; x_wconf 88' lang='lat' dir='ltr'><strong>severissime</strong></span> <span class='ocrx_word' id='word_1_538' title='bbox 3478 888 3693 959; x_wconf 82' lang='lat' dir='ltr'><strong>judicare,</strong></span> 
     </span>
    </p>
   </div>
   <div class='ocr_carea' id='block_1_69' title="bbox 2186 964 3693 1041">
    <p class='ocr_par' dir='ltr' id='par_1_69' title="bbox 2186 964 3693 1041">
     <span class='ocr_line' id='line_1_69' title="bbox 2186 964 3693 1041; baseline 0.016 -28"><span class='ocrx_word' id='word_1_539' title='bbox 2186 964 2275 1031; x_wconf 91' lang='lat' dir='ltr'><strong>qui</strong></span> <span class='ocrx_word' id='word_1_540' title='bbox 2324 965 2470 1031; x_wconf 88' lang='lat' dir='ltr'><strong>prius</strong></span> <span class='ocrx_word' id='word_1_541' title='bbox 2499 966 2743 1039; x_wconf 86' lang='lat' dir='ltr'><strong>dignatus</strong></span> <span class='ocrx_word' id='word_1_542' title='bbox 2788 979 2869 1022; x_wconf 85' lang='lat' dir='ltr'><strong>est</strong></span> <span class='ocrx_word' id='word_1_543' title='bbox 2915 970 3401 1041; x_wconf 73' lang='lat' dir='ltr'><strong>misericordissime</strong></span> <span class='ocrx_word' id='word_1_544' title='bbox 3443 978 3693 1038; x_wconf 84' lang='lat' dir='ltr'><strong>subvenire.</strong></span> 
     </span>
    </p>
   </div>
   <div class='ocr_carea' id='block_1_70' title="bbox 2188 1048 3697 1141">
    <p class='ocr_par' dir='ltr' id='par_1_70' title="bbox 2188 1048 3697 1141">
     <span class='ocr_line' id='line_1_70' title="bbox 2188 1048 3697 1141; baseline 0.011 -31"><span class='ocrx_word' id='word_1_545' title='bbox 2188 1048 2438 1110; x_wconf 43' lang='lat' dir='ltr'><strong>Pratdixit</strong></span> <span class='ocrx_word' id='word_1_546' title='bbox 2472 1058 2612 1111; x_wconf 90' lang='lat' dir='ltr'><strong>enim</strong></span> <span class='ocrx_word' id='word_1_547' title='bbox 2659 1060 2793 1127; x_wconf 78' lang='lat' dir='ltr'><strong>ista,</strong></span> <span class='ocrx_word' id='word_1_548' title='bbox 2823 1069 2875 1115; x_wconf 87' lang='lat' dir='ltr'><strong>et</strong></span> <span class='ocrx_word' id='word_1_549' title='bbox 2908 1063 2980 1116; x_wconf 85' lang='lat' dir='ltr'><strong>ait</strong></span> <span class='ocrx_word' id='word_1_550' title='bbox 3014 1062 3063 1127; x_wconf 84' lang='lat' dir='ltr'><strong>in</strong></span> <span class='ocrx_word' id='word_1_551' title='bbox 3099 1064 3373 1137; x_wconf 78' lang='lat' dir='ltr'><strong>Evangelia</strong></span> <span class='ocrx_word' id='word_1_552' title='bbox 3400 1084 3411 1120; x_wconf 91' lang='lat'><strong>:</strong></span> <span class='ocrx_word' id='word_1_553' title='bbox 3440 1067 3549 1129; x_wconf 79' lang='lat' dir='ltr'><strong>Non</strong></span> <span class='ocrx_word' id='word_1_554' title='bbox 3574 1076 3697 1141; x_wconf 77' lang='lat' dir='ltr'><strong>omnis</strong></span> 
     </span>
    </p>
   </div>
   <div class='ocr_carea' id='block_1_71' title="bbox 2187 1148 3699 1235">
    <p class='ocr_par' dir='ltr' id='par_1_71' title="bbox 2187 1148 3699 1235">
     <span class='ocr_line' id='line_1_71' title="bbox 2187 1148 3699 1235; baseline 0.013 -36"><span class='ocrx_word' id='word_1_555' title='bbox 2187 1151 2269 1216; x_wconf 84' lang='lat' dir='ltr'><strong>qui</strong></span> <span class='ocrx_word' id='word_1_556' title='bbox 2292 1148 2411 1201; x_wconf 78' lang='lat' dir='ltr'><strong>dicit</strong></span> <span class='ocrx_word' id='word_1_557' title='bbox 2440 1151 2561 1203; x_wconf 76' lang='lat' dir='ltr'><strong>mihi</strong></span> <span class='ocrx_word' id='word_1_558' title='bbox 2582 1193 2594 1214; x_wconf 88' lang='lat'><strong>,</strong></span> <span class='ocrx_word' id='word_1_559' title='bbox 2635 1149 2886 1219; x_wconf 69' lang='lat' dir='ltr'><strong>Domine,</strong></span> <span class='ocrx_word' id='word_1_560' title='bbox 2924 1154 3142 1227; x_wconf 69' lang='lat' dir='ltr'><strong>Domine</strong></span> <span class='ocrx_word' id='word_1_561' title='bbox 3164 1199 3178 1221; x_wconf 90' lang='lat'><strong>,</strong></span> <span class='ocrx_word' id='word_1_562' title='bbox 3221 1158 3415 1211; x_wconf 80' lang='lat' dir='ltr'><strong>intrabit</strong></span> <span class='ocrx_word' id='word_1_563' title='bbox 3450 1161 3500 1214; x_wconf 78' lang='lat' dir='ltr'><strong>in</strong></span> <span class='ocrx_word' id='word_1_564' title='bbox 3534 1180 3699 1235; x_wconf 62' lang='lat' dir='ltr'><strong>regnum</strong></span> 
     </span>
    </p>
   </div>
   <div class='ocr_carea' id='block_1_72' title="bbox 2187 1240 3700 1314">
    <p class='ocr_par' dir='ltr' id='par_1_72' title="bbox 2187 1240 3700 1314">
     <span class='ocr_line' id='line_1_72' title="bbox 2187 1240 3700 1314; baseline 0.011 -21"><span class='ocrx_word' id='word_1_565' title='bbox 2187 1240 2465 1301; x_wconf 65' lang='lat' dir='ltr'><strong>caelorum:</strong></span> <span class='ocrx_word' id='word_1_566' title='bbox 2493 1242 2582 1294; x_wconf 81' lang='lat' dir='ltr'><strong>sed</strong></span> <span class='ocrx_word' id='word_1_567' title='bbox 2609 1243 2650 1295; x_wconf 87' lang='lat' dir='ltr'><strong>is</strong></span> <span class='ocrx_word' id='word_1_568' title='bbox 2671 1244 2758 1313; x_wconf 82' lang='lat' dir='ltr'><strong>qui</strong></span> <span class='ocrx_word' id='word_1_569' title='bbox 2788 1246 2907 1314; x_wconf 75' lang='lat' dir='ltr'><strong>facit</strong></span> <span class='ocrx_word' id='word_1_570' title='bbox 2935 1246 3235 1302; x_wconf 75' lang='lat' dir='ltr'><strong>voluntatem</strong></span> <span class='ocrx_word' id='word_1_571' title='bbox 3265 1247 3427 1312; x_wconf 78' lang='lat' dir='ltr'><strong>Patris</strong></span> <span class='ocrx_word' id='word_1_572' title='bbox 3456 1253 3557 1305; x_wconf 81' lang='lat' dir='ltr'><strong>mei.</strong></span> <span class='ocrx_word' id='word_1_573' title='bbox 3584 1254 3700 1309; x_wconf 78' lang='lat' dir='ltr'><strong>Multi</strong></span> 
     </span>
    </p>
   </div>
   <div class='ocr_carea' id='block_1_73' title="bbox 2188 1333 3701 1409">
    <p class='ocr_par' dir='ltr' id='par_1_73' title="bbox 2188 1333 3701 1409">
     <span class='ocr_line' id='line_1_73' title="bbox 2188 1333 3701 1409; baseline 0.01 -25"><span class='ocrx_word' id='word_1_574' title='bbox 2188 1333 2354 1387; x_wconf 76' lang='lat' dir='ltr'><strong>dicent</strong></span> <span class='ocrx_word' id='word_1_575' title='bbox 2397 1335 2517 1386; x_wconf 81' lang='lat' dir='ltr'><strong>mihi</strong></span> <span class='ocrx_word' id='word_1_576' title='bbox 2559 1335 2611 1388; x_wconf 80' lang='lat' dir='ltr'><strong>in</strong></span> <span class='ocrx_word' id='word_1_577' title='bbox 2648 1335 2741 1390; x_wconf 83' lang='lat' dir='ltr'><strong>illa</strong></span> <span class='ocrx_word' id='word_1_578' title='bbox 2779 1337 2879 1401; x_wconf 78' lang='lat' dir='ltr'><strong>die,</strong></span> <span class='ocrx_word' id='word_1_579' title='bbox 2920 1337 3168 1405; x_wconf 84' lang='lat' dir='ltr'><strong>Domine,</strong></span> <span class='ocrx_word' id='word_1_580' title='bbox 3213 1340 3448 1409; x_wconf 82' lang='lat' dir='ltr'><strong>Domine,</strong></span> <span class='ocrx_word' id='word_1_581' title='bbox 3477 1343 3523 1397; x_wconf 87' lang='lat' dir='ltr'><strong>in</strong></span> <span class='ocrx_word' id='word_1_582' title='bbox 3545 1348 3701 1400; x_wconf 82' lang='lat' dir='ltr'><strong>nomine</strong></span> 
     </span>
    </p>
   </div>
   <div class='ocr_carea' id='block_1_74' title="bbox 2190 1423 3700 1505">
    <p class='ocr_par' dir='ltr' id='par_1_74' title="bbox 2190 1423 3700 1505">
     <span class='ocr_line' id='line_1_74' title="bbox 2190 1423 3700 1505; baseline 0.01 -31"><span class='ocrx_word' id='word_1_583' title='bbox 2190 1430 2277 1475; x_wconf 83' lang='lat' dir='ltr'><strong>tuo</strong></span> <span class='ocrx_word' id='word_1_584' title='bbox 2312 1423 2726 1493; x_wconf 77' lang='lat' dir='ltr'><strong>ntanducavimus</strong></span> <span class='ocrx_word' id='word_1_585' title='bbox 2770 1435 2814 1479; x_wconf 87' lang='lat' dir='ltr'><strong>et</strong></span> <span class='ocrx_word' id='word_1_586' title='bbox 2857 1426 3068 1483; x_wconf 83' lang='lat' dir='ltr'><strong>bibimus</strong></span> <span class='ocrx_word' id='word_1_587' title='bbox 3112 1428 3335 1499; x_wconf 81' lang='lat' dir='ltr'><strong>(Matth.</strong></span> <span class='ocrx_word' id='word_1_588' title='bbox 3375 1448 3462 1498; x_wconf 88' lang='lat' dir='ltr'><strong>vu,</strong></span> <span class='ocrx_word' id='word_1_589' title='bbox 3504 1432 3700 1505; x_wconf 58' lang='lat'><strong>21,21).</strong></span> 
     </span>
    </p>
   </div>
   <div class='ocr_carea' id='block_1_75' title="bbox 2187 1510 3701 1594">
    <p class='ocr_par' dir='ltr' id='par_1_75' title="bbox 2187 1510 3701 1594">
     <span class='ocr_line' id='line_1_75' title="bbox 2187 1510 3701 1594; baseline 0.009 -29"><span class='ocrx_word' id='word_1_590' title='bbox 2187 1510 2445 1568; x_wconf 84' lang='lat' dir='ltr'><strong>Omnibus</strong></span> <span class='ocrx_word' id='word_1_591' title='bbox 2474 1530 2601 1591; x_wconf 88' lang='lat' dir='ltr'><strong>ergo</strong></span> <span class='ocrx_word' id='word_1_592' title='bbox 2650 1516 2741 1586; x_wconf 90' lang='lat' dir='ltr'><strong>qui</strong></span> <span class='ocrx_word' id='word_1_593' title='bbox 2783 1517 2836 1571; x_wconf 90' lang='lat' dir='ltr'><strong>in</strong></span> <span class='ocrx_word' id='word_1_594' title='bbox 2889 1518 3082 1575; x_wconf 86' lang='lat' dir='ltr'><strong>talibus</strong></span> <span class='ocrx_word' id='word_1_595' title='bbox 3124 1523 3370 1591; x_wconf 89' lang='lat' dir='ltr'><strong>operibus</strong></span> <span class='ocrx_word' id='word_1_596' title='bbox 3399 1535 3701 1594; x_wconf 81' lang='lat' dir='ltr'><strong>perseverant,</strong></span> 
     </span>
    </p>
   </div>
   <div class='ocr_carea' id='block_1_76' title="bbox 2188 1603 3704 1683">
    <p class='ocr_par' dir='ltr' id='par_1_76' title="bbox 2188 1603 3704 1683">
     <span class='ocr_line' id='line_1_76' title="bbox 2188 1603 3704 1683; baseline 0.009 -26"><span class='ocrx_word' id='word_1_597' title='bbox 2188 1603 2457 1659; x_wconf 83' lang='lat' dir='ltr'><strong>damnatio</strong></span> <span class='ocrx_word' id='word_1_598' title='bbox 2488 1605 2606 1661; x_wconf 81' lang='lat' dir='ltr'><strong>ﬁnis</strong></span> <span class='ocrx_word' id='word_1_599' title='bbox 2636 1616 2736 1663; x_wconf 90' lang='lat' dir='ltr'><strong>est.</strong></span> <span class='ocrx_word' id='word_1_600' title='bbox 2764 1608 2895 1679; x_wconf 87' lang='lat' dir='ltr'><strong>Cum</strong></span> <span class='ocrx_word' id='word_1_601' title='bbox 2936 1626 3063 1683; x_wconf 86' lang='lat' dir='ltr'><strong>ergo</strong></span> <span class='ocrx_word' id='word_1_602' title='bbox 3104 1613 3301 1669; x_wconf 88' lang='lat' dir='ltr'><strong>videris</strong></span> <span class='ocrx_word' id='word_1_603' title='bbox 3326 1616 3507 1670; x_wconf 89' lang='lat' dir='ltr'><strong>multos</strong></span> <span class='ocrx_word' id='word_1_604' title='bbox 3534 1632 3619 1669; x_wconf 90' lang='lat' dir='ltr'><strong>non</strong></span> <span class='ocrx_word' id='word_1_605' title='bbox 3640 1632 3704 1670; x_wconf 83' lang='lat' dir='ltr'><strong>so-</strong></span> 
     </span>
    </p>
   </div>
   <div class='ocr_carea' id='block_1_77' title="bbox 2190 1694 3703 1790">
    <p class='ocr_par' dir='ltr' id='par_1_77' title="bbox 2190 1694 3703 1790">
     <span class='ocr_line' id='line_1_77' title="bbox 2190 1694 3703 1790; baseline 0.009 -42"><span class='ocrx_word' id='word_1_606' title='bbox 2190 1694 2296 1748; x_wconf 91' lang='lat' dir='ltr'><strong>lum</strong></span> <span class='ocrx_word' id='word_1_607' title='bbox 2337 1695 2450 1752; x_wconf 74' lang='lat' dir='ltr'><strong>hmo</strong></span> <span class='ocrx_word' id='word_1_608' title='bbox 2480 1697 2680 1775; x_wconf 77' lang='lat' dir='ltr'><strong>facere,</strong></span> <span class='ocrx_word' id='word_1_609' title='bbox 2720 1700 2819 1775; x_wconf 5' lang='lat' dir='ltr'><strong>sed,</strong></span> <span class='ocrx_word' id='word_1_610' title='bbox 2840 1703 2999 1757; x_wconf 90' lang='lat' dir='ltr'><strong>etiam</strong></span> <span class='ocrx_word' id='word_1_611' title='bbox 3027 1703 3311 1771; x_wconf 77' lang='lat' dir='ltr'><strong>defendere</strong></span> <span class='ocrx_word' id='word_1_612' title='bbox 3337 1717 3483 1790; x_wconf 80' lang='lat' dir='ltr'><strong>atque</strong></span> <span class='ocrx_word' id='word_1_613' title='bbox 3509 1707 3703 1773; x_wconf 83' lang='lat' dir='ltr'><strong>suadere,</strong></span> 
     </span>
    </p>
   </div>
   <div class='ocr_carea' id='block_1_78' title="bbox 2191 1789 3708 1875">
    <p class='ocr_par' dir='ltr' id='par_1_78' title="bbox 2191 1789 3708 1875">
     <span class='ocr_line' id='line_1_78' title="bbox 2191 1789 3708 1875; baseline 0.008 -33"><span class='ocrx_word' id='word_1_614' title='bbox 2191 1796 2313 1843; x_wconf 90' lang='lat' dir='ltr'><strong>tene</strong></span> <span class='ocrx_word' id='word_1_615' title='bbox 2341 1797 2392 1843; x_wconf 91' lang='lat' dir='ltr'><strong>te</strong></span> <span class='ocrx_word' id='word_1_616' title='bbox 2418 1789 2485 1844; x_wconf 90' lang='lat' dir='ltr'><strong>ad</strong></span> <span class='ocrx_word' id='word_1_617' title='bbox 2517 1791 2688 1861; x_wconf 86' lang='lat' dir='ltr'><strong>legem</strong></span> <span class='ocrx_word' id='word_1_618' title='bbox 2718 1793 2844 1875; x_wconf 62' lang='lat' dir='ltr'><strong>Dei,</strong></span> <span class='ocrx_word' id='word_1_619' title='bbox 2863 1803 2915 1860; x_wconf 85' lang='lat' dir='ltr'><strong>et</strong></span> <span class='ocrx_word' id='word_1_620' title='bbox 2945 1810 3049 1860; x_wconf 84' lang='lat' dir='ltr'><strong>non</strong></span> <span class='ocrx_word' id='word_1_621' title='bbox 3077 1799 3317 1868; x_wconf 85' lang='lat' dir='ltr'><strong>sequaris</strong></span> <span class='ocrx_word' id='word_1_622' title='bbox 3338 1789 3708 1871; x_wconf 67' lang='lat' dir='ltr'><strong>prmvaricatorcs</strong></span> 
     </span>
    </p>
   </div>
   <div class='ocr_carea' id='block_1_79' title="bbox 2189 1880 3705 1959">
    <p class='ocr_par' dir='ltr' id='par_1_79' title="bbox 2189 1880 3705 1959">
     <span class='ocr_line' id='line_1_79' title="bbox 2189 1880 3705 1959; baseline 0.008 -23"><span class='ocrx_word' id='word_1_623' title='bbox 2189 1880 2326 1950; x_wconf 86' lang='lat' dir='ltr'><strong>ejus.</strong></span> <span class='ocrx_word' id='word_1_624' title='bbox 2354 1881 2470 1936; x_wconf 87' lang='lat' dir='ltr'><strong>Non</strong></span> <span class='ocrx_word' id='word_1_625' title='bbox 2492 1884 2634 1937; x_wconf 89' lang='lat' dir='ltr'><strong>enim</strong></span> <span class='ocrx_word' id='word_1_626' title='bbox 2657 1886 2947 1940; x_wconf 87' lang='lat' dir='ltr'><strong>secundum</strong></span> <span class='ocrx_word' id='word_1_627' title='bbox 2971 1888 3178 1957; x_wconf 85' lang='lat' dir='ltr'><strong>illorum</strong></span> <span class='ocrx_word' id='word_1_628' title='bbox 3200 1905 3430 1959; x_wconf 87' lang='lat' dir='ltr'><strong>sensum,</strong></span> <span class='ocrx_word' id='word_1_629' title='bbox 3457 1892 3541 1947; x_wconf 87' lang='lat' dir='ltr'><strong>sed</strong></span> <span class='ocrx_word' id='word_1_630' title='bbox 3560 1908 3705 1948; x_wconf 88' lang='lat' dir='ltr'><strong>secun-</strong></span> 
     </span>
    </p>
   </div>
   <div class='ocr_carea' id='block_1_80' title="bbox 2189 1973 3137 2055">
    <p class='ocr_par' dir='ltr' id='par_1_80' title="bbox 2189 1973 3137 2055">
     <span class='ocr_line' id='line_1_80' title="bbox 2189 1973 3137 2055; baseline 0.008 -27"><span class='ocrx_word' id='word_1_631' title='bbox 2189 1973 2314 2028; x_wconf 88' lang='lat' dir='ltr'><strong>dum</strong></span> <span class='ocrx_word' id='word_1_632' title='bbox 2334 1974 2474 2030; x_wconf 91' lang='lat' dir='ltr'><strong>illius</strong></span> <span class='ocrx_word' id='word_1_633' title='bbox 2493 1978 2767 2031; x_wconf 86' lang='lat' dir='ltr'><strong>veritatem</strong></span> <span class='ocrx_word' id='word_1_634' title='bbox 2784 1978 3137 2055; x_wconf 67' lang='lat' dir='ltr'><strong>judicaheris.</strong></span> 
     </span>
    </p>
   </div>
   <div class='ocr_carea' id='block_1_81' title="bbox 2260 2065 3705 2147">
    <p class='ocr_par' dir='ltr' id='par_1_81' title="bbox 2260 2065 3705 2147">
     <span class='ocr_line' id='line_1_81' title="bbox 2260 2065 3705 2147; baseline 0.006 -26"><span class='ocrx_word' id='word_1_635' title='bbox 2260 2066 2350 2122; x_wconf 70' lang='lat'><strong>49.</strong></span> <span class='ocrx_word' id='word_1_636' title='bbox 2390 2065 2723 2140; x_wconf 85' lang='lat' dir='ltr'><strong>Coujungere</strong></span> <span class='ocrx_word' id='word_1_637' title='bbox 2748 2070 2920 2136; x_wconf 89' lang='lat' dir='ltr'><strong>bonis,</strong></span> <span class='ocrx_word' id='word_1_638' title='bbox 2944 2089 3075 2142; x_wconf 88' lang='lat' dir='ltr'><strong>quos</strong></span> <span class='ocrx_word' id='word_1_639' title='bbox 3106 2074 3252 2137; x_wconf 86' lang='lat' dir='ltr'><strong>vidcs</strong></span> <span class='ocrx_word' id='word_1_640' title='bbox 3272 2090 3445 2147; x_wconf 86' lang='lat' dir='ltr'><strong>amare</strong></span> <span class='ocrx_word' id='word_1_641' title='bbox 3471 2084 3618 2131; x_wconf 90' lang='lat' dir='ltr'><strong>tecum</strong></span> <span class='ocrx_word' id='word_1_642' title='bbox 3643 2092 3705 2130; x_wconf 86' lang='lat' dir='ltr'><strong>re-</strong></span> 
     </span>
    </p>
   </div>
   <div class='ocr_carea' id='block_1_82' title="bbox 2188 2161 3711 2242">
    <p class='ocr_par' dir='ltr' id='par_1_82' title="bbox 2188 2161 3711 2242">
     <span class='ocr_line' id='line_1_82' title="bbox 2188 2161 3711 2242; baseline 0.005 -30"><span class='ocrx_word' id='word_1_643' title='bbox 2188 2173 2307 2229; x_wconf 80' lang='lat' dir='ltr'><strong>gem</strong></span> <span class='ocrx_word' id='word_1_644' title='bbox 2344 2168 2513 2214; x_wconf 91' lang='lat' dir='ltr'><strong>tuum.</strong></span> <span class='ocrx_word' id='word_1_645' title='bbox 2554 2161 2744 2216; x_wconf 83' lang='lat' dir='ltr'><strong>Multos</strong></span> <span class='ocrx_word' id='word_1_646' title='bbox 2778 2164 2917 2217; x_wconf 92' lang='lat' dir='ltr'><strong>enim</strong></span> <span class='ocrx_word' id='word_1_647' title='bbox 2950 2164 3258 2221; x_wconf 87' lang='lat' dir='ltr'><strong>inventurus</strong></span> <span class='ocrx_word' id='word_1_648' title='bbox 3288 2182 3371 2242; x_wconf 83' lang='lat' dir='ltr'><strong>es,</strong></span> <span class='ocrx_word' id='word_1_649' title='bbox 3407 2168 3449 2222; x_wconf 90' lang='lat' dir='ltr'><strong>si</strong></span> <span class='ocrx_word' id='word_1_650' title='bbox 3476 2178 3525 2238; x_wconf 83' lang='lat' dir='ltr'><strong>et</strong></span> <span class='ocrx_word' id='word_1_651' title='bbox 3556 2177 3600 2222; x_wconf 92' lang='lat' dir='ltr'><strong>tu</strong></span> <span class='ocrx_word' id='word_1_652' title='bbox 3621 2168 3711 2237; x_wconf 74' lang='lat' dir='ltr'><strong>talis</strong></span> 
     </span>
    </p>
   </div>
   <div class='ocr_carea' id='block_1_83' title="bbox 2189 2254 3708 2328">
    <p class='ocr_par' dir='ltr' id='par_1_83' title="bbox 2189 2254 3708 2328">
     <span class='ocr_line' id='line_1_83' title="bbox 2189 2254 3708 2328; baseline 0.007 -22"><span class='ocrx_word' id='word_1_653' title='bbox 2189 2265 2310 2307; x_wconf 87' lang='lat' dir='ltr'><strong>esse</strong></span> <span class='ocrx_word' id='word_1_654' title='bbox 2333 2254 2577 2323; x_wconf 87' lang='lat' dir='ltr'><strong>coeperis.</strong></span> <span class='ocrx_word' id='word_1_655' title='bbox 2598 2254 2729 2309; x_wconf 85' lang='lat' dir='ltr'><strong>Nam</strong></span> <span class='ocrx_word' id='word_1_656' title='bbox 2756 2257 2799 2310; x_wconf 91' lang='lat' dir='ltr'><strong>si</strong></span> <span class='ocrx_word' id='word_1_657' title='bbox 2826 2256 2876 2309; x_wconf 90' lang='lat' dir='ltr'><strong>in</strong></span> <span class='ocrx_word' id='word_1_658' title='bbox 2909 2260 3229 2327; x_wconf 81' lang='lat' dir='ltr'><strong>spectaculis</strong></span> <span class='ocrx_word' id='word_1_659' title='bbox 3254 2276 3370 2315; x_wconf 90' lang='lat' dir='ltr'><strong>cum</strong></span> <span class='ocrx_word' id='word_1_660' title='bbox 3396 2262 3492 2315; x_wconf 89' lang='lat' dir='ltr'><strong>illis</strong></span> <span class='ocrx_word' id='word_1_661' title='bbox 3518 2277 3619 2316; x_wconf 88' lang='lat' dir='ltr'><strong>esse</strong></span> <span class='ocrx_word' id='word_1_662' title='bbox 3642 2277 3708 2328; x_wconf 81' lang='lat' dir='ltr'><strong>cu-</strong></span> 
     </span>
    </p>
   </div>
   <div class='ocr_carea' id='block_1_84' title="bbox 2190 2334 3708 2422">
    <p class='ocr_par' dir='ltr' id='par_1_84' title="bbox 2190 2334 3708 2422">
     <span class='ocr_line' id='line_1_84' title="bbox 2190 2334 3708 2422; baseline 0.007 -27"><span class='ocrx_word' id='word_1_663' title='bbox 2190 2343 2372 2412; x_wconf 92' lang='lat' dir='ltr'><strong>piebas</strong></span> <span class='ocrx_word' id='word_1_664' title='bbox 2400 2334 2455 2399; x_wconf 82' lang='lat' dir='ltr'><strong>et</strong></span> <span class='ocrx_word' id='word_1_665' title='bbox 2492 2345 2569 2399; x_wconf 92' lang='lat' dir='ltr'><strong>eis</strong></span> <span class='ocrx_word' id='word_1_666' title='bbox 2610 2346 2925 2413; x_wconf 74' lang='lat' dir='ltr'><strong>iuhmrere’,</strong></span> <span class='ocrx_word' id='word_1_667' title='bbox 2950 2349 3038 2418; x_wconf 91' lang='lat' dir='ltr'><strong>qui</strong></span> <span class='ocrx_word' id='word_1_668' title='bbox 3071 2360 3249 2406; x_wconf 88' lang='lat' dir='ltr'><strong>tecum</strong></span> <span class='ocrx_word' id='word_1_669' title='bbox 3284 2352 3365 2407; x_wconf 86' lang='lat' dir='ltr'><strong>vel</strong></span> <span class='ocrx_word' id='word_1_670' title='bbox 3390 2352 3625 2422; x_wconf 81' lang='lat' dir='ltr'><strong>aurigam,</strong></span> <span class='ocrx_word' id='word_1_671' title='bbox 3649 2352 3708 2405; x_wconf 79' lang='lat' dir='ltr'><strong>vel</strong></span> 
     </span>
    </p>
   </div>
   <div class='ocr_carea' id='block_1_85' title="bbox 2188 2438 3705 2507">
    <p class='ocr_par' dir='ltr' id='par_1_85' title="bbox 2188 2438 3705 2507">
     <span class='ocr_line' id='line_1_85' title="bbox 2188 2438 3705 2507; baseline 0.006 -21"><span class='ocrx_word' id='word_1_672' title='bbox 2188 2442 2493 2489; x_wconf 86' lang='lat' dir='ltr'><strong>venatorem</strong></span> <span class='ocrx_word' id='word_1_673' title='bbox 2515 2476 2535 2507; x_wconf 11' lang='grc' dir='ltr'><strong>,ἡ</strong></span> <span class='ocrx_word' id='word_1_674' title='bbox 2560 2438 2642 2491; x_wconf 86' lang='lat' dir='ltr'><strong>vel</strong></span> <span class='ocrx_word' id='word_1_675' title='bbox 2670 2438 2897 2507; x_wconf 91' lang='lat' dir='ltr'><strong>aliquem</strong></span> <span class='ocrx_word' id='word_1_676' title='bbox 2942 2441 3258 2498; x_wconf 90' lang='lat' dir='ltr'><strong>histrionem</strong></span> <span class='ocrx_word' id='word_1_677' title='bbox 3291 2443 3443 2498; x_wconf 91' lang='lat' dir='ltr'><strong>simul</strong></span> <span class='ocrx_word' id='word_1_678' title='bbox 3481 2443 3705 2505; x_wconf 85' lang='lat' dir='ltr'><strong>amabant;</strong></span> 
     </span>
    </p>
   </div>
   <div class='ocr_carea' id='block_1_86' title="bbox 2188 2527 3706 2603">
    <p class='ocr_par' dir='ltr' id='par_1_86' title="bbox 2188 2527 3706 2603">
     <span class='ocr_line' id='line_1_86' title="bbox 2188 2527 3706 2603; baseline 0.003 -23"><span class='ocrx_word' id='word_1_679' title='bbox 2188 2533 2389 2598; x_wconf 84' lang='lat' dir='ltr'><strong>quanto</strong></span> <span class='ocrx_word' id='word_1_680' title='bbox 2413 2527 2580 2601; x_wconf 81' lang='lat' dir='ltr'><strong>magis</strong></span> <span class='ocrx_word' id='word_1_681' title='bbox 2608 2536 2658 2581; x_wconf 87' lang='lat' dir='ltr'><strong>te</strong></span> <span class='ocrx_word' id='word_1_682' title='bbox 2695 2528 2963 2596; x_wconf 86' lang='lat' dir='ltr'><strong>delectare</strong></span> <span class='ocrx_word' id='word_1_683' title='bbox 3001 2531 3163 2601; x_wconf 88' lang='lat' dir='ltr'><strong>debet</strong></span> <span class='ocrx_word' id='word_1_684' title='bbox 3208 2548 3387 2588; x_wconf 90' lang='lat' dir='ltr'><strong>eorum</strong></span> <span class='ocrx_word' id='word_1_685' title='bbox 3424 2533 3706 2603; x_wconf 87' lang='lat' dir='ltr'><strong>conjunctio,</strong></span> 
     </span>
    </p>
   </div>
   <div class='ocr_carea' id='block_1_87' title="bbox 2188 2619 3710 2701">
    <p class='ocr_par' dir='ltr' id='par_1_87' title="bbox 2188 2619 3710 2701">
     <span class='ocr_line' id='line_1_87' title="bbox 2188 2619 3710 2701; baseline 0.001 -28"><span class='ocrx_word' id='word_1_686' title='bbox 2188 2619 2278 2688; x_wconf 91' lang='lat' dir='ltr'><strong>qui</strong></span> <span class='ocrx_word' id='word_1_687' title='bbox 2305 2628 2477 2674; x_wconf 91' lang='lat' dir='ltr'><strong>tecum</strong></span> <span class='ocrx_word' id='word_1_688' title='bbox 2502 2628 2683 2676; x_wconf 88' lang='lat' dir='ltr'><strong>amant</strong></span> <span class='ocrx_word' id='word_1_689' title='bbox 2712 2620 2875 2678; x_wconf 86' lang='lat' dir='ltr'><strong>Deum</strong></span> <span class='ocrx_word' id='word_1_690' title='bbox 2901 2661 2916 2689; x_wconf 90' lang='lat'><strong>,</strong></span> <span class='ocrx_word' id='word_1_691' title='bbox 2948 2622 3015 2678; x_wconf 89' lang='lat' dir='ltr'><strong>de</strong></span> <span class='ocrx_word' id='word_1_692' title='bbox 3044 2639 3149 2693; x_wconf 90' lang='lat' dir='ltr'><strong>quo</strong></span> <span class='ocrx_word' id='word_1_693' title='bbox 3189 2640 3449 2701; x_wconf 86' lang='lat' dir='ltr'><strong>nunquam</strong></span> <span class='ocrx_word' id='word_1_694' title='bbox 3486 2624 3710 2689; x_wconf 79' lang='lat' dir='ltr'><strong>erubescet</strong></span> 
     </span>
    </p>
   </div>
   <div class='ocr_carea' id='block_1_88' title="bbox 2188 2712 3707 2788">
    <p class='ocr_par' dir='ltr' id='par_1_88' title="bbox 2188 2712 3707 2788">
     <span class='ocr_line' id='line_1_88' title="bbox 2188 2712 3707 2788; baseline 0.004 -24"><span class='ocrx_word' id='word_1_695' title='bbox 2188 2718 2394 2766; x_wconf 90' lang='lat' dir='ltr'><strong>amator</strong></span> <span class='ocrx_word' id='word_1_696' title='bbox 2436 2712 2572 2783; x_wconf 89' lang='lat' dir='ltr'><strong>ejus,</strong></span> <span class='ocrx_word' id='word_1_697' title='bbox 2604 2715 2724 2785; x_wconf 86' lang='lat' dir='ltr'><strong>quia</strong></span> <span class='ocrx_word' id='word_1_698' title='bbox 2756 2731 2859 2769; x_wconf 91' lang='lat' dir='ltr'><strong>non</strong></span> <span class='ocrx_word' id='word_1_699' title='bbox 2902 2717 3075 2772; x_wconf 90' lang='lat' dir='ltr'><strong>solum</strong></span> <span class='ocrx_word' id='word_1_700' title='bbox 3121 2714 3239 2784; x_wconf 84' lang='lat' dir='ltr'><strong>ipse</strong></span> <span class='ocrx_word' id='word_1_701' title='bbox 3276 2732 3379 2771; x_wconf 90' lang='lat' dir='ltr'><strong>non</strong></span> <span class='ocrx_word' id='word_1_702' title='bbox 3406 2724 3563 2788; x_wconf 84' lang='lat' dir='ltr'><strong>potest</strong></span> <span class='ocrx_word' id='word_1_703' title='bbox 3588 2713 3707 2781; x_wconf 86' lang='lat' dir='ltr'><strong>vinci,</strong></span> 
     </span>
    </p>
   </div>
   <div class='ocr_carea' id='block_1_89' title="bbox 2188 2802 3709 2867">
    <p class='ocr_par' dir='ltr' id='par_1_89' title="bbox 2188 2802 3709 2867">
     <span class='ocr_line' id='line_1_89' title="bbox 2188 2802 3709 2867; baseline 0.004 -11"><span class='ocrx_word' id='word_1_704' title='bbox 2188 2802 2280 2856; x_wconf 86' lang='lat' dir='ltr'><strong>sed</strong></span> <span class='ocrx_word' id='word_1_705' title='bbox 2309 2804 2470 2858; x_wconf 87' lang='lat' dir='ltr'><strong>etiam</strong></span> <span class='ocrx_word' id='word_1_706' title='bbox 2490 2805 2772 2862; x_wconf 88' lang='lat' dir='ltr'><strong>dilectores</strong></span> <span class='ocrx_word' id='word_1_707' title='bbox 2800 2823 2926 2863; x_wconf 92' lang='lat' dir='ltr'><strong>suos</strong></span> <span class='ocrx_word' id='word_1_708' title='bbox 2956 2809 3142 2865; x_wconf 88' lang='lat' dir='ltr'><strong>reddet</strong></span> <span class='ocrx_word' id='word_1_709' title='bbox 3174 2809 3435 2867; x_wconf 75' lang='lat' dir='ltr'><strong>invictos?</strong></span> <span class='ocrx_word' id='word_1_710' title='bbox 3460 2811 3557 2866; x_wconf 87' lang='lat' dir='ltr'><strong>Nec</strong></span> <span class='ocrx_word' id='word_1_711' title='bbox 3576 2820 3709 2864; x_wconf 86' lang='lat' dir='ltr'><strong>tamen</strong></span> 
     </span>
    </p>
   </div>
   <div class='ocr_carea' id='block_1_90' title="bbox 2189 2894 3712 2973">
    <p class='ocr_par' dir='ltr' id='par_1_90' title="bbox 2189 2894 3712 2973">
     <span class='ocr_line' id='line_1_90' title="bbox 2189 2894 3712 2973; baseline 0.003 -24"><span class='ocrx_word' id='word_1_712' title='bbox 2189 2894 2348 2949; x_wconf 87' lang='lat' dir='ltr'><strong>etiam</strong></span> <span class='ocrx_word' id='word_1_713' title='bbox 2378 2895 2431 2949; x_wconf 93' lang='lat' dir='ltr'><strong>in</strong></span> <span class='ocrx_word' id='word_1_714' title='bbox 2457 2896 2585 2966; x_wconf 87' lang='lat' dir='ltr'><strong>ipsis</strong></span> <span class='ocrx_word' id='word_1_715' title='bbox 2605 2897 2777 2962; x_wconf 88' lang='lat' dir='ltr'><strong>bonis,</strong></span> <span class='ocrx_word' id='word_1_716' title='bbox 2809 2900 2896 2969; x_wconf 90' lang='lat' dir='ltr'><strong>qui</strong></span> <span class='ocrx_word' id='word_1_717' title='bbox 2926 2909 2979 2955; x_wconf 88' lang='lat' dir='ltr'><strong>te</strong></span> <span class='ocrx_word' id='word_1_718' title='bbox 3009 2902 3097 2969; x_wconf 84' lang='lat' dir='ltr'><strong>vel</strong></span> <span class='ocrx_word' id='word_1_719' title='bbox 3122 2904 3427 2973; x_wconf 68' lang='lat' dir='ltr'><strong>praecedunt</strong></span> <span class='ocrx_word' id='word_1_720' title='bbox 3450 2904 3527 2958; x_wconf 87' lang='lat' dir='ltr'><strong>vel</strong></span> <span class='ocrx_word' id='word_1_721' title='bbox 3553 2901 3629 2957; x_wconf 90' lang='lat' dir='ltr'><strong>tibi</strong></span> <span class='ocrx_word' id='word_1_722' title='bbox 3648 2915 3712 2955; x_wconf 78' lang='lat' dir='ltr'><strong>co-</strong></span> 
     </span>
    </p>
   </div>
   <div class='ocr_carea' id='block_1_91' title="bbox 2188 2985 3712 3062">
    <p class='ocr_par' dir='ltr' id='par_1_91' title="bbox 2188 2985 3712 3062">
     <span class='ocr_line' id='line_1_91' title="bbox 2188 2985 3712 3062; baseline 0.006 -24"><span class='ocrx_word' id='word_1_723' title='bbox 2188 2985 2443 3059; x_wconf 83' lang='lat' dir='ltr'><strong>mitantur</strong></span> <span class='ocrx_word' id='word_1_724' title='bbox 2461 2986 2527 3041; x_wconf 90' lang='lat' dir='ltr'><strong>ad</strong></span> <span class='ocrx_word' id='word_1_725' title='bbox 2557 2988 2719 3042; x_wconf 92' lang='lat' dir='ltr'><strong>Deum</strong></span> <span class='ocrx_word' id='word_1_726' title='bbox 2733 2989 2777 3056; x_wconf 81' lang='grc'><strong>³,</strong></span> <span class='ocrx_word' id='word_1_727' title='bbox 2800 3006 2947 3060; x_wconf 89' lang='lat' dir='ltr'><strong>spem</strong></span> <span class='ocrx_word' id='word_1_728' title='bbox 2972 3000 3114 3046; x_wconf 92' lang='lat' dir='ltr'><strong>tuam</strong></span> <span class='ocrx_word' id='word_1_729' title='bbox 3140 2995 3407 3051; x_wconf 89' lang='lat' dir='ltr'><strong>collocare</strong></span> <span class='ocrx_word' id='word_1_730' title='bbox 3433 2995 3596 3057; x_wconf 85' lang='lat' dir='ltr'><strong>debes,</strong></span> <span class='ocrx_word' id='word_1_731' title='bbox 3621 2991 3712 3062; x_wconf 67' lang='lat' dir='ltr'><strong>quia</strong></span> 
     </span>
    </p>
   </div>
   <div class='ocr_carea' id='block_1_92' title="bbox 2189 3078 3713 3158">
    <p class='ocr_par' dir='ltr' id='par_1_92' title="bbox 2189 3078 3713 3158">
     <span class='ocr_line' id='line_1_92' title="bbox 2189 3078 3713 3158; baseline 0.004 -25"><span class='ocrx_word' id='word_1_732' title='bbox 2189 3092 2291 3133; x_wconf 85' lang='lat' dir='ltr'><strong>nec</strong></span> <span class='ocrx_word' id='word_1_733' title='bbox 2316 3078 2369 3132; x_wconf 92' lang='lat' dir='ltr'><strong>in</strong></span> <span class='ocrx_word' id='word_1_734' title='bbox 2396 3085 2449 3133; x_wconf 94' lang='lat' dir='ltr'><strong>te</strong></span> <span class='ocrx_word' id='word_1_735' title='bbox 2482 3079 2599 3149; x_wconf 90' lang='lat' dir='ltr'><strong>ipso</strong></span> <span class='ocrx_word' id='word_1_736' title='bbox 2636 3079 2798 3136; x_wconf 88' lang='lat' dir='ltr'><strong>debes</strong></span> <span class='ocrx_word' id='word_1_737' title='bbox 2824 3092 3310 3158; x_wconf 79' lang='lat' dir='ltr'><strong>quantumcumque</strong></span> <span class='ocrx_word' id='word_1_738' title='bbox 3339 3086 3617 3157; x_wconf 88' lang='lat' dir='ltr'><strong>profeceris,</strong></span> <span class='ocrx_word' id='word_1_739' title='bbox 3643 3082 3713 3150; x_wconf 76' lang='lat' dir='ltr'><strong>sed</strong></span> 
     </span>
    </p>
   </div>
   <div class='ocr_carea' id='block_1_93' title="bbox 2188 3169 3713 3243">
    <p class='ocr_par' dir='ltr' id='par_1_93' title="bbox 2188 3169 3713 3243">
     <span class='ocr_line' id='line_1_93' title="bbox 2188 3169 3713 3243; baseline 0.002 -18"><span class='ocrx_word' id='word_1_740' title='bbox 2188 3169 2246 3225; x_wconf 88' lang='lat' dir='ltr'><strong>in</strong></span> <span class='ocrx_word' id='word_1_741' title='bbox 2277 3169 2365 3224; x_wconf 86' lang='lat' dir='ltr'><strong>illo</strong></span> <span class='ocrx_word' id='word_1_742' title='bbox 2383 3171 2473 3240; x_wconf 90' lang='lat' dir='ltr'><strong>qui</strong></span> <span class='ocrx_word' id='word_1_743' title='bbox 2500 3186 2591 3226; x_wconf 89' lang='lat' dir='ltr'><strong>eos</strong></span> <span class='ocrx_word' id='word_1_744' title='bbox 2617 3180 2671 3227; x_wconf 90' lang='lat' dir='ltr'><strong>et</strong></span> <span class='ocrx_word' id='word_1_745' title='bbox 2695 3180 2747 3227; x_wconf 88' lang='lat' dir='ltr'><strong>te</strong></span> <span class='ocrx_word' id='word_1_746' title='bbox 2758 3173 3095 3243; x_wconf 87' lang='lat' dir='ltr'><strong>justiﬁcando</strong></span> <span class='ocrx_word' id='word_1_747' title='bbox 3126 3178 3261 3235; x_wconf 90' lang='lat' dir='ltr'><strong>tales</strong></span> <span class='ocrx_word' id='word_1_748' title='bbox 3298 3180 3435 3234; x_wconf 81' lang='lat' dir='ltr'><strong>facit.</strong></span> <span class='ocrx_word' id='word_1_749' title='bbox 3460 3178 3657 3233; x_wconf 78' lang='lat' dir='ltr'><strong>Securus</strong></span> <span class='ocrx_word' id='word_1_750' title='bbox 3672 3189 3713 3229; x_wconf 82' lang='lat' dir='ltr'><strong>es</strong></span> 
     </span>
    </p>
   </div>
   <div class='ocr_carea' id='block_1_94' title="bbox 2188 3258 3715 3333">
    <p class='ocr_par' dir='ltr' id='par_1_94' title="bbox 2188 3258 3715 3333">
     <span class='ocr_line' id='line_1_94' title="bbox 2188 3258 3715 3333; baseline 0.003 -19"><span class='ocrx_word' id='word_1_751' title='bbox 2188 3258 2330 3314; x_wconf 89' lang='lat' dir='ltr'><strong>enim</strong></span> <span class='ocrx_word' id='word_1_752' title='bbox 2361 3259 2428 3313; x_wconf 92' lang='lat' dir='ltr'><strong>de</strong></span> <span class='ocrx_word' id='word_1_753' title='bbox 2468 3260 2612 3329; x_wconf 93' lang='lat' dir='ltr'><strong>Deo,</strong></span> <span class='ocrx_word' id='word_1_754' title='bbox 2644 3263 2765 3333; x_wconf 91' lang='lat' dir='ltr'><strong>quia</strong></span> <span class='ocrx_word' id='word_1_755' title='bbox 2801 3279 2905 3318; x_wconf 91' lang='lat' dir='ltr'><strong>non</strong></span> <span class='ocrx_word' id='word_1_756' title='bbox 2933 3274 3169 3321; x_wconf 88' lang='lat' dir='ltr'><strong>mutatur</strong></span> <span class='ocrx_word' id='word_1_757' title='bbox 3203 3287 3215 3322; x_wconf 90' lang='lat'><strong>:</strong></span> <span class='ocrx_word' id='word_1_758' title='bbox 3257 3269 3324 3324; x_wconf 87' lang='lat' dir='ltr'><strong>de</strong></span> <span class='ocrx_word' id='word_1_759' title='bbox 3353 3270 3554 3324; x_wconf 90' lang='lat' dir='ltr'><strong>homine</strong></span> <span class='ocrx_word' id='word_1_760' title='bbox 3578 3278 3715 3321; x_wconf 81' lang='lat' dir='ltr'><strong>autem</strong></span> 
     </span>
    </p>
   </div>
   <div class='ocr_carea' id='block_1_95' title="bbox 2189 3351 3713 3433">
    <p class='ocr_par' dir='ltr' id='par_1_95' title="bbox 2189 3351 3713 3433">
     <span class='ocr_line' id='line_1_95' title="bbox 2189 3351 3713 3433; baseline 0.003 -28"><span class='ocrx_word' id='word_1_761' title='bbox 2189 3366 2348 3405; x_wconf 89' lang='lat' dir='ltr'><strong>nemo</strong></span> <span class='ocrx_word' id='word_1_762' title='bbox 2367 3351 2658 3421; x_wconf 87' lang='lat' dir='ltr'><strong>prudenter</strong></span> <span class='ocrx_word' id='word_1_763' title='bbox 2684 3370 2901 3411; x_wconf 89' lang='lat' dir='ltr'><strong>securus</strong></span> <span class='ocrx_word' id='word_1_764' title='bbox 2927 3368 3030 3413; x_wconf 90' lang='lat' dir='ltr'><strong>est.</strong></span> <span class='ocrx_word' id='word_1_765' title='bbox 3062 3360 3171 3415; x_wconf 89' lang='lat' dir='ltr'><strong>Sed</strong></span> <span class='ocrx_word' id='word_1_766' title='bbox 3210 3363 3254 3418; x_wconf 94' lang='lat' dir='ltr'><strong>si</strong></span> <span class='ocrx_word' id='word_1_767' title='bbox 3280 3362 3398 3419; x_wconf 89' lang='lat' dir='ltr'><strong>illos</strong></span> <span class='ocrx_word' id='word_1_768' title='bbox 3424 3362 3508 3433; x_wconf 91' lang='lat' dir='ltr'><strong>qui</strong></span> <span class='ocrx_word' id='word_1_769' title='bbox 3527 3359 3713 3427; x_wconf 84' lang='lat' dir='ltr'><strong>nondum</strong></span> 
     </span>
    </p>
   </div>
   <div class='ocr_carea' id='block_1_96' title="bbox 2184 3440 3714 3525">
    <p class='ocr_par' dir='ltr' id='par_1_96' title="bbox 2184 3440 3714 3525">
     <span class='ocr_line' id='line_1_96' title="bbox 2184 3440 3714 3525; baseline 0.005 -31"><span class='ocrx_word' id='word_1_770' title='bbox 2184 3440 2315 3510; x_wconf 88' lang='lat' dir='ltr'><strong>justi</strong></span> <span class='ocrx_word' id='word_1_771' title='bbox 2348 3451 2506 3508; x_wconf 92' lang='lat' dir='ltr'><strong>sunt,</strong></span> <span class='ocrx_word' id='word_1_772' title='bbox 2538 3458 2717 3519; x_wconf 76' lang='lat' dir='ltr'><strong>amare</strong></span> <span class='ocrx_word' id='word_1_773' title='bbox 2746 3446 3005 3505; x_wconf 88' lang='lat' dir='ltr'><strong>debemus</strong></span> <span class='ocrx_word' id='word_1_774' title='bbox 3035 3457 3092 3504; x_wconf 89' lang='lat' dir='ltr'><strong>ut</strong></span> <span class='ocrx_word' id='word_1_775' title='bbox 3117 3452 3227 3507; x_wconf 90' lang='lat' dir='ltr'><strong>sint</strong></span> <span class='ocrx_word' id='word_1_776' title='bbox 3248 3472 3261 3519; x_wconf 92' lang='lat'>;</span> <span class='ocrx_word' id='word_1_777' title='bbox 3285 3462 3475 3525; x_wconf 88' lang='lat' dir='ltr'><strong>quanto</strong></span> <span class='ocrx_word' id='word_1_778' title='bbox 3495 3450 3714 3513; x_wconf 80' lang='lat' dir='ltr'><strong>ardentius</strong></span> 
     </span>
    </p>
   </div>
   <div class='ocr_carea' id='block_1_97' title="bbox 2190 3532 3718 3614">
    <p class='ocr_par' dir='ltr' id='par_1_97' title="bbox 2190 3532 3718 3614">
     <span class='ocr_line' id='line_1_97' title="bbox 2190 3532 3718 3614; baseline 0.006 -30"><span class='ocrx_word' id='word_1_779' title='bbox 2190 3533 2277 3603; x_wconf 90' lang='lat' dir='ltr'><strong>qui</strong></span> <span class='ocrx_word' id='word_1_780' title='bbox 2295 3532 2403 3607; x_wconf 87' lang='lat' dir='ltr'><strong>jam</strong></span> <span class='ocrx_word' id='word_1_781' title='bbox 2431 3542 2576 3599; x_wconf 89' lang='lat' dir='ltr'><strong>sunt,</strong></span> <span class='ocrx_word' id='word_1_782' title='bbox 2603 3538 2820 3613; x_wconf 27' lang='lat' dir='ltr'><strong>amandi.</strong></span> <span class='ocrx_word' id='word_1_783' title='bbox 2839 3541 3001 3595; x_wconf 87' lang='lat' dir='ltr'><strong>sunt?</strong></span> <span class='ocrx_word' id='word_1_784' title='bbox 3020 3541 3123 3597; x_wconf 90' lang='lat' dir='ltr'><strong>Sed</strong></span> <span class='ocrx_word' id='word_1_785' title='bbox 3146 3545 3295 3599; x_wconf 90' lang='lat' dir='ltr'><strong>aliud</strong></span> <span class='ocrx_word' id='word_1_786' title='bbox 3324 3554 3405 3599; x_wconf 92' lang='lat' dir='ltr'><strong>est</strong></span> <span class='ocrx_word' id='word_1_787' title='bbox 3430 3544 3624 3614; x_wconf 80' lang='lat' dir='ltr'><strong>diligere</strong></span> <span class='ocrx_word' id='word_1_788' title='bbox 3645 3540 3718 3594; x_wconf 89' lang='lat' dir='ltr'><strong>ho-</strong></span> 
     </span>
    </p>
   </div>
   <div class='ocr_carea' id='block_1_98' title="bbox 2188 3626 3719 3704">
    <p class='ocr_par' dir='ltr' id='par_1_98' title="bbox 2188 3626 3719 3704">
     <span class='ocr_line' id='line_1_98' title="bbox 2188 3626 3719 3704; baseline 0.007 -25"><span class='ocrx_word' id='word_1_789' title='bbox 2188 3626 2409 3695; x_wconf 87' lang='lat' dir='ltr'><strong>minem,</strong></span> <span class='ocrx_word' id='word_1_790' title='bbox 2438 3627 2579 3682; x_wconf 90' lang='lat' dir='ltr'><strong>aliud</strong></span> <span class='ocrx_word' id='word_1_791' title='bbox 2603 3645 2748 3698; x_wconf 83' lang='lat' dir='ltr'><strong>spem</strong></span> <span class='ocrx_word' id='word_1_792' title='bbox 2778 3647 2977 3701; x_wconf 89' lang='lat' dir='ltr'><strong>ponere</strong></span> <span class='ocrx_word' id='word_1_793' title='bbox 3007 3635 3059 3689; x_wconf 91' lang='lat' dir='ltr'><strong>in</strong></span> <span class='ocrx_word' id='word_1_794' title='bbox 3084 3636 3334 3701; x_wconf 88' lang='lat' dir='ltr'><strong>homine;</strong></span> <span class='ocrx_word' id='word_1_795' title='bbox 3364 3647 3639 3704; x_wconf 88' lang='lat' dir='ltr'><strong>tantumque</strong></span> <span class='ocrx_word' id='word_1_796' title='bbox 3661 3633 3719 3685; x_wconf 81' lang='lat' dir='ltr'><strong>in-</strong></span> 
     </span>
    </p>
   </div>
   <div class='ocr_carea' id='block_1_99' title="bbox 2190 3710 3718 3798">
    <p class='ocr_par' dir='ltr' id='par_1_99' title="bbox 2190 3710 3718 3798">
     <span class='ocr_line' id='line_1_99' title="bbox 2190 3710 3718 3798; baseline 0.003 -29"><span class='ocrx_word' id='word_1_797' title='bbox 2190 3724 2374 3781; x_wconf 89' lang='lat' dir='ltr'><strong>terest,</strong></span> <span class='ocrx_word' id='word_1_798' title='bbox 2409 3726 2466 3771; x_wconf 92' lang='lat' dir='ltr'><strong>ut</strong></span> <span class='ocrx_word' id='word_1_799' title='bbox 2494 3718 2620 3773; x_wconf 91' lang='lat' dir='ltr'><strong>illud</strong></span> <span class='ocrx_word' id='word_1_800' title='bbox 2649 3710 2797 3775; x_wconf 84' lang='lat' dir='ltr'><strong>Deus</strong></span> <span class='ocrx_word' id='word_1_801' title='bbox 2813 3722 3015 3798; x_wconf 82' lang='lat' dir='ltr'><strong>jubeat,</strong></span> <span class='ocrx_word' id='word_1_802' title='bbox 3046 3724 3147 3781; x_wconf 88' lang='lat' dir='ltr'><strong>hoc</strong></span> <span class='ocrx_word' id='word_1_803' title='bbox 3180 3729 3475 3798; x_wconf 89' lang='lat' dir='ltr'><strong>prohibeat.</strong></span> <span class='ocrx_word' id='word_1_804' title='bbox 3506 3727 3555 3782; x_wconf 90' lang='lat' dir='ltr'><strong>Si</strong></span> <span class='ocrx_word' id='word_1_805' title='bbox 3581 3735 3718 3778; x_wconf 86' lang='lat' dir='ltr'><strong>autem</strong></span> 
     </span>
    </p>
   </div>
   <div class='ocr_carea' id='block_1_100' title="bbox 2190 3796 3718 3889">
    <p class='ocr_par' dir='ltr' id='par_1_100' title="bbox 2190 3796 3718 3889">
     <span class='ocr_line' id='line_1_100' title="bbox 2190 3796 3718 3889; baseline 0.003 -29"><span class='ocrx_word' id='word_1_806' title='bbox 2190 3808 2392 3877; x_wconf 89' lang='lat' dir='ltr'><strong>aliquas</strong></span> <span class='ocrx_word' id='word_1_807' title='bbox 2411 3809 2495 3863; x_wconf 91' lang='lat' dir='ltr'><strong>vel</strong></span> <span class='ocrx_word' id='word_1_808' title='bbox 2526 3796 2895 3868; x_wconf 77' lang='lat' dir='ltr'><strong>insultationes</strong></span> <span class='ocrx_word' id='word_1_809' title='bbox 2916 3816 3001 3881; x_wconf 90' lang='lat' dir='ltr'><strong>vel</strong></span> <span class='ocrx_word' id='word_1_810' title='bbox 3034 3796 3405 3887; x_wconf 83' lang='lat' dir='ltr'><strong>tribulationes</strong></span> <span class='ocrx_word' id='word_1_811' title='bbox 3436 3834 3524 3889; x_wconf 90' lang='lat' dir='ltr'><strong>pro</strong></span> <span class='ocrx_word' id='word_1_812' title='bbox 3548 3814 3718 3871; x_wconf 83' lang='lat' dir='ltr'><strong>nomine</strong></span> 
     </span>
    </p>
   </div>
   <div class='ocr_carea' id='block_1_101' title="bbox 2189 3897 3722 3977">
    <p class='ocr_par' dir='ltr' id='par_1_101' title="bbox 2189 3897 3722 3977">
     <span class='ocr_line' id='line_1_101' title="bbox 2189 3897 3722 3977; baseline 0.001 -24"><span class='ocrx_word' id='word_1_813' title='bbox 2189 3897 2385 3953; x_wconf 87' lang='lat' dir='ltr'><strong>Christi</strong></span> <span class='ocrx_word' id='word_1_814' title='bbox 2415 3914 2600 3968; x_wconf 88' lang='lat' dir='ltr'><strong>passus</strong></span> <span class='ocrx_word' id='word_1_815' title='bbox 2630 3918 2733 3956; x_wconf 91' lang='lat' dir='ltr'><strong>non</strong></span> <span class='ocrx_word' id='word_1_816' title='bbox 2774 3902 3032 3972; x_wconf 82' lang='lat' dir='ltr'><strong>defeceris</strong></span> <span class='ocrx_word' id='word_1_817' title='bbox 3069 3922 3099 3961; x_wconf 86' lang='lat' dir='ltr'><strong>a</strong></span> <span class='ocrx_word' id='word_1_818' title='bbox 3131 3909 3258 3977; x_wconf 87' lang='lat' dir='ltr'><strong>ﬁde,</strong></span> <span class='ocrx_word' id='word_1_819' title='bbox 3302 3925 3398 3964; x_wconf 89' lang='lat' dir='ltr'><strong>nec</strong></span> <span class='ocrx_word' id='word_1_820' title='bbox 3418 3926 3447 3963; x_wconf 91' lang='lat' dir='ltr'><strong>a</strong></span> <span class='ocrx_word' id='word_1_821' title='bbox 3475 3908 3596 3963; x_wconf 87' lang='lat' dir='ltr'><strong>bona</strong></span> <span class='ocrx_word' id='word_1_822' title='bbox 3620 3898 3722 3956; x_wconf 76' lang='lat' dir='ltr'><strong>via&quot;</strong></span> 
     </span>
    </p>
   </div>
   <div class='ocr_carea' id='block_1_102' title="bbox 2191 3988 3719 4075">
    <p class='ocr_par' dir='ltr' id='par_1_102' title="bbox 2191 3988 3719 4075">
     <span class='ocr_line' id='line_1_102' title="bbox 2191 3988 3719 4075; baseline 0.007 -32"><span class='ocrx_word' id='word_1_823' title='bbox 2191 3988 2512 4055; x_wconf 87' lang='lat' dir='ltr'><strong>deviaveris,</strong></span> <span class='ocrx_word' id='word_1_824' title='bbox 2562 3994 2816 4061; x_wconf 89' lang='lat' dir='ltr'><strong>majorem</strong></span> <span class='ocrx_word' id='word_1_825' title='bbox 2849 3998 3157 4075; x_wconf 26' lang='lat' dir='ltr'><strong>mercedem.</strong></span> <span class='ocrx_word' id='word_1_826' title='bbox 3196 4012 3507 4072; x_wconf 86' lang='lat' dir='ltr'><strong>accepturus</strong></span> <span class='ocrx_word' id='word_1_827' title='bbox 3542 4013 3625 4053; x_wconf 90' lang='lat' dir='ltr'><strong>es:</strong></span> <span class='ocrx_word' id='word_1_828' title='bbox 3655 3991 3719 4062; x_wconf 85' lang='lat' dir='ltr'><strong>qui</strong></span> 
     </span>
    </p>
   </div>
   <div class='ocr_carea' id='block_1_103' title="bbox 2190 4080 3722 4161">
    <p class='ocr_par' dir='ltr' id='par_1_103' title="bbox 2190 4080 3722 4161">
     <span class='ocr_line' id='line_1_103' title="bbox 2190 4080 3722 4161; baseline 0.005 -26"><span class='ocrx_word' id='word_1_829' title='bbox 2190 4090 2365 4135; x_wconf 89' lang='lat' dir='ltr'><strong>autem</strong></span> <span class='ocrx_word' id='word_1_830' title='bbox 2386 4082 2435 4135; x_wconf 94' lang='lat' dir='ltr'><strong>in</strong></span> <span class='ocrx_word' id='word_1_831' title='bbox 2459 4080 2540 4137; x_wconf 93' lang='lat' dir='ltr'><strong>his</strong></span> <span class='ocrx_word' id='word_1_832' title='bbox 2561 4083 2772 4139; x_wconf 90' lang='lat' dir='ltr'><strong>diabolo</strong></span> <span class='ocrx_word' id='word_1_833' title='bbox 2784 4088 3060 4155; x_wconf 90' lang='lat' dir='ltr'><strong>cesserint,</strong></span> <span class='ocrx_word' id='word_1_834' title='bbox 3076 4090 3241 4161; x_wconf 86' lang='lat' dir='ltr'><strong>etiam</strong></span> <span class='ocrx_word' id='word_1_835' title='bbox 3254 4093 3506 4153; x_wconf 85' lang='lat' dir='ltr'><strong>minorem</strong></span> <span class='ocrx_word' id='word_1_836' title='bbox 3522 4085 3722 4160; x_wconf 74' lang='lat' dir='ltr'><strong>perdunt-</strong></span> 
     </span>
    </p>
   </div>
   <div class='ocr_carea' id='block_1_104' title="bbox 2192 4160 3724 4255">
    <p class='ocr_par' dir='ltr' id='par_1_104' title="bbox 2192 4160 3724 4255">
     <span class='ocr_line' id='line_1_104' title="bbox 2192 4160 3724 4255; baseline 0 -29"><span class='ocrx_word' id='word_1_837' title='bbox 2192 4169 2301 4226; x_wconf 87' lang='lat' dir='ltr'><strong>Sed</strong></span> <span class='ocrx_word' id='word_1_838' title='bbox 2328 4170 2543 4227; x_wconf 90' lang='lat' dir='ltr'><strong>humilis</strong></span> <span class='ocrx_word' id='word_1_839' title='bbox 2567 4183 2685 4230; x_wconf 91' lang='lat' dir='ltr'><strong>esto</strong></span> <span class='ocrx_word' id='word_1_840' title='bbox 2710 4175 2842 4245; x_wconf 90' lang='lat' dir='ltr'><strong>Dco,</strong></span> <span class='ocrx_word' id='word_1_841' title='bbox 2871 4186 2932 4231; x_wconf 90' lang='lat' dir='ltr'><strong>ut</strong></span> <span class='ocrx_word' id='word_1_842' title='bbox 2960 4193 3063 4233; x_wconf 91' lang='lat' dir='ltr'><strong>non</strong></span> <span class='ocrx_word' id='word_1_843' title='bbox 3105 4188 3158 4233; x_wconf 85' lang='lat' dir='ltr'><strong>te</strong></span> <span class='ocrx_word' id='word_1_844' title='bbox 3175 4160 3447 4255; x_wconf 77' lang='lat' dir='ltr'><strong>permittat</strong></span> <span class='ocrx_word' id='word_1_845' title='bbox 3475 4175 3640 4235; x_wconf 84' lang='lat' dir='ltr'><strong>tentari</strong></span> <span class='ocrx_word' id='word_1_846' title='bbox 3666 4172 3724 4227; x_wconf 84' lang='lat' dir='ltr'><strong>ul-</strong></span> 
     </span>
    </p>
   </div>
   <div class='ocr_carea' id='block_1_105' title="bbox 2192 4263 2601 4318">
    <p class='ocr_par' dir='ltr' id='par_1_105' title="bbox 2192 4263 2601 4318">
     <span class='ocr_line' id='line_1_105' title="bbox 2192 4263 2601 4318; baseline 0.005 -2"><span class='ocrx_word' id='word_1_847' title='bbox 2192 4270 2273 4317; x_wconf 91' lang='lat' dir='ltr'><strong>tra</strong></span> <span class='ocrx_word' id='word_1_848' title='bbox 2300 4263 2441 4317; x_wconf 88' lang='lat' dir='ltr'><strong>vires</strong></span> <span class='ocrx_word' id='word_1_849' title='bbox 2465 4274 2601 4318; x_wconf 90' lang='lat' dir='ltr'><strong>tuas.</strong></span> 
     </span>
    </p>
   </div>
   <div class='ocr_carea' id='block_1_106' title="bbox 2262 4353 3727 4423">
    <p class='ocr_par' dir='ltr' id='par_1_106' title="bbox 2262 4353 3727 4423">
     <span class='ocr_line' id='line_1_106' title="bbox 2262 4353 3727 4423; baseline 0.003 -13"><span class='ocrx_word' id='word_1_850' title='bbox 2262 4353 2490 4411; x_wconf 82' lang='lat' dir='ltr'><strong>CAPUT</strong></span> <span class='ocrx_word' id='word_1_851' title='bbox 2526 4355 2716 4411; x_wconf 79' lang='lat' dir='ltr'><strong>XXVI.</strong></span> <span class='ocrx_word' id='word_1_852' title='bbox 2746 4388 2816 4398; x_wconf 88' lang='lat'><strong><em>—</em></strong></span> <span class='ocrx_word' id='word_1_853' title='bbox 2842 4359 2931 4414; x_wconf 87' lang='lat'><strong>50.</strong></span> <span class='ocrx_word' id='word_1_854' title='bbox 2974 4358 3201 4417; x_wconf 78' lang='lat' dir='ltr'><strong>Initiatio</strong></span> <span class='ocrx_word' id='word_1_855' title='bbox 3244 4362 3603 4423; x_wconf 79' lang='lat' dir='ltr'><strong>catechumeni,</strong></span> <span class='ocrx_word' id='word_1_856' title='bbox 3641 4370 3727 4410; x_wconf 70' lang='lat' dir='ltr'><strong>cum</strong></span> 
     </span>
    </p>
   </div>
   <div class='ocr_carea' id='block_1_107' title="bbox 2192 4445 3728 4525">
    <p class='ocr_par' dir='ltr' id='par_1_107' title="bbox 2192 4445 3728 4525">
     <span class='ocr_line' id='line_1_107' title="bbox 2192 4445 3728 4525; baseline -0.003 -24"><span class='ocrx_word' id='word_1_857' title='bbox 2192 4446 2501 4517; x_wconf 71' lang='lat' dir='ltr'><strong>expositione</strong></span> <span class='ocrx_word' id='word_1_858' title='bbox 2524 4448 2805 4519; x_wconf 83' lang='lat' dir='ltr'><strong>signorum.</strong></span> <span class='ocrx_word' id='word_1_859' title='bbox 2848 4450 3027 4506; x_wconf 88' lang='lat' dir='ltr'><strong>Sermo</strong></span> <span class='ocrx_word' id='word_1_860' title='bbox 3063 4455 3365 4525; x_wconf 83' lang='lat' dir='ltr'><strong>quandoque</strong></span> <span class='ocrx_word' id='word_1_861' title='bbox 3398 4455 3580 4509; x_wconf 77' lang='lat' dir='ltr'><strong>brevior</strong></span> <span class='ocrx_word' id='word_1_862' title='bbox 3615 4445 3728 4501; x_wconf 79' lang='lat' dir='ltr'><strong>adhi-</strong></span> 
     </span>
    </p>
   </div>
   <div class='ocr_carea' id='block_1_108' title="bbox 2192 4532 3728 4607">
    <p class='ocr_par' dir='ltr' id='par_1_108' title="bbox 2192 4532 3728 4607">
     <span class='ocr_line' id='line_1_108' title="bbox 2192 4532 3728 4607; baseline 0.003 -17"><span class='ocrx_word' id='word_1_863' title='bbox 2192 4536 2397 4593; x_wconf 84' lang='lat' dir='ltr'><strong>bendus.</strong></span> <span class='ocrx_word' id='word_1_864' title='bbox 2419 4532 2788 4607; x_wconf 71' lang='lat' dir='ltr'><strong>Incipit-sermo</strong></span> <span class='ocrx_word' id='word_1_865' title='bbox 2812 4542 2941 4596; x_wconf 83' lang='lat' dir='ltr'><strong>alius</strong></span> <span class='ocrx_word' id='word_1_866' title='bbox 2964 4542 3173 4598; x_wconf 84' lang='lat' dir='ltr'><strong>brevior.</strong></span> <span class='ocrx_word' id='word_1_867' title='bbox 3201 4546 3369 4601; x_wconf 80' lang='lat' dir='ltr'><strong>Filius</strong></span> <span class='ocrx_word' id='word_1_868' title='bbox 3392 4546 3483 4601; x_wconf 85' lang='lat' dir='ltr'><strong>Dei</strong></span> <span class='ocrx_word' id='word_1_869' title='bbox 3502 4543 3728 4597; x_wconf 69' lang='lat' dir='ltr'><strong>inmissus.</strong></span> 
     </span>
    </p>
   </div>
   <div class='ocr_carea' id='block_1_109' title="bbox 2192 4627 3731 4705">
    <p class='ocr_par' dir='ltr' id='par_1_109' title="bbox 2192 4627 3731 4705">
     <span class='ocr_line' id='line_1_109' title="bbox 2192 4627 3731 4705; baseline 0 -26"><span class='ocrx_word' id='word_1_870' title='bbox 2192 4636 2245 4680; x_wconf 87' lang='lat' dir='ltr'><strong>ut</strong></span> <span class='ocrx_word' id='word_1_871' title='bbox 2270 4644 2302 4680; x_wconf 91' lang='lat' dir='ltr'><strong>a</strong></span> <span class='ocrx_word' id='word_1_872' title='bbox 2329 4639 2486 4699; x_wconf 84' lang='lat' dir='ltr'><strong>morte</strong></span> <span class='ocrx_word' id='word_1_873' title='bbox 2503 4645 2616 4705; x_wconf 59' lang='lat' dir='ltr'><strong>qua:</strong></span> <span class='ocrx_word' id='word_1_874' title='bbox 2643 4646 2733 4700; x_wconf 84' lang='lat' dir='ltr'><strong>per</strong></span> <span class='ocrx_word' id='word_1_875' title='bbox 2749 4630 3001 4703; x_wconf 10' lang='lat' dir='ltr'><strong>Ardamum</strong></span> <span class='ocrx_word' id='word_1_876' title='bbox 3030 4634 3268 4702; x_wconf 84' lang='lat' dir='ltr'><strong>intravit,</strong></span> <span class='ocrx_word' id='word_1_877' title='bbox 3309 4638 3634 4692; x_wconf 83' lang='lat' dir='ltr'><strong>liberaremur.</strong></span> <span class='ocrx_word' id='word_1_878' title='bbox 3659 4627 3731 4682; x_wconf 87' lang='lat' dir='ltr'><strong>llis</strong></span> 
     </span>
    </p>
   </div>
   <div class='ocr_carea' id='block_1_110' title="bbox 2195 4714 3727 4797">
    <p class='ocr_par' dir='ltr' id='par_1_110' title="bbox 2195 4714 3727 4797">
     <span class='ocr_line' id='line_1_110' title="bbox 2195 4714 3727 4797; baseline 0.001 -27"><span class='ocrx_word' id='word_1_879' title='bbox 2195 4716 2350 4793; x_wconf 87' lang='lat' dir='ltr'><strong>dictis</strong></span> <span class='ocrx_word' id='word_1_880' title='bbox 2370 4760 2384 4784; x_wconf 97' lang='lat'><strong>,</strong></span> <span class='ocrx_word' id='word_1_881' title='bbox 2418 4714 2822 4789; x_wconf 76' lang='lat' dir='ltr'><strong>interrogandus</strong></span> <span class='ocrx_word' id='word_1_882' title='bbox 2848 4730 2929 4776; x_wconf 88' lang='lat' dir='ltr'><strong>est</strong></span> <span class='ocrx_word' id='word_1_883' title='bbox 2946 4738 3013 4777; x_wconf 88' lang='lat' dir='ltr'><strong>an</strong></span> <span class='ocrx_word' id='word_1_884' title='bbox 3041 4724 3154 4779; x_wconf 67' lang='lat' dir='ltr'><strong>hare</strong></span> <span class='ocrx_word' id='word_1_885' title='bbox 3182 4728 3367 4782; x_wconf 90' lang='lat' dir='ltr'><strong>credat</strong></span> <span class='ocrx_word' id='word_1_886' title='bbox 3401 4737 3552 4797; x_wconf 89' lang='lat' dir='ltr'><strong>atque</strong></span> <span class='ocrx_word' id='word_1_887' title='bbox 3579 4723 3727 4777; x_wconf 83' lang='lat' dir='ltr'><strong>obser-</strong></span> 
     </span>
    </p>
   </div>
   <div class='ocr_carea' id='block_1_111' title="bbox 2194 4800 3733 4884">
    <p class='ocr_par' dir='ltr' id='par_1_111' title="bbox 2194 4800 3733 4884">
     <span class='ocr_line' id='line_1_111' title="bbox 2194 4800 3733 4884; baseline 0 -22"><span class='ocrx_word' id='word_1_888' title='bbox 2194 4823 2319 4862; x_wconf 89' lang='lat' dir='ltr'><strong>vare</strong></span> <span class='ocrx_word' id='word_1_889' title='bbox 2340 4807 2626 4883; x_wconf 87' lang='lat' dir='ltr'><strong>desideret.</strong></span> <span class='ocrx_word' id='word_1_890' title='bbox 2651 4800 2803 4878; x_wconf 82' lang='lat' dir='ltr'><strong>Quod</strong></span> <span class='ocrx_word' id='word_1_891' title='bbox 2827 4827 2945 4884; x_wconf 87' lang='lat' dir='ltr'><strong>cum</strong></span> <span class='ocrx_word' id='word_1_892' title='bbox 2972 4817 3326 4884; x_wconf 87' lang='lat' dir='ltr'><strong>responderit,</strong></span> <span class='ocrx_word' id='word_1_893' title='bbox 3352 4815 3639 4871; x_wconf 88' lang='lat' dir='ltr'><strong>solemniter</strong></span> <span class='ocrx_word' id='word_1_894' title='bbox 3657 4805 3733 4861; x_wconf 87' lang='lat' dir='ltr'><strong>uti-</strong></span> 
     </span>
    </p>
   </div>
   <div class='ocr_carea' id='block_1_112' title="bbox 2194 4898 3732 4969">
    <p class='ocr_par' dir='ltr' id='par_1_112' title="bbox 2194 4898 3732 4969">
     <span class='ocr_line' id='line_1_112' title="bbox 2194 4898 3732 4969; baseline 0.004 -18"><span class='ocrx_word' id='word_1_895' title='bbox 2194 4913 2297 4967; x_wconf 90' lang='lat' dir='ltr'><strong>que</strong></span> <span class='ocrx_word' id='word_1_896' title='bbox 2310 4898 2597 4969; x_wconf 86' lang='lat' dir='ltr'><strong>signandus</strong></span> <span class='ocrx_word' id='word_1_897' title='bbox 2617 4910 2767 4957; x_wconf 91' lang='lat' dir='ltr'><strong>estet</strong></span> <span class='ocrx_word' id='word_1_898' title='bbox 2790 4904 3039 4959; x_wconf 76' lang='lat' dir='ltr'><strong>Ecclesia:</strong></span> <span class='ocrx_word' id='word_1_899' title='bbox 3067 4922 3215 4961; x_wconf 93' lang='lat' dir='ltr'><strong>more</strong></span> <span class='ocrx_word' id='word_1_900' title='bbox 3243 4908 3565 4963; x_wconf 89' lang='lat' dir='ltr'><strong>tractandus.</strong></span> <span class='ocrx_word' id='word_1_901' title='bbox 3586 4904 3651 4957; x_wconf 88' lang='lat' dir='ltr'><strong>De</strong></span> <span class='ocrx_word' id='word_1_902' title='bbox 3668 4913 3732 4952; x_wconf 80' lang='lat' dir='ltr'><strong>sa-</strong></span> 
     </span>
    </p>
   </div>
   <div class='ocr_carea' id='block_1_113' title="bbox 2194 4995 3735 5071">
    <p class='ocr_par' dir='ltr' id='par_1_113' title="bbox 2194 4995 3735 5071">
     <span class='ocr_line' id='line_1_113' title="bbox 2194 4995 3735 5071; baseline -0.001 -26"><span class='ocrx_word' id='word_1_903' title='bbox 2194 5001 2467 5065; x_wconf 88' lang='lat' dir='ltr'><strong>cramento</strong></span> <span class='ocrx_word' id='word_1_904' title='bbox 2491 5007 2618 5068; x_wconf 84' lang='lat' dir='ltr'><strong>sane</strong></span> <span class='ocrx_word' id='word_1_905' title='bbox 2636 4995 2712 5064; x_wconf 91' lang='lat' dir='ltr'><strong>(a)</strong></span> <span class='ocrx_word' id='word_1_906' title='bbox 2729 4996 2868 5069; x_wconf 83' lang='lat' dir='ltr'><strong>quod</strong></span> <span class='ocrx_word' id='word_1_907' title='bbox 2883 4997 3118 5071; x_wconf 83' lang='lat' dir='ltr'><strong>accipit&#39;,</strong></span> <span class='ocrx_word' id='word_1_908' title='bbox 3136 5014 3255 5055; x_wconf 91' lang='lat' dir='ltr'><strong>cum</strong></span> <span class='ocrx_word' id='word_1_909' title='bbox 3276 5001 3325 5055; x_wconf 91' lang='lat' dir='ltr'><strong>ei</strong></span> <span class='ocrx_word' id='word_1_910' title='bbox 3348 5000 3483 5054; x_wconf 89' lang='lat' dir='ltr'><strong>bene</strong></span> <span class='ocrx_word' id='word_1_911' title='bbox 3505 5004 3735 5053; x_wconf 79' lang='lat' dir='ltr'><strong>commet-</strong></span> 
     </span>
    </p>
   </div>
   <div class='ocr_carea' id='block_1_114' title="bbox 2195 5072 3734 5159">
    <p class='ocr_par' dir='ltr' id='par_1_114' title="bbox 2195 5072 3734 5159">
     <span class='ocr_line' id='line_1_114' title="bbox 2195 5072 3734 5159; baseline 0.001 -22"><span class='ocrx_word' id='word_1_912' title='bbox 2195 5082 2376 5138; x_wconf 92' lang='lat' dir='ltr'><strong>datum</strong></span> <span class='ocrx_word' id='word_1_913' title='bbox 2402 5082 2577 5149; x_wconf 87' lang='lat' dir='ltr'><strong>fuerit,</strong></span> <span class='ocrx_word' id='word_1_914' title='bbox 2607 5072 2869 5159; x_wconf 83' lang='lat' dir='ltr'><strong>signacula</strong></span> <span class='ocrx_word' id='word_1_915' title='bbox 2900 5088 3109 5157; x_wconf 89' lang='lat' dir='ltr'><strong>quidem</strong></span> <span class='ocrx_word' id='word_1_916' title='bbox 3137 5106 3316 5145; x_wconf 90' lang='lat' dir='ltr'><strong>rerum</strong></span> <span class='ocrx_word' id='word_1_917' title='bbox 3339 5091 3623 5146; x_wconf 89' lang='lat' dir='ltr'><strong>divinarum</strong></span> <span class='ocrx_word' id='word_1_918' title='bbox 3642 5094 3734 5137; x_wconf 72' lang='lat' dir='ltr'><strong>esse</strong></span> 
     </span>
    </p>
   </div>
   <div class='ocr_carea' id='block_1_115' title="bbox 2195 5169 3735 5244">
    <p class='ocr_par' dir='ltr' id='par_1_115' title="bbox 2195 5169 3735 5244">
     <span class='ocr_line' id='line_1_115' title="bbox 2195 5169 3735 5244; baseline 0.003 -18"><span class='ocrx_word' id='word_1_919' title='bbox 2195 5173 2446 5241; x_wconf 88' lang='lat' dir='ltr'><strong>visibilia,</strong></span> <span class='ocrx_word' id='word_1_920' title='bbox 2476 5175 2567 5229; x_wconf 89' lang='lat' dir='ltr'><strong>sed</strong></span> <span class='ocrx_word' id='word_1_921' title='bbox 2594 5178 2839 5244; x_wconf 87' lang='lat' dir='ltr'><strong>resipsas</strong></span> <span class='ocrx_word' id='word_1_922' title='bbox 2867 5169 3157 5234; x_wconf 81' lang='lat' dir='ltr'><strong>invisibiles</strong></span> <span class='ocrx_word' id='word_1_923' title='bbox 3186 5180 3237 5234; x_wconf 91' lang='lat' dir='ltr'><strong>in</strong></span> <span class='ocrx_word' id='word_1_924' title='bbox 3259 5182 3338 5235; x_wconf 89' lang='lat' dir='ltr'><strong>eis</strong></span> <span class='ocrx_word' id='word_1_925' title='bbox 3364 5176 3631 5240; x_wconf 89' lang='lat' dir='ltr'><strong>honorari;</strong></span> <span class='ocrx_word' id='word_1_926' title='bbox 3660 5182 3735 5227; x_wconf 59' lang='lat' dir='ltr'><strong>ntrc</strong></span> 
     </span>
    </p>
   </div>
   <div class='ocr_carea' id='block_1_116' title="bbox 2196 5262 3736 5346">
    <p class='ocr_par' dir='ltr' id='par_1_116' title="bbox 2196 5262 3736 5346">
     <span class='ocr_line' id='line_1_116' title="bbox 2196 5262 3736 5346; baseline -0.003 -25"><span class='ocrx_word' id='word_1_927' title='bbox 2196 5267 2274 5321; x_wconf 85' lang='lat' dir='ltr'><strong>sic</strong></span> <span class='ocrx_word' id='word_1_928' title='bbox 2302 5266 2596 5323; x_wconf 83' lang='lat' dir='ltr'><strong>habendam</strong></span> <span class='ocrx_word' id='word_1_929' title='bbox 2626 5284 2744 5346; x_wconf 80' lang='lat' dir='ltr'><strong>esse</strong></span> <span class='ocrx_word' id='word_1_930' title='bbox 2770 5270 3157 5345; x_wconf 32' lang='lat' dir='ltr'><strong>i‘llamswcicm</strong></span> <span class='ocrx_word' id='word_1_931' title='bbox 3185 5272 3553 5328; x_wconf 86' lang='lat' dir='ltr'><strong>benedictione</strong></span> <span class='ocrx_word' id='word_1_932' title='bbox 3574 5262 3736 5323; x_wconf 83' lang='lat' dir='ltr'><strong>sancti-</strong></span> 
     </span>
    </p>
   </div>
   <div class='ocr_carea' id='block_1_117' title="bbox 2260 5377 2709 5442">
    <p class='ocr_par' dir='ltr' id='par_1_117' title="bbox 2260 5377 2709 5442">
     <span class='ocr_line' id='line_1_117' title="bbox 2260 5377 2709 5442; baseline 0.002 -14"><span class='ocrx_word' id='word_1_933' title='bbox 2260 5379 2277 5442; x_wconf 55' lang='lat'><strong><em>?</em></strong></span> <span class='ocrx_word' id='word_1_934' title='bbox 2302 5385 2430 5439; x_wconf 71' lang='lat' dir='ltr'><strong>Mss,</strong></span> <span class='ocrx_word' id='word_1_935' title='bbox 2450 5377 2709 5442; x_wconf 84' lang='lat' dir='ltr'><strong>aliquanto.</strong></span> 
     </span>
    </p>
   </div>
   <div class='ocr_carea' id='block_1_118' title="bbox 2259 5441 3733 5507">
    <p class='ocr_par' dir='ltr' id='par_1_118' title="bbox 2259 5441 3733 5507">
     <span class='ocr_line' id='line_1_118' title="bbox 2259 5441 3733 5507; baseline 0 -18"><span class='ocrx_word' id='word_1_936' title='bbox 2259 5441 2373 5507; x_wconf 48' lang='lat' dir='ltr'><strong>ista</strong></span> <span class='ocrx_word' id='word_1_937' title='bbox 2394 5448 2495 5507; x_wconf 77' lang='lat' dir='ltr'><strong>Am.</strong></span> <span class='ocrx_word' id='word_1_938' title='bbox 2521 5441 2593 5489; x_wconf 84' lang='lat' dir='ltr'><strong>Er.</strong></span> <span class='ocrx_word' id='word_1_939' title='bbox 2621 5449 2673 5490; x_wconf 89' lang='lat' dir='ltr'><strong>et.</strong></span> <span class='ocrx_word' id='word_1_940' title='bbox 2693 5448 2801 5490; x_wconf 78' lang='lat' dir='ltr'><strong>Mss.</strong></span> <span class='ocrx_word' id='word_1_941' title='bbox 2822 5448 2877 5491; x_wconf 80' lang='grc' dir='ltr'><strong>Αι</strong></span> <span class='ocrx_word' id='word_1_942' title='bbox 2892 5449 3022 5507; x_wconf 80' lang='lat' dir='ltr'><strong>t.ov.:</strong></span> <span class='ocrx_word' id='word_1_943' title='bbox 3052 5453 3165 5507; x_wconf 72' lang='lat' dir='ltr'><strong>Nam</strong></span> <span class='ocrx_word' id='word_1_944' title='bbox 3188 5444 3231 5496; x_wconf 78' lang='lat' dir='ltr'><strong>si</strong></span> <span class='ocrx_word' id='word_1_945' title='bbox 3253 5445 3304 5496; x_wconf 82' lang='lat' dir='ltr'><strong>in</strong></span> <span class='ocrx_word' id='word_1_946' title='bbox 3327 5442 3602 5507; x_wconf 82' lang='lat' dir='ltr'><strong>spectaculis</strong></span> <span class='ocrx_word' id='word_1_947' title='bbox 3622 5444 3661 5489; x_wconf 80' lang='lat' dir='ltr'><strong>et</strong></span> <span class='ocrx_word' id='word_1_948' title='bbox 3679 5446 3733 5486; x_wconf 76' lang='lat' dir='ltr'><strong>va-</strong></span> 
     </span>
    </p>
   </div>
   <div class='ocr_carea' id='block_1_119' title="bbox 2194 5499 3691 5571">
    <p class='ocr_par' dir='ltr' id='par_1_119' title="bbox 2194 5499 3691 5571">
     <span class='ocr_line' id='line_1_119' title="bbox 2194 5499 3691 5571; baseline 0.001 -21"><span class='ocrx_word' id='word_1_949' title='bbox 2194 5499 2420 5571; x_wconf 57' lang='lat' dir='ltr'><strong>nitatibus</strong></span> <span class='ocrx_word' id='word_1_950' title='bbox 2442 5499 2718 5571; x_wconf 61' lang='lat' dir='ltr'><strong>msanorum</strong></span> <span class='ocrx_word' id='word_1_951' title='bbox 2736 5504 3059 5571; x_wconf 57' lang='lat' dir='ltr'><strong>certatminum.</strong></span> <span class='ocrx_word' id='word_1_952' title='bbox 3080 5499 3428 5571; x_wconf 67' lang='lat' dir='ltr'><strong>illiscupiebas</strong></span> <span class='ocrx_word' id='word_1_953' title='bbox 3460 5506 3691 5560; x_wconf 65' lang='lat' dir='ltr'><strong>ist/iterare.</strong></span> 
     </span>
    </p>
   </div>
   <div class='ocr_carea' id='block_1_120' title="bbox 2261 5563 3347 5631">
    <p class='ocr_par' dir='ltr' id='par_1_120' title="bbox 2261 5563 3347 5631">
     <span class='ocr_line' id='line_1_120' title="bbox 2261 5563 3347 5631; baseline 0.01 -21"><span class='ocrx_word' id='word_1_954' title='bbox 2261 5564 2369 5631; x_wconf 62' lang='lat' dir='ltr'><strong>fEr.</strong></span> <span class='ocrx_word' id='word_1_955' title='bbox 2392 5563 2536 5631; x_wconf 59' lang='lat' dir='ltr'><strong>bugd.</strong></span> <span class='ocrx_word' id='word_1_956' title='bbox 2560 5572 2678 5631; x_wconf 71' lang='lat' dir='ltr'><strong>ven.</strong></span> <span class='ocrx_word' id='word_1_957' title='bbox 2714 5571 2821 5623; x_wconf 78' lang='lat' dir='ltr'><strong>Iov.</strong></span> <span class='ocrx_word' id='word_1_958' title='bbox 2847 5568 3087 5631; x_wconf 86' lang='lat' dir='ltr'><strong>omittunt,</strong></span> <span class='ocrx_word' id='word_1_959' title='bbox 3114 5568 3214 5621; x_wconf 64' lang='lat' dir='ltr'><strong>tibi.</strong></span> <span class='ocrx_word' id='word_1_960' title='bbox 3262 5563 3273 5571; x_wconf 84' lang='grc'><em>’</em></span> <span class='ocrx_word' id='word_1_961' title='bbox 3294 5564 3347 5621; x_wconf 62' lang='lat' dir='ltr'><strong>si.</strong></span> 
     </span>
    </p>
   </div>
   <div class='ocr_carea' id='block_1_121' title="bbox 2260 5624 3033 5687">
    <p class='ocr_par' dir='ltr' id='par_1_121' title="bbox 2260 5624 3033 5687">
     <span class='ocr_line' id='line_1_121' title="bbox 2260 5624 3033 5687; baseline 0.008 -16"><span class='ocrx_word' id='word_1_962' title='bbox 2260 5624 2279 5687; x_wconf 57' lang='grc' dir='ltr'><strong>’ὲ</strong></span> <span class='ocrx_word' id='word_1_963' title='bbox 2306 5624 2412 5672; x_wconf 71' lang='grc' dir='ltr'><strong>Αιηέ</strong></span> <span class='ocrx_word' id='word_1_964' title='bbox 2426 5624 2500 5672; x_wconf 71' lang='lat' dir='ltr'><strong>Er.</strong></span> <span class='ocrx_word' id='word_1_965' title='bbox 2525 5632 2575 5675; x_wconf 89' lang='lat' dir='ltr'><strong>et</strong></span> <span class='ocrx_word' id='word_1_966' title='bbox 2598 5624 2763 5687; x_wconf 67' lang='lat' dir='ltr'><strong>plures</strong></span> <span class='ocrx_word' id='word_1_967' title='bbox 2782 5635 2906 5685; x_wconf 66' lang='lat' dir='ltr'><strong>Mss,</strong></span> <span class='ocrx_word' id='word_1_968' title='bbox 2923 5630 3033 5677; x_wconf 77' lang='lat' dir='ltr'><strong>mm.</strong></span> 
     </span>
    </p>
   </div>
   <div class='ocr_carea' id='block_1_122' title="bbox 2259 5686 2955 5751">
    <p class='ocr_par' dir='ltr' id='par_1_122' title="bbox 2259 5686 2955 5751">
     <span class='ocr_line' id='line_1_122' title="bbox 2259 5686 2955 5751; baseline 0.007 -18"><span class='ocrx_word' id='word_1_969' title='bbox 2259 5686 2280 5751; x_wconf 67' lang='grc' dir='ltr'><strong>’ξ</strong></span> <span class='ocrx_word' id='word_1_970' title='bbox 2303 5687 2377 5751; x_wconf 85' lang='lat' dir='ltr'><strong>S_ic</strong></span> <span class='ocrx_word' id='word_1_971' title='bbox 2394 5693 2503 5745; x_wconf 79' lang='lat' dir='ltr'><strong>Mss.</strong></span> <span class='ocrx_word' id='word_1_972' title='bbox 2528 5695 2579 5736; x_wconf 82' lang='lat' dir='ltr'><strong>Al</strong></span> <span class='ocrx_word' id='word_1_973' title='bbox 2596 5686 2731 5751; x_wconf 76' lang='lat' dir='ltr'><strong>editi,</strong></span> <span class='ocrx_word' id='word_1_974' title='bbox 2756 5689 2955 5751; x_wconf 69' lang='lat' dir='ltr'><strong>(recepit.</strong></span> 
     </span>
    </p>
   </div>
   <div class='ocr_carea' id='block_1_123' title="bbox 2262 5746 2672 5801">
    <p class='ocr_par' dir='ltr' id='par_1_123' title="bbox 2262 5746 2672 5801">
     <span class='ocr_line' id='line_1_123' title="bbox 2262 5746 2672 5801; baseline -0.005 0"><span class='ocrx_word' id='word_1_975' title='bbox 2262 5746 2333 5801; x_wconf 82' lang='lat' dir='ltr'><strong>(a)</strong></span> <span class='ocrx_word' id='word_1_976' title='bbox 2366 5753 2520 5800; x_wconf 80' lang='lat' dir='ltr'><strong>Forte.</strong></span> <span class='ocrx_word' id='word_1_977' title='bbox 2546 5747 2672 5800; x_wconf 74' lang='lat' dir='ltr'><strong>salis.</strong></span> 
     </span>
    </p>
   </div>
  </div>
