3940 6528
237 410 310 466 3‘5
1555 392 1751 452 LIBER
1789 391 1987 453 UNUS.

248 525 424 584 beatam.
465 513 919 588 quemadmodum
966 513 1203 568 habetur
1238 513 1286 566 in
1327 525 1422 566 usu
1467 511 1702 582 quolibet
1743 528 1758 566 :

255 612 460 670 dicendum
476 610 625 664 etiam
644 605 776 676 quid
801 603 1084 674 significet
1103 613 1158 658 ct
1185 618 1354 657 sermo
1384 603 1469 657 ille
1495 615 1652 670 quem
1675 615 1768 653 au-

249 705 362 767 divit,
383 701 490 772 quid
517 701 567 754 in
596 699 690 752 illo
716 696 946 752 condiat
966 697 1008 761 ',
1039 694 1197 763 cujus
1231 694 1314 747 illa
1345 707 1432 748 res
1460 692 1767 747 similitudi-

248 813 332 850 nem
362 795 489 863 gerit.
528 788 730 845 Deinde
762 787 1080 843 monendus
1116 796 1199 840 cst
1234 801 1296 840 ex
1339 785 1438 838 hac
1465 784 1766 853 occasione,

241 898 281 940 ut
301 883 451 954 siquid
475 883 628 937 etiam
672 881 727 934 in
759 878 1067 948 Scripturis
1099 876 1278 931 audiat
1318 875 1459 946 quod
1487 875 1770 931 carnaliter

241 987 377 1043 sonet,
401 976 588 1030 etiamsi
618 988 726 1026 non
755 972 1011 1041 intelligit
1036 1013 1051 1036 ,
1081 969 1263 1024 credat
1291 979 1464 1023 tamen
1494 967 1769 1038 spirituale

241 1069 386 1139 aliquid
402 1067 696 1138 signiﬁcari,
721 1064 868 1135 quod
897 1063 965 1118 ad
991 1072 1208 1117 sanctos
1233 1077 1409 1116 mores
1435 1061 1768 1130 futuramque

242 1163 362 1217 vitam
392 1161 649 1230 pertineat.
681 1157 801 1211 Hoc
841 1164 1023 1210 autem
1074 1155 1144 1208 ita
1175 1154 1406 1208 breviter
1443 1153 1600 1206 discit
1620 1155 1663 1220 ³,
1708 1161 1769 1206 ut

237 1255 429 1327 quidquid
447 1252 674 1306 audierit
702 1265 769 1305 ex
794 1249 973 1303 Libris
992 1246 1265 1302 canonicis
1287 1244 1430 1315 quod
1450 1245 1516 1299 ad
1537 1245 1769 1299 dilectio-

233 1364 326 1403 nan
351 1344 640 1401 aeternitatis
666 1350 736 1400 et
757 1339 1006 1395 veritatis
1028 1347 1083 1393 ct
1112 1336 1426 1402 sanctitatis,
1455 1344 1507 1390 et
1535 1335 1600 1389 ad
1628 1334 1765 1389 dile-

230 1441 408 1494 ctionem
449 1435 676 1506 proximi
724 1431 934 1488 referre
959 1444 1065 1484 non
1093 1429 1278 1499 possit,
1314 1427 1536 1497 ﬁgurate
1565 1426 1766 1480 dictum

229 1531 482 1598 relgesutm
509 1540 629 1580 esse
653 1522 872 1587 credat;
896 1531 1057 1590 atque
1091 1518 1164 1572 ita
1190 1527 1418 1574 conetur
1448 1517 1764 1586 intelligere,

228 1619 342 1674 atad
371 1619 502 1672 illam
529 1615 799 1686 geminam
829 1610 1029 1666 referat
1056 1607 1417 1664 dilectionem.
1448 1607 1522 1661 Ita
1555 1620 1682 1660 sane
1710 1612 1768 1658 ut

228 1712 473 1781 plurimum
486 1723 592 1763 non
611 1705 905 1762 carnaliter
919 1702 1198 1772 intelligat,
1213 1700 1306 1756 sed
1319 1715 1528 1755 omnem
1547 1699 1766 1768 quicum

229 1818 281 1857 eo
293 1803 336 1856 in
349 1801 423 1854 illa
441 1806 617 1854 sancta
635 1796 856 1852 civitate
873 1802 1048 1864 pOtcst
1063 1806 1204 1855 esse,
1223 1790 1339 1845 sivo
1352 1792 1484 1859 jam,
1507 1790 1620 1843 sive
1635 1803 1770 1842 non-

231 1893 332 1948 dum
363 1898 592 1962 appareat
619 1906 634 1940 :
665 1896 721 1942 ct
747 1881 807 1941 ut
835 1885 905 1939 do
935 1883 1135 1938 nullius
1180 1881 1412 1936 hominis
1436 1879 1769 1933 correctione

235 1983 479 2052 desperet,
509 1995 658 2049 quem
693 1977 955 2048 patientia
997 1974 1090 2028 Dei
1139 1973 1283 2026 videt
1326 1972 1524 2036 vivere,
1565 1986 1669 2024 non
1699 1968 1769 2023 ob

245 2075 385 2138 aliud,
407 2073 530 2126 sicut
556 2070 820 2140 Apostolus
841 2068 938 2134 ait,
967 2065 1070 2120 nisi
1099 2073 1158 2120 ut
1184 2062 1478 2118 adducatur
1505 2060 1570 2116 ad
1601 2059 1769 2130 pinni-

254 2165 439 2218 tentiam
466 2161 626 2232 (Rom.
648 2177 704 2226 tt,
725 2162 795 2228 ι).

314 2256 389 2311 5t.
415 2253 464 2309 Si
486 2254 658 2324 longus
682 2253 765 2308 tibi
789 2252 998 2308 videtur
1021 2251 1126 2306 iste
1155 2263 1353 2313 sermo,
1383 2263 1489 2318 quo
1517 2256 1768 2316 tanquam

245 2354 519 2416 prasentem
547 2345 716 2398 rudem
741 2344 1012 2398 hominem
1038 2339 1287 2404 instruxi,
1314 2339 1440 2393 licet
1468 2353 1531 2392 ca
1560 2336 1654 2391 tibi
1683 2336 1768 2392 di-

241 2453 342 2493 cere
361 2437 566 2498 brevius,
588 2436 871 2505 longiorem
902 2445 1081 2487 tamen
1107 2446 1228 2487 esse
1255 2430 1453 2485 debere
1469 2443 1576 2482 non
1605 2436 1764 2497 puto:

241 2541 489 2598 quampiam
512 2526 728 2581 multum
756 2526 981 2579 interest
1004 2521 1135 2593 quid
1163 2535 1252 2576 res
1278 2520 1412 2590 ipsa,
1432 2534 1553 2573 cum
1574 2517 1766 2587 agitur,

243 2628 428 2684 moueat,
452 2627 500 2673 et
529 2617 651 2688 quid
679 2615 985 2670 auditorum
1015 2611 1299 2683 praesentia
1330 2624 1435 2664 non
1465 2610 1638 2663 solum
1665 2606 1772 2662 fer—

241 2711 394 2775 resed
414 2711 563 2766 etiam
588 2708 896 2766 desiderare
925 2721 988 2761 se
1015 2702 1281 2759 ostendat.
1313 2700 1445 2756 Cum
1475 2709 1652 2754 autem
1678 2714 1770 2753 ce-

244 2803 404 2858 leritate
420 2817 547 2872 epus
571 2811 687 2866 est,
718 2799 844 2854 vide
875 2811 1036 2868 quam
1065 2793 1222 2849 facile
1250 2791 1502 2862 explicari
1546 2797 1654 2844 tota
1684 2803 1772 2843 res

243 2896 386 2964 possit.
401 2895 496 2949 Fac
515 2907 700 2948 rursus
726 2891 922 2946 adesse
947 2888 1202 2958 aliquem,
1220 2886 1308 2955 qui
1334 2884 1463 2939 velit
1490 2897 1611 2938 esse
1630 2880 1772 2937 chri-

249 2988 406 3040 stianus
419 3005 431 3040 ε
446 3002 562 3058 ergo
579 2996 635 3041 et
652 2985 1066 3052 interrogatum,
1086 2977 1216 3032 illud
1237 2975 1378 3046 quod
1399 2975 1642 3044 superior
1688 2987 1776 3026 re-

251 3077 636 3146 spondisse;quia
667 3085 725 3130 et
753 3074 799 3128 si
831 3088 937 3127 non
969 3071 1071 3125 hoc
1096 3067 1404 3138 respondet,
1424 3066 1524 3120 hoc
1551 3079 1674 3120 eum
1691 3078 1775 3118 ro-

250 3169 465 3238 spondere
485 3169 727 3225 debuisse
755 3164 1046 3221 dicendum
1066 3169 1168 3218 est.
1183 3158 1390 3216 Deinde
1411 3157 1513 3212 hoc
1535 3156 1695 3213 modo
1720 3162 1776 3211 et

246 3270 398 3317 Geten
421 3259 755 3317 conterenda.

295 3352 370 3407 52.
398 3352 532 3416 Vere,
569 3351 756 3412 frater,
787 3349 880 3402 illa
910 3360 1100 3416 magna
1129 3352 1184 3400 et
1216 3358 1340 3399 vera
1369 3339 1641 3399 beatitudo
1670 3347 1770 3406 est,

237 3459 332 3513 qua:
355 3445 399 3497 in
415 3444 581 3498 futuro
607 3442 811 3498 saeculo
830 3439 1032 3495 sanctis
1056 3437 1400 3508 promittitur.
1428 3434 1618 3489 Omnia
1648 3445 1774 3485 vero

235 3534 425 3588 visibilis
465 3541 771 3597 transeunt,
805 3540 862 3586 et
895 3529 1071 3584 omnis
1099 3527 1256 3597 hujus
1295 3525 1479 3582 saeculi
1506 3536 1696 3594 pompa
1723 3528 1778 3575 et

237 3624 410 3687 deliciae
443 3633 492 3678 et
522 3623 806 3679 curiositas
838 3620 1163 3682 interibunt,
1194 3629 1249 3672 et
1280 3631 1460 3671 secum
1491 3613 1558 3667 ad
1608 3613 1774 3666 inter-

237 3716 354 3769 itum
377 3716 564 3768 trahunt
584 3723 855 3776 amatores
882 3725 1030 3764 suos.
1062 3711 1103 3762 A
1137 3723 1242 3778 quo
1268 3707 1507 3771 interitu,
1540 3704 1640 3758 hoc
1660 3711 1774 3767 est,

229 3806 384 3875 penis
426 3805 748 3875 mpiternis
796 3804 937 3856 Dens
968 3800 1272 3853 misericors
1299 3797 1490 3856 volens,
1534 3794 1779 3849 homines

226 3896 461 3964 liberare,
485 3896 527 3950 si
555 3896 655 3950 sibi
702 3894 807 3964 ipsi
852 3907 958 3945 non
985 3891 1092 3945 sint
1121 3888 1356 3954 inimici,
1385 3895 1442 3941 et
1476 3900 1581 3940 non
1638 3886 1778 3940 resi-

223 3997 345 4042 Stant
371 3985 739 4042 misericordia:
766 3981 1036 4038 Creatoris
1065 3980 1168 4044 sui,
1187 3979 1332 4033 misit
1356 3977 1678 4047 unigenitum
1691 3976 1780 4029 Fi-

225 4077 330 4131 lium
353 4094 494 4132 suum
514 4120 527 4138 ,
557 4077 660 4131 hoc
687 4082 775 4130 est
793 4116 810 4141 ,
839 4071 1073 4127 Verbum
1103 4085 1255 4124 suum
1280 4069 1484 4139 aequale
1513 4068 1651 4133 sibi,
1686 4081 1782 4136 per

227 4169 346 4236 quod
365 4169 589 4224 condidit
614 4166 820 4222 omnia.
845 4165 906 4219 Et
936 4176 1160 4217 manens
1186 4161 1399 4231 quidem
1425 4160 1480 4214 in
1504 4158 1781 4213 divinitate

221 4273 324 4323 sua,
349 4270 396 4314 et
415 4276 514 4314 non
547 4258 813 4313 recedens
842 4271 871 4309 a
901 4255 1078 4319 Patre,
1112 4269 1210 4308 nec
1237 4253 1290 4307 in
1316 4251 1494 4321 aliquo
1521 4259 1774 4315 mutatus,

217 4351 510 4405 assumendo
539 4359 720 4404 tamen
751 4347 1046 4409 hominem,
1066 4354 1122 4400 et
1143 4345 1198 4398 in
1225 4358 1387 4398 carne
1415 4341 1662 4396 mortali’
1686 4341 1782 4394 ho-

215 4441 430 4497 niuibus
453 4438 762 4512 apparentio
804 4437 952 4492 venit
991 4434 1061 4489 ad
1106 4434 1351 4489 homines
1381 4449 1396 4485 :
1427 4441 1485 4486 ut
1523 4430 1779 4500 quemad-

217 4532 413 4586 modum
440 4549 530 4604 per
555 4545 723 4586 unum
755 4528 1028 4583 hominem
1051 4525 1140 4595 qui
1172 4526 1375 4594 primus
1401 4522 1573 4577 factus
1601 4529 1702 4586 est,
1730 4520 1782 4576 id

215 4626 508 4690 estAdam,
549 4637 700 4680 more
744 4620 965 4675 intravit
1010 4618 1061 4672 in
1092 4630 1263 4686 genus
1305 4616 1631 4677 humanum,
1661 4612 1784 4680 quia

218 4717 471 4771 consensit
497 4714 705 4770 mulieri
736 4727 848 4766 sua:
878 4709 1111 4767 seductae
1139 4722 1168 4761 a
1197 4705 1411 4761 diabolo
1431 4745 1446 4771 ,
1478 4711 1536 4758 ut
1580 4717 1784 4773 praece-

222 4814 352 4870 μω
398 4809 488 4863 Dei
536 4803 1075 4875 transgrederentur;
1125 4800 1203 4853 sic
1251 4813 1346 4867 per
1391 4811 1557 4850 unum
1609 4793 1784 4848 homi-

221 4907 333 4947 nem
371 4898 458 4966 qui
494 4897 654 4952 etiam
703 4894 845 4948 Deus
889 4899 972 4946 est
1018 4889 1112 4944 Dei
1154 4888 1356 4952 Filius,
1403 4885 1583 4941 Iesum
1631 4883 1786 4939 Chri-

223 4994 381 5050 item,
425 4988 609 5042 deletis
635 4985 888 5041 omnibus
933 4983 1166 5052 peccatis
1195 4978 1511 5049 praeteritis,
1555 4975 1786 5030 creden-

226 5083 299 5130 te.
335 5079 390 5132 in
421 5095 540 5133 eum
565 5093 754 5133 omnes
798 5076 852 5130 in
893 5085 1146 5129 aeternam
1173 5072 1338 5126 vitam
1380 5067 1788 5140 ingrederentur

229 5163 328 5232 ιιι.
355 5184 386 5222 v
405 5209 425 5233 ,
454 5170 655 5239 l2-l9).

289 5326 305 5356 ³
331 5331 404 5374 an
433 5337 481 5376 et
493 5323 890 5384 tov.,condatur.
915 5323 1088 5384 verius
1104 5327 1210 5368 Mss.
1238 5324 1428 5384 et‘Am.,
1451 5313 1660 5384 conclti
1677 5321 1789 5384 Nam

229 5387 380 5445 igitur
401 5387 475 5437 hic
487 5389 548 5437 de
570 5376 875 5436 sacramento
897 5381 1029 5445 salis,
1047 5395 1144 5445 quo
1158 5379 1536 5445 catechumenos
1556 5376 1787 5445 initiatur.

230 5439 320 5494 lii:
341 5453 548 5509 pertinet
572 5448 688 5498 illud
728 5445 975 5509 Augustini
1007 5439 1092 5509 lib".
1129 5443 1147 5490 l
1177 5439 1416 5509 αοηΐρξιςς.ἱ
1436 5451 1542 5498 cap.
1563 5439 1620 5508 '11
1650 5449 1662 5484 :
1698 5443 1794 5509 «_F.t

238 5524 258 5548 ι
523 5511 617 5572 jam
639 5512 780 5572 signo
797 5499 961 5572 crucis
984 5505 1109 5566 ejus,
1144 5510 1196 5572 et
1231 5501 1492 5572 condicliar
1532 5499 1638 5572 ejus
1671 5499 1790 5572 sale,

239 5584 258 5610 ι
393 5572 498 5622 imle
519 5559 576 5621 ii)
597 5559 740 5620 utero
762 5569 931 5618 matris
952 5559 1140 5628 tamen
1183 5571 1285 5628 Ipsa
1310 5570 1386 5612 est
1407 5574 1551 5624 quam
1575 5560 1651 5628 hic
1671 5559 1796 5608 dixit

459 5621 770 5692 Wdictione
807 5625 1160 5692 sanctificatum
1183 5621 1445 5686 {adeoque
1486 5621 1628 5685 paulo
1651 5633 1796 5683 supra

234 5687 353 5755 ιικξο,
375 5707 512 5755 sane;
530 5689 793 5755 legendum
817 5687 1031 5755 videtur,
1053 5688 1183 5740 satis.

293 5709 353 5748 ἳον
375 5709 512 5755 Iule;
532 5709 546 5743 I
612 5709 793 5743 enuum
817 5709 1011 5740 t'luetur

293 5754 312 5824 ξ
328 5756 412 5824 ἐς.
425 5763 517 5805 uss.
539 5709 654 5806 ἔω
675 5768 816 5824 vero,
838 5751 1012 5824 discet.

291 5814 313 5846 ⁸
344 5815 521 5882 Διηοα
542 5827 666 5886 nos,
694 5814 927 5868 mortalis.

3338 423 3444 479 διδ

1940 518 2164 576 CAPUT
2207 519 2417 578 XXVII.
2448 555 2517 564 -—
2547 525 2632 582 5'3.
2685 527 2986 599 PrOphelias
3047 531 3231 588 Veteris
3272 533 3449 590 Testa-

1868 612 2023 666 menti
2050 614 2277 684 impletas
2302 616 2436 669 cerni
2466 618 2515 670 in
2542 617 2786 673 Ecclesia.
2817 620 2952 676 Illuc
2980 625 3181 692 ﬁrmata
3209 626 3334 690 ﬁdes
3362 643 3449 680 eo-

1867 719 1981 756 rum
2010 720 2124 773 (μιαί
2149 716 2356 760 ventura
2384 717 2573 762 restant
2593 751 2606 775 ,
2628 710 2816 785 judicii’
2843 713 3004 767 ultimi
3033 724 3078 768 et
3115 697 3438 771 resurrectio.-

1867 793 1967 846 πίε.
1995 792 2240 849 Cavenda:
2268 799 2558 852 teutationes
2586 815 2617 852 a
2647 800 2792 854 malis
2828 803 2976 856 etiam
3007 803 3058 857 in
3099 803 3326 858 Ecclesia
3356 823 3444 858 re-

1870 888 2042 957 pertis.
2077 887 2300 943 Societas
2328 907 2440 944 cum
2469 890 2626 946 bonis.
2658 893 2788 962 Spes
2829 895 2988 948 omnis
3017 895 3068 948 in
3095 895 3223 950 Deo.
3252 883 3444 952 Omnia

1870 978 2010 1032 enim
2037 979 2051 1010 ί
2083 994 2200 1049 quze
2241 996 2381 1036 nunc
2405 981 2552 1037 vides
2583 984 2632 1037 in
2661 985 2895 1040 Ecclesia
2930 985 3021 1040 Dei
3041 1027 3055 1052 ί
3083 997 3135 1040 et
3164 988 3260 1041 sub
3282 987 3446 1041 Chri-

1870 1068 1936 1120 sti
1968 1069 2179 1123 nomine
2205 1086 2298 1139 per
2325 1081 2487 1126 totum
2511 1073 2693 1128 orbem
2721 1083 2974 1129 terrarum
2999 1076 3169 1145 geri’,
3192 1086 3313 1130 ante
3342 1092 3438 1131 sar

1870 1158 1986 1212 cnla
2014 1158 2122 1228 jam
2167 1160 2415 1228 przcdicta
2446 1171 2601 1229 sunt,
2633 1172 2686 1218 et
2729 1165 2863 1219 sicut
2891 1179 2953 1219 ca
2984 1161 3238 1234 legimus,
3281 1165 3348 1219 ita
3390 1173 3446 1220 ct

1869 1250 2138 1316 videmus;
2160 1261 2212 1306 et
2237 1253 2358 1308 inde
2382 1254 2702 1310 aedificantur
2721 1258 2774 1311 in
2800 1257 2978 1312 Iidem.
3001 1257 3218 1313 Factum
3245 1269 3324 1315 est
3347 1259 3448 1312 ali-

1870 1341 2079 1410 quando
2104 1342 2357 1398 diluvium
2388 1360 2483 1414 per
2507 1355 2667 1400 totam
2698 1355 2914 1414 terram,
2936 1355 2993 1401 ut
3021 1359 3328 1421 peccatores
3347 1349 3443 1404 de-

1870 1431 2109 1486 lerentur
2139 1449 2152 1485 :
2189 1441 2242 1488 et
2270 1443 2442 1488 tamen
2475 1435 2545 1489 illi
2573 1437 2660 1506 qui
2690 1447 2972 1493 evaserunt
3002 1438 3053 1492 in
3085 1455 3202 1494 arca
3227 1481 3235 1505 ;
3267 1455 3448 1498 sacra-

1870 1531 2108 1575 mentum
2140 1521 2326 1577 l'utnrm
2370 1523 2622 1579 Ecclesia:
2648 1526 3116 1594 demonstrabant,
3149 1543 3265 1598 qua!
3304 1544 3444 1584 nunc

1870 1609 1924 1665 in
1951 1610 2194 1666 fluctibus
2220 1614 2398 1667 sa-cnli
2429 1623 2605 1682 natat,
2635 1625 2689 1670 et
2729 1631 2824 1685 per
2849 1617 3046 1686 lignum
3088 1618 3261 1672 crucis
3288 1618 3446 1673 Chri-

1871 1700 1938 1755 sti
1968 1716 1997 1754 a
2026 1703 2390 1759 submersione
2433 1706 2704 1760 liberatur.
2749 1707 3060 1761 Prmdiclunt
3104 1717 3186 1762 est
3216 1709 3444 1764 Abrahcc

1873 1792 2012 1846 ﬁdeli
2042 1808 2196 1848 servo
2223 1795 2348 1860 Dei,
2381 1797 2469 1850 uni
2515 1797 2750 1863 homini,
2778 1798 2916 1867 quod
2947 1799 3011 1852 de
3041 1799 3130 1853 illo
3175 1809 3316 1854 esset
3349 1816 3444 1870 po-

1871 1883 2025 1952 pulus
2071 1885 2399 1953 nasciturus,
2433 1889 2520 1957 qui
2551 1889 2748 1943 coleret
2775 1905 2934 1943 unum
2965 1890 3132 1944 Deum
3174 1891 3309 1945 inter
3339 1906 3446 1945 ca:-

1875 1981 2014 2028 teras
2055 1985 2240 2044 gentes
2283 1992 2400 2047 qua:
2429 1978 2568 2032 idola
2612 1979 2858 2034 colebant
2890 1996 2902 2032 :
2935 1988 2989 2034 et
3017 1980 3191 2033 omnia
3223 1996 3340 2050 qua:
3373 1981 3448 2038 illi

1872 2066 2068 2135 populo
2092 2075 2311 2121 ventura
2339 2069 2584 2138 prmdicta
2612 2079 2769 2134 sunt,
2803 2071 2878 2125 sic
2904 2079 3197 2126 evenerunt
3224 2081 3278 2125 ut
3309 2073 3445 2140 prie}

1873 2155 2010 2209 dicta
2038 2165 2178 2210 sunt.
2209 2158 2558 2227 Prophetatus
2585 2169 2662 2213 est
2691 2160 2741 2213 in
2773 2160 2863 2214 illo
2889 2163 3080 2229 ponulo
3107 2158 3264 2214 etiam
3293 2161 3452 2215 Chri-

1873 2256 1986 2300 stus
2029 2261 2120 2301 rex
2151 2249 2384 2302 omnium
2414 2259 2715 2303 sanctorum
2742 2258 2795 2304 et
2821 2251 2962 2304 Deus
2989 2261 3239 2305 venturus
3265 2267 3329 2305 ex
3357 2239 3449 2306 sc.-

1871 2339 2016 2393 mine
2057 2339 2219 2409 ipsius
2249 2340 2515 2395 Abraham
2546 2342 2834 2396 secundum
2877 2346 3089 2395 carnem
3111 2385 3124 2408 ,
3157 2357 3312 2409 quam
3357 2357 3445 2396 as-

1873 2430 2120 2499 sumpsit,
2141 2438 2198 2484 ut
2220 2445 2406 2486 omnes
2423 2431 2580 2486 etiam
2608 2431 2699 2484 lilii
2717 2439 2897 2486 essent
2913 2431 3159 2496 Abrahze,
3179 2431 3268 2502 qui
3293 2431 3449 2486 fidem

1874 2522 1988 2592 ejus
2016 2522 2376 2589 imitarentur;
2407 2532 2460 2578 et
2486 2525 2562 2578 sic
2604 2532 2686 2578 est
2720 2523 2908 2578 factum
2945 2540 2957 2576 :
2991 2532 3145 2577 natus
3171 2531 3252 2577 est
3289 2523 3446 2576 Chri-

1875 2623 1988 2669 stus
2010 2615 2078 2670 de
2106 2615 2265 2670 Maria
2293 2617 2496 2685 virgine
2515 2656 2529 2682 ,
2561 2631 2678 2686 quae
2708 2631 2776 2671 ex
2818 2615 2909 2670 illo
2933 2631 3128 2685 genere
3155 2615 3267 2669 fuit.
3300 2616 3448 2670 Prae-

1870 2707 2071 2762 dictum
2095 2717 2176 2762 cst
2207 2723 2301 2778 per
2325 2708 2620 2778 PrOphetas
2645 2707 2784 2779 quod
2824 2709 2875 2762 in
2903 2723 3059 2763 cruce
3085 2723 3334 2777 passurus
3360 2723 3449 2762 es.

1875 2807 1956 2853 set
1979 2797 2046 2851 ab
2075 2798 2260 2853 eodem
2287 2800 2480 2869 populo
2509 2799 2814 2854 Judmorum
2836 2841 2849 2864 ,
2878 2801 2944 2854 de
2971 2798 3117 2868 cujus
3143 2814 3338 2868 genere
3361 2813 3450 2852 se-

1875 2889 2104 2946 cundum
2133 2906 2344 2946 carnem
2374 2892 2647 2956 veniebat;
2679 2900 2733 2947 et
2771 2893 2846 2946 sic
2875 2899 2957 2946 est
3000 2891 3211 2945 factum.
3245 2891 3448 2945 Praedi-

1876 2990 2018 3037 ctum
2047 2990 2125 3036 est
2151 2981 2292 3051 quod
2320 2991 2712 3037 resurrecturus
2740 2993 2913 3047 esset;
2942 2982 3230 3037 resurrexit
3255 2998 3268 3036 ε
3291 2991 3344 3036 et
3365 2997 3452 3037 se-

1876 3073 2103 3128 cundum
2123 3072 2233 3141 ipsa
2252 3073 2499 3141 prtedicta
2519 3071 2899 3142 Prophetarum
2917 3071 3149 3126 ascendit
3167 3071 3217 3125 in
3231 3071 3447 3137 caelum,

1876 3175 1929 3222 et
1958 3165 2228 3235 discipulis
2253 3165 2362 3220 suis
2391 3163 2644 3235 Spiritum
2673 3173 2908 3219 sanetum
2937 3165 3097 3220 misit.
3127 3164 3447 3220 Praedictum

1877 3267 1960 3312 est
1983 3273 2087 3311 non
2115 3257 2285 3311 solum
2306 3271 2335 3311 a
2357 3258 2654 3326 Prophetis,
2677 3256 2769 3311 sed
2799 3256 2958 3311 etiam
2984 3255 3051 3309 ab
3079 3255 3192 3324 ipso
3225 3255 3449 3309 Domino

1877 3347 2002 3403 Jesu
2033 3345 2278 3412 Christo,
2310 3346 2450 3416 quod
2485 3347 2718 3400 Ecclesia
2747 3346 2861 3416 ejus
2890 3361 2985 3415 per
3027 3346 3330 3399 universum
3358 3358 3451 3397 or-

1878 3440 1998 3494 bem
2025 3446 2284 3494 terrarum
2327 3448 2468 3492 esset
2493 3437 2667 3491 futura
2687 3479 2702 3504 ,
2733 3453 2829 3506 per
2870 3445 3171 3490 sanctorum
3199 3434 3452 3504 martyria

1879 3531 2260 3601 passioncsque
2276 3528 2639 3593 disseminata;
2660 3537 2714 3583 et
2737 3536 2862 3583 tunc
2893 3526 3220 3597 praedictum,
3240 3525 3452 3595 quando

1879 3621 2051 3676 adhuc
2077 3637 2270 3676 nomen
2296 3621 2412 3690 ejus
2437 3629 2489 3674 et
2512 3620 2708 3675 latebat
2730 3627 2937 3690 gentes,
2955 3627 3007 3672 et
3023 3618 3112 3672 ubi
3139 3626 3320 3670 notum
3337 3624 3452 3670 erat

1881 3714 2198 3768 irridebatur
2219 3729 2232 3765 :
2253 3721 2305 3766 et
2333 3720 2508 3766 tamen
2540 3712 2590 3764 in
2615 3711 2896 3765 virtutibus
2921 3699 3292 3763 miraculorum
3313 3707 3449 3776 ejus,

1882 3805 1992 3860 sive
2021 3819 2138 3876 qua:
2165 3819 2260 3872 per
2287 3817 2346 3858 se
2375 3803 2508 3872 ipse,
2537 3803 2647 3857 sive
2675 3817 2792 3872 quae
2823 3817 2915 3870 per
2943 3813 3125 3855 servos
3153 3813 3277 3854 suos
3307 3798 3451 3866 fecit,

1883 3896 2006 3951 dum
2051 3896 2431 3950 annuntiantur
2459 3895 2574 3949 lucc
2615 3903 2670 3949 et
2713 3894 3033 3959 creduntur,
3059 3892 3168 3962 jam
3211 3890 3452 3946 videmus

1882 3987 2019 4059 quod
2051 3987 2359 4059 prmdictum
2387 3996 2468 4041 est
2501 4000 2620 4040 esse
2647 3985 2993 4055 completum,
3024 3998 3280 4052 regesque
3310 3982 3456 4052 ipsos

1884 4092 2073 4150 terrrc,
2119 4083 2207 4153 qui
2250 4089 2404 4135 antea
2449 4079 2899 4149 persequebantur
2937 4077 3298 4140 Christianos,
3341 4063 3468 4144 jam'

1883 4175 2078 4229 Christi
2104 4172 2302 4226 nomini
2327 4170 2648 4239 subjugatos.
2678 4169 2992 4223 Praedictum
3021 4173 3104 4221 est
3126 4167 3285 4220 etiam
3312 4164 3454 4234 quod

1883 4266 2166 4320 schismata
2214 4271 2268 4316 et
2296 4261 2525 4314 luereses
2551 4275 2617 4314 ex
2637 4259 2750 4327 ejus
2781 4257 3020 4312 Ecclesia
3055 4264 3232 4310 essent
3278 4256 3456 4309 exitu-

1883 4372 1977 4421 rm,
2004 4363 2056 4409 et
2101 4351 2200 4406 sub
2226 4351 2339 4421 ejus
2389 4350 2601 4403 nomine
2641 4364 2736 4418 per
2761 4349 2873 4401 loca
2900 4347 2986 4400 ubi
3014 4355 3250 4414 possent,
3278 4359 3448 4408 suam,
3495 4391 3505 4399 .

1885 4461 1991 4500 non
2038 4441 2267 4506 Christi,
2308 4440 2528 4510 gloriam
2575 4438 2908 4508 quaesitum;
2949 4445 3002 4490 et
3047 4437 3144 4489 ista
3190 4434 3456 4502 completa

1886 4547 2029 4593 Slllll.

1957 4627 2045 4681 54.
2077 4621 2340 4692 Numquid
2365 4634 2492 4692 ergo
2518 4621 2605 4674 illa
2635 4633 2753 4690 qua:
2793 4626 2993 4673 restant
3023 4632 3127 4671 non
3163 4623 3286 4671 sunt
3323 4629 3456 4670 ven-

1888 4717 2044 4771 tura?
2069 4714 2396 4768 Manifestum
2443 4721 2524 4767 cst
2551 4711 2670 4782 quia
2701 4711 2838 4764 sicut
2863 4710 2958 4762 ista
3005 4708 3254 4779 prmdicta
3296 4723 3459 4762 vene-

1889 4816 2044 4874 runt,
2089 4807 2165 4860 sic
2193 4806 2350 4860 etiam
2402 4804 2487 4858 illa
2516 4811 2740 4857 ventura
2788 4808 2909 4854 sunt
2939 4817 2952 4852 :
2987 4813 3334 4870 quaecumque
3364 4803 3460 4853 tri-

1889 4900 2186 4955 hulationes
2228 4898 2485 4968 juslorum
2517 4895 2689 4949 adhuc
2731 4900 2968 4957 restant;
3001 4902 3050 4947 et
3080 4891 3258 4961 judieii
3304 4890 3419 4944 dies
3442 4931 3458 4957 ,

1891 4992 1979 5062 qui
2007 4989 2272 5060 separabit
2297 5001 2482 5042 omnes
2512 4986 2703 5054 impios
2731 4999 2760 5038 a
2786 4983 2944 5053 justis
2972 4984 3024 5037 in
3068 4982 3459 5039 resurrectione

1891 5095 2254 5146 mortuorum;
2298 5089 2354 5135 et
2374 5095 2478 5134 non
2503 5080 2676 5134 solum
2697 5093 2798 5132 eos
2825 5077 2918 5147 qui
2949 5082 3073 5131 sunt
3098 5085 3243 5130 extra
3271 5075 3462 5130 Eccle-

1892 5175 2023 5229 siam
2044 5215 2058 5241 ,
2105 5172 2197 5227 sed
2224 5171 2382 5226 etiam
2410 5169 2574 5239 ipsius
2600 5168 2852 5223 Ecclesia:
2892 5167 3070 5236 paleas
3087 5209 3103 5233 ,
3139 5180 3271 5236 quas
3298 5181 3462 5234 opor-

1895 5275 1967 5321 tet
1995 5281 2159 5334 usque
2185 5263 2250 5318 ad
2279 5263 2620 5318 novissimam
2647 5260 3038 5316 ventilationem
3081 5259 3462 5327 patientissime

1895 5355 2112 5410 sull‘erat
2130 5396 2144 5420 ,
2173 5354 2238 5408 ad
2266 5354 2442 5424 ignem
2473 5352 2703 5408 debitum
2730 5350 3044 5421 segregabit.
3068 5348 3165 5416 Qui
3193 5357 3367 5403 autem
3396 5349 3467 5402 ir-

1897 5447 2067 5501 rident
2092 5446 2569 5509 resurrectionem,
2604 5451 2848 5513 putantes
2887 5440 3027 5511 quod
3054 5455 3180 5494 caro
3205 5439 3302 5493 ista
3342 5439 3465 5508 quia

1897 5539 2184 5609 putrescit,
2215 5551 2491 5606 resurgere
2517 5550 2622 5590 non
2652 5542 2858 5604 potest,
2887 5533 2952 5586 ad
2995 5545 3180 5601 pmnas
3214 5531 3263 5583 in
3293 5544 3351 5582 ea
3381 5545 3464 5581 rc-

1899 5629 2183 5687 surrecturi
2214 5637 2338 5682 sunt
2369 5645 2383 5680 :
2415 5636 2471 5682 et
2497 5626 2745 5682 ostendet
2766 5625 2843 5680 eis
2873 5624 3010 5680 Deus
3041 5622 3159 5692 quia
3181 5619 3267 5690 qui
3299 5618 3466 5690 potuit

1968 5745 1983 5775 ⁸
2006 5742 2308 5791 Corheicnsis
2323 5747 2422 5797 .tls.,
2458 5737 2626 5790 omnia
2652 5747 2779 5801 ergo.

1968 5806 1989 5836 ³
2012 5807 2173 5865 Abest,
2195 5802 2318 5869 geri,
2341 5814 2368 5850 a
2390 5808 2495 5851 Mss.
