3896 6382
541 311 646 366 5n

1476 304 1876 368 ,ΑΟΜΟΝΠΊΟ
1915 307 1979 362 ΙΝ
2019 307 2564 374 SUDSEQUENTEM
2603 306 2886 364 LIBRUM.

3632 330 3726 386 .553

540 426 660 478 haec
688 437 911 494 corpora
926 422 1100 477 facere
1119 429 1400 492 antequam
1426 429 1625 487 essent,
1648 430 1820 490 potest
1844 436 1904 475 ea
1934 421 1984 475 in
2005 437 2118 476 mo-
2221 420 2422 492 justitia
2443 461 2459 488 ,
2502 432 2556 478 et
2581 420 2810 476 charitas
2835 422 2851 452 ⁸
2873 462 2888 486 ,
2920 430 2975 476 et
3002 421 3046 475 si
3091 422 3218 491 quid
3264 425 3398 482 aliud
3427 430 3518 487 tale
3543 434 3723 495 dicitur:

543 526 724 568 mento
750 515 1027 568 restituere
1051 513 1189 568 sicut
1211 522 1381 569 erant.
1405 512 1602 568 Omnes
1626 523 1802 568 autem
1827 512 2012 568 fideles
2035 528 2123 569 re-

542 605 753 675 gnatnri
780 619 897 659 cum
919 603 1152 670 Christo,
1173 605 1241 658 ita
1271 614 1549 674 resurgent
1579 605 1628 658 in
1656 604 1846 660 eodem
1872 621 2116 674 corpore,

533 687 604 754 ἰιι
651 696 806 750 etiam
850 697 1164 750 commutari
1211 706 1516 750 mereantur
1557 695 1622 750 ad
1669 696 2120 766 incorruptionem

541 787 832 858 angelicam
867 805 881 843 :
916 796 972 841 ut
1002 787 1127 841 [iant
1155 789 1385 856 mquales
1416 787 1630 856 Angelis
1675 788 1803 854 Dei,
1835 789 1972 843 sicut
2018 789 2122 845 Do.

543 877 718 933 minus
759 878 871 949 ipse
898 878 1141 948 promisit
1185 877 1331 947 (an.
1385 893 1450 931 xx
1471 919 1485 942 ,
1518 878 1641 946 56);
1673 887 1726 932 et
1755 877 1970 934 laudent
1997 894 2120 934 eum

542 968 659 1020 sine
687 968 866 1038 aliquo
905 967 1115 1022 defectu
1159 978 1212 1022 et
1257 968 1372 1022 sine
1401 969 1576 1038 aliquo
1619 968 1865 1036 fastidio,
1911 984 2125 1039 semper

545 1058 786 1113 viventes
828 1058 881 1112 in
928 1059 1014 1112 illo
1041 1068 1094 1114 et
1133 1058 1198 1113 de
1243 1059 1368 1124 illo,
1397 1074 1516 1114 cum
1563 1059 1650 1113 tali
1678 1059 1870 1129 gaudio
1911 1070 1964 1114 et
1993 1061 2123 1116 bea-

547 1150 807 1217 titudine,
856 1152 995 1222 quali
1042 1167 1142 1207 nec
1187 1151 1290 1206 dici
1321 1153 1337 1183 ί
1386 1167 1485 1208 nec
1528 1152 1750 1222 cogitari
1793 1153 1862 1208 ab
1909 1152 2127 1208 homine

547 1250 742 1312 potest.

620 1332 709 1386 55.
743 1332 821 1386 Tu
849 1332 1024 1403 itaque
1051 1333 1276 1390 credens
1314 1335 1412 1388 ista
1432 1375 1447 1400 ,
1477 1349 1606 1390 cave
1637 1335 1957 1390 tentationes
1983 1334 2126 1408 (quia

545 1420 788 1478 diabolus
814 1424 1107 1494 qumritqni
1134 1439 1313 1479 secum
1339 1423 1610 1497 pereant):
1633 1433 1688 1479 ut
1713 1440 1817 1480 non
1843 1427 2014 1481 solum
2034 1442 2128 1497 per

546 1527 644 1567 eos
667 1514 755 1584 qui
795 1524 943 1569 extra
972 1514 1260 1570 Ecclesiam
1302 1523 1460 1581 sunt,
1486 1515 1600 1570 sive
1625 1514 1818 1585 Pagani
1840 1556 1855 1580 ,
1893 1516 2004 1571 sive
2031 1516 2126 1571 .Iu-

532 1589 686 1676 idzei,
729 1603 842 1658 sive
871 1603 1139 1669 hwrctici,
1173 1620 1278 1659 non
1326 1613 1379 1660 te
1410 1605 1576 1659 hostis
1620 1605 1708 1661 ille
1750 1605 2001 1672 seducat;
2033 1606 2128 1662 sed

549 1693 709 1748 etiam
739 1709 872 1765 quos
899 1694 951 1748 in
981 1694 1092 1765 ipsa
1123 1694 1358 1750 Ecclesia
1387 1693 1646 1750 catholica
1673 1695 1868 1751 videris
1889 1696 2029 1752 male
2053 1697 2132 1752 vi-

547 1793 754 1853 ventes,
774 1794 866 1839 aut
891 1785 1270 1840 immoderatos
1291 1787 1310 1816 ²
1342 1786 1696 1855 voluptatibus
1717 1786 1917 1842 ventris
1937 1796 1990 1842 et
2009 1797 2130 1858 gut-

548 1876 685 1933 turis
705 1918 719 1943 ,
748 1885 840 1930 aut
867 1877 1161 1947 impudicos
1180 1918 1196 1945 ,
1224 1885 1316 1931 aut
1343 1876 1494 1932 vanis
1522 1877 1916 1932 curiositatibus
1943 1878 2028 1932 vel
2068 1879 2132 1934 il-

547 1965 710 2022 licitis
736 1967 964 2034 dedilos,
983 1968 1092 2022 sive
1119 1968 1562 2037 spectaculorum,
1589 1969 1703 2023 sive
1730 1968 2085 2024 remediorum
2108 1969 2129 2000 ³

547 2068 640 2114 aut
664 2059 1045 2114 divinationum
1081 2059 1460 2113 diabolicarum
1481 2099 1498 2127 ,
1527 2059 1638 2114 sive
1664 2059 1716 2113 in
1746 2073 1934 2129 pompa
1970 2067 2024 2114 et
2052 2069 2132 2126 ιγο

549 2148 658 2219 pho
683 2149 918 2204 avaritia:
944 2158 1102 2220 atque
1126 2150 1406 2218 superbiae,
1425 2149 1537 2204 sive
1563 2149 1616 2203 in
1641 2149 1816 2219 aliqua
1843 2151 1949 2204 vita
1971 2165 2128 2219 quam

545 2239 637 2294 lex
662 2237 682 2270 ι
710 2239 925 2294 damnat
954 2250 1005 2295 et
1033 2240 1214 2310 punit,
1246 2256 1355 2296 non
1393 2255 1486 2296 eos
1510 2240 1735 2296 imiteris
1767 2258 1782 2294 :
1815 2242 1911 2297 sed
1955 2242 2131 2311 potius

547 2333 885 2404 conjungaris
910 2333 1093 2399 bonis,
1124 2349 1258 2404 quos
1285 2335 1596 2390 inventurus
1621 2351 1680 2391 es
1704 2335 1858 2392 facile
1877 2377 1892 2403 ,
1920 2336 1967 2391 si
1994 2346 2048 2392 et
2076 2346 2132 2393 tu

547 2427 667 2482 talis
690 2427 887 2493 fueris;
916 2438 973 2482 ut
998 2427 1156 2482 simul
1181 2427 1372 2482 colatis
1399 2437 1454 2483 et
1477 2429 1708 2500 diligatis
1729 2431 1894 2486 Deum
1924 2433 2090 2500 gratis
2114 2448 2128 2487 :

547 2518 669 2586 quia
689 2526 854 2574 totum
880 2518 1158 2590 praemium
1176 2527 1416 2575 nostrum
1439 2520 1554 2592 ipse
1577 2522 1698 2588 erit,
1717 2531 1774 2576 ut
1801 2522 1852 2576 in
1876 2523 1964 2577 illa
1982 2523 2088 2577 vita
2110 2523 2132 2556 ⁸

546 2608 783 2665 bonitate
803 2611 918 2682 ejus
943 2620 997 2667 et
1023 2611 1412 2681 pulchritudine
1439 2615 1794 2685 perfruamur.
1823 2614 1929 2671 Sed
1950 2631 2132 2671 aman-

544 2701 649 2758 dus
691 2711 807 2769 est,
839 2718 943 2757 non
974 2704 1110 2758 sicut
1137 2703 1335 2775 aliquid
1364 2704 1507 2776 quod
1546 2704 1755 2760 videtur
1795 2707 2003 2772 oculis;
2036 2707 2132 2763 sed

547 2796 686 2851 sicut
727 2803 937 2850 amatur
963 2796 1220 2866 sapientia
1243 2838 1258 2864 ,
1305 2806 1361 2852 et
1399 2797 1592 2854 veritas
1613 2838 1627 2865 ,
1660 2806 1715 2853 et
1755 2799 2040 2866 sanctitas,
2074 2809 2130 2856 et

610 2929 628 2992 ξ
654 2927 727 2975 sic
745 2933 850 2992 Mss.
869 2935 922 2977 At
945 2927 1079 2992 editi,
1103 2927 1259 2992 qualis
1279 2941 1367 2980 nec
1385 2929 1501 2982 dici.

612 2991 633 3058 ξ
656 2995 786 3058 mssa,
809 2987 1138 3058 immoderatis
1160 3004 1178 3040 :
1204 2990 1412 3058 fortasse
1422 2991 1607 3058 pro,-in
1626 2991 1974 3044 inmoderatis.

611 3050 632 3082 ³
655 3050 788 3118 Fditi,
819 3050 916 3100 sive
940 3051 1262 3118 remediorum
1283 3050 1643 3118 sacrilegorwn.
1671 3057 1834 3118 Abest,
1858 3053 2134 3118 sacrilego-

548 3123 684 3176 rum,
703 3117 879 3176 ayss,
900 3118 956 3176 _ut
979 3111 1058 3161 illa
1072 3126 1183 3176 quae
1207 3121 1314 3176 post
1329 3111 1603 3176 adhibetur,
1633 3130 1744 3175 vox,
1763 3111 2132 3176 diabolica-unt,

550 3179 601 3222 et
612 3175 686 3246 ‘ad
711 3170 1051 3246 ditinationunt
1067 3170 1329 3246 referatur,
1355 3184 1407 3226 et
1433 3177 1493 3246 ad
1514 3170 1853 3246 remediorum.

609 3233 632 3264 ⁸
653 3234 962 3284 Corbeiensis
999 3244 1099 3298 ats.,
1138 3235 1220 3287 [ex
1238 3233 1334 3287 Dei
1355 3249 1374 3287 .'
1407 3239 1496 3288 sed
1519 3240 1750 3299 additum,
1779 3238 1883 3299 Dei,
1909 3251 1937 3288 a
1959 3253 2134 3289 secun-

2213 529 2332 570 vnon
2357 513 2802 584 quemadmodum
2827 521 2953 569 sunt
2977 512 3075 568 ista
3094 513 3145 567 in
3162 513 3449 574 hominibus
3466 522 3726 596 ;sedquem.

2225 603 2512 660 admodum
2563 613 2687 658 sunt
2729 605 2798 659 in.
2839 604 2954 674 ipso
2997 603 3142 659 fonte
3180 605 3566 679 incorruptibilis
3590 625 3635 671 et
3668 620 3728 674 in-

2226 697 2616 753 commutabilis
2634 697 2927 767 sapientiae.
2945 697 3312 770 Quoscumque
3327 716 3446 773 ergo
3464 706 3634 764 videris
3645 709 3728 768 haec

2227 802 2440 854 amare,
2487 788 2590 843 illis
2618 788 2974 859 conjungere,
3001 798 3062 843 ut
3085 804 3181 859 per
3215 789 3470 847 Christum
3495 797 3575 865 qui
3608 798 3729 856 homo

2229 877 2400 934 factus
2435 888 2548 946 est,
2593 888 2651 934 ut
2677 889 2822 934 esset
2863 878 3121 934 Mediator
3149 880 3238 934 Dei
3267 890 3320 936 et
3363 881 3637 952 hominum,
3670 905 3731 944 re-

2228 971 2530 1027 concilieris
2574 972 2700 1026 Dco.
2732 971 2986 1027 llomines
3029 981 3205 1027 autem
3238 989 3533 1042 perversos,
3573 978 3729 1035 etiamsi

2232 1062 2429 1117 intrent
2467 1062 2695 1132 parietes
2719 1062 2963 1118 ecclesire
2983 1103 2998 1127 ,
3027 1078 3132 1118 non
3161 1078 3256 1118 eos
3283 1063 3538 1119 arbitreris
3563 1067 3733 1124 intratu-

2230 1169 2320 1209 ros
2359 1154 2412 1209 in
2441 1169 2661 1224 regnum
2692 1154 2986 1220 calorum;
3019 1154 3141 1224 quia
3183 1169 3282 1210 suo
3307 1163 3532 1225 tempore
3567 1173 3734 1227 separa-

2233 1244 2446 1310 buntur,
2471 1246 2518 1300 si
2546 1261 2606 1300 se
2631 1246 2683 1300 in
2710 1246 2902 1302 melius
2931 1261 3035 1300 non
3061 1246 3511 1301 commutaverint.
3537 1247 3734 1304 llomines

2230 1352 2358 1406 ergo
2384 1336 2554 1392 bonos
2581 1336 2788 1391 imitare
2805 1377 2821 1402 ,
2849 1337 3018 1391 malos
3046 1336 3244 1402 tolera;
3272 1351 3456 1392 omnes
3481 1351 3613 1402 ama;
3635 1352 3733 1406 quo-

2231 1427 2372 1481 niam
2397 1426 2570 1482 nescis
2593 1426 2719 1497 quid
2743 1441 2864 1482 cras
2887 1426 3094 1484 futurus
3117 1426 3187 1481 sit
3210 1426 3302 1496 qui
3328 1425 3478 1480 hodie
3499 1425 3646 1481 malus
3660 1435 3733 1481 est.

2231 1515 2340 1572 Nec
2363 1531 2548 1571 eorum
2577 1531 2724 1571 ames
2753 1515 3095 1585 injustitiam;
3125 1514 3218 1570 sed
3247 1515 3391 1585 ipsos
3415 1513 3528 1570 ideo
3549 1529 3671 1578 ama,
3697 1524 3736 1569 ut

2231 1608 2633 1680 apprehendant
2651 1609 2912 1679 justitiam
2944 1625 2959 1663 :
2988 1607 3110 1678 quia
3140 1622 3246 1661 non
3272 1606 3440 1660 solum
3463 1604 3648 1659 dilectio
3670 1604 3738 1658 Dei

2233 1699 2386 1755 nobis
2415 1706 2681 1769 przecepta
2722 1707 2836 1764 est,
2879 1697 2972 1754 sed
3013 1698 3172 1753 etiam
3217 1696 3429 1753 dilectio
3456 1696 3736 1766 proximi,in

2233 1790 2422 1860 quibus
2446 1789 2653 1844 duobus
2678 1789 2956 1859 praeceptis
2983 1797 3090 1844 tota
3117 1788 3229 1843 Lex
3261 1785 3456 1858 pendet
3489 1795 3537 1840 et
3559 1783 3737 1853 Prophe-

2234 1891 2301 1937 ιω
2340 1880 2550 1954 (Matth.
2594 1897 2704 1936 xxn
2725 1923 2740 1948 ,
2772 1878 2984 1951 57-40).
3015 1879 3186 1947 Quam
3218 1893 3324 1934 non
3353 1877 3526 1947 implet
3564 1875 3645 1930 nisi
3674 1875 3735 1944 qui

2233 1973 2433 2030 donum
2453 1974 2474 2004 ³
2503 1972 2770 2042 acceperit
2809 1971 3063 2042 Spiritum
3111 1978 3354 2026 sanctum
3374 2009 3389 2036 ,
3420 1966 3551 2023 Patri
3574 1973 3618 2020 et
3641 1963 3742 2018 Filio,

2235 2066 2415 2137 utique
2439 2065 2696 2134 aequalem
2719 2080 2734 2130 ;
2763 2065 2884 2135 quia
2911 2065 3023 2134 ipsa
3049 2062 3285 2120 Trinitas
3313 2061 3453 2116 Deus
3475 2067 3550 2114 est
3569 2074 3581 2110 :
3601 2057 3643 2112 in
3662 2069 3738 2126 quo

2235 2157 2346 2212 Deo
2372 2171 2498 2227 spes
2523 2156 2694 2211 omnis
2720 2155 2964 2225 ponenda
2993 2164 3094 2211 est.
3126 2155 3185 2209 In
3213 2153 3427 2208 homine
3459 2165 3560 2206 non
3590 2157 3656 2203 est
3674 2163 3736 2216 po-

2235 2247 2428 2314 nenda,
2458 2247 2857 2317 qualiscumque
2886 2245 2975 2300 ille
3000 2244 3181 2300 fuerit.
3209 2243 3367 2298 Aliud
3391 2249 3470 2297 est
3490 2240 3612 2295 enim
3635 2237 3734 2292 illea

2234 2355 2340 2409 quo
2372 2337 2758 2408 justifieamur,
2786 2336 2929 2392 aliud
2955 2337 3030 2391 illi
3071 2351 3196 2391 cum
3227 2335 3415 2406 quibus
3436 2329 3735 2403 justiticamur.

2234 2431 2349 2486 Non
2374 2438 2551 2485 autem
2580 2430 2751 2486 solum
2777 2445 2872 2499 per
2897 2427 3217 2498 cupiditates
3245 2425 3479 2483 diabolus
3502 2415 3738 2481 tentat,sed

2236 2522 2394 2578 etiam
2418 2537 2517 2593 per
2538 2530 2771 2576 terrores
2797 2520 3204 2576 insultationum
3231 2528 3287 2575 et
3310 2517 3538 2573 dolorum
3561 2521 3606 2567 et
3621 2507 3739 2580 ipsius

2237 2616 2442 2670 mortis.
2471 2613 2737 2685 Quidquid
2776 2623 2955 2668 autem
2986 2612 3148 2668 homo
3191 2624 3382 2682 passus
3405 2607 3552 2664 fuerit
3572 2617 3652 2674 pro
3671 2615 3739 2655 no-

2236 2707 2378 2761 mine
2403 2705 2633 2771 Christi,
2665 2714 2721 2760 et
2745 2720 2842 2775 pro
2867 2718 2962 2773 spe
2989 2704 3111 2759 vita:
3139 2712 3362 2758 aeternae
3383 2741 3397 2767 ,
3423 2705 3475 2754 et
3498 2704 3745 2768 permanens

2236 2797 2565 2863 toleraverit,
2594 2796 2765 2866 major
2793 2796 2842 2851 ei
2867 2809 3074 2851 merces
3103 2794 3330 2850 dabitur
3361 2810 3373 2846 :
3405 2788 3538 2862 quod
3562 2787 3600 2842 si
3622 2796 3746 2840 cesse

2235 2892 2307 2948 rit
2333 2890 2544 2946 diabolo
2563 2930 2579 2957 ,
2620 2905 2740 2946 eum
2770 2889 2861 2944 illo
2888 2887 3259 2945 damnabitur.
3288 2883 3392 2942 Sed
3424 2893 3570 2954 opera
3593 2873 3746 2934 miseri-

2235 2981 2432 3038 cordia:
2475 2997 2596 3036 cum
2627 2981 2711 3052 pia
2755 2979 3054 3035 humilitate
3078 2978 3375 3048 impetrant
3401 2990 3429 3029 a
3458 2967 3679 3032 Domino,
3708 2972 3745 3016 ιιι

2237 3090 2342 3130 non
2373 3073 2644 3143 permittat
2685 3086 2868 3128 servos
2893 3083 3020 3127 suos
3048 3070 3248 3127 tentari
3272 3069 3390 3142 plus
3414 3078 3560 3138 quam
3584 3061 3745 3132 ροςδιωι

2237 3166 2498 3220 sustinere
2521 3163 2563 3236 (Ι
2594 3163 2710 3219 Cor.
2744 3179 2795 3229 x,
2823 3162 2936 3234 15).

550 3293 610 3345 da
635 3307 796 3344 manu.

2303 3303 2319 3330 ι
2342 3304 2451 3360 Mss.
2470 3298 2716 3360 omitttmt,
2740 3300 2785 3345 et
2802 3293 3043 3360 sanctitas,
3064 3297 3112 3344 et
3123 3291 3340 3360 Iustitia,
3366 3297 3411 3342 et
3425 3285 3626 3360 citerius-

607 3359 630 3390 ⁸
652 3357 787 3420 Editi,
811 3355 860 3407 in
882 3354 966 3406 illa
989 3362 1180 3410 aeterna
1203 3359 1314 3411 vita.
1340 3361 1503 3424 Abest,
1527 3367 1728 3423 aeterna,
1753 3373 1782 3411 a
1803 3367 1910 3412 Mss.

2300 3361 2321 3392 ³
2344 3357 2451 3408 sola
2475 3359 2625 3408 editio
2647 3355 2755 3408 ων.
2781 3371 2886 3421 pro,
2912 3355 3091 3408 donum
3106 3355 3133 3418 ,“
3146 3356 3323 3417 habet,
3349 3355 3598 3404 Dominum-

3436 3543 3727 3564 '—,=_';__""“'

1654 3737 2698 3853 ADMONITIO
2743 3835 2749 3840 .

1698 3973 1767 4030 1N
1804 3971 2357 4042 SUBSEQUENTEM
2393 3965 2672 4030 LIBRUM.

587 3561 1181 3573 -μ--,.-..-.......-.-.---
1237 3564 1445 3576 Ἧ-

558 3563 2188 3611 ΕῊ-ῌΙΙΙΗ

2003 4156 2363 4214 ammte

619 4350 836 4408 Librum
861 4351 928 4408 de
946 4351 1285 4407 Continentia
1310 4365 1464 4406 suum
1494 4350 1607 4420 ipse
1627 4350 1867 4421 agnoscit
1891 4349 2215 4420 Augustinus
2244 4350 2296 4405 in
2324 4351 2557 4421 Epistola
2584 4351 2711 4420 262,
2742 4351 2809 4406 ad
2839 4351 3053 4407 Darium
3077 4351 3353 4409 comitem.
3392 4345 3630 4420 Ejusdem
3675 4346 3766 4403 ονε·

547 4461 623 4503 ns
673 4444 914 4500 meminit
953 4443 1222 4499 Possidius
1252 4444 1302 4497 in
1335 4441 1586 4506 Indiculo,
1617 4458 1735 4514 cap.
1766 4443 1850 4508 10,
1884 4452 1936 4497 et
1966 4442 2216 4496 nonnulla
2241 4458 2308 4498 ex
2337 4443 2527 4499 eodem
2567 4445 2702 4500 libro
2730 4453 2979 4514 excerpta
3026 4445 3078 4500 in
3108 4445 3220 4500 suis
3246 4439 3578 4501 collectaneis
3609 4428 3762 4504 prole“

552 4534 696 4590 Beda
725 4549 818 4590 seu
846 4533 1052 4599 Florus,
1082 4542 1132 4588 et
1161 4533 1251 4603 qui
1274 4533 1342 4588 ab
1360 4532 1638 4603 Augustini
1661 4541 1899 4603 tempore
1924 4534 2169 4603 pr0prius
2183 4533 2345 4588 distat
2371 4535 2658 4605 Eugypius.
2707 4534 2841 4590 Hinc
2863 4551 3086 4592 censura
3107 4537 3367 4592 refellitur
3411 4525 3648 4591 Desiderii
3673 4521 3766 4576 Era-

552 4624 680 4690 smi,
713 4639 872 4693 quam
898 4624 952 4678 in
980 4623 1152 4680 fronte
1171 4625 1312 4680 Libri
1340 4623 1586 4694 praefixit,
1618 4623 1783 4679 videri
1833 4624 1931 4679 sibi
1959 4639 2077 4679 esse
2104 4624 2358 4695 Hngonis,
2385 4633 2441 4680 et
2470 4626 2700 4695 phrasim
2722 4641 2947 4698 arguere
2974 4627 3115 4698 quod
3145 4643 3251 4684 non
3299 4629 3370 4684 sit
3391 4618 3665 4696 Augustini.
3687 4609 3760 4667 Sli-

551 4719 646 4776 lus
661 4725 717 4774 et
742 4717 925 4786 dictio,
971 4727 1157 4774 nostro
1183 4718 1396 4788 quidem
1434 4717 1656 4787 judicio,
1702 4717 1890 4772 similis
1916 4717 2135 4773 omnino
2163 4727 2246 4772 est
2289 4717 2577 4772 multorum
2634 4719 2915 4788 Augustini
2953 4717 3292 4786 Sermonum,
3320 4734 3504 4777 eorum
3531 4703 3766 4787 praesertim

557 4824 691 4880 quos
710 4809 899 4880 primis
927 4810 1080 4866 annis
1118 4809 1254 4866 dixit
1275 4811 1388 4866 sive
1412 4809 1650 4866 dictavit.
1679 4808 1829 4864 Hunc
1846 4824 1974 4865 vero
1997 4810 2189 4865 librum
2239 4809 2553 4866 Sermonem
2575 4810 2857 4882 quemdam
2882 4827 3024 4878 esse,
3056 4828 3215 4882 quem
3247 4813 3450 4868 idcirco
3488 4810 3538 4864 in
3561 4803 3765 4860 librorum

555 4915 777 4956 suorum
801 4901 1280 4958 Retractationibus
1306 4900 1578 4973 praeteriit,
1607 4901 1722 4970 ipso
1759 4898 1887 4954 satis
1913 4899 2132 4954 exordio
2155 4898 2473 4955 declaratur.
2498 4900 2589 4957 Sic
2614 4916 2743 4956 vero
2767 4902 3036 4972 appellant
3055 4911 3262 4958 veteres
3281 4901 3425 4968 libri,
3453 4907 3642 4955 necnon
3668 4887 3764 4942 Pos-

559 4993 751 5058 sidius,
780 4994 1050 5066 Eugypius
1084 5002 1139 5050 et
1157 4994 1368 5051 Florus.
1395 4992 1686 5050 Commode
1699 4992 1858 5048 etiam
1886 4991 1937 5045 in
1962 4991 2165 5060 priores
2191 5005 2362 5046 annos
2388 4992 2552 5062 ipsius
2590 4994 2830 5050 revocari
2855 5007 3014 5050 nemo
3059 4994 3370 5065 negaverit;
3399 4975 3772 5062 quandoquidem

551 5097 610 5146 et
635 5088 842 5160 longior
864 5087 1056 5144 Sermo
1083 5098 1185 5154 est,
1209 5097 1264 5145 et
1301 5101 1546 5157 magnam
1592 5093 1793 5159 partem
1819 5094 2002 5141 contra
2035 5083 2371 5149 Manichaeos,
2398 5098 2626 5154 quarunt
2651 5085 2899 5142 haeresim
2928 5085 3253 5158 Augustinus
3277 5083 3508 5141 maxime
3532 5073 3666 5134 initio
3684 5079 3765 5123 ωδε

561 5182 929 5242 conversionis
948 5182 1199 5242 insectari
1225 5181 1454 5240 solebat.
