3896 6382
215 354 3425 424 W

761 480 904 610 Si
960 491 1734 616 AURELII
1814 490 2837 606 AUGUSTINI

1314 701 1821 775 HIPPONENSIS
1862 701 2218 772 EPISCOPI

544 870 891 1036 DE
1164 867 3049 1034 CONTINENTIA

1255 1137 1730 1253 LIBER
1828 1136 2033 1245 ΠΝ
2046 1136 2217 1244 US
2254 1135 2382 1247 (α).

1577 1327 2053 1385 εθ>>>ἳ>>οαά<4<<<<ο

255 1453 446 1518 Expllcat
459 1451 724 1518 versiculos
743 1450 864 1518 duos
887 1447 1054 1518 Psalrni
1085 1447 1170 1499 140
1190 1461 1202 1496 :
1226 1457 1374 1518 pone,
1397 1447 1595 1518 Domine
1610 1484 1624 1508 ,
1661 1446 1927 1518 custodiam
1945 1447 2021 1518 ori
2042 1463 2147 1499 mea
2160 1487 2173 1511 ,
2199 1457 2245 1518 et
2266 1451 2438 1503 ostium
2459 1453 2758 1512 continentia:
2775 1457 2957 1509 circum
2977 1458 3104 1509 (alia
3124 1473 3231 1510 mea
3252 1472 3269 1510 :
3287 1473 3345 1510 nc
3364 1461 3448 1511 de-

201 1508 329 1583 ιιὺιᾴ
359 1529 437 1583 cor
458 1527 616 1583 meum
641 1512 705 1583 in
728 1511 872 1562 verba
905 1509 1146 1583 maligna,
1172 1509 1236 1559 ad
1267 1511 1572 1583 excusandas
1591 1508 1937 1583 excusationes
1961 1508 2268 1583 inpeccatis.
2300 1521 2544 1583 captoque
2569 1508 2679 1567 inde
2711 1508 2952 1569 sermonis
2982 1508 3272 1583 argumento
3288 1508 3446 1571 docet

197 1570 483 1628 Contineant
508 1577 739 1640 virtutem
758 1586 859 1640 pro
889 1585 978 1640 suo
1015 1570 1497 1640 dmcioeoercendas
1529 1571 1716 1640 habere
1741 1570 2050 1640 libidities_et'
2064 1577 2276 1640 corporis
2295 1584 2345 1626 et
2363 1570 2554 1638 ’auiini,
2577 1585 2724 1640 atque
2758 1585 3019 1640 universim
3037 1570 3449 1632 delectationibus

197 1639 587 1701 eonwpiscentize,
609 1649 724 1699 quae
740 1632 1054 1706 delectationi
1089 1633 1343 1696 sapientiae
1376 1633 1700 1706 adversantur
1710 1667 1724 1691 ,
1745 1632 2047 1706 cobibendis
2065 1632 2336 1706 invigilare.
2366 1640 2522 1706 Jubet‘
2539 1632 2604 1688 ne
2634 1632 2698 1706 de
2717 1638 3132 1706 propriis'viribus
3157 1644 3448 1706 conﬁdamus

239 1693 445 1765 mutes
463 1693 1106 1765 conti-{concupiscentiam
1131 1693 1248 1765 quie-
1265 1707 1370 1765 pet;
1389 1693 1554 1765 legem
1587 1693 1786 1764 quidem
1807 1695 2146 1765 cognoscitur,
2167 1693 2259 1765 sed
2283 1712 2381 1755 non
2402 1701 2607 1765 vincitur
2636 1693 2736 1750 nisi
2753 1693 2842 1764 per
2865 1706 3086 1764 gratiam.
3106 1705 3346 1765 Superbos
3365 1693 3448 1752 re-

192 1754 430 1825 prehendit
451 1754 982 1825 excusationesvarias
996 1758 1046 1809 in
1069 1754 1278 1825 peccatis
1299 1754 1570 1825 afferentes
1581 1754 1736 1825 _:'qu_o_
1751 1755 1800 1802 in
1827 1754 2018 1818 genere
2037 1754 2309 1825 iniquiores
2323 1762 2604 1825 Manichacus
2618 1799 2632 1821 ,
2658 1754 2960 1825 qtti‘jtedam
2981 1778 3069 1814 sua
3091 1768 3139 1814 in
3172 1754 3287 1812 inali
3310 1773 3448 1815 natu-

191 1814 353 1890 iunia
371 1835 427 1871 se
450 1822 562 1883 ipsis
583 1822 778 1890 insitam
800 1814 1101 1890 referebant,
1136 1818 1393 1890 Operosius
1413 1814 1692 1890 refellit,
1723 1814 1880 1890 locum
1906 1817 2114 1890 apostoli
2131 1814 2198 1868 'ad
2221 1820 2422 1890 Galat._v
2439 1858 2466 1890 ,_
2487 1823 2562 1890 17,
2586 1814 2710 1890 cur?)
2726 1814 2868 1890 enim
2890 1825 3188 1890 concupiscit
3221 1814 3450 1890 adversus

191 1883 415 1950 spiritum,
435 1876 548 1941 eiu,
569 1895 669 1950 quo
688 1881 1048 1931 demonstratas
1067 1876 1188 1928 duas
1203 1878 1318 1928 boni
1348 1885 1400 1928 et
1437 1876 1548 1927 mali
1586 1885 1784 1933 naturas
1805 1876 2050 1939 volebant,
2074 1893 2332 1943 perperam
2353 1884 2414 1932 ab
2437 1876 2496 1934 iis
2520 1876 2766 1941 haereticis
2783 1876 3091 1939 intellectum
3115 1900 3227 1937 esse
3253 1900 3316 1937 ex
3337 1888 3450 1950 apo-

193 1943 310 2007 stolo
331 1944 498 1994 eodem
511 1943 712 1998 revincit.

267 2069 482 2126 CAPUT
507 2066 776 2124 PRNUM.
807 2096 876 2108 —-
900 2067 950 2122 1.
974 2065 1294 2122 Continentia
1312 2081 1343 2118 a
1365 2065 1571 2119 libidine
1589 2065 1760 2120 carnis

210 2160 301 2214 Dei
334 2160 531 2214 donum.
580 2158 889 2214 Continentia
938 2157 1040 2212 oris
1076 2165 1123 2214 et
1151 2157 1265 2226 ipsa
1292 2155 1482 2210 donum
1529 2155 1648 2209 Dei.
1683 2157 1755 2211 Us

205 2253 419 2322 corporis
452 2261 500 2308 et
526 2268 580 2305 os
611 2251 792 2306 cordis.
824 2251 899 2305 De
934 2249 1128 2304 virtute
1157 2249 1378 2314 animm,
1411 2264 1527 2318 qua:
1573 2247 1762 2302 Conti-

202 2346 370 2400 nentia
398 2344 690 2398 nominatur
713 2385 730 2409 ,
755 2342 888 2397 satis
913 2341 1297 2399 convenienter
1323 2348 1378 2395 et
1397 2341 1553 2410 digne
1575 2339 1761 2409 dispu-

205 2443 309 2492 tare
336 2434 540 2490 difﬁcile
564 2445 646 2491 est
677 2453 691 2488 :
723 2433 820 2489 sed
845 2433 1191 2504 exiguitatem
1223 2440 1457 2487 nostram
1498 2433 1598 2487 sub
1635 2434 1765 2487 tanti

213 2527 440 2598 ponderis
463 2527 666 2582 sarcina
694 2527 785 2580 ille
805 2525 956 2595 cujus
980 2525 1094 2579 hare
1111 2525 1280 2579 virtus
1301 2539 1548 2594 magnum
1573 2541 1766 2580 munus

217 2616 606 2686 est,adjuvabit.
637 2615 774 2671 Nam
803 2616 892 2685 qui
937 2631 1054 2670 eam
1081 2615 1246 2670 donat
1284 2615 1676 2670 continentibus
1709 2617 1768 2668 li-

221 2707 399 2764 delibus
415 2709 518 2763 suis
539 2749 556 2775 ,
587 2709 705 2778 ipse
745 2708 838 2762 dat
865 2722 1165 2763 sermonem
1196 2707 1264 2762 de
1312 2707 1396 2760 illa
1428 2706 1767 2776 loquentibus

225 2800 450 2863 ministris
471 2801 600 2856 suis.
631 2800 873 2869 Denique
893 2799 959 2854 de
985 2815 1042 2854 re
1067 2808 1229 2863 tanta,
1255 2798 1396 2868 quod
1421 2799 1535 2868 ipse
1560 2798 1770 2853 dederit

230 2891 462 2958 locuturi,
497 2890 594 2946 Dei
621 2891 823 2946 donum
868 2905 990 2945 esse
1016 2890 1396 2944 continentiam
1435 2891 1662 2958 primum
1690 2889 1772 2943 di-

235 2982 378 3036 citis
395 2991 443 3036 et
471 2981 773 3052 probamus.
807 2981 864 3036 In
896 2981 1030 3036 libro
1055 2981 1340 3049 Sapientiae
1371 2980 1626 3050 scriptum
1672 2979 1770 3034 ba.

236 3072 426 3138 bemus,
461 3075 554 3129 nisi
603 3075 745 3128 Deus
789 3073 908 3139 det,
936 3072 1298 3128 continentem
1355 3088 1476 3128 esse
1505 3073 1770 3128 neminem

234 3165 520 3236 posse(Sap.
545 3182 632 3222 vni
654 3207 671 3231 ,
696 3166 811 3238 21).
842 3166 1098 3220 Dominus
1131 3172 1306 3220 autem
1336 3164 1403 3219 de
1432 3166 1542 3235 ipsa
1571 3166 1774 3235 majore

225 3263 275 3308 et
314 3256 606 3325 gloriosiore
653 3255 1002 3322 continentia,
1044 3270 1145 3326 qua
1190 3270 1220 3309 a
1269 3255 1534 3325 conjugali
1562 3255 1775 3309 vinculo

223 3346 493 3402 continetur
517 3349 535 3379 ³
557 3389 573 3414 ,
624 3348 740 3402 ait:
774 3346 896 3401 Non
933 3363 1106 3400 omnes
1147 3348 1354 3416 capiunt
1401 3345 1721 3399 verbumhoc
1753 3386 1769 3412 ,

220 3435 300 3496 sed
321 3439 486 3505 quibus
528 3439 704 3492 datum
754 3449 826 3492 est
855 3436 1067 3509 (Matth.
1122 3451 1216 3492 XIX
1236 3478 1250 3502 ,
1279 3435 1390 3506 Η).
1420 3437 1485 3490 Et
1526 3436 1774 3506 quoniam

223 3525 329 3593 ipsa
351 3542 544 3598 quoque
575 3529 795 3584 castitas
839 3528 1164 3599 coniugalis,
1208 3528 1310 3582 nisi
1338 3528 1672 3582 contineatur
1709 3527 1778 3581 ab

230 3616 396 3678 illicito
431 3621 740 3688 concubitu,
791 3637 897 3676 non
941 3629 1116 3690 potest
1157 3620 1441 3684 custodiri;
1487 3631 1778 3689 utrumque

225 3707 489 3778 Apostolus
511 3713 708 3767 donum
751 3712 846 3767 Dei
873 3728 992 3768 esse
1026 3713 1364 3783 praedicavit,
1400 3728 1521 3768 cum
1553 3712 1619 3768 de
1670 3712 1778 3766 vita

221 3805 460 3869 utraque,
491 3801 539 3856 id
560 3813 679 3868 est,
706 3810 761 3856 et
782 3801 1044 3871 conjugali
1065 3842 1080 3864 ,
1103 3810 1156 3856 et
1176 3817 1237 3855 ea
1258 3817 1377 3871 quae
1406 3801 1623 3857 estsine
1653 3817 1782 3856 con-

216 3887 378 3958 jugio,
425 3891 728 3961 loqueretur
765 3891 992 3947 dicens:
1033 3889 1223 3945 Vellem
1253 3907 1422 3946 omnes
1459 3893 1684 3945 homines
1709 3893 1782 3946 sic

217 3995 318 4042 esse
336 3983 458 4036 sicut
481 4000 558 4037 me
594 3985 764 4053 ipsum
793 3999 813 4039 :
837 3983 926 4038 sed
945 3985 1280 4055 unusquisque
1299 3984 1563 4054 proprium
1593 3986 1783 4038 donum

225 4070 355 4126 habet
379 4091 408 4128 a
431 4074 575 4139 Deo;
599 4077 734 4131 alius
762 4077 832 4129 sic
852 4118 866 4140 ,
893 4076 1025 4130 alius
1054 4086 1217 4130 autem
1245 4078 1317 4130 sic
1345 4076 1387 4148 (Ι
1413 4075 1532 4131 Cor.
1557 4093 1626 4130 vu
1646 4119 1660 4142 ,
1705 4075 1780 4149 7).

289 4162 341 4216 9..
369 4165 431 4220 Et
453 4182 522 4222 ne
548 4167 602 4221 iu
625 4167 738 4221 sola
769 4167 1075 4222 inferiorum
1101 4167 1328 4238 partium
1357 4170 1533 4224 carnis
1562 4169 1784 4226 libidine

223 4255 532 4311 continentia
556 4257 861 4312 necessaria
881 4257 1152 4313 videretur
1172 4274 1200 4312 a
1228 4258 1454 4312 Domino
1479 4259 1742 4330 speranda
1763 4300 1779 4326 ,

216 4344 368 4399 etiam
395 4345 446 4401 in
474 4347 692 4402 Psalmo
720 4349 962 4416 canitur,
996 4347 1141 4402 Pone
1160 4389 1173 4412 ,
1204 4348 1421 4402 Domine
1449 4390 1464 4416 ,
1506 4350 1785 4403 custodiam

217 4434 289 4496 ori
311 4453 451 4506 meo,
492 4447 541 4492 ct
578 4439 763 4492 ostium
790 4439 1108 4493 continentiae
1155 4439 1345 4492 circum
1381 4438 1514 4492 labia
1541 4455 1671 4492 mea.
1728 4441 1786 4494 lu

218 4522 316 4582 hoc
338 4539 508 4585 autem
526 4531 693 4586 divini
709 4531 904 4602 eloquii
926 4531 1251 4595 testimonio,
1279 4531 1324 4584 si
1350 4545 1410 4584 os
1432 4530 1794 4602 intelligamus

217 4616 348 4682 siml
368 4621 662 4694 intelligere
680 4622 957 4689 debemus,
988 4623 1057 4676 ibi
1080 4623 1250 4692 posita
1271 4621 1594 4676 continentia
1617 4638 1788 4692 quan-

219 4714 324 4765 tum
348 4713 412 4765 sit
430 4713 520 4768 Dei
548 4728 743 4768 munus
763 4713 1120 4784 agnoscimus.
1156 4713 1348 4767 Parum
1392 4722 1474 4768 est
1503 4715 1698 4783 quippe
1727 4730 1789 4769 os

219 4805 448 4872 corporis
469 4805 744 4862 continere
766 4845 784 4871 ,
812 4820 879 4860 ne
903 4805 1098 4874 aliquid
1125 4803 1246 4859 inde
1267 4803 1407 4874 quod
1438 4821 1540 4858 nou
1571 4806 1790 4875 expedit

220 4902 311 4956 per
337 4909 520 4950 sonum
547 4897 694 4952 vocis
721 4905 985 4965 erumpat.
1019 4895 1163 4951 Intus
1185 4904 1271 4950 est
1294 4897 1434 4950 enim
1467 4911 1526 4950 os
1562 4897 1740 4951 cordis
1766 4940 1781 4965 ,

220 4981 308 5035 ubi
334 4985 428 5041 sibi
444 4988 742 5044 custodiam
772 4998 826 5044 et
845 4988 1040 5044 ostium
1059 4989 1400 5043 continentiae
1427 4991 1547 5058 poni
1577 4990 1790 5046 deside-

229 5074 356 5133 ητὶι
379 5089 410 5131 a
455 5077 716 5146 Domino,
744 5079 835 5148 qui
885 5077 1042 5133 verba
1072 5078 1160 5134 illa
1213 5077 1385 5146 dixit,
1420 5079 1679 5149 nobisque
1708 5081 1791 5135 di-

1867 2064 2034 2121 cenda
2057 2069 2390 2140 conscripsit.
2416 2071 2572 2125 Multa
2594 2073 2735 2126 enim
2754 2076 2993 2145 corporis
3021 2091 3115 2131 ore
3148 2092 3255 2131 non
3298 2076 3436 2131 dici~

1867 2171 2018 2221 mus,
2049 2167 2102 2212 et
2121 2159 2281 2214 corde
2307 2161 2599 2217 clamamus
2629 2181 2641 2217 :
2676 2165 2876 2218 nullum
2894 2175 3073 2221 autem
3103 2161 3442 2236 proceditrei

1867 2246 2093 2316 alicujus
2120 2264 2183 2304 ex
2212 2265 2306 2306 ore
2332 2254 2572 2323 corporis
2593 2255 2848 2322 verbum,
2879 2257 3030 2327 cujus
3055 2267 3136 2312 est
3188 2260 3240 2312 in
3283 2257 3449 2313 corde

1869 2339 2160 2394 silentium.
2193 2341 2320 2397 lude
2368 2345 2531 2414 igitur
2581 2346 2722 2415 quod
2751 2363 2855 2402 non
2883 2359 3093 2403 emanat
3121 2391 3135 2415 ,
3169 2349 3296 2404 foris
3340 2365 3449 2404 non

1868 2441 2024 2487 sonat
2053 2450 2066 2486 :
2096 2435 2236 2504 quod
2264 2451 2391 2491 vero
2420 2449 2630 2493 emanat
2657 2439 2777 2493 inde
2801 2482 2816 2507 ,
2857 2441 2900 2494 si
2941 2441 3138 2496 malum
3177 2453 3290 2508 est,
3342 2441 3446 2496 etsi

1869 2537 1977 2576 non
2005 2535 2213 2579 moveat
2244 2527 2478 2596 linguam
2505 2570 2519 2594 ,
2553 2529 2794 2599 inquinat
2820 2531 3071 2585 animam.
3102 2530 3176 2586 lbi
3200 2546 3328 2601 ergo
3353 2546 3452 2600 po-

1871 2615 2044 2669 nenda
2067 2624 2148 2670 est
2171 2619 2494 2673 continentia
2517 2661 2530 2684 ,
2555 2621 2643 2675 ubi
2663 2629 2718 2675 et
2739 2623 3026 2676 tacentium
3073 2623 3305 2691 loquitur
3324 2637 3424 2675 con
3449 2650 3454 2655 -

1870 2705 2110 2760 scientia.
2142 2706 2224 2760 Fit
2244 2709 2384 2762 enim
2415 2724 2509 2778 per
2529 2710 2722 2763 ostium
2749 2711 3110 2779 continentur,
3128 2721 3308 2765 utnon
3333 2709 3458 2764 inde

1872 2805 2027 2850 exeat
2063 2797 2203 2865 quod
2233 2797 2395 2852 etiam
2425 2799 2623 2854 clausis
2653 2799 2809 2855 labiis
2851 2801 3029 2855 carnis
3062 2802 3223 2854 vitam
3256 2799 3459 2870 polluat

1873 2886 2174 2954 cogitantis.

1943 2976 2168 3032 CAPUT
2197 2977 2257 3032 ll.
2287 3007 2358 3017 —
2378 2980 2430 3033 5.
2453 2979 2522 3034 0s
2548 2981 2732 3044 cordis,
2778 2998 2875 3052 quo
2903 2998 3172 3036 consensus
3220 2993 3459 3052 tanquam

1875 3068 2076 3123 verbum
2102 3070 2310 3123 interius
2341 3073 2661 3142 exprimitur.
2695 3071 2874 3127 Cordis
2915 3073 3219 3127 continentia
3263 3073 3462 3127 nomine

1877 3163 1979 3216 oris
2010 3163 2358 3216 commendata
2380 3181 2410 3216 α
2433 3163 2654 3218 Christo.
2683 3165 3055 3220 Continentiam
3085 3165 3251 3219 cordis
3301 3165 3462 3218 inter-

1879 3256 1999 3309 dum
2029 3257 2208 3309 violari
2234 3272 2335 3309 non
2362 3255 2548 3311 violato
2578 3274 2808 3326 corpore.
2835 3257 3154 3311 Continentia
3183 3256 3350 3309 cordis
3373 3272 3457 3308 re-

1880 3356 2014 3400 tenta
2035 3363 2134 3400 non
2155 3348 2354 3417 peccari
2374 3358 2552 3400 contra
2579 3348 2935 3402 continentiam
2957 3348 3200 3418 corporis.
3228 3347 3464 3415 Denique

1882 3444 1939 3490 ut
1966 3437 2201 3505 apertius
2227 3451 2288 3491 os
2314 3437 2538 3491 interius
2559 3479 2574 3504 ,
2606 3437 2746 3508 quod
2799 3453 2895 3508 per
2924 3438 3010 3491 illa
3058 3437 3218 3491 verba
3258 3435 3462 3504 signiti-

1880 3529 2056 3594 cavit,
2087 3527 2428 3593 ostenderet,
2461 3544 2581 3583 cum
2623 3529 2876 3596 dixisset,
2899 3529 3070 3596 Pone,
3101 3528 3348 3592 Domine,
3377 3544 3466 3581 cu-

1881 3620 2098 3673 stodiam
2141 3621 2216 3672 ori
2251 3637 2396 3684 meo,
2445 3631 2490 3674 et
2512 3621 2694 3674 ostium
2737 3621 3058 3674 continentia:
3107 3621 3296 3673 circum
3329 3617 3467 3672 labia

1882 3726 1992 3762 mea
2010 3725 2030 3773 ;
2059 3711 2310 3764 continuo
2331 3711 2562 3766 subdidit
2585 3754 2600 3777 ,
2628 3710 2708 3765 Ne
2728 3711 2945 3765 declines
2967 3727 3052 3764 cor
3070 3727 3230 3763 meum
3251 3709 3303 3762 in
3323 3709 3467 3762 verba

1884 3801 2107 3872 maligna
2130 3799 2302 3872 (Psal.
2328 3816 2431 3856 CXL
2453 3843 2467 3866 ,
2494 3801 2530 3856 ’5
2548 3843 2563 3868 ,
2594 3802 2673 3872 4).
2706 3801 2998 3856 Dccliuatio
3015 3800 3193 3855 cordis
3221 3799 3343 3869 quid
3362 3806 3464 3862 est,

1886 3891 1986 3945 nisi
2012 3891 2589 3947 consensio?Nondum
2611 3893 2754 3947 enim
2773 3891 2940 3957 dixit,
2970 3891 3210 3960 quisquis
3232 3889 3283 3943 in
3306 3889 3470 3945 corde

1887 3984 2295 4038 occurrentibus
2364 3984 2792 4054 suggestiouibus
2844 3997 3180 4052 quorumque
3229 3981 3464 4036 visoruzu

1887 4075 2030 4129 nulla
2061 4075 2239 4129 cordis
2267 4074 2621 4130 declinatione
2645 4074 2933 4129 consensit.
2951 4073 3009 4129 Si
3034 4083 3211 4128 autem
3236 4087 3468 4127 consen-

1887 4168 1994 4232 sit,
2024 4167 2129 4237 jam
2160 4167 2320 4221 corde
2349 4166 2509 4232 dixit,
2539 4167 2747 4221 etiamsi
2767 4181 2860 4220 ore
2880 4179 2985 4220 non
3007 4165 3185 4218 sonuit
3214 4182 3227 4218 :
3261 4163 3470 4218 etiamsi

1889 4273 2048 4312 manu
2080 4259 2162 4311 vel
2193 4257 2428 4326 qualibet
2455 4258 2696 4326 corporis
2724 4267 2872 4326 parte
2899 4271 3005 4308 non
3033 4255 3158 4309 fecit
3183 4295 3197 4318 ,
3239 4253 3367 4308 fecit
3391 4262 3471 4306 ta-

1889 4365 2012 4405 men
2037 4348 2178 4418 quod
2199 4349 2517 4418 cogitatione
2539 4349 2839 4402 faciendum
2859 4347 2958 4400 sibi
2984 4362 3101 4400 esse
3119 4346 3227 4414 jam
3246 4344 3466 4408 statuit;

1890 4440 2087 4495 divinis
2114 4437 2316 4507 legibus
2343 4455 2466 4492 rcus
2491 4481 2505 4505 ,
2533 4438 2773 4508 quamvis
2799 4436 3045 4492 humanis
3065 4434 3308 4488 sensibus
3337 4435 3459 4486 abso

1891 4531 2173 4595 conditus;
2207 4530 2370 4584 verbo
2399 4531 2449 4583 in
2480 4529 2641 4584 corde
2666 4529 2809 4583 dicto
2830 4571 2844 4595 ,
2877 4527 3022 4582 nullo
3046 4525 3187 4580 facto
3232 4541 3325 4594 per
3349 4540 3470 4580 eor-

1893 4637 1991 4692 pus
2016 4620 2268 4674 admisso.
2312 4619 2657 4689 Nequaquam
2705 4635 2831 4673 vero
2863 4618 3158 4673 membrum
3195 4614 3322 4670 foris
3351 4630 3468 4668 mo-

1893 4713 2055 4766 visset
2087 4713 2138 4765 iu
2164 4711 2333 4777 iacto,
2361 4712 2513 4780 cujus
2545 4710 2665 4764 facti
2693 4712 2901 4765 initium
2930 4726 3035 4764 non
3075 4709 3217 4763 intus
3249 4723 3477 4778 praeces-

1896 4806 2053 4860 sisset
2078 4806 2129 4859 in
2152 4805 2334 4860 verbo.
2358 4803 2540 4874 Neque
2569 4805 2708 4858 enim
2738 4803 3067 4858 mendaciter
3093 4802 3346 4870 scriptum
3372 4806 3475 4864 est,

1898 4898 2106 4953 initium
2134 4897 2308 4952 omnis
2331 4899 2508 4967 operis
2529 4939 2542 4960 ,
2565 4899 2805 4952 verbum.
2829 4897 2987 4951 Multa
3010 4897 3206 4965 quippe
3231 4893 3478 4946 homines

1902 4991 2098 5046 faciunt
2125 5006 2219 5044 ore
2239 4991 2420 5044 clauso
2441 5034 2454 5056 ,
2485 4990 2662 5060 quieta
2711 4991 2885 5060 lingua
2909 5031 2924 5056 ,
2955 5005 3083 5042 voce
3112 4989 3311 5040 l‘rcnala
3346 5005 3359 5038 :
3384 4985 3479 5039 sed

1903 5091 2077 5136 tamen
2103 5081 2231 5134 nihil
2259 5091 2420 5152 agunt
2463 5083 2701 5150 corporis
2750 5097 2939 5150 opere,
2992 5079 3131 5150 quod
3182 5094 3286 5132 non
3329 5077 3478 5146 prius

1370 5185 1655 5225 ADMONITIO
1692 5189 1772 5226 PP.
1812 5189 2283 5227 BENEDICTINORUH.

282 5256 408 5308 Liber
425 5259 489 5323 de
508 5261 811 5310 continentia
832 5267 1081 5323 umectus
1103 5266 1180 5310 est
1200 5259 1260 5309 ad
1285 5265 1427 5323 vetus
1461 5261 1714 5323 exemplar
1747 5263 1970 5313 Ecclesiae
2010 5265 2277 5322 Remensis,
2314 5262 2373 5312 ad
2408 5270 2621 5312 tte-tense
2656 5263 2862 5312 abbatite
2884 5269 2927 5310 S.
2955 5260 3198 5322 Arnulphi,
3215 5259 3280 5323 ad
3302 5265 3481 5323 cister-

227 5315 467 5381 dcnsend
487 5328 712 5372 Fuxense
737 5335 864 5372 nunc
884 5321 1226 5379 Colbertinum,
1251 5322 1311 5371 ad
1335 5322 1558 5373 ruliense
1594 5315 1800 5373 emnobii
1836 5326 2116 5378 Parisiensis
2135 5333 2180 5372 δ.
2225 5315 2468 5381 Bérnardi,
2501 5326 2560 5374 ad
2592 5325 3012 5380 Genovet'aeanum,
3045 5315 3479 5374 atl'tttichaelinum.

226 5383 275 5449 ει
289 5379 341 5426 ad
363 5383 572 5449 t'aticana
597 5384 722 5449 tria;
750 5395 939 5449 necnon
955 5383 1013 5449 ad
1038 5383 1276 5433 lectiones
1299 5385 1539 5434 variantes
1557 5385 1702 5433 trium
1725 5387 2020 5449 Belgioorum
2035 5387 2213 5448 quibus
2229 5387 2305 5434 usi
2326 5395 2440 5436 sunt
2457 5379 2806 5448 ’Lovanienses;
2834 5388 2959 5436 etad
2985 5379 3223 5434 editiones
3242 5381 3481 5432 Desiderii

225 5441 384 5492 Humi
405 5456 458 5494 ac
478 5445 846 5494 Lovaniensium
863 5444 1234 5508 't‘beologorzun.

312 5523 805 5608 Camparavimus
824 5535 1127 5607 prseterea
1151 5548 1250 5590 eas
1276 5547 1480 5589 omnes
1503 5528 1806 5591 editiones
1836 5530 2021 5593 initio
2052 5532 2225 5592 Retr.
2255 5538 2306 5590 et
2334 5528 2621 5590 Confess.
2659 5539 2708 5591 t.
2736 5530 2793 5608 1,
2815 5532 3199 5591 memoratas.
3309 5522 3396 5585 M.

283 5646 298 5676 '
321 5647 643 5703 Cisterciensis
679 5658 759 5701 Ms.
778 5685 794 5711 ,
830 5662 928 5713 qua
962 5649 1214 5714 conjugale
1251 5650 1494 5702 vinculum
1531 5650 1859 5710 contemnitur.

283 5733 350 5799 (α)
378 5744 581 5803 scriptus
607 5738 807 5800 circiter
839 5735 1012 5787 Christi
1042 5749 1217 5789 annum
1238 5737 1331 5788 395
1349 5771 1364 5798 ,
1392 5738 1652 5802 Augustino
1677 5739 1960 5803 presbytero
1985 5745 2064 5794 aut
2090 5749 2265 5789 recens
2287 5736 2526 5800 cpisoOpo.
