3940 6492
526 431 629 491 εει

522 537 756 599 dixerint
780 535 958 593 corde.
992 536 1067 589 Ac
1096 549 1190 604 per
1219 530 1318 586 hoc
1349 530 1596 602 quoniam
1622 531 1787 583 multa
1815 535 1937 583 sunt
1969 539 2098 596 pec.
2159 587 2161 590 g

525 645 642 691 cata
665 633 716 687 in
740 629 1080 686 interioribus
1108 627 1263 681 dictis
1282 668 1295 691 ,
1319 640 1435 695 qure
1464 638 1567 678 non
1596 631 1719 677 sunt
1746 622 1797 675 in
1818 617 2105 674 exteriori-

523 731 626 786 bus
657 729 841 793 factis;
872 726 1012 781 nulla
1040 732 1163 779 sunt
1198 731 1373 777 autem
1423 720 1475 774 in
1522 717 1873 774 exterioribus
1901 712 2057 769 factis
2086 752 2102 778 ,

525 837 645 891 qua:
675 838 780 875 non
809 817 1112 890 prmcedant
1138 816 1189 869 in
1238 812 1576 868 interioribus
1604 809 1759 865 dictis
1787 810 1803 840 ¹
1840 826 1853 863 :
1886 808 1987 863 erit
2041 805 2109 860 ab

524 914 762 984 utrisque
784 914 986 984 paritas
1012 909 1331 967 innocentia:
1355 950 1369 973 ,
1397 907 1443 961 si
1465 907 1669 961 circum
1694 902 1945 959 interiora
1971 898 2111 955 labia

526 1014 757 1075 ponatur
778 1006 973 1060 ostium
1003 1001 1366 1057 continentiae.

600 1098 655 1151 4.
687 1096 912 1166 Propter
938 1094 1079 1165 quod
1117 1094 1276 1147 etiam
1326 1093 1440 1161 ipse
1480 1104 1575 1144 ore
1612 1086 1829 1158 proprio
1856 1084 2111 1140 Dominus

527 1186 602 1241 ait
631 1203 644 1240 :
679 1184 925 1239 Mundate
948 1200 1059 1253 qua:
1086 1185 1220 1236 intus
1246 1191 1391 1246 sunt,
1414 1190 1459 1234 et
1484 1194 1598 1251 qua:
1635 1177 1898 1247 ("dirimunt
1924 1173 2113 1227 munda

528 1285 676 1330 erunt
696 1274 906 1347 (.‘llatth.
932 1291 1085 1342 χχιιι,
1104 1274 1216 1343 26).
1243 1272 1476 1342 Itemque
1489 1271 1594 1325 alio
1618 1270 1734 1324 loco
1753 1282 1871 1323 cum
1899 1264 2112 1321 Judch-

529 1383 649 1421 rum
707 1367 1035 1437 stultiloquia
1108 1366 1402 1430 refutaret,
1478 1364 1598 1433 quia
1651 1359 2112 1416 calunmiabantur

531 1459 807 1529 discipulis
832 1460 946 1529 ejus
984 1475 1089 1514 non
1137 1459 1257 1513 lotis
1312 1456 1558 1521 manibus
1607 1451 2053 1508 manducantibus
2095 1467 2109 1504 :

538 1551 661 1606 Non
690 1552 823 1622 quod
847 1552 999 1616 intra!
1027 1553 1081 1607 in
1108 1568 1163 1606 os
1186 1593 1201 1616 ,
1233 1551 1433 1620 inquit,
1474 1548 1761 1617 coinquinat
1810 1545 2065 1600 hominem
2092 1561 2113 1610 ;

533 1643 624 1696 sed
646 1643 786 1719 quod
802 1644 1024 1713 procedit
1044 1659 1105 1696 ea:
1124 1658 1209 1695 ore
1229 1684 1243 1709 ,
1268 1642 1359 1695 hoc
1383 1640 1668 1709 coinquinat
1690 1638 1960 1692 hominem.
1982 1636 2115 1703 Quae

533 1733 798 1787 sententia
827 1732 872 1787 si
903 1743 1007 1787 tota
1032 1733 1098 1787 de
1128 1748 1221 1785 ore
1250 1731 1491 1800 corporis
1518 1730 1843 1799 accipiatur,
1876 1726 2122 1783 absurda.

532 1833 636 1878 est.
660 1823 841 1894 Neque
874 1826 1014 1879 enim
1062 1841 1218 1893 quem
1252 1840 1353 1877 non
1399 1822 1708 1891 coinquinat
1752 1821 1934 1886 cibus,
1966 1819 2116 1883 coin-

533 1916 717 1984 quinat
748 1917 998 1970 vomitus.
1030 1916 1194 1970 Cibus
1218 1916 1413 1986 quippe
1454 1916 1502 1968 in
1532 1930 1592 1969 os
1643 1915 1839 1980 intrat,
1883 1915 2114 1969 vomitus

537 2021 601 2059 ex
633 2022 724 2060 ore
747 2007 1005 2076 procedit.
1034 2006 1138 2062 Sed
1164 2008 1345 2076 procul
1369 2007 1528 2061 dubio
1558 2007 1730 2075 priora
1760 2007 1916 2061 verba
1947 2006 2113 2075 perti-

536 2106 664 2149 nent
688 2095 753 2150 ad
785 2111 843 2149 os
871 2097 1047 2150 carnis
1067 2139 1080 2161 ,
1113 2097 1198 2150 ubi
1227 2098 1334 2159 ait,
1382 2095 1503 2149 Non
1554 2096 1701 2167 quod
1727 2098 1877 2150 intrat
1924 2097 1977 2149 in
2007 2113 2063 2149 os
2096 2137 2110 2161 ,

533 2186 823 2259 coinquinat
853 2188 1141 2252 hominem;
1170 2187 1465 2257 posteriora
1498 2203 1624 2240 vero
1673 2186 1737 2240 ad
1784 2202 1845 2240 os
1893 2186 2071 2240 cordis
2096 2227 2111 2250 ,

535 2274 623 2329 ubi
654 2278 724 2329 ait
745 2319 759 2342 ,
788 2277 876 2331 sed
898 2278 1032 2348 quod
1061 2279 1283 2353 procedit
1310 2295 1372 2333 ex
1413 2295 1531 2343 ore,
1583 2278 1675 2330 hoc
1718 2279 2006 2346 coinquinat
2031 2277 2117 2331 Ιιοι

533 2368 735 2424 minem.
770 2369 1009 2440 Denique
1038 2386 1160 2425 cum
1183 2370 1248 2423 ab
1274 2370 1362 2424 illo
1385 2374 1653 2437 apostolus
1681 2369 1871 2423 Petrus
1898 2368 2113 2437 exposi-

536 2458 736 2512 tionem
765 2460 909 2513 vclut
940 2460 1205 2529 parabolae
1231 2459 1386 2527 lmjus
1408 2459 1749 2527 exquireret,
1781 2459 1868 2513 ille
1891 2474 2115 2526 respon-

534 2546 614 2600 dit
643 2565 656 2599 :
686 2548 864 2603 Adhuc
885 2558 927 2601 et
952 2564 1037 2602 vas
1058 2550 1166 2603 sine
1188 2550 1439 2602 intellectu
1466 2549 1626 2601 estis?
1670 2566 1767 2602 non
1793 2549 2074 2619 intelligitis
2097 2590 2113 2616 ,

534 2636 652 2705 quia
682 2653 826 2690 onme
848 2638 982 2708 quod
1011 2640 1060 2692 in
1089 2657 1143 2693 os
1185 2640 1377 2707 intrat,
1406 2640 1460 2692 in
1507 2649 1724 2693 ventrem
1769 2640 1942 2705 radit,
1989 2651 2035 2693 et
2064 2641 2116 2695 in

534 2744 781 2783 secessum
809 2730 1087 2785 emittitur?
1114 2730 1209 2785 llic
1237 2740 1382 2785 certe
1412 2732 1461 2785 in
1489 2730 1628 2800 quod
1653 2731 1815 2784 intrat
1843 2731 1993 2784 cibus
2011 2772 2025 2795 ,
2055 2746 2117 2785 os

537 2819 714 2874 carnis
762 2820 1120 2890 agnoscimus.
1169 2821 1225 2876 ln
1274 2822 1354 2875 his
1399 2836 1527 2876 vero
1567 2838 1685 2895 quae
1733 2819 2005 2890 adjungit,
2062 2830 2119 2876 ut

536 2924 949 2977 agnoscet-emus
978 2926 1039 2965 os
1059 2912 1236 2966 cordis
1256 2952 1270 2976 ,
1318 2928 1423 2966 non
1468 2920 1782 2981 sequeretur
1809 2913 1978 2969 nostri
2007 2921 2117 2966 tar-

539 3002 681 3058 ditas
709 3003 885 3058 cordis
910 3045 925 3071 ,
959 3005 1061 3059 nisi
1088 3014 1141 3059 et
1169 3021 1289 3060 cum
1321 3006 1487 3063 tardis
1504 3005 1776 3059 ambulare
1802 3004 2013 3059 Veritas
2038 3004 2118 3059 di-

537 3106 820 3165 gnaretur.
844 3096 931 3150 Ait
955 3096 1132 3164 enim,
1166 3097 1292 3165 Qua:
1316 3098 1793 3167 autent'proccdunt
1822 3097 1884 3150 de
1917 3114 2022 3163 ore,
2058 3097 2122 3153 de

537 3188 689 3241 corde
714 3198 894 3243 exeunt
910 3207 928 3255 ;
957 3198 1206 3260 tanquam
1233 3190 1463 3256 diceret,
1495 3192 1628 3244 Cum
1659 3191 1811 3245 audis
1838 3190 1901 3243 de
1924 3207 2026 3254 ore,
2053 3190 2120 3245 de

520 3281 701 3357 corde
718 3283 969 3354 intellige.
998 3283 1289 3353 Utrumque
1309 3284 1430 3339 dico
1454 3300 1468 3350 ;
1502 3283 1595 3338 sed
1618 3283 1842 3338 alterum
1861 3298 1925 3337 ex
1951 3283 2121 3340 altero

538 3387 771 3442 expono.
805 3374 973 3430 Habet
996 3390 1056 3429 os
1078 3376 1302 3430 interius
1325 3376 1486 3430 homo
1513 3376 1768 3441 interior,
1800 3385 1853 3429 et
1884 3377 1984 3431 hoc
2014 3374 2123 3430 dis-

539 3465 712 3519 cernit
736 3466 879 3521 auris
907 3466 1128 3521 interior
1153 3484 1165 3520 :
1195 3468 1260 3521 de
1290 3467 1390 3522 hoc
1438 3483 1533 3522 ore
1559 3482 1678 3535 qua:
1709 3465 2021 3535 procedunt,
2053 3465 2121 3520 de

537 3556 699 3611 corde
728 3567 961 3623 exeunt,
992 3567 1045 3611 et
1073 3574 1134 3612 ea
1175 3560 1517 3627 coinquinant
1571 3558 1863 3612 hominem.
1921 3557 2121 3612 Deinde

532 3646 644 3716 jam
676 3649 865 3702 relicto
888 3650 995 3702 oris
1023 3650 1235 3703 nomine
1260 3690 1273 3714 ,
1320 3650 1459 3718 quod
1483 3658 1660 3719 potest
1698 3658 1753 3703 et
1790 3650 1857 3703 de
1896 3664 2122 3718 corpore

540 3735 758 3804 intelligi
783 3777 798 3802 ,
826 3738 1060 3805 apertius
1086 3739 1210 3807 quid
1239 3739 1381 3793 dicat
1410 3738 1643 3793 ostendit
1668 3757 1680 3792 :
1711 3738 1789 3793 De
1814 3739 1964 3794 corde
1989 3741 2121 3793 enim

542 3835 743 3888 exeunt,
772 3825 972 3895 inquit,
997 3828 1319 3896 cogitationes
1336 3830 1502 3892 malw,
1526 3830 1827 3895 homicidia,
1852 3831 2119 3897 adulteria,

545 3914 935 3983 fornicationes,
985 3922 1151 3986 furta,
1199 3919 1332 3988 falsa
1387 3919 1712 3984 testimonia,
1758 3919 2120 3986 blasphemia:

542 4004 649 4056 Ιιωε
668 4013 781 4058 sunt
829 4022 942 4075 qua:
984 4007 1307 4077 coinquinant
1352 4009 1637 4082 hominem(
1668 4008 1756 4064 Id.
1782 4027 1883 4078 xv,
1911 4011 2118 4082 11-20).

478 4124 479 4127 η
540 4092 682 4147 Nihil
728 4104 811 4148 est
856 4106 1001 4151 certe
1057 4098 1279 4152 istorum
1329 4100 1629 4165 malorum,
1662 4116 1780 4171 qua:
1819 4102 2122 4170 perpetrari

542 4184 702 4238 etiam
734 4186 985 4241 membris
1012 4189 1252 4257 corporis
1282 4200 1535 4259 possunt,
1566 4190 1708 4260 quod
1735 4192 1986 4261 cogitatio
2017 4208 2124 4247 non

544 4275 824 4329 antecedat
876 4278 1043 4343 mala,
1097 4288 1147 4333 et
1191 4280 1500 4349 coinquinet
1556 4279 1868 4347 hominem,
1914 4281 2124 4337 etiamsi

544 4365 741 4435 aliquid
782 4365 1031 4437 impediat
1072 4385 1137 4425 ne
1162 4369 1554 4441 subsequantur,
1575 4386 1735 4441 opera
1783 4371 2044 4443 ﬂagitiosa
2072 4381 2127 4428 et

542 4458 842 4515 facinorOsa
887 4462 1263 4516 membrorum.
1295 4462 1347 4518 Si
1403 4464 1547 4518 enim
1597 4465 1719 4533 quia
1753 4474 1987 4535 potestas
2017 4481 2122 4520 non

545 4550 701 4605 datur
722 4554 741 4583 ²
769 4594 783 4619 ,
814 4564 965 4608 vacat
989 4570 1177 4609 manus
1204 4556 1271 4609 ab
1292 4557 1521 4611 hominis
1548 4557 1940 4625 interiectione,
1972 4575 2126 4613 num-

543 4642 671 4710 quid
693 4644 810 4697 ideo
832 4634 1196 4704 mundumest
1219 4648 1286 4700 ab
1313 4648 1516 4703 scelere
1540 4662 1634 4702 cor
1675 4649 1995 4702 homicidae?
2018 4649 2127 4703 Aut

544 4730 590 4782 si
616 4746 726 4783 rem
760 4732 1037 4802 subripere
1082 4735 1308 4790 alienam
1332 4777 1345 4799 ,
1376 4753 1481 4790 non
1528 4746 1585 4791 ut
1621 4738 1739 4807 quis
1761 4740 1869 4793 vult
1908 4748 2125 4808 potest,

546 4822 799 4891 numquid
826 4823 946 4878 ideo
990 4826 1041 4878 in
1078 4826 1190 4895 ipsa
1218 4826 1489 4884 voluntate
1516 4827 1603 4888 fur
1646 4843 1754 4889 non
1783 4831 1907 4885 est?
1938 4832 2042 4885 Aut
2081 4833 2128 4887 si

544 4922 691 4965 casta
716 4920 825 4978 est,
856 4930 1013 4983 quam
1031 4917 1142 4970 vult
1166 4917 1468 4974 adulterare
1495 4934 1601 4973 non
1625 4930 1802 4976 castus
1823 4964 1853 4988 ,A
1871 4921 1990 4977 ideo
2008 4939 2126 4978 eam

547 5019 653 5058 non
685 5012 768 5057 est
796 5004 847 5057 in
872 5006 1033 5062 corde
1057 5008 1393 5063 mcechatus?
1421 5011 1527 5064 Aut
1552 5010 1596 5063 si
1622 5013 1877 5070 meretrix
1912 5029 2015 5067 non
2044 5014 2126 5075 in-

544 5096 787 5150 veniatur
813 5097 863 5151 in
892 5096 1090 5153 fornice
1109 5140 1124 5167 ,
1158 5100 1277 5155 ideo
1304 5102 1393 5171 qui
1420 5116 1536 5157 eam
1564 5105 1752 5173 quzerit
1772 5146 1785 5169 ,
1820 5121 1924 5159 non
1956 5106 2129 5162 forni-

549 5196 702 5242 catur
724 5188 776 5242 iu
821 5189 1040 5244 mente?
1070 5190 1174 5244 Aut
1201 5190 1245 5245 si
1284 5192 1515 5261 cupienti
1548 5210 1642 5263 per
1672 5195 2007 5252 mendacium
2039 5198 2129 5253 la:-

547 5281 677 5337 dere
709 5282 1042 5352 proximum,
1073 5290 1282 5353 tempus
1312 5286 1398 5340 vel
1419 5286 1569 5342 locus
1591 5288 1729 5343 desit
1752 5330 1766 5356 ,
1794 5289 1912 5344 ideo
1939 5291 2127 5346 falsum

550 5373 916 5427 testimonium
948 5389 1051 5427 non
1075 5390 1167 5429 ore
1194 5375 1445 5430 interiore
1461 5377 1569 5446 jam
1593 5379 1725 5434 dixit
1750 5381 1773 5433 ?
1794 5380 1955 5435 Autsi
1984 5382 2130 5451 quis-

549 5479 709 5532 quam
748 5464 991 5520 homines
1012 5466 1235 5533 timens,
1270 5483 1375 5522 non
1401 5471 1593 5526 audeat
1619 5472 1794 5542 lingua
1819 5474 1996 5528 carnis
2037 5489 2131 5531 so-

550 5572 679 5612 nare
729 5557 1153 5628 blasphemiam,
1208 5559 1327 5615 ideo
1393 5577 1496 5616 non
1540 5572 1623 5618 est
1680 5563 1836 5635 hujus
1884 5565 2128 5622 criminis

466 5671 469 5674 ν
553 5663 698 5718 rcus,
751 5651 839 5721 qui
896 5650 1025 5707 dicit
1074 5651 1127 5707 in
1183 5652 1347 5709 corde
1374 5668 1505 5723 suo,
1556 5655 1761 5712 Nonest
1782 5657 1921 5714 Deus
1954 5658 2126 5729 (Psal.

612 5805 629 5871 ξ
640 5805 710 5851 sic
718 5804 900 5865 aliquot
913 5815 1015 5855 \tss.
1030 5807 1144 5871 ιςᾙὶιί
1164 5822 1298 5866 vero,
1314 5809 1573 5871 procedant
1583 5810 1641 5861 ab
1656 5810 1956 5864 interioribus
1970 5816 2127 5866 dictis.

610 5864 631 5894 ι
650 5870 722 5912 ει.
752 5864 805 5916 ει
822 5874 957 5917 Mss:
1002 5868 1050 5921 ei
1070 5869 1192 5920 cnim
1225 5864 1425 5933 potestas
1450 5886 1539 5925 non
1561 5873 1733 5925 datm"
1766 5878 1941 5927 omisso
1988 5864 2119 5932 auia.

1592 416 1681 471 DE
1712 403 2196 471 ‘CONTINENTIA,
2239 400 2294 458 S.
2338 401 2703 460 AUGUSTINI
3104 388 3109 391 5
3668 408 3757 465 πί

2211 530 2342 580 xui,
2408 514 2503 586 t)?
2549 516 2624 569 Ita
2670 523 2863 571 cmtera
2919 514 3055 570 mala
3104 515 3239 571 facta
3298 515 3565 572 hominum
3598 560 3611 582 ,
3652 536 3749 590 qua:

2216 605 2397 659 nullus
2420 606 2527 675 agit
2554 606 2796 676 corporis
2825 614 3039 673 motus,
3095 621 3212 677 quae
3256 608 3427 662 nescit
3479 608 3610 663 ullus
3651 625 3750 664 cor—

2221 696 2367 768 poris
2392 712 2580 752 sensus
2598 738 2614 764 ,
2638 712 2761 753 reos
2788 712 2915 752 suos
2944 696 3182 753 occultos
3207 697 3439 763 habent;
3468 714 3595 768 quos
3615 701 3749 757 etiam

2214 789 2360 844 solus
2386 789 2628 859 inquinat
2656 789 2710 844 in
2740 789 3061 860 cogitatione
3082 805 3376 857 consensus
3403 833 3416 856 ,
3458 790 3507 845 id
3534 800 3609 847 est
3626 833 3640 857 ,
3664 795 3754 848 oris

2216 880 2484 949 interioris
2510 880 3071 953 verbummalignum.
3098 882 3155 937 Ιιι
3183 882 3323 953 quod
3352 884 3542 937 timens
3576 884 3654 939 ille
3677 885 3747 939 de-

2215 973 2401 1041 clinari
2426 988 2518 1029 cor
2566 988 2759 1041 suum,
2788 976 2985 1029 ostium
3012 975 3353 1031 continentia:
3404 975 3600 1032 circum
3638 978 3753 1033 labia

2215 1065 2326 1121 oris
2356 1065 2511 1134 hujus
2533 1066 2657 1135 poni
2683 1068 2856 1137 poscit
2874 1083 2904 1121 a
2928 1068 3152 1122 Domino
3171 1110 3187 1136 ,
3214 1066 3356 1138 quod
3387 1068 3643 1123 contineat
3664 1084 3759 1135 cor,

2216 1171 2286 1212 ne
2323 1155 2710 1212 declineturtin
2739 1159 2901 1215 verba
2941 1158 3168 1229 maligna
3202 1176 3216 1212 :
3244 1158 3516 1213 contineat
3562 1169 3718 1214 autem
3743 1202 3758 1228 ,

2216 1264 2322 1303 non
2340 1248 2565 1304 sinendo
2584 1251 2959 1321 cogitationem
2982 1251 3275 1322 procedere
3292 1251 3345 1306 in
3367 1252 3759 1315 consensionem;

2216 1340 2295 1395 sic
2320 1342 2463 1395 enim
2488 1342 2778 1398 secundum
2811 1354 3135 1415 przeceptum
3166 1346 3546 1416 apostolicum,
3577 1361 3672 1401 non
3696 1362 3765 1401 rc-

2218 1443 2347 1503 gnat
2373 1436 2725 1504 peccatu‘m‘in
2751 1446 2934 1503 nostro
2960 1438 3440 1508 mortalicorpore,
3463 1454 3625 1508 neque
3639 1438 3767 1493 exhi-

2216 1525 2403 1580 bemus
2434 1526 2670 1581 membra
2704 1537 2885 1583 nostra
2907 1528 3361 1599 annainiquitatis
3379 1540 3591 1599 peccato
3616 1529 3761 1601 (Rom.

2217 1631 2268 1668 Vt
2291 1615 2405 1687 ,‘12
2424 1657 2439 1684 ,
2472 1618 2584 1688 i5).
2617 1620 2659 1671 A
2689 1631 2795 1688 quo
2819 1628 3087 1689 praecepto
3116 1619 3386 1689 implendo
3418 1621 3593 1690 utiqtze
3629 1620 3763 1674 alicui

2217 1718 2342 1775 sunt.
2362 1750 2377 1775 ,
2406 1710 2495 1778 qui
2524 1710 2592 1765 ob
2608 1710 2711 1765 hoc
2725 1710 2790 1764 ad
2820 1710 3146 1781 peccandum
3170 1711 3411 1765 membra
3443 1727 3544 1765 non
3565 1720 3775 1775 movent,

2217 1804 2339 1872 quia
2374 1810 2608 1873 potestas
2640 1802 2780 1856 nulla
2811 1803 3177 1872 permittitur:
3205 1818 3323 1872 qua:
3353 1804 3397 1856 si
3428 1801 3597 1867 adsit,
3624 1801 3767 1871 proti-

2217 1911 2317 1950 nus
2339 1911 2404 1950 ex
2436 1895 2799 1957 membrorum
2823 1895 2968 1953 velut
3014 1910 3283 1950 armorum
3310 1895 3569 1962 motibus,
3582 1895 3699 1965 quis
3721 1896 3762 1948 in

2217 1987 2293 2041 eis
2343 1987 2484 2040 intus
2533 1973 2759 2057 regnet,
2810 1987 3116 2043 ostendunt.
3151 1987 3383 2043 Proinde
3434 1996 3673 2057 quantum
3722 1989 3764 2039 in

2218 2077 2346 2146 ipsis
2367 2085 2476 2139 est»,
2507 2077 2751 2133 membra
2775 2076 3150 2141 snaexhibent
3175 2093 3326 2133 arma
3356 2077 3638 2147 iniquitatis
3659 2092 3764 2146 pec-

2218 2176 2370 2231 cato;
2394 2167 2516 2237 quia
2536 2166 2637 2221 hoc
2663 2167 2880 2236 volunt,
2913 2167 3054 2239 quod
3082 2176 3363 2239 propterea
3388 2183 3493 2223 non
3520 2167 3762 2231 exhibent,

2218 2259 2339 2329 quia
2370 2274 2474 2314 non
2500 2267 2741 2330 possunt.

2291 2350 2343 2405 5.
2385 2350 2462 2404 Ac
2492 2366 2586 2419 per
2614 2350 2716 2407 hoc
2745 2350 2832 2406 illa
2865 2366 2984 2422 quas
3010 2351 3327 2422 genitalibus
3364 2352 3614 2408 membris
3644 2350 3767 2422 pudi-

2219 2439 2342 2493 citia
2374 2440 2659 2497 refrenetis
2679 2483 2693 2508 ,
2727 2442 2865 2498 solet
2890 2443 3121 2498 maxime
3146 2458 3209 2498 ac
3238 2445 3449 2514 proprie
3474 2442 3765 2499 continentia

2222 2532 2525 2599 nominari,
2564 2532 2707 2587 nulla
2741 2535 3161 2604 transgressione
3187 2534 3445 2599 violatur,
3478 2534 3523 2588 si
3564 2534 3769 2604 superior

2222 2623 2569 2687 continentia,
2592 2624 2660 2679 de
2683 2640 2785 2693 qua
2810 2623 3018 2696 jamdiu
3042 2624 3330 2696 loquimur,
3356 2625 3410 2678 in
3439 2623 3598 2679 corde
3617 2638 3771 2679 serve-

2228 2715 2648 2786 tur..Propterea
2678 2717 2935 2773 Dominus
2962 2733 3084 2773 cum
3131 2717 3373 2782 dixisset,
3403 2716 3482 2772 De
3505 2717 3649 2772 corde
3670 2717 3773 2770 enim

2221 2815 2400 2865 exeunt
2440 2807 2768 2878 cogitationes
2812 2809 3000 2874 malaz;
3037 2808 3229 2864 deinde
3270 2810 3395 2879 quid
3439 2810 3689 2880 pertineat
3721 2807 3773 2861 ad

2222 2898 2581 2966 cegitationes.
2602 2899 2770 2953 malas
2796 2909 3012 2954 secutus
3038 2899 3297 2969 adjunxit,
3328 2900 3620 2965 homicidia,
3647 2896 3773 2952 adul-

2224 2988 2378 3054 toria,
2420 2995 2473 3041 ct
2520 2997 2730 3043 czctera.
2762 2988 2873 3045 Nec
2918 2988 3049 3044 dixit
3092 2989 3306 3055 omnia;
3349 2989 3443 3045 sed
3497 2988 3775 3059 quibusdam

2225 3080 2459 3150 exempli
2487 3080 2653 3150 gratia
2682 3081 2970 3136 nominatis
2994 3091 3047 3137 et
3073 3082 3174 3136 alia
3205 3081 3545 3153 intelligenda
3574 3094 3777 3137 commo-

2224 3174 2358 3238 nuit.
2391 3172 2626 3240 Quorum
2659 3173 2789 3228 nihil
2818 3174 3067 3245 estquod
3099 3174 3212 3229 ﬁeri
3244 3175 3448 3243 possit,
3478 3175 3524 3229 si
3552 3173 3678 3228 mala
3702 3188 3776 3227 co-

2224 3266 2408 3337 gitatio
2454 3283 2559 3321 non
2603 3268 2960 3337 praecesserit,
2988 3284 3092 3338 qua
3124 3270 3267 3323 intus
3299 3269 3591 3324 instituitur
3620 3270 3633 3299 ¹
3662 3264 3775 3337 quod

2225 3356 2354 3411 foris
2384 3357 2596 3427 agitur;
2628 3368 2682 3413 et
2710 3374 2774 3413 ex
2806 3374 2899 3414 ore
2936 3360 3116 3414 cordis
3143 3359 3440 3429 procedens
3460 3401 3474 3426 ,
3507 3359 3612 3430 jam
3650 3357 3777 3412 eoin-

2224 3450 2411 3519 quinat
2438 3449 2732 3518 hominem,
2761 3450 2970 3506 etiamsi
2997 3451 3138 3507 nulla
3168 3450 3683 3521 facultatepermissa
3709 3446 3777 3501 to-

2225 3544 2299 3595 ris
2346 3557 2440 3611 per
2483 3542 2723 3597 membra
2764 3543 3008 3614 corporis
3054 3558 3162 3597 non
3207 3554 3415 3614 agatur.
3446 3542 3617 3598 Posito
3640 3539 3779 3609 igitur

2226 3632 2365 3686 ostio
2394 3632 2738 3687 continentia:
2768 3634 2821 3688 in
2848 3648 2941 3688 ore
2975 3634 3171 3700 cordis,
3216 3634 3357 3690 unde
3391 3642 3580 3687 cuncta
3607 3637 3779 3687 exeunt

2226 3740 2345 3794 qua:
2372 3724 2721 3795 coinquinant
2745 3725 3041 3791 hominem,
3070 3727 3115 3780 si
3143 3726 3219 3780 nil
3247 3726 3351 3781 tale
3380 3725 3506 3780 inde
3537 3722 3780 3795 permitta-

2227 3822 2313 3867 tur
2341 3814 2509 3882 exire,
2546 3815 2789 3886 sequitur
2821 3815 3077 3870 munditia
3108 3830 3211 3886 qua
3247 3815 3417 3884 possit
3439 3815 3548 3886 jam
3580 3812 3782 3885 gaudere

2226 3904 2588 3971 conscientia;
2617 3904 2862 3975 quamvis
2902 3905 3137 3967 nondum
3177 3905 3248 3960 sit
3287 3905 3375 3961 illa
3418 3904 3688 3976 perfectio,
3712 3902 3781 3955 ubi

2227 4009 2333 4049 non
2382 3995 2671 4050 luctabitur
2717 4011 2837 4050 eum
2883 3996 3014 4051 vitio
3058 3995 3408 4051 continentia.
3446 3995 3597 4051 Nunc
3630 4004 3783 4049 autem

2227 4088 3000 4159 quamdiuconcupiscitcaro
3033 4088 3291 4144 adversus
3318 4088 3587 4159 spiritum,
3617 4097 3668 4143 et
3689 4086 3786 4155 spi-

2228 4179 2362 4234 ritus
2390 4179 2645 4235 adversus
2675 4194 2891 4234 carnem
2927 4180 2946 4251 (
2973 4179 3146 4235 Galat.
3173 4196 3229 4248 γ,
3262 4181 3326 4234 17
3357 4180 3397 4251 ).
3428 4190 3511 4235 sat
3544 4189 3624 4234 est
3656 4178 3788 4232 nobis

2228 4285 2336 4325 non
2378 4271 2681 4327 consentire
2723 4272 2877 4326 malis
2921 4287 3041 4342 quae
3083 4272 3342 4327 sentimus
3384 4272 3440 4326 in
3476 4271 3646 4326 nobis.
3672 4269 3787 4324 Cum

2228 4369 2403 4415 autem
2436 4361 2494 4415 lit
2522 4362 2620 4415 ista
2647 4362 2948 4427 consensio,
2974 4371 3101 4417 tunc
3129 4362 3239 4417 exit
3264 4378 3329 4417 ex
3357 4377 3452 4417 ore
3470 4362 3645 4417 cordis
3665 4358 3787 4430 quod

2228 4452 2538 4521 coinquinat
2586 4452 2878 4506 hominem.
2923 4450 3059 4507 Cum
3104 4467 3235 4509 vero
3283 4467 3380 4523 per
3429 4451 3787 4507 continentiam

2228 4542 2512 4598 consensio
2543 4557 2647 4597 non
2681 4550 2891 4598 tenetur
2913 4545 2956 4609 ',
2980 4543 3179 4599 malum
3209 4544 3653 4613 concupiscentiae
3685 4555 3790 4594 car-

2230 4636 2606 4705 nalis,contra
2636 4635 2778 4706 quod
2808 4646 3006 4707 pugnat
3033 4636 3463 4708 concupiscentia
3506 4633 3791 4707 spiritualis,

2229 4742 2426 4783 nocere
2448 4743 2552 4780 non
2580 4728 2791 4783 sinitur.

2300 4816 2526 4876 CAPUT
2565 4818 2653 4883 Ill.
2676 4848 2743 4861 -
2766 4818 2815 4874 6.
2837 4818 3165 4879 Continentite
3185 4837 3354 4892 pugna
3381 4829 3561 4875 contra
3590 4818 3792 4874 libidines

2230 4907 2471 4978 quamdiu
2492 4926 2665 4963 sumus
2692 4910 2745 4963 in
2768 4912 2861 4964 hac
2882 4912 3002 4969 vita.
3032 4910 3217 4982 Pugna
3241 4913 3437 4966 interna
3460 4912 3793 4983 concupiscen‘

2231 5004 2417 5055 tiarum
2448 5018 2549 5056 non
2573 5013 2778 5073 experta
2807 5004 2905 5057 nisi
2933 5004 3253 5059 bellatoribus
3280 5005 3539 5059 uirtutum.
3570 5000 3793 5068 Concupi-

2231 5094 2420 5147 scentia
2446 5110 2536 5164 per
2566 5094 2724 5165 legem
2751 5096 3088 5166 cognoscitur,
3123 5096 3322 5150 nonnisi
3352 5113 3441 5166 per
3468 5096 3683 5166 gratiam
3705 5093 3794 5146 vite

2233 5185 2384 5238 citur.
2430 5183 2773 5255 Pugnandum
2822 5202 2884 5239 ne
2937 5187 3125 5254 peccati
3172 5187 3580 5254 concupiscentia
3630 5191 3792 5255 regnet.

2239 5274 2409 5344 Opera
2436 5277 2603 5329 carnis
2634 5275 3005 5344 mortiﬁcanda.
3033 5276 3139 5331 Sed
3168 5275 3312 5329 aliud
3341 5285 3426 5330 est
3451 5275 3591 5333 bene
3619 5288 3788 5346 pugna-

2235 5381 2315 5431 re,
2341 5365 2481 5435 quod
2510 5381 2653 5421 nunc
2682 5375 2784 5433 est,
2813 5366 3026 5437 quando
3052 5367 3238 5421 mortis
3259 5362 3590 5421 contentioni
3617 5363 3793 5420 resisti-

2236 5465 2321 5512 tur
2348 5457 2388 5523 ³;
2413 5456 2555 5512 aliud
2594 5458 2956 5514 adversarium
2989 5473 3094 5512 non
3125 5458 3344 5526 habere,
3376 5458 3522 5529 quod
3548 5468 3673 5514 tunc
3694 5456 3794 5515 erit.

2301 5572 2315 5603 ί
2337 5569 2649 5621 Michaelinus
2671 5578 2774 5631 Ms.,
2789 5570 3106 5623 constituitur.

2298 5634 2319 5663 ²
2344 5640 2443 5680 Duo
2472 5634 2679 5682 Vaticani
2697 5639 2802 5682 Mss.
2822 5641 2873 5683 et
2897 5633 3150 5695 Fttliensis,
3174 5633 3416 5687 consensio
3441 5639 3663 5697 tenetur;
3685 5633 3798 5684 οιιιιδ·

2236 5706 2320 5788 80,3
2334 5706 2669 5804 "gebaelinus
2737 5755 2927 5814 codex,
3001 5757 3144 5808 nwrti
3201 5758 3495 5809 contentione
3568 5756 3795 5808 resistitur.

2236 5817 2441 5865 Vaticani
2476 5816 2601 5873 duo,
2650 5816 2819 5867 mentis
2867 5816 3120 5867 intentione
3159 5819 3350 5869 resistit.
3394 5820 3541 5878 Male;
3578 5834 3683 5867 nam
3699 5815 3799 5877 allo:

2235 5878 2305 5930 dit
2344 5879 2635 5941 Augustinus
2659 5878 2714 5929 ad
2756 5878 2872 5930 illud
2898 5880 3103 5944 Aposteli
3144 5882 3201 5931 ad
3240 5884 3473 5944 corintlu,
3509 5897 3590 5945 xv,
3734 5877 3801 5927 (εκ
