3896 6382
193 348 281 405 $5
1549 329 1774 411 manu
1814 328 2013 385 usus.

194 457 373 529 quando
397 468 545 509 mors
571 452 869 509 novissima
892 448 1100 505 inimica
1124 447 1419 502 destruetur
1438 442 1480 514 (ι
1500 442 1619 502 Cor.
1647 459 1739 510 xv,

199 555 271 615 53,
290 550 394 619 26).
418 547 549 602 Nam
580 554 637 601 et
665 547 779 615 ipsa
807 542 1132 598 continentia
1159 555 1281 595 cum
1311 538 1482 593 frenat
1500 536 1749 592 cohibet-

195 660 282 715 que
302 642 559 704 libidines,
579 638 741 693 simul
769 646 824 692 et
850 636 1050 707 appetit
1071 635 1264 689 bonum
1281 631 1348 686 ad
1363 633 1511 701 cujus
1534 631 1753 685 immor-

197 734 427 787 talitatem
458 728 750 791 tendimus,
774 736 830 781 et
857 725 1057 793 respuit
1081 723 1276 777 malum
1298 736 1418 775 cum
1444 735 1547 790 quo
1577 721 1629 773 in
1653 718 1754 773 hac

194 823 492 879 mortalitate
538 817 938 873 contendimus.
984 815 1128 869 illius
1178 813 1373 882 quippe
1427 810 1654 865 amatrix
1700 818 1757 865 et

196 913 454 984 spectatrix
482 911 523 974 ⁸,
550 909 718 977 hujus
742 924 871 961 vero
897 915 949 960 et
980 904 1149 960 hostis
1176 912 1230 959 et
1254 903 1405 957 testis
1431 910 1513 956 est
1536 918 1550 965 ;
1581 908 1634 955 et
1659 899 1756 955 de-

195 1020 277 1063 cus
314 1010 583 1073 appetens,
628 1009 686 1054 et
745 998 979 1053 dedecus
1025 996 1248 1065 fugiens.
1306 993 1422 1048 Non
1481 993 1661 1061 utique
1704 992 1755 1046 in

198 1092 547 1164 cupiditatibus
574 1088 853 1146 Irenandis
880 1087 1202 1142 continentia
1227 1086 1521 1148 laboraret,
1552 1085 1594 1138 si
1626 1083 1757 1138 nihil

197 1201 287 1241 nos
307 1192 479 1240 contra
505 1181 652 1252 quod
685 1180 840 1235 decet
864 1180 1048 1233 liberet
1079 1180 1120 1242 ³,
1149 1177 1195 1231 si
1222 1176 1352 1230 nihil
1384 1185 1579 1230 nostra:
1606 1175 1758 1228 home

196 1276 434 1330 voluntati
463 1289 529 1328 ex
561 1273 702 1327 mala
732 1270 1161 1341 concopiscentia
1190 1276 1526 1338 repugnaret.
1554 1266 1762 1322 Clamat

192 1365 458 1436 Apostolus
488 1383 502 1419 :
534 1362 676 1429 Scio,
717 1361 906 1431 inquit,
936 1361 1057 1429 quia
1086 1375 1185 1413 non
1221 1358 1411 1411 habitat
1450 1358 1504 1411 in
1534 1374 1629 1423 me,
1666 1356 1760 1410 Itoc

193 1470 259 1514 est
281 1461 331 1512 in
353 1474 502 1512 carne
524 1473 657 1522 mea,
686 1455 891 1508 bonunt.
927 1451 1072 1506 Velle
1095 1451 1225 1505 enim
1251 1452 1450 1520 adjacet
1480 1450 1622 1513 mihi,
1647 1465 1763 1519 per-

189 1552 327 1619 ﬁcere
361 1557 525 1601 autem
553 1548 743 1599 bonum
782 1561 883 1598 non
928 1543 1145 1597 invenio.
1171 1541 1324 1596 Nunc
1351 1542 1494 1596 enim
1518 1540 1630 1595 ﬁeri
1662 1541 1761 1595 bo-

190 1660 307 1697 num
334 1651 523 1711 potest,
564 1652 623 1695 ut
658 1641 815 1695 mala:
844 1640 1290 1709 concupiscentia:
1320 1655 1425 1694 non
1457 1639 1764 1694 consentia-

190 1745 303 1799 tur;
325 1735 621 1805 perﬁcietur
644 1742 825 1788 autem
853 1733 1073 1800 bonum,
1098 1731 1311 1803 quando
1337 1732 1447 1800 ipsa
1472 1731 1611 1785 mala
1636 1745 1766 1785 cona-

193 1827 505 1897 cupiscentia
552 1826 786 1881 ﬁnietur.
831 1824 1067 1895 Itemque
1114 1826 1254 1880 idem
1303 1824 1490 1879 doctor
1516 1825 1762 1880 Gentium

192 1919 384 1973 clamat
405 1937 417 1971 :
439 1916 761 1972 Coudelector
790 1916 892 1987 legi
916 1915 1012 1969 Dei
1037 1916 1310 1970 secundum
1344 1916 1634 1969 interiorem
1669 1916 1764 1969 lto-

196 2008 409 2079 ntinenl;
433 2008 566 2061 rideo
591 2017 755 2060 autent
783 2008 942 2060 aliam
972 2008 1131 2078 legem
1159 2008 1210 2060 in
1236 2007 1469 2060 membris
1511 2006 1651 2069 meis,
1679 2023 1764 2060 re»

206 2109 505 2172 pugnantem
532 2102 621 2172 legi
648 2100 819 2154 mentis
846 2116 971 2153 mea:
994 2099 1167 2171 (Rom.
1194 2114 1290 2164 vn,
1315 2098 1403 2163 18,
1424 2098 1515 2163 22,
1542 2098 1658 2169 25).

214 2246 223 2255 ο
284 2193 334 2246 7.
375 2191 516 2245 lianc
561 2206 773 2260 pugnam
822 2206 931 2244 non
978 2190 1325 2259 experiuntur
1370 2190 1422 2243 in
1467 2187 1768 2258 semetipsis

204 2282 307 2336 nisi
351 2282 623 2337 bellatores
666 2284 918 2337 virtutum
962 2280 1425 2351 debellatoresque
1472 2282 1766 2336 vitiorum:

203 2387 301 2426 nec
321 2382 575 2443 expugnat
594 2374 1038 2443 concupiscentia:
1059 2374 1277 2439 malum,
1306 2374 1406 2428 nisi
1432 2374 1771 2429 continentia:

202 2462 410 2519 bonum.
437 2464 566 2519 Sunt
594 2474 774 2519 autem
806 2465 896 2535 qui
941 2466 1111 2535 legem
1149 2466 1243 2520 Dei
1274 2465 1492 2519 omnino
1523 2466 1771 2520 nescien-

205 2564 301 2620 tes,
330 2558 490 2611 malas
517 2558 985 2627 concupiscentias
1012 2573 1112 2612 nec
1142 2558 1193 2612 in
1226 2557 1467 2613 hostibus
1494 2557 1770 2629 deputant,

207 2646 377 2718 eisque
413 2648 696 2703 miserabili
738 2648 976 2724 caecitate
1015 2648 1331 2715 servientes,
1363 2649 1580 2719 insuper
1608 2649 1770 2704 etiam

215 2736 385 2792 beatos
410 2754 465 2794 se
490 2748 697 2809 putant,
723 2738 969 2794 satiando
990 2754 1082 2794 eas
1106 2740 1282 2809 potius
1307 2754 1462 2809 quam
1486 2739 1771 2795 domando.

213 2828 307 2895 Qui
328 2846 443 2885 vero
468 2847 561 2900 per
584 2831 759 2902 legem
788 2842 1154 2901 cognoverunt
1178 2846 1269 2886 cas
1294 2830 1427 2901 (Per
1453 2830 1614 2901 legem
1643 2833 1776 2886 enim

224 2921 414 2990 cognitio
440 2925 621 2993 peccati
653 2921 767 2995 [Id.
792 2938 866 2986 ιιι,
899 2921 1023 2994 20];
1051 2931 1124 2988 et,
1153 2921 1622 2993 Cuncupiscentiam
1642 2964 1658 2989 ,
1690 2922 1775 2976 in-

232 3013 349 3080 quit,
368 3015 637 3080 nesciebam,
668 3016 769 3068 nisi
801 3014 882 3067 lex
902 3013 1107 3078 diceret,
1136 3012 1258 3068 Non
1288 3014 1630 3089 concupisces,
1663 3012 1773 3087 [Id.

232 3118 321 3167 τιι,
343 3102 488 3177 7]),et
511 3121 692 3161 carum
711 3116 886 3161 tamen
912 3106 1304 3177 Oppugnatione
1327 3106 1632 3173 vincuntur,
1653 3107 1777 3177 quia

234 3194 324 3249 sub
347 3196 443 3267 lege
462 3199 656 3264 vivunt,
689 3213 793 3268 qua
820 3196 1036 3267 jnbetur
1063 3197 1203 3268 quod
1233 3198 1429 3252 bonum
1458 3206 1559 3261 est,
1589 3214 1692 3251 non
1723 3205 1778 3252 et

232 3278 398 3353 datur;
424 3304 520 3343 non
552 3292 732 3343 vivunt
764 3288 864 3343 sub
890 3289 1056 3359 gratia
1076 3330 1091 3353 ,
1129 3306 1247 3359 quae
1288 3288 1378 3343 dat
1406 3305 1498 3359 per
1522 3288 1780 3358 Spiritum

229 3386 443 3432 sanctum
469 3380 599 3449 quod
623 3396 721 3450 per
742 3380 912 3449 legem
940 3379 1153 3449 jubetur
1178 3398 1189 3432 :
1218 3380 1298 3433 his
1321 3380 1439 3434 ideo
1465 3379 1782 3435 subintravit

228 3464 336 3531 lex,
378 3476 428 3520 ut
460 3472 509 3522 in
546 3471 622 3526 eis
651 3469 948 3524 abundaret
975 3470 1224 3525 delictum
1262 3468 1373 3541 (Id.
1400 3487 1452 3537 v,
1479 3470 1591 3540 c20).
1621 3452 1783 3525 Auxit

233 3556 492 3627 prohibitio
516 3562 996 3632 concupiscentiam
1017 3602 1031 3627 ,
1058 3577 1281 3632 eamque
1320 3560 1445 3616 fecit
1490 3562 1739 3616 invictam
1763 3577 1777 3628 ;

232 3657 288 3704 nt
321 3651 568 3706 accederet
609 3654 998 3722 praevaricatio,
1038 3670 1153 3723 quzc
1197 3655 1315 3709 sine
1356 3654 1471 3725 lege
1509 3669 1614 3708 non
1659 3653 1780 3723 fuit,

226 3741 421 3796 etiarnsi
441 3752 698 3812 peccatum
727 3742 824 3796 fuit
845 3742 885 3793 ³.
918 3744 1013 3796 Ubi
1038 3745 1168 3797 enim
1193 3761 1292 3798 non
1317 3754 1387 3799 est
1413 3744 1509 3809 lete,
1537 3760 1626 3798 nec
1652 3760 1783 3815 pra:-

222 3835 447 3889 raricatio
477 3835 578 3909 (Id.
610 3853 681 3900 iv,
713 3836 828 3899 13).
856 3835 929 3889 lta
960 3835 1042 3889 lex
1072 3839 1239 3906 gratia
1269 3852 1372 3891 non
1396 3837 1633 3907 juvante,
1657 3854 1782 3908 pro-

221 3924 398 3982 hibens
434 3936 728 3997 peccatum,
762 3928 928 3981 virtus
957 3935 1040 3981 est
1078 3927 1295 3995 insuper
1324 3926 1459 3980 facta
1487 3928 1509 3957 ⁵
1536 3930 1736 3997 peccati
1765 3946 1781 3984 :

223 4018 351 4073 unde
374 4019 443 4073 ait
468 4020 773 4088 Apostolus,
814 4018 986 4072 Virtus
1013 4018 1203 4087 peccati
1231 4017 1313 4071 lea:
1342 4017 1379 4088 (1
1406 4015 1524 4072 Cor.
1552 4034 1640 4085 xv,
1671 4020 1783 4090 5(5).

228 4105 323 4161 Nec
347 4110 634 4165 mirandum
672 4118 755 4165 est
784 4110 923 4179 quod
963 4109 1188 4163 humana
1220 4108 1500 4164 infirmitas
1529 4110 1689 4164 etiam
1719 4110 1786 4167 de

227 4198 329 4270 lege
355 4202 481 4256 bona
512 4204 657 4258 vires
693 4203 832 4256 malo
872 4202 1103 4267 addidit,
1142 4202 1265 4256 dum
1306 4202 1371 4257 ad
1409 4203 1573 4272 ipsam
1614 4202 1785 4273 legem

226 4290 495 4349 faciendam
536 4293 605 4349 de
651 4295 763 4348 suis
798 4294 996 4348 viribus
1027 4293 1156 4347 ﬁdit.
1185 4293 1439 4365 Ignorans
1468 4297 1661 4364 quippe
1696 4295 1788 4350 Dei

224 4383 456 4452 justitiam
476 4428 490 4451 ,
532 4402 693 4456 quam
723 4386 813 4440 dat
842 4387 1077 4453 inlirmo,
1108 4394 1162 4440 et
1189 4401 1341 4440 suam
1375 4386 1560 4441 volens
1585 4387 1789 4442 consti-

227 4484 391 4541 tuere,
424 4493 523 4547 qua
565 4486 713 4532 caret
754 4476 1016 4543 inﬁrmus,
1043 4476 1260 4545 justitite
1293 4476 1389 4531 Dci
1420 4494 1522 4531 non
1553 4486 1635 4532 cst
1660 4477 1790 4531 sub-

230 4564 401 4633 iectus,
433 4570 688 4640 reprobus
733 4579 788 4623 et
830 4569 1087 4638 superbus
1128 4568 1301 4640 (Itoni.
1334 4585 1385 4634 χ,
1419 4570 1497 4639 '5).
1531 4570 1584 4624 Si
1614 4578 1790 4624 autem

230 4658 303 4714 lex
335 4660 516 4716 factmn
556 4663 1036 4733 praevaricatorem,
1067 4672 1312 4731 tanquam
1350 4662 1414 4715 ad
1452 4664 1553 4718 hoc
1578 4665 1793 4733 gravius

234 4756 543 4809 vulneratum
576 4766 633 4809 ut
658 4755 923 4809 desideret
954 4753 1238 4819 medicum,
1269 4763 1516 4831 tanquam
1545 4755 1792 4826 pa-dago-

236 4858 321 4912 sus
348 4848 580 4917 perducit
616 4846 685 4901 ad
721 4846 979 4917 gratiam;
1015 4854 1199 4900 contra
1229 4846 1541 4901 suavitatem
1581 4847 1793 4902 noxiam

244 4982 324 5037 tat,
350 4991 495 5039 mors,
532 4977 773 5029 contentio
791 4976 918 5040 tua?
949 4985 1012 5028 tta
1038 4991 1217 5040 nempe
1250 4980 1403 5028 citare
1427 4979 1554 5028 solet
1576 4979 1705 5028 hunc
1728 4977 1797 5027 lo-

247 5049 353 5099 tum,
374 5043 448 5103 qui
471 5056 572 5103 pro,
606 5047 715 5090 cont
744 5039 931 5103 titione;
955 5040 1113 5097 modo,
1149 5040 1414 5101 cietaniam,
1440 5042 1589 5091 habet
1613 5043 1661 5089 in
1689 5042 1797 5090 Vul-

244 5108 339 5159 gata
358 5115 370 5149 :
392 5101 500 5164 quia
519 5112 732 5164 graecum
765 5101 924 5165 neicos
942 5116 1051 5165 cum
1084 5103 1383 5165 diphthongo
1405 5105 1655 5165 scriptum,
1680 5117 1796 5153 con-

244 5166 517 5226 tentionem;
543 5177 846 5221 secusvero,
870 5164 1115 5226 victoriam
1140 5164 1393 5226 signiﬁcat.
1504 5164 1509 5165 ⁷
1640 5196 1641 5199 η

247 5225 531 5333 νίζιέιίωηί
573 5234 699 5284 siss.,
740 5224 1023 5287 appetitrix.
1055 5224 1204 5276 Forte
1223 5225 1505 5289 legendum,
1548 5233 1797 5291 exspecta-

300 5321 401 5397 ῖὲτ.
426 5359 475 5400 et
496 5357 623 5407 Lov.,
651 5361 739 5399 nos
760 5353 931 5398 contra
952 5348 1081 5407 quod
1113 5351 1434 5407 contenderet,
1470 5347 1717 5400 detineret.
1745 5358 1800 5401 At

246 5412 350 5470 Ἄκη
370 5425 447 5463 nos
466 5421 628 5463 contra
651 5412 781 5474 quod
798 5412 933 5474 (tecet
954 5409 1298 5474 (vel,tleceret)
1323 5409 1357 5461 li
1386 5417 1505 5461 eret.
1521 5414 1604 5474 sic
1625 5414 1801 5474 passim

245 5475 501 5547 augustinus
524 5470 730 5525 verbum
750 5508 764 5532 ,
791 5470 920 5530 libet,
948 5473 1077 5533 quod
1104 5473 1240 5535 jungi
1265 5470 1427 5523 dativo
1464 5472 1607 5531 solet,
1625 5470 1801 5537 'jung‘it

288 5552 575 5664 mitam
609 5599 723 5663 fuit.
764 5597 942 5653 Abest,
976 5576 1094 5655 non',
1137 5596 1199 5642 ab
1233 5596 1448 5645 editione
1480 5596 1656 5645 Erasmi
1691 5604 1740 5645 et
1773 5610 1800 5645 a

228 5669 366 5777 "ﬁlix
388 5735 489 5777 Mss.
512 5723 836 5776 restituuntth
869 5716 1093 5779 verbum,
1120 5718 1263 5779 facln.
1297 5722 1525 5770 omissum
1569 5722 1615 5769 in
1640 5719 1797 5770 editis.

217 5791 302 5855 ijtta
324 5802 481 5842 tamen
503 5790 616 5840 loco
637 5780 876 5835 nonnulli
897 5788 1001 5827 Mss.
1028 5778 1224 5841 habent,
1250 5782 1383 5843 facti.

3332 336 3436 392 351'

1863 456 1964 511 qua
1996 440 2239 496 vincebat
2264 443 2711 514 concupiscentia,
2737 448 2986 503 Dominus
3012 449 3100 504 dat
3122 453 3436 511 suavitatem

1863 532 2156 589 benelicam
2182 550 2283 601 qua
2306 534 2568 590 delectet‘
2587 540 2812 608 amplius
2837 543 3181 610 continentia,
3209 554 3264 599 et
3298 555 3439 601 terra

1863 632 2044 679 nostra
2078 624 2168 679 dat
2208 624 2433 680 fructum
2475 643 2627 682 suum
2660 630 2677 699 (
2708 629 2849 685 Psal.
2892 649 3121 700 LXXXIV,
3166 636 3296 706 i3),
3338 652 3445 707 quo

1862 719 2100 790 pascitur
2124 718 2296 784 miles,
2328 719 2417 789 qui
2444 719 2675 775 debellat
2698 723 2806 778 Deo
2827 724 3044 792 juvantc
3071 739 3373 795 peccatum.

1935 811 1988 865 8.
2031 811 2189 865 Tales
2218 812 2415 867 milites
2443 815 2731 883 apostolica
2766 818 2886 872 tuba
2916 819 3015 871 isto
3045 822 3219 875 sonitu
3248 836 3442 877 accen-

1863 899 1941 955 dit
1968 901 2019 954 in
2049 902 2293 970 prtulium
2326 920 2340 955 :
2373 902 2491 956 Non
2521 922 2641 976 ergo
2675 916 2862 976 regnet,
2890 907 3078 978 inquit,
3105 923 3362 978 peccatum
3392 916 3443 968 in

1864 1002 2027 1047 vestro
2058 994 2262 1046 mortali
2305 1011 2513 1064 corpore
2551 997 2618 1049 ad
2657 998 2986 1052 obedientium
3016 1000 3274 1057 desideriis
3301 1006 3443 1075 ejus;

1864 1100 2021 1152 neque
2045 1086 2368 1141 exhibueritis
2395 1090 2614 1142 membra
2650 1100 2811 1144 vestra
2840 1109 2983 1145 arma
3021 1094 3297 1163 iniquitatis
3332 1113 3440 1166 pec-

1867 1184 1977 1228 cato
2008 1191 2028 1229 :
2056 1177 2145 1230 sed
2171 1176 2396 1231 exhibete
2422 1195 2505 1233 vos
2536 1179 2639 1234 Deo
2678 1192 2914 1249 tanquam
2945 1201 3007 1237 ea;
3039 1188 3248 1240 mortuis
3281 1188 3450 1241 viven-

1867 1274 1959 1332 tes,
1983 1276 2030 1320 et
2053 1268 2273 1320 membra
2290 1280 2454 1322 uestra
2480 1287 2623 1324 arma
2637 1273 2853 1342 justitite
2873 1273 2997 1328 Deo.
3025 1274 3298 1330 Peccatum
3318 1279 3451 1332 enim

1867 1359 2003 1412 vobis
2030 1377 2128 1413 non
2152 1360 2509 1415 dominabitur.
2541 1362 2659 1417 Non
2685 1366 2817 1419 enim
2840 1367 2957 1420 estis
2985 1368 3075 1422 sub
3100 1368 3227 1438 lege,
3252 1370 3340 1423 sed
3360 1370 3450 1424 sub

1866 1451 2032 1519 gratia
2062 1450 2081 1520 (
2112 1451 2261 1505 Rom.
2285 1467 2357 1517 vl,
2385 1453 2544 1508 12-14
2566 1452 2606 1525 ).
2643 1456 2705 1509 Ει
2738 1456 2842 1509 alio
2871 1458 2987 1513 loco
3015 1477 3028 1512 :
3060 1457 3220 1528 Ergo,
3259 1460 3449 1530 inquit,

1868 1546 2072 1613 fratres,
2101 1542 2344 1596 debitores
2368 1561 2538 1599 sumus
2565 1563 2665 1600 non
2695 1549 2856 1613 carni,
2874 1559 2925 1601 ut
2949 1550 3221 1605 secundum
3249 1568 3452 1606 carnem

1868 1633 2111 1688 vivamus.
2153 1634 2212 1688 Si
2264 1636 2396 1687 enim
2439 1638 2712 1690 secundum
2751 1656 2952 1693 carnem
2992 1642 3232 1707 vixeritis,
3266 1644 3452 1696 morie-

1870 1725 1993 1778 mini
2015 1741 2033 1778 :
2054 1725 2099 1780 si
2122 1734 2288 1779 autent
2312 1727 2491 1795 spiritu
2513 1732 2648 1798 facta
2676 1730 2841 1784 carnis
2864 1732 3299 1799 morti/icaveritis,
3323 1734 3455 1787 vire-

1871 1818 1953 1871 tis.
1990 1817 2243 1888 Quotquot
2284 1820 2415 1873 enim
2457 1821 2656 1891 Spiritu
2700 1823 2794 1877 Dei
2836 1833 3074 1895 aguntur,
3116 1827 3169 1879 lii
3206 1828 3303 1896 filii
3339 1837 3454 1881 sunt

1871 1914 1968 1969 Dei
1999 1916 2015 1985 (
2045 1914 2131 1969 Id.
2166 1932 2281 1984 vm,
2311 1918 2474 1972 12-14
2496 1918 2535 1986 ).
2570 1919 2622 1972 ld
2654 1934 2779 1988 ergo
2815 1936 2953 1973 nunc
2983 1920 3173 1990 agitur,
3205 1921 3455 1990 quamdiu

1872 2016 1956 2061 est
1978 2008 2216 2061 mortalis
2247 2008 2360 2062 hzcc
2383 2010 2489 2065 vita
2516 2018 2693 2063 nostra
2720 2010 2819 2064 sub
2847 2012 3034 2079 gratia,
3062 2027 3130 2064 ne
3158 2021 3454 2080 peccatum,

1873 2097 1925 2152 id
1964 2107 2074 2162 est,
2103 2099 2526 2168 concupiscentia
2576 2102 2774 2168 peccati
2808 2100 2980 2173 (hanc
3013 2103 3157 2156 enim
3201 2102 3300 2157 hoc
3341 2104 3457 2158 loco

1873 2187 2079 2258 peccati
2126 2188 2341 2242 nomine
2385 2188 2679 2261 appellat),
2720 2199 2903 2258 regnet
2942 2192 2992 2244 in
3038 2201 3220 2245 nostro
3248 2193 3459 2247 mortali

1874 2294 2118 2350 corpore.
2142 2279 2290 2334 Tunc
2310 2289 2484 2334 autem
2513 2296 2740 2350 regnare
2762 2282 3081 2346 ostenditur,
3108 2284 3153 2337 si
3180 2283 3460 2338 desideriis

1874 2372 1988 2442 ejus
2018 2372 2280 2428 obeditnr.
2306 2374 2398 2427 Est
2426 2388 2552 2443 ergo
2583 2375 2635 2428 in
2662 2374 2815 2428 nobis
2840 2374 3045 2443 peccati
3070 2378 3460 2444 concupiscen-

1878 2465 1969 2532 tia,
2003 2481 2119 2534 quae
2153 2480 2254 2519 non
2284 2475 2367 2520 est
2393 2466 2743 2534 permittenda
2772 2482 2998 2536 regnare
3027 2485 3041 2520 :
3072 2476 3197 2521 sunt
3220 2469 3337 2537 ejus
3363 2467 3461 2523 dc—

1877 2556 2101 2621 sidcria,
2129 2556 2322 2625 quibus
2351 2573 2455 2611 non
2486 2566 2568 2611 est
2592 2557 2970 2621 obcdiendum,
3002 2572 3071 2613 ne
3093 2559 3463 2614 obedientibus

1877 2656 2082 2719 regnet.
2109 2648 2333 2718 Pmpter
2361 2649 2503 2719 quod
2544 2650 2781 2704 membra
2813 2658 2993 2703 nostra
3026 2666 3130 2703 non
3172 2649 3274 2703 sibi
3310 2664 3464 2703 usur-

1880 2748 1968 2809 pet
1996 2740 2447 2811 concupiscentia,
2478 2740 2575 2795 sed
2615 2741 2713 2795 sibi
2754 2739 2982 2794 vindicet
3018 2739 3376 2803 continentia;
3406 2747 3466 2794 ut

1878 2835 1985 2885 sint
2014 2846 2158 2885 arma
2187 2831 2406 2899 justitia:
2439 2831 2572 2896 Deo,
2605 2848 2672 2885 ne
2703 2832 2809 2885 sint
2845 2831 3135 2900 iniquitatis
3160 2846 3304 2885 arma
3335 2846 3464 2899 pec-

1880 2934 2001 2977 cato
2026 2941 2039 2977 :
2063 2923 2141 2977 sic
2168 2924 2308 2976 enim
2340 2922 2491 2977 nobis
2519 2932 2791 2991 peccatum
2821 2938 2925 2976 non
2954 2921 3334 2976 dominabitur.
3348 2920 3464 2975 Non

1879 3014 2022 3069 enim
2069 3027 2252 3067 sumus
2292 3015 2393 3067 sub
2435 3013 2570 3081 lege,
2608 3012 2803 3067 bonum
2839 3012 3049 3081 quidem
3086 3011 3325 3081 jubente,
3359 3025 3466 3065 non

1883 3116 2058 3160 tamen
2089 3104 2283 3159 dante:
2309 3104 2405 3160 sed
2432 3120 2617 3159 sumus
2641 3104 2740 3159 sub
2770 3105 2959 3174 gratia,
2990 3121 3107 3173 qua:
3131 3104 3183 3158 id
3211 3104 3349 3173 quod
3380 3104 3467 3159 lex

1877 3196 2029 3267 jubet
2059 3195 2257 3250 faciens
2287 3212 2384 3250 nos
2414 3211 2615 3262 amare,
2642 3204 2821 3266 potest
2848 3195 3030 3249 liberis
3058 3195 3342 3265 imperare.

1953 3288 2006 3342 9.
2051 3286 2283 3356 Itemque
2310 3302 2429 3340 cum
2454 3286 2700 3340 hortatur
2722 3296 2904 3340 utnon
2933 3286 3224 3340 secundum
3250 3299 3466 3340 carnem

1883 3380 2142 3444 vivamus,
2172 3393 2239 3433 ne
2268 3379 2579 3444 moriamur,
2611 3378 2705 3432 sed
2731 3378 2921 3446 Spiritu
2952 3377 3085 3431 facta
3114 3377 3291 3431 carnis
3326 3392 3470 3429 more

1887 3473 2169 3537 tilicemus,
2199 3480 2256 3526 ut
2284 3470 2557 3535 vivamus;
2589 3471 2710 3525 tuba
2735 3471 2916 3540 utique
2939 3486 3057 3540 quae
3086 3468 3247 3533 canit,
3272 3469 3468 3525 bellum

1886 3564 1938 3618 in
1963 3579 2069 3634 quo
2094 3579 2367 3618 versamur
2391 3562 2656 3629 ostendit,
2686 3571 2740 3617 et
2766 3572 2820 3617 ut
2850 3562 3045 3616 acriter
3072 3560 3386 3616 dimiecmns
3413 3571 3468 3617 et

1886 3658 2069 3714 hostes
2098 3668 2313 3714 nostros
2338 3659 2741 3724 mortiﬁcemus,
2767 3675 2834 3714 ne
2861 3659 2929 3714 ab
2957 3658 3036 3713 eis
3066 3657 3467 3724 mortilicemur,

1887 3749 2148 3804 accendit.
2172 3749 2271 3817 Qui
2301 3750 2408 3805 sint
2427 3766 2555 3805 vero
2582 3750 2667 3805 isti
2698 3750 2899 3817 hostes,
2928 3751 3056 3805 satis
3082 3749 3356 3805 evidenter
3380 3765 3472 3803 cx-

1888 3841 2099 3911 pressit.
2139 3842 2286 3909 Quos
2322 3841 2463 3896 enim
2506 3856 2535 3894 a
2581 3842 2734 3896 nobis
2776 3842 2943 3895 voluit
2992 3842 3329 3907 mortiiicari,
3372 3840 3472 3909 ipsi

1889 3943 2049 4000 sunt,
2094 3934 2299 3989 scilicet
2339 3949 2501 4003 Opera
2543 3935 2738 3989 carnis.
2773 3933 2861 3988 Sic
2900 3934 3042 3988 enim
3084 3933 3278 3987 ait:Si
3306 3942 3475 3986 autem

1889 4026 2070 4091 spiritu
2099 4028 2235 4093 facta
2260 4026 2426 4079 carnis
2455 4026 2895 4094 morti/icavcritis,
2919 4027 3106 4080 uiretis.
3135 4026 3200 4080 Et
3229 4026 3328 4080 ista
3357 4042 3477 4095 quas

1890 4117 1993 4170 sint
2026 4125 2083 4171 ut
2108 4117 2357 4179 sciamus,
2386 4116 2632 4171 eumdem
2661 4116 2843 4172 itidem
2869 4117 3146 4172 audiamus
3171 4118 3237 4172 ad
3258 4117 3477 4174 Galatas

1891 4209 2208 4263 scribentem
2238 4218 2292 4263 et
2320 4207 2586 4263 dicentem
2612 4227 2625 4263 :
2653 4208 2930 4281 Manifesta
2966 4219 3083 4263 sunt
3120 4219 3285 4263 autent
3322 4226 3478 4280 opera

1894 4298 2089 4367 carnis,
2126 4313 2237 4366 qua:
2273 4306 2391 4351 sunt
2430 4299 2816 4368 fornicationes,
2856 4299 3206 4364 immunditiaz,
3238 4300 3476 4367 [υκαι-ἕω,

1891 4388 2145 4443 idolorum
2189 4389 2429 4455 servitus,
2470 4390 2736 4457 veneﬁcia,
2778 4390 3075 4455 inimicitite,
3117 4391 3477 4457 contentiones,

1894 4480 2257 4545 aemulationes,
2301 4480 2662 4547 animositates,
2705 4481 3058 4544 dissensiones,
3089 4482 3317 4545 latereses,
3350 4482 3481 4536 invi-

1896 4571 2013 4636 dite,
2040 4571 2319 4638 ebrietates,
2351 4572 2754 4637 comessationes,
2785 4582 2829 4625 et
2861 4573 2939 4627 Itis
2964 4573 3184 4636 similia;
3208 4590 3319 4645 qua:
3349 4591 3481 4645 prte-

1897 4661 2010 4715 dico
2034 4661 2189 4724 vobis,
2216 4662 2344 4715 sicut
2374 4662 2607 4731 prtedixi,
2645 4662 2884 4732 quoniam
2923 4665 3006 4733 qui
3036 4664 3158 4717 talia
3186 4674 3363 4734 agunt,
3395 4683 3481 4719 re—

1897 4769 2050 4823 gnum
2075 4751 2165 4806 Dei
2196 4769 2295 4806 non
2323 4752 2666 4823 possidebunt.
2694 4753 2865 4821 Ipsum
2898 4754 3037 4808 enim
3073 4755 3231 4809 etiam
3270 4756 3340 4810 ibi
3369 4756 3483 4810 bel-

1899 4843 2031 4907 lum,
2080 4850 2137 4896 ut
2180 4842 2296 4896 haec
2342 4842 2544 4896 diceret
2587 4842 2922 4909 ostendebat,
2966 4854 3019 4899 et
3058 4844 3123 4897 ad
3168 4844 3265 4899 hos
3301 4845 3483 4899 hostes

1899 4932 2299 4988 mortiﬁcandos
2324 4932 2511 4987 eadem
2540 4934 2743 4988 caelesti
2774 4941 2828 4987 et
2854 4934 3110 5003 spirituali
3146 4935 3266 4987 tuba
3287 4933 3484 4990 Christi

1900 5025 2098 5080 milites
2140 5024 2424 5079 excitabat.
2460 5023 2630 5094 Supra
2672 5025 2813 5078 enim
2857 5025 3101 5079 dixerat:
3130 5025 3255 5078 Dico
3295 5036 3483 5092 autem,

1901 5117 2082 5187 spiritu
2120 5115 2402 5181 ambulate,
2449 5126 2494 5168 et
2544 5116 2791 5168 desideria
2834 5116 3003 5168 carnis
3050 5132 3112 5177 ne
3156 5118 3483 5188 perfeceritis.

1903 5209 2034 5264 Caro
2062 5209 2193 5263 enim
2217 5208 2522 5280 concupiscit
2547 5207 2784 5260 adversus
2812 5208 3063 5277 spiritum,
3088 5208 3294 5277 spiritus
3319 5218 3486 5262 autent

1903 5303 2141 5354 adversus
2181 5316 2403 5352 carnem.
2448 5298 2590 5368 lla'c‘
2618 5298 2746 5352 enim
2791 5299 3001 5351 invicem
3047 5299 3398 5364 adversantur,
3432 5308 3487 5352 ut

1904 5409 2004 5445 non
2041 5407 2098 5444 ea
2136 5407 2248 5460 qua:
2285 5390 2434 5443 vultis
2477 5389 2696 5460 faciatis.
2731 5388 2881 5455 Quod
2920 5390 2965 5441 si
3004 5390 3185 5459 spiritu
3224 5390 3482 5454 ducimini,

1905 5500 2007 5537 non
2053 5483 2171 5537 estis
2218 5481 2307 5535 sub
2353 5481 2478 5550 lege.
2520 5481 2661 5551 Ergo
2703 5481 2801 5534 sub
2841 5481 3005 5551 gratia
3036 5481 3347 5535 constitutos
3379 5481 3486 5535 vult

1907 5576 2069 5630 istum
2106 5575 2361 5630 adversus
2404 5589 2564 5643 opera
2607 5574 2782 5627 carnis
2830 5573 3024 5625 habere
3065 5571 3386 5625 conﬂictum.
3417 5571 3484 5625 Et

1909 5671 2022 5725 hrec
2046 5684 2205 5739 opera
2236 5669 2410 5722 carnis
2438 5676 2495 5721 ut
2524 5666 2932 5728 demonstraret,
2965 5663 3205 5731 adjunxit
3238 5679 3353 5733 qua:
3390 5679 3480 5718 su-

1977 5792 1991 5814 ι
2012 5790 2075 5831 ita
2098 5782 2427 5832 Cistt‘rcicnsis
2448 5787 2526 5827 Ms.
2558 5783 2608 5826 Αι
2635 5776 2765 5828 editi.
2792 5773 3065 5825 delectetur.
