3896 6382
534 340 640 398 353

532 473 625 528 pra
652 455 1058 512 commemoravi
1086 471 1097 506 :
1125 450 1396 520 Manifesta
1421 457 1585 502 autem
1609 459 1723 501 sunt
1745 463 1895 516 Opera
1915 444 2103 510 carnis,

529 566 645 621 quae
685 559 802 604 sunt
839 546 1224 617 fornicationes,
1263 554 1315 598 et
1344 553 1556 606 cattera,
1588 541 1699 594 sive
1727 555 1844 608 quae
1874 551 2110 593 commc~

528 640 774 703 moravit,
813 638 925 692 sive
962 653 1079 706 qua:
1118 633 1456 702 intelligenda
1493 631 1840 694 commonuit,
1878 629 2107 682 maxime

527 731 804 800 adjiciens,
832 739 876 782 et
906 730 983 782 his
1012 729 1218 782 similia.
1247 726 1480 793 Denique
1510 724 1563 777 in
1589 722 1688 775 hoc
1716 721 1896 790 praelio
1920 719 2106 773 adver-

526 835 616 875 sus
660 821 926 875 carnalem
969 819 1194 887 quodam
1241 817 1396 870 modo
1438 814 1724 869 exercitum
1769 813 1911 866 velut
1948 811 2105 865 aliam

525 910 825 980 producens
853 911 1021 963 aciem
1051 908 1378 978 spiritualcm
1412 925 1424 959 :
1458 905 1676 958 Fructus
1705 915 1870 956 autem
1898 903 2104 974 spiritus

522 1013 618 1072 est,
656 1004 846 1073 inquit,
878 1002 1116 1064 charitas,
1161 1001 1422 1071 gaudium,
1462 1014 1582 1067 pax,
1615 997 1987 1067 longanimitas,
2015 994 2100 1047 be-

523 1094 764 1164 nignitas,
789 1093 1000 1157 bonitas,
1027 1091 1168 1160 fides,
1195 1089 1540 1154 mansuetudo,
1570 1086 1874 1139 continentia
1896 1099 1915 1138 :
1934 1085 2105 1136 adrer-

523 1201 609 1238 sus
635 1184 926 1253 hujusmodi
951 1200 1050 1236 non
1076 1193 1146 1236 est
1173 1181 1272 1236 (ex.
1302 1180 1414 1234 Non
1441 1180 1534 1245 ait,
1563 1178 1821 1232 adversus
1858 1175 2002 1240 hanc;
2036 1188 2103 1229 ue

521 1276 636 1330 sola
679 1289 799 1329 esse
848 1283 1159 1344 putarentur
1200 1289 1214 1326 :
1258 1271 1497 1342 quamvis
1541 1278 1594 1324 et
1642 1267 1688 1322 si
1738 1267 1836 1320 hoc
1879 1267 2099 1329 diceret,

520 1367 698 1420 omnia
739 1366 1054 1421 deberemus
1095 1363 1419 1433 intelligere,
1458 1377 1576 1432 qua:
1616 1360 1851 1430 ejusdem
1887 1358 2101 1428 generis

521 1457 660 1510 bona
686 1458 917 1526 cogitare
941 1470 1218 1525 possemus
1242 1473 1253 1507 :
1280 1453 1374 1508 sed
1397 1455 1490 1518 ait,
1515 1453 1752 1506 adversus
1774 1451 2101 1520 hujusmodi;

518 1555 574 1602 et
616 1547 731 1601 hwc
773 1547 974 1601 scilicet
1013 1555 1066 1601 ct
1099 1561 1444 1615 quarcumque
1482 1543 1694 1598 similia.
1725 1542 2099 1597 Verumtamen

518 1638 660 1708 quod
708 1639 760 1692 in
800 1639 880 1692 eis
919 1638 1071 1692 bonis
1115 1654 1232 1707 qua:
1276 1635 1732 1698 commemoravit,
1770 1634 1952 1686 ultimo
1983 1633 2098 1686 loco

517 1730 693 1798 posuit
720 1730 1120 1794 continentiam,
1155 1730 1220 1783 de
1250 1745 1352 1798 qua
1385 1742 1524 1782 nunc
1555 1726 1825 1794 disputare
1861 1724 2100 1793 suscepi-

518 1837 656 1886 mus,
689 1831 742 1875 ct
773 1830 991 1892 preptcr
1020 1837 1178 1890 quam
1217 1821 1378 1873 multa
1414 1820 1523 1889 jam
1553 1819 1802 1880 diximus,
1835 1815 2099 1885 principue

516 1913 681 1966 voluit
703 1927 821 1966 eam
853 1914 1051 1966 nostris
1081 1911 1347 1964 mentibus
1378 1909 1657 1963 iuluererc.
1683 1908 1799 1976 Ipsa
1825 1908 2018 1976 quippe
2044 1906 2096 1959 iu

513 2003 618 2057 hoc
659 2004 802 2058 bello
839 2004 981 2057 valct
1020 2003 1326 2072 plurimum,
1369 2002 1419 2055 in
1458 2016 1562 2070 quo
1600 2000 1854 2055 adversus
1881 2014 2094 2052 carnem

513 2095 735 2163 spiritus
777 2095 1138 2163 COllCllpiSCil;
1169 2094 1417 2162 quoniam
1465 2093 1605 2162 ipsas
1632 2092 1808 2145 carnis
1846 2091 2099 2158 concupi-

511 2187 742 2240 scentias
795 2185 1024 2255 quodam
1080 2185 1240 2238 modo
1293 2185 1572 2253 eruciligit.
1623 2182 1774 2238 Unde
1815 2196 1935 2236 cum
1982 2180 2096 2236 hanc

509 2277 733 2332 dixisset
758 2277 1068 2346 Apostolus,
1098 2275 1352 2329 continuo
1379 2275 1624 2343 subjecit,
1654 2273 1754 2340 Qui
1780 2283 1946 2325 autem
1968 2270 2095 2326 Jesu

511 2367 697 2421 Christi
735 2377 880 2434 sunt,
916 2383 1116 2420 carnem
1144 2384 1288 2420 suum
1318 2367 1673 2433 cruciﬁxerunt
1704 2381 1814 2417 cum
1848 2364 2097 2433 passioni-

510 2459 600 2512 bus
627 2469 673 2512 et
703 2459 1118 2528 concupiscentiis
1150 2457 1346 2530 (Galat.
1374 2473 1429 2524 γ,
1458 2457 1668 2526 16-24).
1697 2458 1818 2509 llaec
1847 2465 1931 2510 est
1958 2457 2095 2510 actio

512 2550 856 2604 continentiae
882 2569 896 2603 :
929 2552 1005 2604 sic
1033 2565 1195 2620 Opera
1228 2551 1242 2580 ¹
1275 2550 1450 2603 carnis
1477 2549 1882 2602 mortilicautur.
1909 2547 2094 2602 Morti-

509 2639 672 2693 ﬁcaut
692 2655 818 2694 vero
843 2656 956 2704 eos,
983 2656 1118 2710 quos
1142 2641 1451 2694 deﬁcientes
1476 2655 1506 2693 a
1528 2640 1852 2694 continentia
1879 2639 1945 2692 ad
1966 2654 2096 2693 con-

507 2732 811 2785 sensiouem
836 2731 1310 2801 perpetrandorum
1335 2732 1518 2786 talium
1543 2748 1763 2802 Operam
1788 2731 1948 2786 trahit
1966 2747 2096 2786 con-

507 2825 854 2893 cupisceutia.

576 2915 800 2970 CAPUT
832 2914 994 2970 IV.—
1009 2916 1028 2970 i
1041 2914 1093 2970 0.
1122 2913 1503 2970 Utcontineutia
1515 2915 1701 2969 servari
1729 2917 1903 2986 possit,
1923 2930 2096 2969 caven-

504 3008 573 3060 da
590 3008 910 3077 prwsumptio
941 3008 1002 3059 de
1023 3009 1242 3077 prapriis
1267 3007 1473 3061 uiribus.
1509 3007 1680 3060 Vivere
1703 3008 1980 3061 secundant
2001 3008 2093 3062 ho-

506 3099 710 3164 minem,
724 3109 767 3151 et
787 3098 943 3151 vivere
962 3098 1238 3151 secundum
1263 3114 1486 3166 carnem,
1508 3098 1643 3151 idem
1668 3107 1759 3152 est.
1785 3098 1852 3154 Ut
1866 3108 2043 3157 autem
2063 3115 2093 3154 a

505 3189 830 3245 continentia
859 3205 963 3244 non
1005 3190 1351 3256 deﬁciamus,
1383 3191 1640 3245 adverSus
1670 3191 1788 3246 illas
1824 3193 2093 3261 praecipue

505 3285 885 3340 diabolicarum
917 3286 1311 3355 suggestiouum
1331 3285 1550 3340 insidias
1573 3285 1790 3355 vigilare
1809 3286 2089 3353 debemus,

506 3393 574 3433 ue
598 3378 666 3433 de
695 3379 886 3432 nostris
913 3377 1112 3432 viribus
1147 3392 1554 3446 praesumamus.
1595 3378 1901 3432 Maledictus
1946 3377 2090 3432 enim

504 3472 666 3524 omnis
695 3472 779 3542 qui
799 3487 938 3541 spem
962 3487 1107 3524 suam
1137 3472 1276 3540 ponit
1297 3472 1347 3524 in
1379 3473 1579 3524 homine
1605 3470 1814 3542 (Jerem.
1845 3487 1978 3538 xvu,
2011 3472 2090 3542 5);

505 3561 572 3614 Et
597 3561 715 3629 quis
743 3570 824 3614 est
851 3562 978 3627 iste,
1012 3562 1111 3615 nisi
1144 3561 1305 3616 homo
1329 3563 1390 3614 "t
1421 3562 1534 3615 Non
1567 3572 1740 3630 potest
1773 3578 1902 3632 ergo
1932 3579 2090 3617 vera-

506 3653 640 3706 citer
667 3651 846 3705 dicere
874 3668 978 3704 non
1006 3667 1065 3706 se
1087 3668 1236 3720 spem
1267 3668 1465 3722 ponere
1489 3653 1544 3706 in
1574 3653 1788 3708 homine
1811 3696 1824 3720 ,
1853 3655 1942 3724 qui
1970 3671 2089 3709 eam

511 3743 657 3812 ponit
682 3743 734 3795 in
765 3757 842 3796 se.
870 3742 1001 3796 Nam
1026 3752 1080 3797 et
1105 3743 1206 3797 hoc
1233 3744 1526 3797 secundum
1571 3744 1841 3799 hominem
1873 3747 2051 3800 vivere
2073 3789 2088 3815 ,

506 3836 632 3905 quid
663 3844 744 3889 est
773 3835 874 3889 nisi
916 3834 1208 3889 secundum
1241 3850 1455 3890 carnem
1496 3837 1712 3891 vivere?
1744 3839 1939 3893 Audiat
1963 3855 2093 3910 ergo

506 3927 596 3996 qui
624 3929 711 3981 tali
738 3928 1075 3997 suggestione
1105 3936 1353 3993 tentatur,
1386 3937 1441 3984 et
1488 3931 1535 3985 si
1581 3931 1720 3988 ullus
1756 3932 1806 3988 ei
1837 3934 2087 3990 christia-a

509 4035 609 4074 nus
648 4033 838 4072 sensus
872 4026 983 4082 est,
1023 4019 1399 4073 contremiscat
1429 4037 1440 4072 :
1470 4021 1670 4088 audiat,
1727 4024 1974 4092 inquam,
2024 4025 2086 4080 Si

507 4109 785 4163 secundum
805 4125 1007 4162 carnem
1031 4110 1274 4177 vixeritis,
1300 4112 1600 4165 moriemini.

581 4201 789 4257 M.Sed
811 4201 1075 4270 quispiam
1101 4201 1342 4256 dicturus
1389 4213 1473 4258 est
1511 4203 1638 4256 mihi
1665 4204 1804 4258 aliud
1841 4221 1963 4261 esse
1995 4223 2084 4263 se-

509 4291 741 4347 cundum
770 4291 1038 4346 hominem
1059 4333 1072 4358 ,
1118 4292 1262 4346 aliud
1292 4294 1585 4348 secundum
1617 4308 1834 4350 carnem
1864 4298 2042 4354 vivere
2073 4318 2088 4355 :

507 4389 630 4458 quia
658 4387 819 4441 homo
850 4386 1095 4442 videlicet
1127 4385 1403 4441 rationalis
1431 4396 1673 4441 creatura
1703 4398 1786 4444 cst
1807 4432 1821 4455 ,
1853 4401 1907 4445 et
1939 4393 1989 4446 in
2027 4408 2092 4448 eo

505 4478 778 4533 rationalis
806 4487 890 4532 εει
922 4479 1129 4532 animus
1151 4519 1165 4544 ,
1194 4492 1298 4547 quo
1324 4477 1482 4531 distat
1507 4492 1536 4530 a
1565 4494 1793 4548 pecore;
1836 4497 1962 4535 caro
1997 4497 2094 4535 au-

509 4580 614 4623 tem
641 4579 724 4624 est
752 4570 930 4623 intima
959 4579 1013 4623 et
1041 4579 1250 4624 terrena
1291 4583 1412 4639 pars
1458 4571 1688 4626 hominis
1706 4613 1720 4638 ,
1757 4582 1808 4626 et
1851 4573 1971 4628 ideo
2000 4590 2090 4628 se-

505 4661 738 4713 cundum
767 4675 884 4714 eam
914 4662 1094 4716 vivere
1119 4662 1363 4715 vitiosum
1403 4671 1485 4715 est
1514 4679 1526 4714 :
1559 4674 1776 4732 propter
1815 4664 1956 4734 quod
2001 4665 2091 4720 ille

506 4752 596 4820 qui
627 4751 919 4805 secundum
946 4753 1212 4806 hominem
1242 4753 1402 4815 vivit,
1429 4769 1532 4806 non
1565 4758 1746 4824 utique
1791 4757 2090 4812 secundum

507 4855 760 4906 carnem,
804 4843 896 4895 sed
928 4845 1104 4913 potius
1133 4843 1426 4897 secundum
1454 4860 1572 4898 eam
1608 4855 1810 4914 partem
1857 4846 2090 4903 hominis

511 4932 644 4985 vivit
683 4947 783 5000 qua
819 4934 977 4986 homo
1030 4944 1141 4999 est,
1191 4934 1292 4988 hoc
1343 4944 1461 5000 est,
1509 4935 1799 4990 secundum
1845 4938 2089 5005 spiritum

511 5023 724 5088 mentis,
749 5038 857 5093 quo
875 5026 1151 5092 pecoribus
1178 5026 1508 5095 praeemiuet.
1533 5025 1731 5080 Verum
1763 5027 1877 5082 haec
1906 5028 2091 5099 dispu-

509 5115 640 5170 tatio
668 5116 802 5170 valet
830 5116 1068 5169 fortassis
1096 5115 1296 5185 aliquid
1323 5117 1375 5170 iu
1393 5117 1591 5171 scholis
1608 5117 2087 5190 philosophorum:

509 5224 607 5262 nos
635 5219 813 5262 autem
841 5215 899 5260 ut
936 5206 1293 5276 intelligamus
1345 5211 1660 5279 Apostolum
1705 5213 1935 5278 Christi,
1968 5215 2088 5271 libri

507 5299 783 5353 christiani
811 5300 1251 5368 quemadmodum
1281 5302 1422 5371 loqui
1450 5303 1686 5371 soleant,
1718 5306 1976 5361 debemus
1998 5309 2091 5362 ad-

510 5400 738 5446 vertere.
781 5391 937 5447 Fides
973 5404 1120 5447 certe
1163 5395 1399 5448 omnium
1451 5407 1691 5450 nostrum
1734 5407 1844 5465 est,
1898 5403 2090 5470 quibus

509 5480 752 5538 Christus
779 5484 954 5538 vivere
979 5493 1060 5538 est
1087 5485 1129 5552 ³,
1168 5484 1489 5540 hominema
1527 5485 1702 5542 Verbo
1745 5489 1836 5545 Dei
1880 5509 2091 5548 assum-

574 5685 591 5751 ξ
615 5683 946 5751 cistercieusis
957 5691 1056 5751 \ls.:
1075 5691 1187 5735 mre
1201 5689 1270 5751 est
1283 5683 1406 5735 actio
1423 5683 1734 5742 continentiae,
1754 5686 1797 5736 si
1813 5699 1976 5750 opera.

573 5746 592 5810 ξ
619 5746 752 5803 ωιίὶ,
777 5746 869 5795 nisi
889 5746 986 5807 ipse
1003 5747 1156 5795 homo.
1183 5750 1330 5796 Abest
1353 5761 1463 5810 vox,
1480 5751 1597 5810 ipse,
1624 5761 1651 5795 a
1678 5757 1780 5798 MSS.

575 5807 595 5837 ³
610 5813 729 5859 Tres
753 5818 878 5868 uss,
911 5815 1124 5857 nostrum
1151 5816 1238 5870 est,
1263 5815 1311 5860 ut
1332 5807 1544 5860 Christus
1568 5810 1763 5873 venerit,
1787 5819 1831 5864 et
1855 5811 2091 5868 hominem

1635 331 1720 389 DE
1758 317 2232 395 CONTINEN'HA,
2273 328 2330 382 S.
2371 317 2736 386 AUGUSTiNl
3111 339 3114 342 '
3627 321 3704 396 35.

2226 450 2372 512 ptum
2395 482 2409 508 ,
2441 455 2547 496 non
2573 442 2754 511 utique
2777 440 2892 496 sine
2916 441 3088 496 anima
3110 439 3362 512 rationali,
3390 445 3511 502 sicut
3536 452 3702 520 quidam

2216 530 2453 586 hairetici
2484 532 2693 598 volunt;
2725 539 2779 586 et
2809 541 2984 586 tamen
3015 531 3235 602 legimus
3254 574 3270 600 ,
3305 533 3502 589 Verbum
3522 554 3619 593 caro
3640 547 3696 612 {a-

2212 629 2348 673 ctum
2373 630 2442 674 est
2475 620 2650 693 (Joan.
2674 637 2714 684 ι,
2745 619 2854 691 14).
2883 621 3018 689 Quid
3047 623 3130 676 hic
3155 637 3276 677 caro
3303 623 3604 696 intelligenda
3625 641 3702 697 est,

2211 711 2314 765 nisi
2344 711 2540 767 homo?
2569 712 2636 766 Et
2657 713 2835 766 videbit
2857 714 3019 767 omnis
3035 729 3151 767 caro
3169 714 3378 769 salutare
3395 715 3480 770 Dei
3494 717 3616 790 (Luc.
3636 737 3694 788 ut,

2212 802 2298 872 6);
2325 803 2451 872 quid
2494 813 2667 873 potest
2708 805 2965 876 intelligi,
2992 806 3124 872 nisi,
3156 807 3323 862 ornuis
3362 809 3542 864 homo?
3577 812 3641 866 Ad
3673 825 3706 868 to

2212 897 2372 948 omnis
2401 913 2519 949 caro
2561 899 2717 951 veniet
2769 897 2936 970 (Psal.
2980 914 3128 964 LXIV,
3173 898 3267 972 3);
3312 900 3430 971 quid
3465 911 3561 968 est,
3602 906 3701 973 uisi,

2210 989 2382 1042 omnis
2407 988 2602 1042 homo?
2621 988 2820 1043 Dedisti
2841 992 2883 1044 ei
2913 1000 3202 1061 potestatem
3220 992 3374 1045 omnis
3398 993 3547 1047 carnis
3568 994 3702 1067 (Jortin

2210 1094 2342 1145 xvu,
2369 1079 2404 1132 2
2425 1082 2479 1149 );
2509 1080 2634 1149 quid
2664 1089 2772 1145 est,
2804 1082 2904 1136 nisi
2923 1122 2936 1146 ,
2965 1082 3136 1136 omnis
3165 1081 3416 1138 hominis?
3436 1082 3508 1137 Ex
3525 1085 3706 1153 aperibut

2209 1168 2332 1240 legis
2354 1187 2452 1223 non
2468 1171 2834 1240 justiﬁcabitur
2859 1172 3019 1226 omnis
3043 1189 3160 1226 caro
3185 1171 3355 1244 (Rom.
3384 1188 3455 1239 ut,
3480 1174 3560 1244 20)
3576 1191 3588 1238 -;
3607 1177 3702 1244 quid

2207 1271 2327 1327 est,
2387 1263 2524 1329 nisi,
2577 1264 2752 1318 nullus
2789 1264 3165 1334 justiticabitur
3203 1264 3389 1318 homo?
3429 1265 3560 1332 Quod
3601 1267 3704 1322 idem

2206 1353 2476 1420 apostolus
2518 1354 2639 1408 alibi
2676 1356 2979 1425 exprimens
3021 1354 3376 1422 manifestius,
3409 1355 3537 1424 Non,
3561 1358 3707 1428 inquit,

2198 1445 2564 1514 justiﬁeabitur
2591 1447 2738 1500 homo
2783 1463 2845 1500 ea:
2883 1449 3116 1518 operibus
3163 1449 3284 1519 tegis
3315 1447 3495 1521 (Gatat.
3533 1464 3582 1514 ιι,
3619 1450 3706 1520 16).

2205 1534 2511 1592 Corinthios
2541 1553 2753 1608 quoque
2797 1537 3034 1607 increpat
3068 1537 3252 1594 dicens
3280 1555 3295 1594 :
3319 1538 3492 1594 Nonne
3527 1543 3705 1595 cantata

2204 1628 2340 1694 estis,
2371 1636 2419 1681 et
2461 1629 2733 1683 secundum
2777 1630 3028 1684 hominem
3055 1630 3320 1685 ambulatis
3361 1630 3404 1702 (l
3427 1630 3533 1686 Cor.
3554 1647 3614 1697 ut,
3639 1632 3707 1700 5)?

2204 1717 2334 1772 Cum
2356 1721 2599 1775 carnales
2639 1736 2734 1776 eos
2772 1721 3021 1790 dixisset,
3057 1738 3164 1778 non
3201 1722 3307 1790 ait,
3341 1723 3603 1779 secundum
3626 1740 3711 1778 can

2206 1827 2328 1867 nem
2355 1813 2671 1879 ambulatis;
2699 1813 2790 1869 sed
2808 1854 2822 1880 ,
2855 1815 3130 1868 secundum
3150 1815 3431 1870 hominem:
3457 1817 3564 1887 quia
3577 1816 3705 1871 ethoc

2203 1904 2328 1973 quid
2362 1905 2530 1959 voluit
2564 1905 2820 1976 intelligi,
2851 1906 2986 1974 nisi,
3019 1906 3312 1962 secundum
3355 1907 3584 1963 carnem?
3610 1907 3706 1963 Nam

2205 1998 2385 2066 utique
2427 1996 2471 2050 si
2519 1996 2856 2066 culpabiliter
2905 1997 3121 2068 quidem
3179 1998 3459 2054 secundum
3507 2013 3705 2066 carnem,

2201 2088 2535 2143 laudabiliter
2558 2097 2736 2143 autem
2763 2089 3056 2144 secundum
3085 2089 3354 2146 hominem
3389 2090 3707 2153 ambularetur,

2202 2181 2254 2235 id
2281 2190 2395 2248 est,
2426 2181 2714 2249 viveretur,
2745 2197 2848 2236 non
2880 2184 3215 2253 exprobrans
3246 2183 3469 2251 diceret,
3492 2183 3707 2238 secundum

2202 2273 2453 2327 hominem
2496 2273 2784 2328 ambulatis.
2839 2277 3109 2346 Agnoscat
3160 2275 3318 2330 homo
3363 2273 3706 2345 opprobrium‘.

2200 2373 2368 2420 mutet
2409 2367 2773 2435 propositum,
2819 2367 2952 2422 vitet
3001 2367 3300 2422 interitum.
3352 2367 3514 2433 Audi,
3559 2366 3705 2427 homo;

2200 2458 2309 2512 noli
2336 2457 2606 2512 ambulare
2640 2457 2935 2513 secundum
2981 2458 3290 2526 hominem,
3343 2457 3435 2513 sed
3477 2455 3707 2512 secundum

2198 2563 2321 2603 cum
2350 2548 2440 2617 qui
2473 2549 2594 2602 iecit
2623 2549 2889 2603 hominem
2918 2566 2931 2602 :
2962 2549 3030 2603 ab
3053 2563 3118 2604 eo
3142 2550 3237 2619 qui
3266 2548 3389 2603 fecit
3417 2557 3492 2614 te,
3524 2545 3611 2600 noli
3635 2543 3706 2598 de-

2200 2640 2359 2695 iicere
2389 2655 2486 2695 nec
2512 2640 2579 2694 ad
2606 2650 2676 2695 te.
2705 2640 2876 2696 ilouto
2903 2642 3043 2695 enim
3074 2639 3324 2707 dicebat,
3350 2640 3434 2710 qui
3460 2649 3611 2693 tamen
3632 2648 3707 2689 non

2199 2733 2489 2788 secundum
2520 2734 2789 2789 hominem
2822 2735 3070 2790 vivebat:
3103 2734 3231 2789 Non
3257 2736 3372 2804 quia
3397 2734 3547 2788 idonei
3578 2743 3707 2786 stunt!

2198 2826 2417 2895 cogitare
2439 2826 2632 2896 aliquid
2659 2843 2690 2878 a
2716 2827 2855 2881 nobis
2874 2827 3018 2897 quasi
3033 2843 3095 2881 ex
3120 2827 3479 2899 nobismetipsis
3499 2841 3516 2890 ;
3538 2823 3612 2880 sed
3626 2823 3708 2892 su{-'

2197 2917 2416 2986 ﬁcientia
2445 2927 2618 2970 nostra
2639 2934 2702 2971 ea:
2725 2917 2830 2972 Deo
2851 2929 2922 2972 est
2945 2917 3013 2990 (ll
3049 2918 3174 2973 Cor.
3210 2936 3287 2986 ιιι,
3314 2919 3387 2990 5).
3432 2917 3547 2972 Vide
3577 2914 3615 2970 si
3649 2927 3710 2967 sed

2197 3011 2427 3065 cundum
2453 3010 2722 3066 hominem
2763 3013 3000 3078 vivebat,
3022 3013 3114 3082 qui
3138 3014 3402 3068 veraciter
3425 3011 3515 3066 iSta
3533 3007 3708 3065 dicebat.

2198 3103 2506 3159 Admouens
2532 3119 2660 3175 ergo
2688 3105 2974 3174 Apostolus
3001 3105 3306 3173 hominem,
3330 3121 3394 3160 uc
3421 3106 3546 3159 vivat
3566 3113 3711 3158 SL'Clln‘

2198 3195 2323 3250 dum
2351 3196 2621 3253 hominem
2645 3239 2661 3265 ,
2691 3198 2959 3256 hominem
2987 3199 3097 3254 Deo
3121 3199 3317 3255 reddit.
3347 3200 3442 3267 Qui
3460 3207 3610 3253 autem
3632 3208 3710 3248 non

2198 3287 2327 3342 vivit
2350 3289 2642 3343 secundum
2670 3289 2961 3359 hominem,
2989 3289 3085 3345 sed
3105 3290 3397 3347 secundum
3420 3291 3594 3355 Deum,
3615 3299 3706 3356 pros

2199 3378 2338 3434 fecto
2362 3396 2468 3435 non
2491 3381 2617 3435 vivit
2645 3382 2802 3437 etiam
2839 3381 3134 3437 secundum
3165 3384 3429 3455 seipsum;
3458 3382 3564 3452 quia
3588 3379 3708 3429 homo

2197 3483 2279 3529 est
2306 3483 2360 3528 ct
2381 3475 2514 3545 ipse.
2543 3473 2646 3530 Sed
2671 3475 2792 3530 ideo
2819 3475 3015 3530 dicitur
3050 3477 3215 3531 etiam
3248 3475 3523 3532 secundum
3547 3477 3712 3524 carnem

2197 3567 2412 3634 vivere,
2440 3583 2562 3622 cum
2595 3568 2666 3621 ita
2692 3568 2848 3634 vivit;
2881 3569 3007 3639 quia
3048 3577 3104 3623 et
3144 3584 3310 3624 carne
3351 3567 3459 3621 sola
3499 3560 3713 3620 nominata

2199 3661 2508 3731 intelligitur
2554 3661 2735 3730 homo,
2766 3662 2906 3733 quod
2930 3663 3041 3733 jam
3086 3662 3418 3718 ostendimus
3447 3659 3599 3714 :sicut
3632 3652 3713 3709 sola

2198 3754 2372 3807 anima
2396 3754 2665 3808 nominata
2691 3755 2999 3823 intelligitur
3029 3751 3228 3820 homo;
3271 3755 3408 3809 unde
3428 3752 3604 3808 dictum
3629 3752 3710 3808 esti

2203 3843 2380 3898 Omnis
2428 3845 2596 3897 anima
2652 3842 3025 3896 sublimioribus
3082 3845 3408 3914 potestatibus
3465 3840 3638 3896 subdita
3671 3834 3717 3887 sit

2200 3937 2375 4007 (Rom.
2407 3952 2523 4001 xm,
2555 3937 2633 4008 1),
2662 3936 2712 3991 id
2745 3947 2844 4002 est,
2877 3937 3050 3991 omnis
3078 3936 3278 4004 homo;
3312 3949 3397 4004 et,
3445 3931 3718 4006 Septuaginta

2198 4031 2417 4104 quinque
2451 4031 2633 4085 animm
2672 4032 3032 4086 descenderunt
3070 4032 3122 4086 in
3168 4031 3452 4104 ngyptum
3472 4043 3572 4082 cum
3595 4016 3716 4076 Jacoi

2200 4123 2351 4196 (Gen.
2376 4139 2525 4189 XLVI,
2557 4123 2649 4195 27)
2670 4166 2684 4190 ,
2719 4124 2769 4178 id
2798 4134 2878 4178 est
2900 4166 2915 4190 ,
2957 4124 3292 4195 septuaginta
3336 4125 3556 4191 quinque
3590 4109 3721 4170 humi.

2199 4230 2316 4270 nes.
2344 4214 2463 4269 Noli
2485 4230 2610 4286 ergo
2637 4215 2815 4271 vivere
2844 4215 3136 4270 secundum
3171 4223 3223 4269 te
3253 4215 3423 4285 ipsum
3443 4253 3458 4280 ,
3498 4227 3528 4265 ο
3559 4209 3718 4262 homo:

2199 4305 2324 4361 inde
2353 4307 2592 4376 perieras
2615 4347 2630 4372 ,
2667 4305 2760 4361 sed
2813 4307 3068 4377 quaesitus
3105 4320 3186 4361 es.
3215 4305 3369 4371 Noli,
3415 4305 3638 4373 inquam,
3662 4292 3720 4345 vi-

2198 4413 2322 4452 vere
2347 4397 2637 4452 sccundum
2663 4407 2712 4452 te
2741 4398 2912 4467 ipsum
2943 4415 2956 4450 :
2987 4397 3109 4452 inde
3141 4398 3378 4467 perieras
3397 4438 3410 4463 ,
3442 4405 3493 4451 et
3529 4394 3723 4447 iuvet!!!Is

2198 4503 2258 4543 es
2282 4490 2323 4540 ².
2359 4489 2474 4542 Noli
2504 4490 2680 4543 carnis
2727 4505 2979 4544 accusare
3027 4499 3303 4556 naturam,
3351 4486 3551 4560 quando
3575 4477 3720 4538 audis.

2201 4578 2262 4634 Si
2286 4579 2561 4632 secundum
2588 4597 2788 4634 carnem
2811 4581 3054 4649 vixeritis,
3077 4582 3382 4634 moriemini.
3403 4580 3488 4634 Sic
3505 4574 3626 4631 enim
3646 4562 3721 4621 dici

2199 4673 2402 4744 potuit,
2434 4681 2488 4726 et
2534 4673 2808 4727 verissime
2837 4674 3005 4742 potuit
3030 4715 3044 4736 .
3076 4674 3133 4729 Si
3183 4673 3474 4728 secundum
3501 4680 3584 4722 vos
3615 4661 3725 4714 visc-

2201 4767 2352 4830 ritis,
2392 4765 2716 4819 moriemini.
2756 4763 2888 4818 Nam
2920 4765 3164 4820 diabolus
3195 4780 3302 4818 non
3327 4764 3484 4817 habet
3526 4761 3722 4813 carnem.

2199 4868 2252 4914 et
2301 4868 2474 4912 tamen
2516 4856 2638 4927 quia
2680 4856 2972 4911 secundum
3013 4870 3073 4911 se
3119 4856 3292 4926 ipsum
3349 4854 3524 4909 vivere
3569 4840 3720 4902 voluit;

2197 4953 2250 5006 in
2279 4952 2484 5004 veritate
2504 4968 2602 5004 non
2632 4950 2784 5004 stetit.
2815 4949 2950 5016 Quid
2981 4965 3109 5018 ergo
3153 4949 3350 5003 mirum
3371 4948 3392 4979 ³
3414 4948 3458 5001 si
3483 4935 3720 4998 secundum

2197 5058 2255 5099 se
2285 5044 2456 5112 ipsum
2488 5044 2670 5096 vivens
2690 5083 2704 5109 ,
2729 5058 2843 5095 cum
2872 5041 3094 5112 loquitur
3119 5040 3456 5103 mendacium,
3497 5034 3551 5088 de
3574 5023 3722 5084 suolo‘

2197 5136 2366 5205 quitur
2411 5132 2589 5204 (Joan.
2617 5147 2730 5197 vut,
2777 5131 2867 5201 44)
2888 5131 2912 5185 ?
2937 5130 3081 5201 quod
3105 5145 3294 5186 verum
3319 5129 3386 5183 de
3429 5126 3514 5181 illo
3557 5116 3724 5175 Veritas

2197 5225 2354 5280 dixit.

2240 5317 2326 5372 CA
2336 5317 2464 5373 PUT
2480 5316 2645 5371 V.-‘-i
2655 5316 2708 5370 Ξ.
2726 5315 2779 5369 Ν
2782 5332 2846 5370 οη
2857 5315 2984 5385 ﬁdat
2997 5313 3062 5370 de
3079 5330 3133 5369 se
3151 5313 3236 5386 qui
3255 5313 3358 5367 vult
3377 5307 3560 5381 peccati
3577 5309 3723 5356 concat-

2197 5459 2228 5496 a
2259 5444 2424 5507 Verbo,
2454 5451 2547 5507 etc.
2565 5443 2944 5507 Genovetieanus
2959 5441 3135 5504 codex,-
3159 5449 3372 5494 nostrum
3387 5445 3474 5499 est,
3497 5443 3540 5486 ut
3555 5427 3728 5483 cluis!“

2197 5508 2392 5572 veniret,
2410 5505 2656 5572 hominem
2677 5521 2708 5556 a
2739 5505 2908 5572 Verbo,
2927 5515 3022 5572 etc.
3264 5564 3274 5572 ι
3324 5561 3334 5572 ,

2262 5574 2281 5604 ι
2305 5564 2408 5620 Sola
2433 5571 2580 5619 editio
2600 5577 2732 5632 Lov.:
2759 5569 2927 5619 audiat
2949 5568 3089 5618 homo
3109 5564 3433 5632 approbrium.
3557 5617 3568 5627 .

2263 5616 2581 5704 {scissas
2601 5616 2783 5702 sum
2799 5616 3101 5704 magna;
3118 5616 3287 5692 εῖιμιία
3305 5623 3532 5690 μενέει-αδ,
3552 5616 3726 5671 vitam

2197 5709 2266 5746 es.
2291 5702 2420 5750 Lov.,
2443 5700 2486 5744 si
2507 5700 2740 5756 perieras,
2763 5700 2978 5744 inventus
2993 5707 3061 5756 es.

2263 5738 2372 5806 {uva
2389 5738 3072 5819 illitiég'ugsfxi'éaiii;"oiia
3089 5766 3204 5817 ergo
3221 5748 3376 5802 verius
3413 5762 3431 5800 .'
3457 5754 3506 5798 et
3526 5742 3654 5795 iidem
3666 5738 3725 5794 λιι·

2200 5819 2269 5871 ira
2291 5817 2546 5880 ιιιοζιμιοίι
2573 5829 2762 5882 verum;
2781 5818 2981 5880 trahent,
3005 5819 3131 5882 quod
3156 5827 3280 5866 vere.
