3896 6382
52 2767 84 2784 με·

52 2789 80 2800 ν

52 2881 84 2892 ’,η

328 325 395 380 εὖτ
1707 314 1909 370 LIBER
1951 316 2147 374 usus.
3459 345 3565 404 558

329 435 575 510 piscantium
592 434 804 489 uincere.
836 431 1121 487 Excusatio
1150 443 1462 504 peccatorum
1485 431 1757 486 cohibenda
1787 448 1877 504 per

330 527 659 586 continentiam.
705 523 1092 580 Excusaliones
1141 526 1191 578 in
1237 527 1450 593 peccatis
1480 525 1702 578 diverste.
1753 523 1875 577 Fati

328 619 561 682 accusatio,
611 617 832 686 fortuna:
869 657 886 679 ,
920 615 1132 682 diaboli,
1166 615 1261 669 Dei
1287 631 1401 670 vero
1436 615 1593 684 ipsius
1622 633 1653 668 a
1703 613 1875 668 Mani-

325 711 465 764 rlaris.
490 708 613 764 Cum
641 723 768 777 ergo
793 707 951 760 audis
976 750 990 774 ,
1035 705 1306 760 Peccatum
1334 706 1466 759 vobis
1494 723 1593 759 non
1637 707 1870 759 domina-

319 802 457 865 bitur;
481 800 581 854 noli
601 799 669 853 de
699 808 750 852 te
779 799 945 853 ﬁdere
966 840 981 863 ,
1009 807 1066 852 nt
1097 807 1370 867 peccatum
1418 798 1510 852 tibi
1557 815 1658 852 non
1689 798 1869 853 domi-

315 901 474 954 netur;
500 890 587 945 sed
614 889 680 943 de
723 890 815 942 illo
864 889 950 942 cui
991 889 1117 943 dicit
1164 904 1324 942 orans
1364 889 1574 959 quidam
1607 897 1862 956 sanctus,

312 982 482 1034 Itinera
506 998 610 1032 mea
648 981 814 1050 dirige
841 980 1120 1033 secundum
1149 981 1353 1033 verbum
1378 989 1541 1043 tuum,
1566 989 1610 1032 et
1638 997 1739 1034 non
1769 981 1866 1033 (lo-

305 1074 501 1125 minetnr
526 1072 645 1126 mihi
672 1072 842 1124 omnis
869 1071 1108 1140 iniquitas
1138 1069 1304 1141 (Psal.
1335 1085 1519 1132 CXVIII,
1576 1070 1725 1140 155).
1776 1070 1869 1123 Εῑ-

300 1165 434 1218 enim
456 1177 517 1217 ne
553 1162 690 1217 forte
712 1204 726 1227 ,
758 1178 879 1217 cum
903 1163 1257 1229 audissemus,
1289 1161 1555 1215 Peccatum
1585 1162 1721 1215 vobis
1764 1178 1864 1215 non

295 1259 635 1320 dominabitur,
678 1272 781 1312 nos
814 1257 961 1326 ipsos
1003 1255 1408 1320 extolleremus,
1453 1264 1507 1308 et
1534 1253 1734 1307 viribus
1765 1270 1864 1307 no-

290 1352 417 1407 stris
439 1351 533 1405 boc
575 1349 972 1413 tribueremus,
1004 1348 1184 1402 statim
1232 1347 1331 1400 hoc
1369 1346 1500 1400 vidit
1541 1345 1861 1414 Apostolus,

287 1455 443 1512 atque
466 1441 685 1510 subjecit
707 1483 720 1504 ,
752 1438 876 1494 Non
903 1440 1034 1492 enim
1060 1439 1177 1492 estis
1196 1439 1286 1492 sub
1314 1437 1441 1509 lege,
1471 1437 1560 1492 sed
1587 1438 1676 1492 sub
1700 1438 1866 1508 gratia

287 1533 692 1604 (Rennuit).
741 1532 920 1587 Gratia
967 1531 1149 1601 itaque
1191 1531 1317 1585 facit
1363 1539 1420 1584 ut
1463 1541 1738 1602 peccatum
1769 1532 1864 1586 tibi

288 1645 400 1682 non
427 1627 738 1682 dominetur.
766 1624 885 1681 Noli
917 1641 1044 1694 ergo
1072 1624 1138 1678 de
1169 1633 1219 1679 te
1246 1625 1426 1685 ﬁdere,
1464 1640 1530 1679 ne
1559 1625 1724 1678 multo
1745 1640 1860 1678 am-

289 1719 431 1788 plius
455 1719 571 1773 inde
617 1717 710 1772 tibi
739 1717 1065 1771 dominetur.
1100 1716 1165 1770 Et
1195 1732 1314 1769 cum
1355 1716 1636 1783 audimus,
1672 1716 1732 1770 Si
1759 1717 1864 1786 spi-

284 1810 393 1862 ritu
425 1810 633 1862 actiones
671 1809 839 1863 carnis
875 1808 1316 1877 morti/icaveritis,
1366 1808 1571 1872 vit-etis;
1611 1824 1715 1863 non
1763 1808 1862 1864 hoc

286 1909 495 1955 tantum
523 1900 708 1954 bonum
738 1900 944 1970 spiritui
977 1908 1198 1966 nostro,
1248 1899 1399 1969 quasi
1449 1915 1543 1969 per
1584 1915 1642 1954 se
1689 1899 1860 1970 ipsum

292 1995 468 2062 possit
484 1994 582 2046 ista
602 2035 617 2060 ,
645 1994 950 2047 tribuamus.
981 1991 1113 2047 Nam
1154 2007 1221 2045 ne
1249 1991 1407 2046 istum
1433 1991 1701 2047 carnalem
1733 2008 1860 2048 scn-

296 2100 426 2139 sum
442 2084 824 2152 spiritumortuo
852 2083 1028 2154 potius
1053 2099 1210 2153 quam
1234 2083 1588 2138 mortificant'e
1608 2085 1624 2115 ¹
1647 2098 1860 2154 sapere-

295 2193 459 2242 mus,
487 2179 617 2232 illico
647 2178 864 2243 addidit,
897 2177 1154 2250 Quotquot
1178 2180 1313 2234 enim
1337 2178 1538 2248 Spiritu
1578 2179 1674 2232 DIi
1698 2196 1858 2248 agun-

289 2278 405 2333 tssr,
431 2268 486 2322 Iu'
502 2270 596 2338 ﬁlii
611 2268 823 2323 σηιειῦέὶ
841 2269 953 2343 (Id.
976 2287 1093 2336 VIII,
1116 2271 1202 2337 13,
1229 2271 1336 2339 Η).
1369 2271 1549 2341 Itaque
1576 2280 1632 2326 ut
1670 2274 1860 2341 Spiritu

291 2373 477 2416 nostro
501 2377 649 2432 opera
670 2366 842 2418 carnis
871 2365 1278 2429 mortificemus,
1303 2363 1500 2434 Spiritu
1531 2365 1622 2422 Dei
1650 2367 1860 2436 agimur

289 2451 381 2520 qui
403 2452 487 2506 dat
510 2455 877 2509 continentiam
900 2497 916 2524 ,
955 2472 1057 2527 qua
1088 2457 1379 2527 fronemus,
1403 2457 1703 2527 domemus,
1739 2460 1856 2513 vio-

291 2559 468 2599 camus
493 2550 995 2618 concupiscentiam.

366 2638 446 2692 l3.
474 2637 526 2692 In
546 2641 642 2694 boc
668 2650 774 2695 tam
812 2657 1006 2712 magno
1036 2642 1217 2711 pra‘lio
1237 2686 1250 2708 ,
1284 2643 1335 2698 in
1377 2659 1484 2714 quo
1522 2644 1653 2700 vivit
1697 2643 1857 2699 homo

296 2727 394 2780 sub
418 2730 597 2799 gratia,
625 2742 678 2788 et
705 2747 827 2788 cum
855 2733 992 2788 bene
1021 2743 1220 2804 pugnat
1247 2735 1462 2805 adjutus
1486 2778 1500 2802 ,
1543 2736 1773 2792 exsultat
1803 2739 1856 2792 in

303 2815 511 2876 Domino
534 2839 644 2877 cum
672 2834 904 2880 tremore
925 2868 940 2891 ,
974 2843 1080 2880 non
1110 2826 1305 2881 desunt
1329 2836 1504 2883 tamen
1535 2829 1694 2884 etiam
1725 2838 1857 2886 stre-

303 2911 422 2964 nuis
442 2913 756 2972 bellatoribus
775 2959 791 2983 ,
831 2926 885 2971 et
909 2931 1131 2986 operum
1156 2919 1335 2974 carnis
1361 2920 1603 2990 quamvis
1643 2919 1856 2978 invictis

305 3003 735 3062 mortificatoribus
759 3049 776 3073 ,
829 3009 1004 3078 aliqua
1048 3009 1270 3064 vulnera
1327 3020 1694 3080 peccatorum,
1732 3027 1856 3080 pro-

303 3107 419 3166 pter
436 3116 538 3170 qum
561 3103 790 3157 sananda
812 3102 1050 3173 quotidie
1088 3104 1350 3160 veraciter
1377 3105 1559 3160 dicant
1583 3146 1598 3170 ,
1645 3105 1852 3159 Dimitte

293 3190 434 3243 nobis
461 3191 607 3246 debita
644 3204 819 3247 nostra
845 3192 1057 3260 (Matth.
1086 3210 1159 3262 VI,
1185 3191 1274 3266 12)
1301 3211 1315 3248 :
1342 3202 1527 3250 contra
1557 3195 1741 3252 eadem
1773 3195 1848 3251 vis

293 3279 463 3343 lia,et
503 3293 675 3340 contra
729 3285 1002 3341 diabolum
1038 3287 1334 3358 principem
1364 3303 1650 3358 regemque
1695 3288 1851 3344 vitio-

287 3384 428 3437 rum,
456 3379 608 3432 tsalto
629 3379 934 3448 vigilantius
959 3388 1012 3434 et
1037 3379 1213 3434 acrius
1245 3380 1358 3449 ipsa
1377 3380 1618 3435 oratione
1644 3388 1850 3436 certan-

284 3467 394 3524 tes,
425 3478 490 3516 ne
518 3468 718 3523 valeant
740 3469 941 3540 aliquid
970 3471 1261 3536 mortifera:
1290 3472 1661 3542 suggestiones
1696 3471 1845 3542 ejus,

280 3555 473 3622 quibus
494 3558 690 3628 instigat
719 3564 940 3634 insuper
960 3572 1295 3634 peccatorem
1327 3565 1392 3620 ad
1415 3580 1509 3621 sua
1539 3565 1843 3622 excusanda

277 3648 460 3714 potius
480 3664 621 3719 quam
647 3655 946 3706 accusanda
971 3666 1223 3722 peccata;
1270 3673 1335 3713 ac
1379 3657 1456 3714 sic
1503 3657 1595 3713 illa
1625 3659 1844 3714 vulnera

272 3751 384 3791 non
413 3740 565 3795 modo
583 3757 683 3797 non
712 3752 992 3808 sanentur,
1024 3759 1210 3799 verum
1240 3748 1400 3804 etiam
1421 3791 1436 3814 ,
1468 3750 1567 3804 etsi
1599 3750 1845 3806 mortife—

271 3843 332 3882 ra
358 3846 466 3886 non
486 3843 631 3888 erant
653 3875 667 3899 ,
691 3835 931 3904 graviter
950 3844 1004 3890 et
1021 3835 1286 3890 letlialiter
1311 3835 1636 3906 lnlllgantur.
1674 3843 1737 3896 Et
1758 3842 1846 3898 hic

264 3935 395 3992 ergo
417 3925 648 3980 cautiore
694 3940 833 3996 opus
861 3936 946 3981 est
991 3925 1318 3982 continentia
1341 3968 1356 3990 ,
1390 3942 1493 3996 qua
1533 3927 1846 3982 cohibeatur

263 4015 522 4081 superbus
561 4015 794 4071 hominis
822 4017 1110 4087 appetitus,
1143 4033 1250 4088 quo
1277 4018 1450 4088 placet
1491 4018 1591 4073 sibi
1635 4027 1686 4074 et
1740 4033 1844 4075 non

268 4106 379 4158 vult
399 4107 672 4176 culpabilis
713 4108 969 4175 inveniri,
1000 4108 1424 4180 dedignaturque
1463 4124 1584 4165 cum
1622 4118 1842 4180 peccat,

260 4199 500 4254 convinci
527 4199 668 4271 quod
700 4201 816 4270 ipse
848 4202 1178 4270 peccaverit;
1222 4217 1329 4256 non
1380 4201 1580 4256 salubri
1627 4201 1844 4256 Immiti-

260 4295 368 4343 tate
391 4291 687 4360 suseipiens
711 4293 1104 4348 accusationem
1151 4293 1271 4359 sui,
1315 4292 1409 4348 sed
1440 4294 1844 4348 excusationem

257 4381 435 4446 potius
470 4384 683 4438 ruinosa
712 4383 948 4440 elatione
981 4385 1325 4455 conquirens.
1356 4384 1438 4439 Ad
1470 4384 1610 4440 hanc
1649 4400 1844 4456 super-

259 4471 401 4528 biam
445 4477 832 4545 coercendam,
876 4479 1259 4534 continentiam
1309 4478 1498 4548 petivit
1533 4493 1566 4534 a
1617 4479 1845 4536 Domino

260 4561 347 4617 ille
365 4607 382 4630 ,
409 4568 555 4636 cujus
575 4569 820 4639 superius
848 4570 1007 4624 verba
1032 4570 1143 4639 jam
1195 4571 1380 4640 posui,
1411 4579 1467 4626 et
1492 4571 1629 4626 sicut
1654 4572 1799 4642 potui
1825 4612 1841 4640 ,

262 4660 642 4713 commodavi.
675 4659 913 4731 Namque
940 4675 1060 4714 cum
1107 4660 1344 4725 dixisset,
1397 4660 1560 4727 Pone,
1603 4662 1841 4732 Domine,

267 4747 535 4801 cur‘odiain
559 4751 638 4803 ori
667 4767 799 4817 meo,
842 4760 889 4804 et
931 4752 1114 4806 ostium
1141 4754 1463 4808 continentiae
1489 4755 1678 4807 circum
1704 4754 1841 4808 labia

273 4851 412 4901 nica;
441 4857 498 4894 ne
539 4842 762 4897 declines
809 4859 900 4896 cor
936 4861 1104 4898 meum
1146 4845 1197 4898 in
1225 4845 1372 4899 verba
1407 4845 1668 4916 maligna;
1696 4847 1842 4903 unde

275 4925 370 4982 hoc
435 4931 629 4989 diceret
673 4934 974 4991 evidentius
1027 4936 1330 5007 esplicans,
1361 4938 1430 4992 ad
1490 4938 1840 5006 excusandas,

278 5016 434 5088 inquit
456 5064 472 5085 ,
497 5027 840 5081 excusationes
860 5027 911 5080 in
935 5030 1152 5096 peccatis
1173 5029 1345 5099 (Psal.
1371 5043 1493 5096 CXL,
1517 5030 1570 5094 5,
1599 5031 1674 5100 4).
1704 5028 1842 5096 Quid

278 5112 410 5165 enim
434 5116 707 5186 malignius
747 5118 834 5173 bis
862 5120 1070 5186 verbis,
1099 5120 1292 5190 quibus
1336 5122 1509 5177 malus
1547 5124 1745 5178 malum
1783 5139 1844 5179 se

279 5213 452 5271 negat,
499 5208 654 5260 etiam
698 5206 767 5262 de
795 5223 956 5278 opere
994 5212 1138 5266 malo
1165 5213 1439 5267 convictus
1465 5212 1608 5284 quod
1647 5229 1844 5282 negare

283 5307 380 5348 nou
408 5297 606 5353 valeat?
629 5297 698 5354 Et
722 5297 977 5370 quoniam
1009 5300 1202 5357 factum
1235 5319 1342 5358 non
1393 5313 1568 5373 potest
1616 5313 1799 5376 tegere
1822 5347 1840 5373 ,

288 5400 373 5439 nec
395 5387 712 5446 benefactum
744 5399 922 5461 potest
958 5390 1157 5459 dicere,
1195 5402 1248 5448 et
1291 5410 1320 5448 a
1374 5411 1431 5449 se
1470 5395 1663 5450 factum
1700 5397 1846 5452 videt

293 5485 444 5541 patere
467 5521 481 5544 ,
509 5481 698 5550 qua-rit
723 5481 778 5536 in
805 5481 968 5537 alium
997 5481 1201 5539 referre
1238 5485 1381 5554 quod
1411 5483 1556 5552 fecit,
1589 5495 1837 5556 tanquam

293 5563 392 5624 irde
412 5573 568 5641 possit
589 5575 798 5631 auferre
823 5575 965 5645 quod
988 5578 1202 5632 meruit.
1232 5577 1427 5634 Nelcns
1451 5593 1508 5634 se
1525 5593 1645 5636 cs=.e
1671 5595 1840 5647 reum,

340 5769 430 5818 ’διε
449 5774 548 5820 Mss.
580 5778 631 5821 At
647 5772 781 5830 editi,
808 5768 1094 5834 ririﬁcante.

1984 431 2128 486 addit
2144 435 2317 503 potius
2329 435 2394 491 ad
2413 447 2635 503 reatum,
2651 451 2806 499 etsna
2825 450 3248 526 excusant/lorica
3261 461 3564 517 accusando

1979 534 2214 592 peccata,
2238 528 2440 597 ignorat
2457 547 2558 585 non
2579 549 2637 588 se
2653 550 2866 604 poenam
2887 557 3186 608 removere.
3212 549 3305 604 sed
3323 553 3552 609 veniam.

1979 615 2131 683 Apud
2180 617 2422 675 homines
2452 624 2592 679 enim
2615 626 2843 695 judiees,
2872 636 3121 702 quoniam
3163 638 3268 694 falli
3301 655 3554 714 possunt,

1975 721 2304 791 quacumque
2318 712 2456 767 velut
2472 731 2695 786 purgare
2711 719 2910 775 fallacia
2923 727 3060 794 quod
3081 745 3352 800 perperam
3366 712 3564 793 factum

1975 807 2057 852 est
2075 840 2088 866 ,
2120 800 2371 869 prodesse
2395 805 2592 875 aliquid
2619 810 2826 866 videtur
2854 814 2918 868 ad
2957 825 3164 887 tempus
3189 838 3201 873 :
3225 825 3362 892 apud
3388 827 3554 884 Deum

1973 896 2148 942 autem
2171 930 2185 953 ,
2209 889 2296 959 qui
2319 891 2422 946 falli
2450 911 2555 949 non
2580 909 2784 966 potest,
2821 919 2924 957 non
2955 916 3037 960 est
3066 889 3364 969 adhibenda
3395 916 3556 976 fallax

1973 977 2230 1061 defensio,
2260 983 2352 1037 sed
2380 1001 2535 1042 verax
2564 992 2826 1048 confessio
2848 1009 3213 1066 peccatorum.

2044 1071 2131 1124 lli.
2168 1072 2232 1125 Et
2257 1075 2340 1128 alii
2365 1079 2580 1146 quidem
2615 1085 2704 1153 qui
2747 1101 2841 1140 sua
2879 1105 3277 1152 consueverunt
3300 1115 3556 1162 excusare

1972 1170 2210 1227 peccata,
2253 1164 2358 1219 fato
2397 1183 2455 1222 se
2492 1170 2557 1224 ad
2613 1177 2936 1242 peccandum
2977 1197 3274 1252 queruntur
3317 1192 3555 1263 impelli,

1971 1259 2218 1322 tanquam
2255 1255 2353 1342 hoc
2382 1257 2717 1319 decreverint
2735 1266 2906 1323 sidera
2928 1313 2942 1337 ,
2978 1282 3029 1326 et
3053 1276 3248 1332 corium
3280 1255 3426 1348 prius
3471 1255 3553 1340 ta;

1971 1342 2037 1395 lia
2065 1343 2398 1403 decernendo
2423 1359 2739 1424 peccaverit,
2765 1369 2820 1414 ut
2851 1360 3011 1418 homo
3048 1377 3229 1436 postea
3254 1342 3378 1428 talia
3403 1392 3552 1432 com-

1971 1434 2228 1488 mittenda
2260 1453 2517 1508 peccaret.
2543 1447 2642 1500 Alii
2665 1447 2888 1506 fortuna:
2905 1434 3108 1512 malunt
3124 1459 3386 1531 imputare
3407 1467 3547 1538 quod

1965 1534 2193 1591 prccant
2219 1546 2232 1581 :
2262 1530 2348 1599 qui
2372 1534 2548 1589 omnia
2582 1536 2809 1596 fortuitis
2853 1545 3063 1601 casibus
3092 1530 3280 1621 agit-ari
3319 1530 3545 1628 putant;

1969 1631 2067 1671 nec
2099 1626 2274 1673 tamen
2311 1621 2412 1676 hoc
2453 1638 2511 1680 se
2554 1627 2764 1684 fortuita
2811 1635 3146 1708 temeritate,
3201 1645 3294 1698 sed
3319 1621 3551 1719 perspe;

1963 1717 2050 1760 cla
2079 1710 2284 1765 ratione
2314 1728 2501 1784 sapere
2526 1729 2686 1789 atque
2715 1735 3018 1782 asseverare
3036 1710 3385 1789 contendunt.
3410 1710 3552 1805 Qua-

1966 1797 2030 1851 lis
2056 1815 2182 1869 ergo
2208 1801 2473 1861 dementia
2501 1819 2581 1863 est
2600 1850 2615 1876 ,
2640 1812 3024 1882 disputationes
3058 1835 3181 1877 suas
3217 1797 3550 1886 rationinri-

1965 1890 2128 1946 buere
2147 1935 2160 1957 ,
2193 1903 2246 1948 et
2267 1897 2504 1954 actiones
2531 1915 2654 1958 suas
2681 1907 2890 1962 casibus
2915 1911 3354 1984 subjugare?Alii
3377 1929 3547 1980 totum

1959 1982 2104 2049 quod
2132 1985 2270 2038 male
2298 1986 2514 2055 faciunt,
2552 1992 2605 2046 in
2636 1993 2902 2052 diabolum
2933 1982 3171 2060 referunt
3199 2025 3215 2059 :
3241 2024 3340 2064 nec
3366 2012 3551 2070 volunt

1960 2088 2085 2128 cum
2118 2076 2208 2131 illo
2239 2077 2436 2136 habere
2477 2083 2558 2136 vel
2591 2095 2831 2158 partem,
2858 2103 2981 2146 cum
3013 2094 3160 2150 illum
3192 2100 3291 2154 sibi
3317 2105 3544 2162 occultis

1963 2169 2390 2238 suggestionibus
2431 2176 2570 2230 mala
2620 2181 2854 2238 suasisse
2909 2187 3165 2255 suspicari
3207 2194 3442 2261 possint,
3489 2208 3548 2253 se

1963 2268 2138 2313 autem
2197 2261 2302 2316 illis
2352 2267 2810 2336 suggestionibus,
2877 2273 3246 2348 undecumque
3312 2281 3544 2353 fuerint,

1962 2348 2297 2407 consensisse
2322 2351 2565 2412 dubitare
2596 2374 2697 2413 non
2731 2362 2953 2431 possint.
2985 2364 3119 2422 Sunt
3142 2371 3300 2426 etiam
3335 2375 3422 2444 qui
3445 2348 3547 2432 ex;

1962 2441 2289 2497 cusationcm
2320 2460 2469 2501 suam
2492 2451 2784 2506 extendunt
2815 2454 2866 2508 in
2885 2461 3278 2517 accusationem
3307 2441 3397 2520 Dei
3418 2507 3431 2529 ,
3459 2468 3546 2522 di-

1963 2531 2087 2584 vino
2125 2532 2327 2602 judicio
2378 2538 2594 2605 miseri,
2650 2556 2748 2597 suo
2788 2554 2966 2602 autem
3008 2548 3187 2606 furore
3226 2553 3546 2622 blasphemi.

1962 2615 2170 2676 Etenim
2201 2624 2456 2682 adversus
2477 2645 2596 2684 eum
2627 2647 2690 2686 ex
2722 2638 2990 2692 contrario
3007 2640 3264 2710 principio
3289 2642 3545 2702 inducunt

1961 2714 2085 2768 mali
2115 2716 2465 2774 substantiam
2503 2723 2848 2779 rebellantem
2869 2767 2884 2791 ,
2921 2729 3006 2782 cui
3029 2745 3135 2784 non
3167 2733 3426 2801 potuisset
3454 2752 3544 2792 re-

1961 2805 2171 2871 sistere,
2201 2808 2300 2862 nisi
2323 2811 2632 2866 substantia:
2655 2824 2965 2887 natumque
2994 2835 3105 2873 sua:
3127 2831 3332 2891 partem
3361 2825 3537 2884 eidem

1960 2898 2240 2955 rebellanti
2305 2905 2768 2962 eontaminandam
2823 2913 3377 2988 corrumpendamque
3443 2921 3544 2975 nti-

1959 2991 2188 3046 scuisset
2219 3011 2232 3047 :
2265 3001 2318 3048 et
2346 3004 2470 3048 tunc
2508 3012 2576 3075 se
2597 3013 2818 3066 peccare
2848 3000 3062 3069 dicunt,
3113 3007 3324 3075 quando
3354 3020 3544 3067 natura

1958 3083 2082 3136 mali
2113 3086 2365 3152 praevalet
2390 3074 2590 3141 natura:
2622 3089 2736 3144 Dei.
2759 3090 2882 3146 llmc
2901 3074 3312 3152 Maniebmorum
3340 3110 3420 3155 est
3441 3101 3542 3156 im-

1957 3173 2304 3229 mundissimo
2346 3176 2581 3243 insania,
2625 3196 2849 3250 quorum
2897 3184 3323 3244 machinamenta
3353 3191 3543 3248 diabo-

1956 3263 2054 3318 lica
2083 3265 2331 3320 facillime
2356 3268 2552 3322 veritas
2593 3270 2891 3327 indubitata
2937 3275 3232 3345 subvertit,
3283 3296 3400 3350 qua:
3447 3283 3543 3340 Dei

1955 3365 2200 3410 naturam
2262 3358 2784 3415 incontaminabilem
2855 3371 3016 3434 atque
3085 3365 3543 3439 incorruptibilem

1954 3449 2254 3504 confitetur.
2284 3450 2421 3518 Quid
2451 3460 2624 3506 autem
2665 3451 2942 3524 flagitiosa:
2979 3459 3446 3519 contaminationis
3487 3474 3542 3522 et

1952 3543 2310 3612 corruptionis
2339 3543 2406 3598 dc
2437 3544 2552 3599 istis
2583 3546 2772 3600 merito
2819 3561 2925 3602 non
2965 3550 3222 3614 creditur,
3269 3567 3299 3606 a
3349 3555 3542 3625 quibus

1954 3633 2124 3701 Deus,
2155 3635 2245 3705 qni
2273 3650 2480 3691 summe
2515 3644 2672 3708 atque
2700 3638 3187 3710 incomparabiliter
3219 3644 3392 3702 bonus
3427 3655 3538 3714 est,

1950 3728 2376 3784 contaminabilis
2401 3737 2456 3784 et
2481 3732 2841 3801 corruptibilis
2869 3733 3146 3790 creditur?

2021 3817 2246 3874 CAPUT
2275 3819 2359 3874 Vl.
2386 3851 2459 3860 —
2486 3821 2572 3876 15.
2605 3821 2795 3877 Contra
2818 3825 2948 3878 alios
2975 3825 3062 3895 qui
3085 3834 3140 3879 ut
3175 3843 3228 3880 se
3259 3839 3528 3897 excusent,

1951 3909 2124 3962 dicunt
2146 3911 2343 3981 placere
2372 3909 2480 3966 Deo
2501 3923 2726 3980 peccata.
2751 3911 2884 3968 Dens
2908 3924 2954 3968 et
2976 3915 3038 3968 de
3064 3916 3212 3971 malis
3237 3921 3358 3989 facit
3385 3919 3536 3975 bona.

1955 3998 2121 4048 Homo
2146 4017 2258 4049 cum
2301 4011 2543 4066 potestate
2584 4004 2826 4071 peccandi
2861 4008 3054 4074 factus,
3098 4024 3190 4076 pro
3215 4011 3423 4075 prwmio
3449 4021 3540 4064 ac:

1950 4097 2188 4158 cepturus
2226 4105 2325 4142 non
2355 4107 2504 4160 posse
2543 4108 2771 4163 peccare.
2800 4093 2936 4149 Sunt
2974 4105 3028 4150 et
3069 4101 3158 4168 qui
3189 4115 3255 4154 eo
3300 4103 3459 4157 modo
3486 4103 3539 4159 in

1949 4180 2291 4235 excusatione
2311 4193 2650 4251 peccatorum
2669 4199 2884 4240 suorum
2903 4199 3157 4245 accusant
3174 4192 3363 4261 Deum,
3381 4205 3439 4249 ut
3458 4196 3541 4250 di-

1949 4280 2074 4327 cant
2093 4273 2140 4328 ei
2167 4273 2377 4342 placere
2405 4286 2641 4344 peccata.
2665 4276 2796 4332 Nam
2820 4280 2863 4332 si
2893 4280 3254 4353 displicerent,
3275 4285 3537 4356 inquiunt,

1949 4365 2094 4421 nullo
2149 4366 2310 4420 modo
2365 4382 2427 4422 ea
2481 4368 2593 4422 ﬁeri
2648 4371 3163 4442 omnipotentissima
3214 4379 3396 4446 utique
3440 4395 3538 4448 po-

1950 4465 2143 4514 testate
2165 4459 2512 4527 permittcrel.
2532 4460 2693 4529 Quasi
2715 4477 2843 4518 vero
2865 4474 3079 4533 peccata
3104 4466 3245 4523 Deus
3271 4468 3532 4539 impunita

1949 4564 2070 4605 esse
2097 4550 2429 4620 permiserit,
2459 4553 2694 4607 etiamin
2721 4554 2799 4608 eis
2827 4569 2962 4624 quos
2987 4571 3018 4611 a
3047 4558 3310 4628 supplicio
3341 4564 3540 4633 sempia

1951 4650 2104 4696 terno
2133 4642 2451 4699 remissione
2498 4644 2689 4700 liberat
2728 4655 3089 4716 peccatorum.
3131 4650 3316 4708 Nullus
3341 4655 3540 4727 quippe

1949 4735 2143 4790 debita:
2167 4735 2430 4806 gravioris
2458 4751 2630 4807 pmnze
2668 4738 2860 4810 accipit
2890 4742 3103 4797 veniam
3123 4784 3138 4810 ,
3167 4744 3267 4800 nisi
3296 4747 3537 4817 qualem-

1949 4843 2178 4899 cumque
2197 4871 2211 4894 ,
2239 4829 2338 4884 etsi
2368 4829 2527 4900 longe
2547 4831 2808 4886 minorem
2839 4848 2998 4901 quam
3030 4834 3290 4903 debebat,
3318 4839 3541 4894 solverit

1949 4937 2162 4992 pinnam
2189 4940 2205 4977 :
2229 4931 2386 4994 atque
2426 4923 2497 4978 ita
2544 4925 2846 4998 impartitur
2878 4927 3092 4997 largitas
3118 4930 3534 4998 misericordiae,

1948 5022 2009 5070 ut
2037 5030 2141 5070 non
2183 5016 2515 5086 relinquatur
2543 5018 2702 5072 etiam
2742 5019 2946 5088 justitia
2978 5020 3291 5089 diseiplinze.
3323 5015 3455 5077 Nam
3483 5029 3540 5079 et

1949 5116 2222 5180 peccatum
2251 5109 2392 5178 quod
2435 5111 2657 5164 inultum
2701 5111 2928 5176 videtur,
2959 5109 3119 5167 habet
3157 5113 3528 5186 pedisseqnam

1950 5213 2160 5268 pmnam
2192 5213 2376 5263 suam,
2404 5208 2463 5254 ut
2489 5214 2647 5254 nemo
2676 5197 2744 5255 de
2771 5199 3008 5256 admisso
3032 5202 3132 5256 nisi
3155 5212 3247 5259 aut
3274 5208 3534 5262 amaritu-

1948 5290 2074 5346 dine
2112 5290 2328 5356 doleat,
2358 5300 2448 5345 aut
2486 5292 2726 5346 caecitate
2766 5307 2872 5346 non
2912 5293 3110 5349 doleat.
3150 5295 3297 5352 Sicut
3322 5312 3451 5368 ergo
3481 5308 3536 5354 tu

1948 5384 2084 5439 dicis
2104 5421 2119 5450 ,
2148 5384 2254 5440 Cur
2283 5384 2541 5454 permittit
2569 5385 2667 5438 ista
2689 5426 2704 5450 ,
2735 5385 2778 5440 si
2807 5385 3126 5455 displicent?
3157 5390 3226 5444 ita
3257 5405 3358 5461 ego
3377 5391 3531 5459 dico,

1951 5477 2055 5530 Cur
2085 5477 2231 5542 punit
2256 5479 2351 5532 ista
2371 5518 2386 5540 ,
2414 5477 2458 5530 si
2485 5475 2738 5546 placent?
2767 5479 2844 5532 Ac
2873 5491 2968 5548 per
2989 5479 3090 5535 hoc
3121 5481 3257 5536 sicut
3283 5498 3382 5552 ego
3401 5500 3536 5539 eon-

1953 5568 2106 5623 fiteor
2129 5569 2269 5638 quod
2295 5569 2514 5624 omnino
2541 5570 2642 5624 ista
2669 5585 2775 5624 non
2805 5569 2993 5626 fierent
3014 5611 3027 5633 ,
3059 5573 3160 5626 nisi
3192 5573 3260 5626 ab
3279 5573 3535 5645 Omnipo—

1953 5670 2098 5715 tente
2141 5659 2610 5728 permitterentur;
2645 5660 2716 5714 ita
2766 5669 2820 5714 tu
2863 5661 3119 5716 confitere
3148 5661 3386 5719 facienda
3429 5680 3535 5722 non

1954 5770 2072 5809 esse
2103 5768 2220 5824 quae
2260 5767 2288 5806 a
2329 5751 2474 5822 justo
2519 5751 2808 5823 puniantur
2834 5771 2846 5805 :
2872 5759 2927 5806 ut
2973 5767 3082 5811 non
3127 5752 3370 5812 faciendo
3417 5771 3538 5829 qua
