3896 6382
508 279 611 336 550

512 394 690 466 punit,
724 402 1020 445 mereamur
1062 383 1127 436 ab
1174 396 1238 435 eo
1282 379 1489 433 discere
1530 391 1626 430 cur
1670 373 1930 443 permittit
1972 385 2091 425 esse

513 503 631 558 qua:
654 483 850 554 puniat.
882 479 1223 548 l’crfectorum
1245 482 1313 526 est
1337 471 1476 524 enim
1497 510 1512 534 ,
1539 469 1674 521 sicut
1698 466 1950 534 scriptum
1980 470 2061 516 est
2083 501 2098 527 ,

515 549 708 632 solidus
733 573 869 628 cibus
892 568 1072 640 (Hebr.
1108 582 1159 630 ν,
1190 563 1276 633 lli)
1304 580 1318 615 :
1349 562 1402 615 in
1429 574 1534 629 quo
1561 557 1614 611 bi
1645 556 1733 626 qui
1766 556 1899 609 bene
1926 549 2102 623 proie-

517 678 702 724 cerunt
726 707 740 730 ,
766 665 874 734 jam
908 661 1208 727 intelligunt
1233 654 1300 708 ad
1333 649 1773 720 omnipotentiam
1799 646 1894 700 Dei
1929 645 2102 714 potius

519 757 568 813 id
604 756 952 828 pertinuisse,
985 759 1042 803 ut
1083 764 1148 802 ex
1194 746 1361 800 libero
1407 734 1626 795 arbitrio
1671 736 1957 791 voluntatis
2010 747 2106 788 ve.

521 820 715 906 uicinia
749 846 884 900 mala
917 856 1035 897 esse
1059 839 1405 908 permitteret.
1431 825 1596 888 Tanta
1619 820 1812 900 quippe
1844 820 1859 858 ¹
1885 835 1965 881 est
1991 839 2106 880 om-

525 942 769 1009 nipotens
796 935 909 1003 ejus
935 932 1162 992 bonitas,
1191 939 1242 981 ut
1271 927 1431 980 etiam
1463 919 1528 976 dc
1553 920 1707 974 malis
1738 917 1904 987 possit
1928 917 2104 969 facere

527 1033 662 1087 bona
683 1073 695 1094 ,
721 1030 833 1083 sive
864 1009 1184 1093 ignoscendo
1208 1062 1222 1083 ,
1251 1019 1361 1072 sive
1383 1012 1619 1070 sanando
1640 1053 1652 1075 ,
1684 1011 1795 1064 sive
1817 1005 1881 1060 ad
1905 1000 2104 1061 utilita-

529 1134 608 1177 tes
654 1123 861 1191 piorum
909 1113 1205 1184 coaptando
1251 1106 1412 1180 atque
1454 1104 1741 1169 vertendo,
1785 1103 1898 1156 sive
1947 1101 2105 1153 etiam

524 1211 819 1284 justissime
851 1204 1186 1260 vindicando.
1212 1201 1399 1256 Omnia
1426 1211 1653 1265 namque
1679 1195 1775 1247 ista
1804 1191 1938 1245 bona
1961 1196 2105 1255 sunt,

530 1317 583 1361 ct
615 1306 721 1359 Deo
750 1304 889 1356 bono
932 1308 1089 1368 atque
1118 1296 1480 1364 omnipotente
1510 1287 1818 1358 dignissima
1852 1302 1864 1336 :
1901 1298 1995 1336 nec
2029 1289 2109 1335 ta-

530 1413 651 1451 men
699 1396 830 1447 ﬁunt
875 1393 971 1445 nisi
1020 1390 1088 1443 de
1130 1375 1303 1440 malis.
1344 1382 1478 1450 Quid
1527 1380 1684 1450 igitur
1727 1376 1950 1438 melius,
1984 1369 2111 1442 quid

530 1485 946 1557 omnipotentius
992 1497 1056 1535 eo
1105 1479 1195 1548 qui
1241 1492 1362 1531 cum
1411 1473 1536 1528 mali
1579 1469 1710 1524 nihil
1758 1468 1947 1531 faciat,
1978 1465 2113 1518 bene

531 1555 692 1634 etiam
719 1578 784 1631 de
811 1577 962 1630 malis
991 1571 1150 1627 facit?
1181 1561 1423 1625 Clamant
1450 1565 1514 1620 ad
1541 1579 1662 1618 eum
1685 1561 1774 1630 qui
1805 1560 1941 1613 male
1973 1555 2114 1611 lece-

532 1681 682 1744 runt,
715 1670 922 1723 Dimitte
963 1667 1104 1720 nobis
1150 1663 1314 1716 debita
1360 1669 1527 1714 nostra
1579 1641 1788 1739 (Matth.
1841 1669 1941 1740 νιν
1972 1650 2057 1718 1‘2)
2095 1665 2110 1703 :

534 1741 781 1826 exaudit,
813 1759 1056 1830 ignoscit.
1090 1755 1394 1810 Nncnernnt
1431 1753 1528 1804 sna
1557 1735 1692 1800 mala
1733 1737 2115 1814 peccantibus:

535 1854 782 1910 subvenit
837 1867 1022 1907 eorum
1074 1847 1420 1913 medeturque
1468 1839 1826 1909 languoribus.
1881 1836 2118 1890 Saeviunt

536 1959 752 1999 Snorum
798 1943 978 1996 hostes
1011 1958 1023 1992 :
1055 1938 1122 1992 de
1168 1937 1378 1990 illorum
1427 1932 1628 1986 srevitia
1672 1928 1793 1983 facit
1835 1936 2116 1999 martyres.

538 2036 816 2089 Postremo
842 2036 999 2085 etiam
1031 2027 1351 2084 condemnat
1379 2039 1472 2078 eos
1498 2037 1631 2092 quos
1665 2018 2004 2074 damnatione
2027 2017 2118 2087 ju-

537 2124 881 2192 dicatdignos
903 2139 915 2173 :
937 2137 1030 2175 sua
1059 2121 1180 2172 licet
1208 2117 1280 2170 illi
1313 2114 1448 2168 mala
1477 2113 1761 2182 patiantur,
1790 2109 1914 2163 facit
1943 2118 2121 2163 tamen

539 2216 628 2273 ille
653 2215 793 2287 quod
827 2215 1022 2269 bonum
1063 2220 1166 2266 est.
1208 2208 1322 2263 Non
1365 2208 1538 2278 potest
1582 2205 1720 2258 enim
1766 2202 1964 2256 bonum
2009 2208 2121 2255 non

539 2283 688 2374 esse,
720 2305 860 2377 quod
888 2305 1088 2375 justum
1119 2311 1201 2356 est
1229 2319 1241 2353 :
1267 2308 1321 2354 et
1365 2299 1544 2367 utique
1583 2296 1721 2349 sient
1760 2283 2015 2364 injustum
2041 2299 2124 2346 est

539 2411 814 2473 peccatum
837 2441 849 2463 ,
885 2399 953 2451 ita
983 2397 1288 2466 jnstumest
1318 2388 1522 2462 peccati
1549 2387 1888 2456 supplicium.

613 2493 700 2545 16.
744 2491 856 2544 Νοιι
883 2497 1057 2541 autem
1104 2491 1346 2554 potestas
1377 2481 1486 2534 Deo
1527 2478 1728 2541 deluit,
1758 2476 1918 2529 talem
1947 2473 2122 2529 facere

539 2581 810 2635 hominem
855 2579 944 2649 qui
993 2590 1215 2648 peccare
1261 2589 1366 2628 non
1411 2568 1744 2642 posset:sed
1790 2567 1974 2620 maluit
2000 2582 2123 2621 eum

541 2675 699 2728 talem
733 2671 942 2734 facere,
973 2669 1056 2722 cui
1101 2667 1373 2735 adjaceret
1417 2677 1672 2734 peccare,
1701 2662 1747 2716 si
1789 2661 1984 2726 vellet;
2017 2674 2125 2714 non

541 2779 794 2836 peccare,
823 2762 866 2815 si
894 2761 1057 2814 nollet
1083 2775 1096 2812 :
1122 2757 1224 2812 hoc
1254 2755 1542 2827 prohibens
1561 2795 1578 2822 ,
1609 2753 1734 2809 illud
1768 2753 2081 2824 prazcipiens
2107 2770 2122 2808 :

541 2865 602 2923 nt
633 2855 775 2926 prius
804 2853 878 2906 illi
910 2859 1053 2907 esset
1096 2851 1297 2904 bonum
1343 2849 1587 2902 meritum
1634 2862 1738 2901 non
1779 2861 2004 2916 peccare
2025 2887 2040 2912 ,
2071 2854 2126 2902 et

541 2958 726 3019 postea
765 2947 967 3016 justum
1012 2944 1288 3014 praemium
1336 2957 1444 2997 non
1492 2956 1651 3011 posse
1696 2955 1940 3010 peccare.
1993 2939 2127 2993 Nam

541 3043 702 3096 etiam
733 3040 864 3093 tales
890 3046 1102 3092 sanctos
1126 3050 1250 3091 suos
1281 3036 1334 3089 in
1361 3033 1465 3088 ﬁne
1496 3032 1732 3088 facturus
1755 3040 1868 3098 est,
1899 3031 1988 3102 qui
2012 3046 2128 3086 om-

544 3135 671 3190 nino
693 3148 915 3204 peccare
944 3145 1048 3185 non
1091 3129 1313 3199 possint.
1347 3126 1502 3181 Tales
1540 3124 1701 3180 habet
1742 3125 1936 3194 quippe
1966 3125 2128 3178 etiam

542 3240 686 3281 nuiic
727 3223 958 3298 Angelos
985 3235 1109 3277 suos
1131 3262 1145 3285 ,
1177 3234 1310 3290 quos
1339 3218 1391 3272 in
1423 3217 1512 3271 illo
1538 3218 1616 3272 sic
1655 3231 1894 3270 amamus
1914 3256 1929 3282 ,
1958 3224 2016 3269 ut
2059 3214 2128 3270 de

540 3319 690 3376 nullo
716 3332 901 3372 eorum
947 3332 1012 3369 ne
1043 3313 1313 3384 peccando
1343 3312 1435 3366 ﬁat
1475 3310 1716 3366 diabolus
1757 3309 2124 3366 formidemus.

543 3410 695 3479 Quod
721 3409 789 3464 de
819 3409 1031 3464 nemine
1057 3406 1274 3461 homine
1296 3406 1440 3476 justo
1469 3404 1519 3458 in
1550 3403 1707 3472 hujus
1735 3403 1856 3456 vita:
1885 3402 2127 3456 mortali-

542 3512 650 3557 tate
675 3502 1067 3572 prazsumimns.
1091 3499 1249 3553 Tales
1273 3507 1449 3550 autem
1471 3510 1661 3550 omnes
1683 3495 1886 3548 futuros
1913 3494 1964 3548 in
1987 3494 2126 3549 illius

542 3595 664 3647 vita:
720 3591 1116 3646 immortalitate
1178 3587 1514 3642 conﬁdimus.
1573 3585 1921 3653 Omnipotens
1984 3585 2128 3640 enim

544 3684 686 3737 Deus
709 3683 797 3752 qui
829 3689 1080 3750 operatur
1110 3680 1246 3733 bona
1275 3677 1434 3732 etiam
1457 3674 1524 3730 de
1551 3675 1748 3729 nostris
1774 3675 1925 3728 malis
1949 3715 1962 3738 ,
1993 3691 2128 3743 qua-

543 3775 614 3828 lia
653 3773 798 3827 dabit
844 3772 981 3825 bona
1003 3811 1016 3831 ,
1049 3783 1169 3822 cum
1215 3767 1522 3822 liberaverit
1548 3766 1615 3820 ab
1659 3765 1906 3819 omnibus
1935 3765 2128 3820 malis?

544 3865 709 3920 Multa
737 3863 804 3918 de
835 3863 979 3917 bono
1002 3877 1099 3914 usu
1122 3860 1245 3913 mali
1273 3859 1540 3928 c0piosius
1565 3867 1785 3928 possunt
1805 3866 1859 3912 et
1881 3858 2126 3913 subtilius

544 3953 800 4024 disputari
831 3952 962 4007 :sed
993 3966 1163 4019 neque
1204 3951 1304 4005 hoc
1348 3951 1449 4002 isto
1478 3964 1725 4004 sermone
1761 3950 2125 4015 suscepimus,

544 4055 600 4100 et
624 4045 740 4114 ejus
765 4041 923 4096 nimia
950 4040 1162 4094 vitanda
1191 4048 1274 4091 est
1299 4034 1592 4105 longitudo.

615 4157 841 4214 CAPUT
875 4154 984 4210 VII.
1016 4184 1087 4196 -—
1131 4155 1217 4208 ΓΙ.
1265 4151 1597 4207 Continentiaz
1637 4160 1682 4206 et
1716 4152 1933 4223 justitice
1967 4153 2129 4223 ofﬁcia

546 4251 736 4320 pariter
773 4247 980 4300 tendunt
1007 4243 1074 4297 ad
1112 4260 1306 4314 pacem.
1335 4240 1522 4295 Contra
1551 4241 1953 4296 Manichaeorum
1986 4244 2130 4297 inea.

543 4343 682 4396 niam
711 4339 774 4394 de
805 4337 999 4392 duabus
1029 4335 1224 4389 naturis
1262 4335 1392 4388 inter
1419 4349 1471 4388 se
1496 4331 1898 4403 conﬂigentibus.
1927 4332 2132 4388 Bellum

542 4437 704 4490 inesse
742 4433 794 4486 in
838 4431 1038 4485 homine
1081 4443 1143 4482 ea:
1179 4429 1423 4497 languore
1463 4442 1549 4496 per
1585 4427 1790 4494 culpam
1833 4436 2090 4481 contracto
2113 4470 2127 4494 ,

539 4541 722 4596 pacem
745 4531 923 4577 sanato
946 4522 1190 4590 languore
1229 4523 1456 4589 futuram
1483 4533 1608 4570 esse.
1637 4515 1784 4570 Nunc
1809 4531 1936 4586 ergo
1965 4517 2032 4570 ad
2065 4519 2128 4572 il-

544 4618 636 4672 lud
659 4659 675 4683 ,
710 4624 924 4686 propter
963 4612 1104 4682 quod
1145 4611 1376 4665 diximus
1421 4609 1518 4663 ism
1541 4651 1554 4672 ,
1589 4608 1897 4664 redeamus.
1944 4608 2128 4664 Conti-

545 4710 723 4765 nentia
745 4707 897 4762 nobis
915 4720 1048 4775 opus
1068 4713 1169 4768 est,
1188 4713 1242 4758 et
1263 4719 1380 4758 eam
1409 4703 1642 4757 divinum
1672 4718 1792 4757 esse
1822 4718 2014 4757 munus
2034 4718 2128 4758 co-

542 4800 881 4870 gnoscimus,
915 4812 983 4852 ne
1022 4797 1318 4852 declinetur
1345 4811 1440 4850 cor
1467 4806 1704 4849 nostrum
1736 4796 1789 4849 in
1828 4795 1987 4850 verba
2019 4811 2133 4850 ma-

544 4893 688 4960 ligna
733 4889 800 4942 ad
844 4887 1175 4944 excusandas
1220 4887 1593 4942 excusationes
1638 4887 1689 4940 in
1735 4887 1985 4955 peccatis.
2033 4885 2129 4941 Cui

544 4989 722 5036 autem
752 4989 969 5047 peccato
997 4978 1296 5034 cohibenda
1339 4994 1444 5032 non
1487 4977 1741 5031 habemus
1772 4979 2128 5032 necessariam

544 5070 962 5134 continentiam,
993 5084 1061 5122 ne
1105 5069 1484 5132 committatur,
1527 5066 1737 5136 quando
1786 5077 1839 5122 et
1886 5068 1988 5125 hoc
2017 5071 2129 5138 ipsa

539 5163 755 5220 cohibet
775 5201 791 5228 ,
814 5175 882 5215 ne
903 5157 1248 5214 commissum
1273 5156 1315 5211 si
1347 5154 1506 5210 fuerit
1529 5157 1729 5211 nefaria
1757 5159 2002 5228 superbia
2037 5161 2131 5216 de-

547 5253 831 5311 fendatur?
859 5249 1243 5306 Universaliter
1272 5263 1399 5317 ergo
1445 5249 1771 5303 continentia
1814 5250 1968 5306 nobis
1995 5267 2128 5322 opus

545 5355 650 5413 est,
676 5353 736 5400 ut
754 5342 1082 5398 declinemus
1099 5355 1127 5394 a
1149 5340 1308 5395 malo.
1330 5338 1393 5394 Ut
1423 5349 1598 5394 autem
1627 5339 1884 5394 facianms
1907 5343 2126 5411 bonum,

548 5436 617 5492 ad
647 5433 803 5490 aliain
834 5433 1042 5488 videtur
1068 5432 1335 5496 virtutem,
1362 5431 1463 5486 hoc
1492 5443 1601 5497 est,
1632 5432 1697 5486 ad
1725 5433 1982 5501 justitiam
2010 5451 2130 5504 per-

545 5531 742 5585 .tinere.
791 5527 904 5582 Hoc
950 5539 1048 5580 nos
1095 5524 1346 5579 admonet
1393 5537 1543 5578 sacer
1571 5524 1844 5589 l’salmus,
1877 5525 1963 5580 ubi
1997 5527 2130 5597 legi-

551 5635 672 5677 tuus
703 5639 715 5674 :
744 5619 952 5673 Declina
975 5635 1007 5670 a
1037 5618 1171 5671 malo
1193 5657 1206 5682 .,
1249 5625 1294 5671 et
1333 5617 1414 5686 [ac
1442 5621 1643 5670 bonum.
1674 5617 1790 5682 Quo
1816 5625 1993 5673 autem
2024 5620 2128 5675 line

615 5732 636 5764 ι
661 5739 748 5781 Mss
772 5768 786 5789 ,
809 5739 905 5783 tam
927 5730 1120 5793 quippe.

1576 261 1662 315 DE
1701 256 2120 314 CONTINENTI.

2228 254 2284 310 s.
2328 251 2694 312 AUGUSTlNl
3625 265 3700 324 δυο

2209 368 2306 420 ista
2352 366 2632 430 faciamus,
2667 382 2786 418 mox
2835 363 3068 428 adtlizlit,
3101 363 3314 421 dicens:
3345 369 3509 434 Quterc
3530 392 3696 446 pacem,

2206 467 2252 510 et
2281 473 2482 527 sequere
2518 473 2627 508 eam
2659 453 2826 525 (Psal.
2866 469 3031 507 χχχιιι
3052 497 3066 520 ,
3101 453 3204 526 15).
3235 455 3335 510 Pax
3360 461 3490 514 enim
3517 466 3702 531 perlecta

2210 557 2333 602 tunc
2373 549 2476 601 erit
2517 548 2696 610 nobis,
2727 545 2938 615 quando
2983 552 3164 599 natura
3207 557 3374 601 nostra
3399 548 3606 608 Creatori
3630 572 3702 614 suo

2208 638 2630 707 inseparabiliter
2659 637 2962 692 coiri-rente
2983 679 2996 702 ,
3032 636 3158 690 nihil
3202 637 3344 693 nobis
3369 646 3636 712 repugnabit
3657 663 3704 702 ex

2209 731 2380 785 nobis.
2415 725 2525 784 [Ioc
2551 739 2604 784 et
2630 731 2742 798 ipse
2768 729 3011 784 Salvator
3039 727 3236 794 voluit,
3262 739 3494 798 quantum
3523 735 3628 787 milii
3650 737 3706 790 vi-

2209 821 2384 886 detur,
2413 821 2632 892 intelligi
2657 865 2670 886 ,
2702 821 2790 875 tibi
2837 822 2943 874 ait:
2975 820 3091 874 Sint
3116 820 3265 874 lumbi
3292 824 3428 875 vestri
3454 827 3655 890 accincti,
3677 837 3708 880 rt

2211 915 2430 968 lucerna:
2455 907 2684 966 ardentes
2714 913 2752 966 ι.
2784 905 2920 980 Quid
2949 921 3030 966 est
3060 911 3265 965 lumbos
3292 913 3579 982 accingere?
3601 916 3709 970 Libi-

2212 1004 2365 1059 dincs
2393 1019 2640 1058 coercere
2660 1045 2674 1069 ,
2703 1003 2842 1072 quod
2875 1009 2958 1057 est
2985 1002 3338 1056 continentiae.
3361 1001 3708 1060 Lucernasveio

2213 1098 2462 1153 ardentes
2490 1098 2705 1164 habere,
2735 1105 2816 1151 est
2842 1096 2994 1150 bonis
3021 1096 3268 1166 Operibus
3296 1095 3464 1151 lucere
3483 1105 3617 1167 atque
3638 1098 3714 1151 ler-

2214 1207 2360 1258 vere,
2388 1191 2529 1262 quod
2561 1199 2642 1244 est
2663 1189 2902 1259 justitiie.
2925 1188 3108 1258 Neque
3137 1186 3219 1242 hic
3241 1189 3398 1242 tacuit
3422 1204 3517 1258 quo
3541 1189 3623 1242 line
3643 1189 3713 1242 ista

2215 1281 2500 1347 faciamus,
2528 1279 2770 1335 addendo
2805 1289 2962 1350 atque
2987 1271 3212 1334 dicendo
3237 1295 3250 1332 :
3277 1277 3339 1332 Et
3366 1287 3445 1332 vos
3471 1279 3626 1332 similes
3649 1279 3716 1332 lio-

2217 1365 2430 1426 minibus
2459 1371 2857 1442 exspectantibus
2887 1365 3144 1424 dominum
3179 1376 3326 1424 suum
3345 1412 3359 1436 ,
3386 1370 3565 1440 quando
3600 1372 3718 1423 venint

2219 1481 2249 1516 a
2276 1464 2462 1533 nuptiis
2504 1457 2651 1534 (Luc.
2686 1479 2758 1516 xu
2781 1504 2795 1530 ,
2820 1451 2920 1526 35,
2954 1461 3068 1531 36).
3099 1459 3230 1515 Cum
3259 1461 3394 1514 enim
3425 1459 3629 1523 venerit,
3652 1475 3718 1511 nos

2219 1555 2580 1610 remunerabit
2599 1598 2613 1621 ,
2645 1556 2734 1625 qui
2779 1555 3136 1621 continuimus
3167 1568 3266 1607 nos
3311 1553 3373 1607 ab
3400 1552 3478 1606 his
3502 1559 3600 1622 (111:1!
3620 1554 3636 1584 ¹
3657 1568 3720 1605 cu-

2221 1644 2447 1714 piditas,
2476 1653 2530 1698 et
2574 1659 2634 1698 ea
2676 1660 2794 1714 quae
2843 1645 3124 1713 imperavit
3167 1643 3394 1697 cbaritas
3433 1642 3622 1697 fecimus
3649 1659 3658 1694 :
3683 1649 3721 1694 ut

2222 1736 2275 1790 in
2319 1737 2433 1804 ejus
2462 1735 2697 1804 Perfecta
2742 1743 2796 1790 et
2823 1735 3145 1805 sempiterna
3195 1749 3319 1805 pace
3338 1776 3350 1799 ,
3380 1735 3488 1788 sine
3522 1733 3611 1786 ulla
3634 1732 3721 1785 ntali

2223 1827 2565 1882 contentione
2611 1836 2664 1882 ct
2712 1835 2832 1882 eum
2874 1842 3081 1881 summa
3129 1827 3254 1881 boni
3301 1824 3723 1890 delectatione,re-

2221 1925 2464 1991 gnemus.

2297 2011 2383 2066 18.
2423 2009 2620 2066 Omnes
2664 2025 2790 2080 ergo
2833 2009 2924 2081 qui
2968 2009 3238 2066 Credimus
3280 2007 3329 2062 in
3363 2007 3511 2062 Deum
3538 2005 3726 2058 vivuniet

2225 2118 2431 2167 verum,
2455 2102 2606 2172 cujus
2628 2116 2835 2157 summe
2857 2099 3463 2177 benaimmutabilisqtte
3485 2101 3640 2151 natura
3657 2105 3724 2146 nec

2226 2193 2354 2247 mali
2383 2191 2584 2263 aliquid
2616 2191 2764 2256 facit,
2794 2206 2892 2246 nec
2918 2191 3040 2245 mali
3069 2191 3269 2261 aliquid
3299 2190 3502 2258 patitur,
3531 2201 3555 2239 a
3578 2196 3658 2254 quo
3673 2189 3728 2235 est

2227 2299 2386 2339 omne
2413 2283 2611 2338 bonum
2631 2324 2644 2348 ,
2676 2281 2817 2352 quod
2847 2283 3005 2336 etiam
3036 2280 3207 2335 minui
3239 2285 3407 2350 potest
3429 2277 3468 2340 ³,
3493 2285 3541 2330 et
3565 2273 3635 2342 qui
3658 2281 3723 2323 sua

2226 2378 2368 2433 bono
2409 2375 2550 2448 quod
2595 2375 2709 2446 ipse
2753 2383 2836 2430 est
2873 2375 3092 2429 omnino
3119 2372 3291 2428 minui
3320 2386 3420 2425 non
3451 2373 3621 2438 potest,
3645 2373 3727 2415 cum

2228 2469 2473 2524 audimus
2519 2468 2831 2538 Apostolum
2880 2467 3178 2532 dicentem,
3220 2464 3412 2536 Spiritu
3438 2458 3725 2515 ambulate,“

2229 2561 2655 2632 concupiscentias
2675 2559 2841 2613 carnis
2863 2575 2924 2612 ne
2945 2557 3254 2628 perfeceritis
3281 2571 3300 2610 :
3321 2569 3432 2608 caro
3459 2551 3575 2606 enim
3593 2559 3729 2600 concu-

2232 2653 2377 2721 piscit
2404 2652 2640 2704 adversus
2680 2651 2916 2722 spiritum
2934 2691 2948 2712 ,
2979 2649 3189 2720 spiritus
3233 2653 3398 2699 autem
3424 2642 3626 2696 adversus
3653 2649 3730 2688 car-

2230 2759 2379 2807 nem;
2403 2742 2510 2796 Ita'c
2535 2742 2668 2795 enim
2689 2742 2899 2795 invicem
2926 2741 3020 2793 sibi
3041 2739 3392 2802 adversantur,
3421 2742 3473 2787 ut
3496 2745 3580 2784 non
3599 2744 3645 2781 ea
3658 2736 3732 2795 qua

2231 2833 2379 2887 vultis
2419 2832 2618 2903 faciatis
2645 2829 2842 2902 (Colat.
2885 2846 2939 2895 v,
2965 2830 3032 2884 16
3053 2870 3068 2896 ,
3099 2829 3192 2900 Π)
3217 2844 3231 2894 ;
3255 2827 3390 2881 absit
3416 2832 3471 2879 ut
3492 2819 3730 2877 credamusi

2231 2924 2369 2996 quod
2398 2923 2810 2979 Manichreorum
2839 2922 3007 2978 credit
3038 2922 3244 2976 insania
3264 2962 3280 2988 ,
3307 2919 3435 2975 duas
3471 2916 3548 2970 hic
3571 2911 3732 2966 demon-

2231 3026 2426 3073 stratas
2453 3030 2573 3071 esse
2617 3024 2834 3069 naturas
2874 3029 2942 3069 ex
2982 3013 3274 3069 contrariis
3300 3012 3436 3066 inter
3457 3022 3510 3062 se
3533 2996 3738 3074 princiibis

2229 3112 2607 3182 conlligentes,
2634 3125 2792 3164 unam
2843 3109 2965 3164 boni
2984 3150 2998 3176 ,
3031 3108 3263 3162 alteram
3290 3103 3434 3160 mali.
3457 3101 3649 3156 Prorsus
3675 3091 3742 3142 ista

2230 3204 2338 3261 duo
2364 3205 2520 3259 ambo
2546 3212 2669 3258 sunt
2696 3201 2834 3258 bona
2860 3219 2874 3255 :
2901 3211 2954 3256 et
2978 3201 3200 3270 spiritus
3236 3199 3431 3255 bonum
3470 3201 3572 3256 est,
3597 3197 3639 3243 et
3659 3193 3744 3238 caro

2232 3296 2466 3360 bonum;
2495 3305 2549 3350 et
2575 3294 2734 3350 homo
2763 3292 2852 3362 qni
2898 3307 2962 3347 ex
2995 3301 3233 3361 utroque
3258 3293 3491 3350 constat,
3518 3277 3743 3362 unoimpé'

2166 3411 2199 3465 (ς
2231 3395 2405 3452 rante,
2430 3359 2534 3441 alio
2555 3359 2841 3449 serviente,
2871 3383 3057 3453 utique
3080 3359 3288 3437 bonum
3313 3386 3414 3446 est,
3443 3373 3529 3431 sed
3551 3359 3742 3465 ηιιιίξιίῇιθ

2237 3476 2436 3531 bonum
2467 3475 2646 3546 :quod
2692 3484 2870 3530 tamen
2918 3473 3032 3529 ﬁeri
3085 3489 3189 3527 non
3245 3467 3482 3543 posset‘,
3511 3451 3745 3534 nisiabin-

2232 3565 2595 3621 commutabili
2623 3565 2795 3632 bono,
2828 3580 2856 3618 a
2885 3579 2990 3634 quo
3023 3570 3106 3618 est
3131 3578 3298 3618 omne
3323 3562 3510 3612 bonum
3533 3555 3742 3606 creatum.

2233 3659 2344 3714 sive
2373 3673 2630 3728 parvum,
2661 3657 2776 3713 sive
2802 3671 3084 3726 magnum;
3113 3648 3206 3705 sed
3239 3647 3521 3721 quamlibet
3547 3648 3740 3728 pannuli

2232 3767 2262 3806 a
2291 3725 2484 3822 magno
2514 3760 2687 3805 tamen
2714 3725 2942 3809 factum;
2966 3753 3018 3798 et
3042 3743 3343 3813 quamlibet
3367 3750 3614 3809 magnum,
3639 3725 3745 3822 nullo

2233 3847 2394 3903 modo
2421 3857 2595 3901 tamen
2639 3838 2856 3893 factoris
2884 3836 3234 3908 magnitudini
3261 3828 3659 3904 comparandum.
3677 3817 3748 3872 Ve-

2231 3949 2350 3989 rum
2379 3933 2431 3986 in
2461 3932 2559 3985 hac
2589 3931 2726 3984 bona
2759 3929 2991 3984 hominis
3015 3930 3068 3984 et
3097 3928 3240 3982 bene
3275 3943 3303 3981 a
3333 3927 3470 3982 bono
3498 3916 3674 3976 condita
3695 3911 3750 3964 in-

2233 4025 2520 4092 stitutaque
2565 4030 2752 4075 natura
2799 4033 2942 4074 nunc
2987 4018 3187 4074 bellum
3236 4027 3349 4084 est,
3380 4012 3608 4086 quoniam
3646 4001 3749 4057 salus

2234 4113 2468 4168 nondum
2512 4121 2612 4166 est.
2667 4111 2916 4180 Languor
2943 4119 3182 4175 sanetur,
3230 4123 3335 4180 pax
3362 4115 3458 4162 est.
3489 4103 3750 4170 Languorem

2235 4215 2410 4261 autem
2443 4207 2599 4260 istum
2626 4205 2780 4273 culpa
2812 4202 3027 4270 meruit,
3061 4213 3250 4257 natura
3283 4219 3392 4257 non
3423 4198 3606 4255 habuit.
3629 4190 3750 4256 Qum

2235 4313 2363 4354 sane
2392 4299 2602 4368 culpam
2628 4313 2726 4367 per
2752 4296 3020 4349 lavacrum
3063 4292 3486 4364 regenerationis
3521 4286 3602 4343 Dei
3632 4277 3753 4353 eram

2237 4390 2480 4444 ﬁdelibus
2503 4389 2610 4458 jam
2641 4388 2878 4452 remisit;
2909 4386 3002 4442 sed
3036 4387 3134 4442 sub
3160 4386 3403 4454 ejusdem
3435 4377 3607 4436 medici
3631 4368 3753 4458 mani:

2235 4481 2334 4536 bus
2374 4454 2546 4534 adhuc
2575 4487 2759 4532 natura
2784 4493 2905 4533 cum
2937 4494 3037 4533 suo
3074 4479 3338 4547 languore
3366 4471 3607 4542 conﬂigit.
3627 4464 3674 4519 ιιι
3693 4454 3756 4513 tali

2236 4579 2413 4625 autem
2448 4585 2619 4640 pugna
2646 4570 2846 4623 sanitas
2877 4569 2981 4623 erit
3006 4577 3114 4624 tota
3143 4570 3365 4624 victoria
3392 4585 3404 4620 :
3430 4581 3525 4622 nec
3551 4564 3754 4624 temP‘W'"

2236 4659 2315 4714 ria
2345 4661 2572 4723 Sanitas,
2601 4659 2697 4714 sed
2743 4669 2976 4724 aeterna;
3007 4659 3096 4714 ubi
3128 4675 3233 4714 non
3264 4659 3440 4713 solum
3481 4652 3669 4709 ﬁniatur
3697 4640 3758 4696 bit

2236 4751 2476 4821 languor,
2509 4766 2692 4804 verum
2731 4751 2892 4805 etiam
2939 4749 3190 4820 deinceps
3236 4750 3416 4804 nullus
3441 4746 3643 4802 oriatur.
3667 4735 3759 4790 Fiu-

2237 4851 2354 4912 pter
2381 4841 2521 4911 quod
2563 4842 2849 4912 alloquitur
2883 4842 3114 4895 animam
3142 4857 3294 4896 suam
3336 4841 3538 4911 justus,
3565 4843 3614 4890 et
3635 4824 3760 4883 dicit:

2238 4933 2455 4988 Benedic
2481 4975 2496 5000 ,
2530 4935 2698 4986 anima
2723 4951 2854 5000 mea,
2883 4933 3179 4999 Dominum,
3203 4942 3251 4986 et
3273 4933 3380 4987 noli
3407 4924 3615 4985 oblivisci
3636 4927 3762 4973 οιπηα

2235 5025 2586 5079 retributiones
2615 5027 2723 5096 ejus
2745 5040 2764 5077 :
2786 5026 2871 5095 qui
2902 5025 3154 5095 propitius
3193 5025 3250 5091 ﬁt
3277 5021 3506 5077 omnibus
3541 5004 3763 5084 iniquitati-

2303 5182 2318 5210 ³
2345 5185 2475 5252 Unus
2493 5193 2522 5228 e
2549 5180 2782 5252 Vaticanis
2813 5188 2916 5252 ipsa.
2937 5179 3081 5252 addit,
3110 5178 3160 5228 in
3190 5174 3410 5252 manibus
3447 5169 3630 5246 uestris;

2237 5254 2330 5289 nec
2361 5240 2612 5301 editi,uec
2633 5241 2712 5290 alii
2749 5241 2940 5291 codices
2976 5233 3154 5301 habent
3194 5245 3298 5286 Mss.
3329 5240 3376 5286 td
3411 5238 3550 5301 etiam
3590 5244 3614 5280 a
3644 5233 3768 5301 ετξὶιδρ

2236 5308 2375 5411 ἔξω]
2395 5296 2642 5412 ξιῗῖᾐευιιί
2663 5305 2829 5364 abest;
2850 5305 2944 5352 imo
2965 5310 3017 5352 et
3035 5315 3063 5350 ξι
3086 5300 3246 5360 latino,
3269 5301 3319 5348 in
3342 5300 3546 5361 antiquis
3565 5296 3769 5342 cortu!le

2251 5378 2276 5412 ἰ
2313 5377 2370 5412 us
2426 5379 2438 5412 ι
2463 5380 2473 5410 ›
2496 5380 2569 5412 ns.

2235 5376 2370 5412 smus
2395 5376 2569 5413 mutus.

2245 5482 2255 5493 .
2302 5429 2326 5494 '_
2340 5425 2864 5494 tiistgreiensiscodex
2897 5423 3044 5494 addit,
3069 5421 3367 5494 suggerebat.
3393 5416 3603 5470 Vaticani
3623 5418 3766 5463 autem.

2235 5485 2489 5548 instigatit.
2515 5488 2606 5536 Sed
2628 5488 2926 5549 subauditur,
2959 5485 3226 5549 imperarit.
3316 5547 3341 5549 η
3501 5542 3529 5549 η
3557 5541 3565 5549 ι

2236 5549 2326 5655 tis:
2347 5534 2472 5607 rm";
2499 5534 2592 5597 "oh
2614 5534 3426 5612 mest-731515,Etrépllguantibus
3455 5541 3593 5593 editis
3627 5534 3714 5585 aliis
3729 5537 3769 5574 ac

2236 5635 2247 5655 Ᾱ
2303 5651 2310 5654 -
2332 5646 2342 5655 ι

2236 5623 2342 5657 MSS.

2300 5656 2480 5742 inditi,
2514 5668 2626 5742 ﬁeri
2648 5686 2740 5722 non
2756 5686 2894 5739 posse
2917 5677 3114 5723 constat.
3157 5678 3210 5722 At
3231 5675 3362 5734 Mss,
3384 5665 3498 5730 ﬁeri
3516 5675 3602 5715 non
3623 5656 3768 5714 νοδεείι

2239 5740 2431 5794 omisso,
2450 5740 2646 5783 antstat.
