3896 6382
58 5712 119 5759 :9

320 416 390 482 ω
1284 389 1315 436 ξ’
1354 426 1360 435 ν
1684 418 1838 480 LlBE

1948 414 2133 485 ’JNUS.

324 537 497 606 intris,
517 533 605 609 qui
625 543 777 592 sanat
803 547 984 590 omnes
1008 534 1276 605 languores
1300 540 1412 590 tuos
1440 531 1610 607 (Psat.
1625 549 1716 602 cn,
1736 535 1773 590 2
1800 544 1850 592 et

319 634 373 704 3).
388 631 627 703 Propitius
654 629 716 684 ﬁt
744 627 1123 701 iniquitatibus
1141 671 1157 698 ,
1190 643 1311 685 cum
1342 635 1558 698 peccata
1582 628 1803 685 dimittit
1833 646 1850 686 :

310 735 425 781 sanat
459 726 775 795 languores,
826 737 953 778 cum
1005 720 1269 779 desideria
1320 735 1482 792 prava
1534 721 1849 793 compescit.

306 817 523 888 Propitius
546 814 607 869 ﬁt
623 814 1024 886 iniquitatibus,
1047 812 1226 869 dando
1251 812 1633 884 indulgentiam
1659 830 1672 867 :
1696 819 1852 869 sanat

301 910 574 979 languores,
605 905 790 964 dando
830 904 1236 962 continentiam.
1277 904 1412 961 Illud
1454 904 1658 961 factum
1684 912 1766 961 est
1792 904 1850 961 in

296 1001 578 1070 Baptismate
605 997 1024 1066 conﬁtentibus,
1054 996 1157 1053 hoc
1183 997 1244 1053 lit
1285 998 1341 1053 in
1382 1013 1555 1070 agone
1598 998 1850 1055 certanti-

292 1092 401 1155 bus;
428 1092 476 1146 in
502 1106 609 1162 quo
635 1105 667 1145 a
698 1090 857 1146 nobis
894 1099 1081 1145 noster
1105 1104 1201 1160 per
1237 1089 1353 1160 ejus
1382 1089 1703 1160 adjutorium
1728 1089 1849 1145 vin-

286 1185 460 1242 cendus
482 1193 563 1241 est
576 1186 833 1241 morbus.
855 1182 1032 1239 Etiam
1058 1199 1201 1240 nunc
1220 1183 1351 1239 illud
1375 1183 1453 1250 ﬁt,
1477 1199 1598 1240 cum
1625 1183 1846 1241 exaudi-

281 1294 387 1334 mur
406 1277 660 1343 dicentes,
687 1276 897 1331 Dimitte
921 1276 1063 1331 nobis
1089 1276 1253 1331 debita
1276 1285 1450 1332 nostra
1469 1292 1489 1331 :
1512 1276 1615 1332 hoc
1639 1285 1841 1343 autem,

274 1385 383 1426 cum
406 1369 722 1425 exaudimur
756 1369 998 1425 dicentes
1019 1410 1035 1437 ,
1070 1367 1153 1423 Ne
1174 1385 1282 1424 nos
1312 1369 1504 1441 inferas
1531 1369 1586 1424 in
1607 1370 1845 1424 tentatio-

272 1479 377 1517 nem
406 1462 616 1535 (lauit.
654 1478 745 1531 v1,
770 1462 873 1529 12,
905 1461 1019 1535 15).
1052 1461 1407 1535 Unusquisque
1442 1463 1586 1519 enim
1608 1469 1840 1531 tentatur,

269 1556 398 1611 sicut
424 1556 500 1611 ait
520 1556 792 1626 apostolus
828 1553 1060 1611 Iacobus
1080 1597 1096 1625 ,
1125 1571 1156 1609 a
1184 1556 1590 1626 concupiscentia
1610 1571 1705 1611 sua
1726 1555 1845 1610 abs-

249 1658 448 1705 'tractus
472 1660 517 1705 et
540 1649 734 1705 illectus
760 1647 965 1721 (Jacobi
985 1665 1037 1718 ι,
1084 1649 1201 1722 14).
1239 1649 1441 1706 Contra
1469 1649 1614 1721 quod
1656 1649 1846 1705 vitium

266 1744 576 1801 medicinale
601 1745 837 1816 poscitur
858 1743 1183 1815 adiutorium
1211 1744 1395 1801 abillo
1414 1746 1505 1817 qui
1529 1752 1708 1817 potest
1730 1760 1847 1802 om-

267 1854 363 1895 nes
410 1838 771 1908 hujuscemodi
820 1853 1017 1894 sanare
1068 1839 1389 1912 languores,
1448 1855 1556 1896 non
1604 1856 1637 1896 a
1690 1841 1845 1897 nobis

269 1930 462 1985 alienae
485 1931 806 2001 separatione
826 1932 867 1999 ί,
896 1930 993 1987 sed
1014 1931 1069 1987 in
1093 1940 1295 1989 nostra:
1322 1931 1659 2003 reparatione
1684 1941 1842 1989 natu-

278 2036 383 2077 rae.
402 2020 555 2077 Unde
572 2030 624 2077 et
638 2021 911 2091 praedictus
935 2023 1208 2093 apostolus
1228 2038 1337 2079 non
1356 2023 1460 2091 ait,
1493 2021 1845 2095 Unusquisque

283 2121 510 2167 tentatur
526 2131 557 2166 a
574 2116 987 2183 concupiscentia;
1010 2115 1104 2172 sed
1126 2115 1362 2184 addidit,
1390 2132 1485 2171 sua
1507 2131 1526 2170 :
1547 2123 1605 2171 ut
1629 2117 1718 2186 qui
1740 2117 1845 2185 hoc

271 2203 431 2258 audit
458 2204 696 2276 intelligat
730 2206 988 2277 quomodo
1012 2207 1248 2263 clamare
1289 2206 1512 2276 debeat,
1540 2206 1653 2279 Ego
1691 2209 1841 2277 dixi,

265 2296 520 2366 Domine,
548 2300 766 2354 miserere
801 2302 936 2368 mei;
965 2317 1093 2355 sana
1117 2302 1339 2355 animam
1378 2318 1573 2369 meam,
1602 2302 1843 2370 quoniam

268 2392 467 2461 peccavi
487 2391 573 2446 tibi
593 2392 754 2464 (Psal.
774 2409 866 2460 XL,
884 2394 963 2465 5).
986 2393 1103 2449 Non
1125 2394 1268 2449 enim
1289 2393 1566 2451 sanatione
1588 2394 1843 2465 indiguis-

268 2492 387 2552 set,
416 2484 517 2541 nisi
537 2500 595 2540 se
620 2487 731 2557 ipsa
758 2486 1035 2557 peccando
1063 2487 1329 2555 vitiasset,
1352 2496 1412 2543 ut
1435 2487 1692 2544 adversus
1721 2502 1838 2544 eam

271 2590 393 2631 caro
412 2592 503 2632 sua
526 2579 960 2649 concupisceret,
983 2579 1037 2635 id
1062 2588 1179 2646 est,
1208 2581 1323 2650 ipsa
1342 2580 1659 2653 sibimetipsi
1678 2596 1747 2638 ex
1777 2595 1842 2638 ea

272 2676 419 2737 parte
437 2685 533 2738 qua
558 2671 609 2726 in
634 2685 796 2727 carne
821 2670 1089 2726 infirmata
1110 2680 1193 2728 est
1212 2681 1553 2744 repugnaret.

342 2759 552 2817 CAPUT
578 2761 708 2818 Vill.
740 2794 813 2803 —
841 2762 933 2819 i9.
966 2760 1099 2817 Caro
1131 2762 1373 2818 adversus
1392 2765 1629 2835 spiritum
1654 2782 1841 2821 concu-

282 2850 441 2921 piscit,
464 2871 557 2908 non
581 2856 696 2926 quia
715 2855 925 2910 inimica
945 2863 1129 2911 natura
1144 2897 1158 2923 ,
1190 2855 1280 2911 sed
1298 2856 1421 2927 quia
1443 2856 1637 2911 vitiata.
1659 2856 1840 2913 Carnis

284 2938 675 3014 concupisceruias
712 2965 777 3004 ea:
811 2948 931 3003 vitio
952 2964 1091 3017 esse,
1123 2964 1304 3020 easque
1329 2949 1411 3003 hic
1437 2946 1840 3020 minuiquidem

284 3050 457 3105 ροωε,
486 3055 571 3094 non
588 3041 783 3109 penitus
803 3041 1000 3119 auferri
1039 3040 1140 3096 nisi
1167 3040 1220 3094 in
1240 3042 1405 3096 altera
1426 3040 1547 3095 vita.
1586 3036 1841 3112 Concupi-

277 3129 463 3183 scentia
493 3134 636 3187 carnis
672 3135 755 3187 hic
780 3150 932 3205 pinna
972 3135 1187 3205 peccati,
1216 3150 1368 3189 carne
1395 3143 1575 3188 sanata
1602 3135 1655 3187 in
1677 3132 1838 3189 beatis

278 3234 377 3275 non
402 3223 504 3276 erit.
531 3223 659 3281 Caro
698 3227 843 3281 enim
870 3225 1004 3281 nihil
1045 3226 1146 3281 nisi
1176 3241 1275 3297 per
1312 3227 1548 3282 animam
1579 3228 1836 3297 concupi-

269 3314 399 3381 scit;
422 3315 513 3371 sed
534 3317 905 3388 concupiscere
927 3332 1055 3373 caro
1080 3318 1336 3373 adversus
1360 3318 1604 3388 spiritum
1622 3317 1835 3385 dicitur,

263 3408 474 3476 quando
496 3411 657 3466 anima
686 3411 888 3466 carnali
908 3410 1345 3482 concupiscentia
1367 3412 1577 3482 spiritui
1604 3412 1839 3467 relucta-

258 3508 368 3557 tur.
397 3500 584 3561 ‘l'otum
608 3504 707 3560 hoc
733 3520 832 3560 nos
874 3518 1060 3560 sumus
1083 3521 1097 3558 :
1120 3513 1176 3560 et
1203 3519 1328 3563 caro
1370 3505 1486 3575 ipsa
1510 3520 1630 3576 qua:
1656 3504 1833 3561 disceo

253 3590 427 3648 dente
469 3594 629 3650 anima
671 3595 921 3662 moritur,
960 3604 1145 3653 nostra
1184 3610 1309 3667 pars
1352 3595 1570 3664 inﬁma,
1598 3610 1705 3653 non
1750 3597 1836 3652 fu-

248 3683 456 3754 gienda
506 3686 797 3756 dimittitur,
858 3687 956 3746 sed
1007 3688 1313 3760 recipienda
1367 3689 1685 3761 deponitur,
1735 3704 1838 3746 nec

247 3786 473 3848 recepta
496 3778 703 3836 ulterius
734 3780 1093 3851 relinquetur.
1126 3780 1421 3836 Seminatur
1440 3789 1618 3837 autem
1648 3797 1835 3853 corpus

242 3870 505 3939 manete,
529 3885 750 3947 resurget
794 3891 980 3947 corpus
1028 3873 1296 3946 spirituate
1340 3874 1383 3945 (Ι
1425 3873 1543 3930 Cor.
1593 3890 1682 3938 xv,
1717 3874 1831 3947 44).

241 3959 395 4020 Tunc
426 3966 537 4037 jam
560 3984 686 4027 caro
723 3969 857 4025 nihil
885 3970 1231 4041 concupiscet
1255 3967 1513 4025 adversus
1550 3969 1791 4039 spiritum
1813 4010 1830 4037 ,

240 4059 464 4125 quando
484 4072 535 4117 et
559 4065 675 4135 ipsa
704 4064 996 4134 spiritualis
1018 4063 1315 4133 vocabitur,
1343 4062 1595 4135 quoniam
1620 4062 1832 4133 spiritui

236 4163 355 4204 non
383 4151 549 4209 solum
588 4157 706 4210 sine
741 4156 853 4213 ulla
878 4155 1229 4228 repugnantia
1250 4198 1265 4224 ,
1298 4171 1486 4212 verum
1525 4157 1682 4212 etiam
1714 4155 1831 4212 sine

235 4238 346 4294 ulla
377 4244 671 4313 corporalis
692 4243 931 4298 alimenti
960 4246 1249 4317 indigentia
1280 4246 1333 4301 in
1369 4254 1630 4303 aeternum
1654 4247 1828 4302 viviti-

231 4334 411 4390 canda
440 4337 718 4394 suhdetur.
760 4336 889 4392 Haec
920 4336 1078 4407 igitur
1116 4340 1252 4404 duo,
1279 4356 1400 4407 quae
1436 4356 1580 4397 nunc
1600 4342 1829 4399 invicem

233 4423 587 4484 adversantur
607 4430 662 4484 in
680 4428 838 4485 nobis
856 4469 871 4494 ,
904 4427 1155 4499 quoniam
1174 4427 1230 4483 in
1252 4434 1481 4499 utroque
1500 4439 1601 4482 nos
1622 4446 1826 4494 sumus,

236 4522 296 4567 ut
314 4518 647 4575 concordent
671 4534 890 4576 oremus
914 4527 969 4575 et
1006 4534 1246 4590 agamus.
1286 4517 1407 4574 Non
1431 4518 1574 4574 enim
1602 4518 1830 4574 alterum

238 4620 428 4665 eorum
452 4622 633 4683 putare
653 4613 914 4669 debemus
932 4611 1207 4668 inimicum
1222 4653 1237 4680 ,
1257 4609 1352 4667 sed
1372 4609 1560 4666 vitium
1581 4626 1686 4682 quo
1705 4625 1830 4668 caro

241 4706 569 4774 concupiscit
611 4705 873 4762 adversus
914 4705 1160 4777 spiritum
1193 4722 1207 4759 :
1240 4702 1383 4775 quod
1414 4711 1659 4758 sanatum
1679 4746 1693 4770 ,
1728 4718 1829 4759 nec

246 4791 420 4861 ipsum
450 4801 577 4869 erit,
604 4809 659 4857 et
684 4799 981 4856 substantia
1019 4808 1244 4871 utraque
1267 4797 1414 4856 salva
1442 4797 1546 4854 erit
1564 4837 1580 4865 ,
1611 4806 1666 4853 et
1693 4798 1833 4875 inter

250 4897 524 4965 utramque
558 4896 703 4951 nulla
748 4910 924 4967 pugna
972 4894 1095 4950 erit.
1140 4892 1435 4949 Audiamus
1467 4891 1827 4964 Apostolum:

258 4981 371 5037 Scio
389 5030 404 5049 ,
438 4989 630 5059 inquit,
658 4991 780 5061 quia
806 5006 911 5044 non
939 4987 1132 5043 habitat
1160 4986 1216 5042 in
1243 5003 1351 5054 me,
1380 4986 1476 5040 hoc
1500 4994 1572 5041 est
1601 4986 1655 5041 in
1680 5001 1832 5040 carne

256 5092 397 5146 mea,
426 5083 619 5140 bonum.
643 5083 761 5140 Hoc
784 5083 970 5153 utique
998 5082 1101 5149 ait,
1133 5081 1258 5153 quia
1280 5080 1471 5136 vitium
1497 5080 1675 5135 carnis
1696 5080 1749 5134 in
1770 5093 1831 5135 re

258 5165 393 5226 hom
412 5188 513 5230 non
538 5183 619 5232 est
640 5176 882 5232 bonum:
911 5174 1055 5246 quod
1080 5188 1203 5230 cum
1232 5187 1353 5231 esse
1373 5171 1674 5241 destiterit,
1705 5186 1832 5228 caro

264 5260 387 5329 erit,
408 5267 497 5322 sed
510 5268 613 5339 jam
631 5270 817 5325 vitiata
842 5268 928 5325 vel
952 5268 1147 5324 vitiosa
1166 5282 1274 5324 non
1300 5267 1420 5324 erit.
1451 5267 1623 5337 Quam
1652 5274 1833 5324 tamen

274 5349 331 5404 ad
358 5368 577 5415 nostram
600 5361 869 5432 pertinere
893 5370 1139 5417 naturam
1156 5402 1172 5427 ,
1198 5360 1341 5416 idem
1366 5359 1554 5417 doctor
1573 5360 1830 5430 ostendit,

283 5442 410 5505 Mus
431 5446 678 5519 dicendo,
710 5453 833 5508 Scio
862 5454 985 5525 quia
1020 5470 1124 5508 non
1150 5452 1345 5508 habitat
1375 5454 1426 5509 in
1466 5469 1546 5509 me
1565 5470 1585 5509 :
1605 5453 1748 5525 quod
1776 5458 1835 5508 ut

284 5542 566 5609 elpollet'et,
596 5544 835 5614 addidit,
867 5546 963 5599 hoc
994 5554 1070 5600 est
1096 5545 1152 5599 in
1181 5561 1335 5601 carne
1356 5563 1466 5601 mea
1484 5589 1500 5615 ,
1531 5545 1736 5602 bonum.
1760 5544 1834 5601 Se

284 5616 434 5700 ῖιδςυε
453 5634 574 5691 dicit
600 5651 719 5693 esse
738 5651 957 5694 carnem
990 5651 1163 5692 suam.
1192 5636 1312 5692 Non
1337 5652 1462 5710 ergo
1482 5638 1595 5709 ipsa
1616 5645 1699 5695 est
1726 5635 1833 5692 ini-

279 5717 395 5781 ωἰω
411 5736 579 5786 nostra
602 5748 618 5784 :
640 5738 695 5785 et
713 5729 930 5801 quando
947 5729 1066 5801 ejus
1080 5729 1226 5785 vitiis
1243 5728 1529 5799 resistitur,
1550 5730 1666 5802 ipsa
1681 5742 1833 5786 ama-

680 5864 1002 5931 separatione.
1026 5867 1204 5919 Verius
1223 5873 1356 5930 Mss,
1378 5864 1548 5921 aliena
1566 5869 1833 5934 separatio-

481 6016 711 6079 ξηαπ.
744 6018 1025 6080 Ausus-1'.
1062 6014 1175 6081 VI.

1963 545 2068 610 tur,
2100 541 2223 640 quia
2266 542 2379 615 ipsa
2421 556 2656 607 curatur.
2702 543 2863 613 Nemo
2898 562 3031 618 enim
3070 580 3295 640 unquam
3330 548 3560 638 carnem.

1958 650 2107 738 suam
2125 637 2444 738 (lilio-nabuﬂ
2464 643 2683 738 (Ep/tes.
2713 661 2763 717 v,
2790 650 2881 725 99)
2901 670 2917 720 ;
2947 656 3086 714 sicut
3108 637 3226 733 ipse
3244 666 3534 738 Apostolus
3552 642 3559 704 έ

1958 725 2108 835 dicit.
2136 730 2206 786 Et
2222 732 2328 789 alio
2351 733 2470 791 loco
2491 738 2565 835 ait
2582 755 2607 835 Δε
2627 737 2795 810 Igitur
2818 744 2929 816 ipse
2950 765 3044 821 ego
3072 725 3234 811 mente
3431 725 3534 835 legi

1958 819 2091 916 _Dei,
2116 840 2268 916 carne
2289 836 2457 883 autem
2494 830 2593 904 legi
2622 837 2823 903 peccati.
2862 819 3095 899 Audiant
3122 849 3213 916 qui
3240 864 3398 908 aures
3436 819 3538 911 ha-

1956 911 2087 968 bent
2127 931 2140 969 :
2182 914 2353 988 Igitur
2392 920 2506 993 ipse
2547 938 2671 994 ego;
2699 940 2792 998 ego
2834 940 3043 1000 mente,
3070 911 3171 1007 ego
3212 954 3405 1007 carne;
3438 947 3536 1003 sed

1957 1013 2121 1103 mente
2154 1009 2315 1064 servio
2343 1010 2441 1081 tegi
2484 1012 2613 1082 Dei,
2644 1032 2787 1075 carne
2822 1031 2991 1079 autem
3028 1024 3127 1098 legi
3150 1032 3359 1099 peccati.
3384 1034 3533 1103 Quo-

1956 1098 2119 1155 modo
2171 1116 2323 1157 carne
2370 1104 2470 1176 legi
2512 1109 2743 1177 peccati?
2780 1115 3033 1185 numquid
3086 1098 3534 1193 concupiscentiae

1955 1193 2337 1251 consentiendo
2360 1199 2596 1254 carnali?
2615 1201 2770 1258 Absit
2794 1223 2808 1259 :
2828 1206 2921 1262 sed
2940 1217 3117 1267 motus
3140 1212 3534 1275 desideriorum

1954 1281 2066 1338 illic
2091 1282 2335 1343 habendo
2352 1328 2368 1355 ,
2397 1303 2531 1359 quos
2573 1290 2772 1351 habere
2800 1298 3011 1356 nolebat
3031 1343 3048 1371 ,
3074 1313 3130 1359 et
3161 1315 3336 1363 tamen
3363 1309 3535 1366 habe-

1952 1373 2065 1473 bat.
2089 1375 2195 1431 Sed
2236 1377 2446 1473 eisnon
2487 1385 2873 1444 consentiendo
2916 1397 3400 1455 meuteserviehat
3425 1401 3533 1473 legi

1954 1462 2080 1559 Dei,
2109 1474 2163 1522 et
2192 1468 2408 1526 tenebat
2435 1472 2672 1529 membra
2687 1516 2703 1543 ,
2725 1492 2795 1534 ne
2813 1478 3003 1537 ﬁerent
3023 1500 3169 1542 arma
3195 1492 3419 1559 peccati.

2023 1557 2113 1617 20.
2154 1560 2431 1635 Suntergo
2460 1564 2513 1619 in
2544 1568 2696 1625 nobis
2720 1570 2983 1631 desideria
3006 1580 3164 1646 mala,
3187 1557 3378 1653 quibus
3408 1600 3524 1643 non

1951 1653 2337 1710 consentiendo
2364 1671 2474 1712 non
2498 1658 2727 1718 vivimus
2753 1664 2892 1721 male
2924 1684 2937 1720 :
2973 1678 3100 1724 sunt
3125 1670 3180 1726 in
3212 1674 3365 1730 nobis
3392 1690 3532 1731 con-

1950 1744 2292 1814 cupiscentia:
2317 1759 2681 1822 peccatorum,
2706 1756 2895 1827 quibus
2935 1775 3042 1816 non
3084 1764 3385 1822 obediendo
3423 1783 3535 1826 non

1949 1833 2255 1903 perﬁcimus
2278 1840 2498 1908 malum,
2528 1843 2626 1899 sed
2656 1859 2743 1901 eas
2772 1847 3020 1907 habendo
3048 1855 3283 1911 nondum
3313 1858 3529 1927 perlici-

1949 1941 2070 1983 mus
2097 1928 2316 1986 bonum.
2361 1932 2652 2006 Utrumque
2689 1941 2918 1997 ostendit
2955 1944 3261 2015 Apostolus,
3304 1964 3408 2005 nec
3434 1950 3533 2005 bo-

1948 2032 2075 2073 num
2105 2019 2199 2077 hic
2220 2023 2425 2094 perﬁci,
2472 2027 2563 2081 ubi
2608 2031 2803 2088 malum
2846 2033 2924 2090 sic
2970 2040 3397 2109 concupiscitur;
3431 2057 3533 2099 nec

1948 2110 2145 2167 malum
2180 2112 2268 2171 hic
2308 2118 2511 2186 perlici,
2542 2121 2755 2190 quando
2800 2125 2890 2180 tali
2935 2131 3386 2200 concupiscentiae
3418 2149 3532 2191 non

1949 2200 2212 2258 obeditur.
2236 2207 2371 2263 Illud
2399 2210 2597 2281 quippe
2641 2215 2875 2270 ostendit
2907 2218 2995 2272 ubi
3019 2218 3113 2287 ait,
3162 2219 3304 2276 Velle
3331 2224 3534 2294 adjacet

1947 2294 2093 2359 mihi,
2113 2296 2348 2365 perﬁcere
2360 2310 2526 2355 autem
2551 2302 2846 2361 bonumnon
2869 2307 3142 2380 (Rom.vn,
3159 2312 3247 2377 18,
3265 2312 3358 2383 25)
3391 2331 3405 2367 :
3430 2313 3534 2370 hoc

1948 2400 2097 2454 vero,
2138 2386 2230 2441 ubi
2282 2387 2378 2456 ait,
2434 2386 2633 2458 Spiritu
2682 2393 2969 2460 ambulate,
3012 2409 3056 2455 et
3102 2404 3534 2473 concupiscentia;

1947 2480 2115 2534 carnis
2143 2495 2206 2535 ne
2231 2483 2562 2552 perfeceritis.
2595 2481 2782 2554 Neque
2832 2485 2903 2539 ibi
2938 2486 3082 2541 enim
3116 2493 3246 2550 dicit
3284 2511 3393 2551 non
3429 2497 3536 2553 sibi

1946 2572 2191 2643 adjacere
2234 2572 2408 2629 facere
2453 2574 2688 2641 bonum;
2722 2576 2838 2643 sed,
2887 2578 3147 2648 perlicere
3192 2598 3205 2634 :
3247 2603 3417 2652 neque
3444 2589 3536 2644 hic

1944 2665 2096 2732 dicit,
2128 2664 2571 2739 Concupiscentias
2617 2671 2786 2725 carnis
2833 2686 2901 2725 ne
2947 2672 3273 2741 habueritis;
3318 2676 3434 2743 sed,
3474 2698 3540 2736 ne

1946 2758 2274 2830 perfeceritis.
2325 2758 2486 2814 Fiunt
2534 2760 2714 2831 itaque
2773 2761 2827 2816 in
2879 2762 3035 2818 nobis
3092 2767 3541 2837 concupiscentia

1944 2854 2124 2919 malae,
2156 2852 2367 2923 quando
2396 2854 2450 2909 id
2480 2854 2625 2925 quod
2666 2871 2775 2911 non
2804 2856 2929 2912 licet
2956 2857 3087 2912 libet
3113 2876 3127 2913 :
3156 2861 3253 2916 sed
3279 2876 3385 2916 non
3416 2877 3539 2932 per-

1945 2943 2217 3014 ﬁciuntur,
2240 2959 2360 3001 cum
2387 2946 2489 3016 legi
2512 2947 2605 3002 Dei
2635 2952 2815 3003 mente
2842 2948 3110 3005 serviente
3140 2950 3389 3008 libidines
3408 2968 3538 3010 con-

1946 3034 2200 3091 tinentur.
2225 3036 2291 3090 Et
2320 3037 2517 3091 bonum
2546 3036 2624 3105 fit,
2655 3052 2776 3093 cum
2804 3038 2858 3094 id
2887 3039 3032 3110 quod
3059 3041 3198 3096 male
3227 3042 3379 3111 libet,
3410 3046 3537 3101 vin-

1944 3133 2102 3182 cente
2136 3126 2274 3182 bona
2303 3126 2658 3183 delectatione
2688 3146 2797 3184 non
2824 3130 2883 3184 lit
2927 3149 2943 3185 :
2984 3132 3079 3187 sed
3120 3134 3245 3188 boni
3277 3136 3536 3206 perfectio

1945 3233 2053 3273 non
2081 3218 2354 3288 impletur,
2388 3220 2640 3289 quamdiu
2676 3221 2781 3292 legi
2808 3224 3015 3293 peccati
3042 3239 3203 3280 carne
3227 3228 3532 3295 serviente‘

1944 3309 2109 3365 libido
2135 3309 2308 3379 illicit,
2328 3319 2382 3367 et
2410 3312 2653 3380 quamvis
2680 3313 3038 3383 contineatur,
3061 3324 3239 3373 tamen
3260 3331 3528 3377 movetur.

1942 3402 2061 3459 Non
2092 3403 2233 3459 enim
2260 3419 2393 3475 opus
2417 3413 2561 3461 esset
2583 3415 2639 3462 ut
2662 3407 3049 3477 contineretur,
3072 3412 3174 3465 nisi
3202 3424 3531 3473 moveretur.

1943 3498 2059 3554 Erit
2085 3497 2402 3570 quandoque
2446 3500 2608 3554 etiam
2651 3501 2912 3571 perfectio
2963 3504 3111 3571 boni,
3162 3507 3375 3577 quando
3400 3525 3534 3567 cou-

1941 3592 2174 3661 sumptio
2200 3591 2326 3646 mali
2360 3609 2373 3644 :
2398 3591 2526 3648 illud
2554 3608 2847 3663 summum,
2878 3595 2982 3652 hoc
3007 3597 3110 3654 erit
3130 3600 3357 3657 nullum.
3376 3602 3534 3673 Quod

1942 3683 1990 3738 si
2028 3682 2083 3739 in
2119 3683 2219 3740 ista
2256 3684 2581 3742 mortalitate
2605 3687 2933 3757 sperandum
2980 3698 3247 3761 putamus,
3273 3694 3529 3751 fallimur.

1941 3774 2092 3831 Tunc
2110 3776 2252 3833 enim
2282 3777 2402 3844 erit,
2445 3778 2658 3848 quando
2683 3793 2833 3835 mors
2866 3794 2975 3836 non
3014 3782 3152 3851 erit;
3187 3793 3241 3839 et
3287 3785 3358 3841 ibi
3403 3766 3548 3856 erit;

1939 3866 2030 3923 ubi
2050 3867 2157 3923 vita
2176 3877 2375 3925 aeterna
2405 3869 2526 3924 erit.
2558 3868 2618 3924 In
2651 3870 2746 3927 illo
2765 3871 2908 3927 enim
2936 3873 3132 3929 saeculo
3156 3882 3211 3930 et
3234 3876 3286 3931 in
3327 3878 3421 3933 illo
3444 3895 3531 3935 re-

1938 3973 2045 4031 gno
2064 3960 2169 4015 erit
2186 3960 2383 4016 bonum
2403 3976 2694 4031 summum,
2713 3964 2911 4020 malum
2934 3965 3137 4021 nullum
3159 3985 3173 4035 ;
3196 3954 3409 4039 quando
3426 3973 3530 4027 erit

1938 4058 1994 4107 et
2011 4052 2099 4108 ubi
2120 4052 2221 4108 erit
2249 4054 2523 4125 sapientiae
2542 4069 2694 4112 amor
2714 4071 2981 4127 summus,
3007 4061 3353 4120 continentiae
3372 4064 3529 4120 labor

1936 4142 2134 4198 nullus.
2165 4142 2282 4198 Non
2325 4144 2485 4214 igitur
2506 4145 2644 4200 mala
2667 4155 2750 4202 est
2789 4164 2936 4218 caro,
2974 4150 3021 4205 si
3063 4153 3205 4207 malo
3241 4162 3440 4221 careat,
3472 4156 3528 4211 id

1936 4242 2037 4300 est,
2071 4233 2200 4288 vitio
2224 4249 2330 4304 quo
2354 4234 2569 4291 vitiatus
2590 4244 2675 4293 est
2702 4236 2886 4307 homo,
2920 4254 3027 4295 non
3056 4239 3226 4298 factus
3255 4246 3411 4311 male,
3429 4248 3526 4301 sed

1936 4323 2053 4395 ipse
2078 4323 2303 4381 faciens.
2337 4325 2417 4381 Ex
2437 4336 2666 4399 utraque
2691 4329 2836 4385 enim
2862 4339 3033 4401 parte,
3060 4331 3115 4387 id
3135 4343 3239 4402 est,
3269 4343 3324 4389 et
3346 4337 3526 4393 anima

1933 4424 1993 4473 et
2018 4431 2243 4488 corpore
2266 4432 2295 4472 a
2323 4416 2466 4474 bono
2494 4419 2605 4475 Deo
2630 4418 2801 4476 factus
2826 4420 3022 4491 bonus,
3040 4423 3154 4494 ipse
3174 4425 3300 4482 fecit
3324 4431 3527 4482 malum

1935 4517 2043 4575 quo
2093 4509 2263 4557 ramus
2300 4520 2384 4557 est
2407 4511 2601 4568 malus.
2646 4512 2695 4567 A
2715 4512 2869 4584 cujus
2896 4510 3024 4566 mali
3048 4520 3201 4567 reatu
3223 4501 3335 4583 jam
3360 4517 3525 4573 etiam

1934 4596 2140 4654 solutus
2164 4611 2260 4666 per
2283 4595 2687 4667 indulgentiam,
2717 4613 2787 4655 ne
2814 4598 2931 4656 leve
2956 4601 3224 4660 existimet
3243 4622 3364 4664 esse
3380 4611 3523 4680 quod

1934 4686 2081 4755 fecit,
2114 4686 2289 4743 adhuc
2311 4702 2431 4743 cum
2462 4702 2559 4744 suo
2580 4688 2712 4746 vitio
2751 4701 2952 4762 pugnat
2979 4707 3077 4764 per
3109 4699 3495 4757 continentiam
3522 4756 3525 4757 ν

1936 4779 2091 4836 Absit
2109 4788 2287 4834 autem
2310 4787 2368 4835 ut
2391 4780 2555 4835 insint
2580 4780 2691 4835 ulla
2720 4782 2849 4837 vitia
2876 4783 2930 4838 in
2960 4784 3052 4839 illa
3078 4801 3199 4857 quae
3229 4789 3400 4847 futura
3438 4802 3524 4849 est

1936 4887 2066 4944 pace
2086 4871 2467 4943 regnantibus;
2492 4873 2925 4945 quandoquidem
2947 4876 2999 4931 in
3020 4876 3124 4934 isto
3152 4881 3295 4938 bello
3337 4887 3518 4954 quoti-

1935 4964 2023 5021 die
2062 4964 2372 5019 minuuntur
2392 4963 2449 5019 in
2476 4964 2899 5038 proficientibus,
2931 4984 3043 5026 non
3064 4983 3282 5042 peccata
3319 4976 3518 5049 solum,

1936 5057 2031 5116 sed
2073 5058 2203 5129 ipsae
2237 5073 2447 5130 quoque
2489 5060 2952 5132 concupiscentiae,
3001 5080 3126 5123 cum
3178 5070 3370 5140 quibus
3412 5089 3523 5130 non

1936 5149 2325 5208 consentiendo
2352 5150 2675 5224 conﬂigitur,
2707 5161 2762 5211 et
2780 5155 2973 5226 quibus
2993 5162 3377 5220 consentiendo
3396 5181 3523 5236 pec-

1936 5254 2112 5305 catur.

2011 5338 2103 5394 21.
2142 5335 2293 5405 Quod
2319 5353 2445 5410 ergo
2465 5354 2591 5397 caro
2609 5342 2934 5414 concupiscit
2961 5346 3219 5407 adversus
3247 5353 3517 5423 spiritum,

1937 5428 2082 5502 quod
2102 5444 2206 5485 non
2237 5429 2439 5486 habitat
2462 5431 2518 5487 in
2544 5447 2708 5490 carne
2732 5445 2915 5493 nostra
2939 5438 3160 5509 bonum,
3182 5444 3324 5513 quod
3358 5446 3442 5501 lex
3466 5448 3521 5502 in

1937 5522 2196 5579 membris
2224 5523 2422 5580 nostris
2444 5538 2705 5597 repugnat
2735 5528 2840 5599 legi
2883 5533 3097 5599 mentis,
3132 5550 3240 5589 non
3268 5544 3351 5591 est
3379 5537 3521 5593 dua-

1938 5631 2059 5673 rum
2094 5623 2406 5673 naturarum
2441 5632 2507 5675 ex
2554 5620 2837 5676 contrariis
2876 5624 3150 5694 principiis
3188 5626 3326 5683 faeta
3365 5643 3519 5688 com-

2003 5814 2021 5848 ι
2045 5814 2196 5885 Editio
2208 5823 2341 5879 Lov.,
2356 5816 2407 5868 iu
2426 5815 2587 5885 carnis
2602 5815 2848 5885 serpicnte.
2864 5822 3151 5885 Emendatur
3169 5838 3234 5877 ex
3254 5828 3400 5882 editis
3411 5831 3523 5885 aliis

1940 5883 2473 5960 ειξὲἕεξιέξξοὲξξξξ-
2498 5879 2691 5960 νέξιξίωί
2720 5890 2890 5945 Postea
2922 5884 3101 5949 rerum.
3143 5879 3299 5944 (suae

1941 5947 2156 6011 quamvis
2178 5947 2490 6007 contineatur,
2517 5947 2612 5993 etc.

2896 6031 3211 6113 (θρωπε.)
