3896 6382
475 425 586 489 363

479 514 692 608 mixtio,
718 530 814 593 sed
852 531 1012 589 unius
1030 525 1285 585 adversus
1314 535 1375 579 se
1416 520 1585 591 ipsam
1608 526 1827 590 propter
1858 512 2062 586 peccati

485 636 736 695 meritum
757 627 897 683 facta
917 620 1130 680 divisio.
1152 615 1265 675 Non
1287 615 1364 671 sic
1395 613 1594 669 fuimus
1616 612 1670 666 in
1699 608 1890 674 Adam,
1918 613 2068 661 ante-

483 742 647 802 quam
674 730 862 779 natura
892 730 989 774 suo
1034 716 1317 784 decepture
1360 707 1543 764 audito
1583 720 1646 760 ac
1675 711 1882 771 secuto,
1914 713 2069 755 suum

483 799 903 887 contempsisset
929 820 1091 883 atque
1133 800 1439 864 offendisset
1474 806 1747 855 auctorem
1794 814 1807 850 :
1842 810 1947 850 non
1985 799 2072 848 est

482 915 588 973 ista
637 911 787 983 prior
826 906 935 963 vita
973 902 1140 961 creati
1188 896 1443 963 hominis,
1474 894 1568 950 sed
1608 889 1875 963 posterior
1913 900 2072 960 paena

487 981 749 1065 damnati.
787 1002 868 1058 Ex
901 1014 1005 1072 qua
1063 993 1399 1053 damnatione
1444 1004 1540 1059 per
1583 985 1764 1043 Jesum
1801 981 2073 1038 Christum

493 1099 666 1173 gratia
685 1094 921 1161 liberati,
950 1106 1072 1148 cum
1102 1103 1261 1161 paena
1292 1098 1386 1140 sua
1431 1079 1685 1137 dimicant
1713 1073 1888 1138 liberi,
1936 1087 2072 1126 nou-

494 1169 625 1249 dum
646 1191 818 1246 salute
841 1186 1022 1259 plena,
1055 1182 1149 1240 sed
1186 1182 1291 1252 jam
1324 1176 1545 1247 pignore
1590 1169 1777 1227 salutis
1814 1172 2033 1235 accepto
2061 1180 2073 1216 :

498 1300 610 1342 non
638 1254 861 1337 liberati
899 1286 1093 1341 autem,
1133 1281 1188 1329 et
1212 1266 1443 1343 peccatis
1470 1264 1487 1297 ¹
1509 1264 1584 1318 rei
1614 1268 1759 1329 sunt,
1788 1267 1841 1314 et
1865 1254 2079 1326 suppli-

493 1377 597 1433 ciis
622 1370 897 1443 implicati.
922 1369 1044 1424 Post
1083 1365 1222 1419 hanc
1259 1374 1387 1416 vero
1412 1356 1577 1412 vitam
1621 1370 1726 1408 rcts
1762 1348 2001 1405 manebit
2027 1346 2081 1401 in

497 1440 760 1526 :eternum
782 1478 937 1536 paena
967 1474 1065 1533 pro
1092 1458 1283 1528 culpa;
1329 1451 1512 1508 liberis
1540 1463 1649 1504 non
1686 1442 1983 1502 remanebit
2028 1440 2082 1496 in

497 1570 762 1618 aeternum
790 1572 887 1613 nec
906 1555 1079 1624 culpa,
1109 1566 1209 1606 nec
1246 1560 1405 1620 poena
1440 1561 1454 1599 :
1483 1541 1577 1599 sed
1610 1537 2001 1613 permanebunt
2030 1532 2097 1605 in.

500 1660 764 1717 aeternum
784 1645 1092 1705 substantia:
1111 1643 1266 1699 home
1295 1636 1510 1711 spiritus
1536 1642 1591 1689 et
1615 1646 1770 1697 caro;
1795 1642 1926 1699 quas
1949 1625 2088 1679 Deus

492 1736 677 1804 bonus
695 1754 750 1801 et
774 1736 1121 1799 immutabilis
1148 1736 1335 1803 bonas,
1357 1727 1602 1802 quamvis
1632 1721 1940 1787 mutabiles,
1960 1732 2092 1772 con-

508 1839 668 1895 didit.
683 1832 1080 1894 Permanebunt
1102 1838 1278 1885 autem
1296 1826 1345 1880 in
1368 1822 1558 1878 melius
1578 1821 1937 1879 commutatae,
1957 1824 2094 1865 nun-

508 1947 669 2005 quam
696 1929 806 2002 jam
836 1928 891 1983 in
921 1924 1159 1981 deterius
1202 1915 1500 1980 mutandae;
1529 1916 1845 1979 consumpto
1883 1902 2095 1976 penitus

505 1996 660 2083 διιπιί
689 1996 920 2087 inalo,et
945 2017 1087 2090 quod
1118 2016 1277 2071 homo
1292 2010 1417 2066 fecit
1442 2007 1725 2077 injuste,et
1740 1996 1880 2072 quod
1909 2008 2095 2068 passus

510 2125 597 2174 est
606 2112 974 2187 juste.Quibus
988 2110 1193 2166 duobus
1207 2104 1328 2162 mali
1342 2098 1627 2174 generibus
1639 2093 1858 2151 omnino
1871 2102 2098 2161 pereun-

506 2177 677 2275 tibus,
705 2177 931 2277 quorum
953 2209 1036 2258 est
1061 2214 1223 2255 unum
1248 2188 1602 2265 praecedentis
1628 2181 1943 2257 iniquitatis,
1962 2177 2096 2234 alte-

504 2313 629 2361 rum
664 2269 1044 2368 consequentis
1074 2284 1418 2351 infelicitatis,
1456 2281 1560 2337 erit
1586 2276 1817 2333 hominis
1847 2271 1963 2326 sine
1990 2269 2100 2324 ulla

508 2393 772 2466 pravitate
795 2363 1040 2444 voluntas
1066 2390 1231 2439 recta.
1263 2376 1339 2430 lbi
1369 2372 1617 2429 omnibus
1657 2365 1760 2419 erit
1788 2363 1992 2418 clarum
2014 2369 2098 2415 at-

512 2452 1012 2555 quc'perspicuum,
1041 2466 1179 2538 qthtl
1204 2478 1345 2519 nunc
1376 2477 1406 2515 a
1435 2458 1682 2515 ﬁdelibus
1718 2456 1900 2512 multis
1930 2452 2103 2509 credi-

510 2549 679 2644 t-ur,a
726 2549 910 2644 paucis
956 2559 1288 2631 intelligitur,
1323 2556 1521 2612 malum
1550 2569 1658 2609 non
1702 2566 1821 2607 esse
1850 2549 2103 2606 substan-

510 2670 677 2733 tiam;
708 2643 801 2716 sed
822 2659 962 2716 sicut
984 2654 1180 2710 vulnus
1215 2652 1267 2707 in
1295 2663 1540 2720 corpore,
1575 2648 1648 2703 ita
1687 2647 1740 2701 in
1763 2643 2061 2701 substantia
2082 2644 2103 2676 ³

510 2773 633 2831 quae
658 2770 725 2811 se
750 2754 917 2824 ipsam
947 2748 1176 2815 vitiavit,
1203 2759 1324 2801 esse
1368 2742 1598 2814 coepisse
1640 2747 1795 2812 peste
1833 2737 2104 2805 inchoata,

518 2830 680 2919 atque
708 2843 781 2902 ibi
819 2857 940 2899 esse
968 2838 1215 2897 desinere
1242 2835 1469 2893 sanitate
1497 2832 1754 2906 perfecta.
1786 2830 1943 2886 Omni
1981 2844 2110 2900 ergo

515 2941 659 2999 malo
685 2944 873 2995 exorto
901 2950 932 2989 a
958 2931 1134 2999 nobis,
1159 2939 1213 2987 et
1240 2928 1448 3001 perdito
1484 2928 1539 2982 in
1569 2926 1743 2993 nobis,
1779 2924 1921 2980 bono
1950 2923 2109 2979 etiam

516 3040 710 3092 nostro
742 3043 911 3099 usque
935 3025 1002 3080 ad
1024 3024 1232 3081 culmen
1260 3020 1584 3077 felicissimae
1623 3015 2035 3087 incorruptionis
2058 3023 2114 3072 et

518 3119 937 3182 immortalitatis
952 3125 1111 3174 aucto
1125 3123 1282 3187 atque
1298 3110 1554 3184 perfecto,
1579 3111 1750 3182 qualis
1769 3108 1870 3165 erit
1889 3116 2116 3179 utraque

516 3225 707 3277 nostra
737 3211 1033 3270 substantia
1059 3208 1082 3263 'i
1125 3202 1568 3279 Quandoquidem
1604 3217 1747 3257 nunc
1786 3200 1839 3256 in
1869 3200 1969 3256 ista
1996 3214 2118 3255 cor-

518 3307 773 3379 ruptione
799 3313 852 3361 et
895 3299 1243 3364 mortalitate,
1278 3312 1399 3352 cum
1430 3294 1605 3350 adhuc
1645 3308 1828 3365 corpus
1858 3289 2116 3361 corrupti-

520 3402 622 3459 bile
648 3406 892 3474 aggravat
918 3395 1141 3469 animam
1173 3390 1327 3465 (Sap.
1361 3404 1444 3456 ιι,
1487 3387 1600 3460 15),
1629 3394 1685 3442 et
1717 3383 1858 3456 quod
1882 3384 2117 3454 Aposto-

521 3495 609 3554 lus
629 3473 776 3558 dicit,
807 3506 990 3561 corpus
1030 3494 1285 3542 mortuum
1316 3490 1387 3537 est
1420 3487 1626 3551 propter
1654 3483 1911 3547 peccatum
1940 3473 2116 3543 (Rom.

436 3635 439 3639 .
524 3602 640 3651 vm,
669 3582 783 3656 10),
813 3582 919 3636 tale
953 3588 1134 3634 tamen
1159 3570 1527 3630 testimonium
1557 3567 1805 3639 perhibet
1834 3565 1974 3620 idem
2004 3564 2120 3635 ipse

526 3675 679 3734 carni
708 3682 927 3736 nostrae,
970 3669 1025 3725 id
1063 3676 1146 3724 est
1178 3666 1313 3739 parti
1343 3672 1539 3741 nostrae
1588 3659 1785 3715 inﬁmae
1814 3666 1973 3728 atque
2013 3666 2122 3713 ter-

525 3783 695 3832 renata,
717 3773 779 3821 ut
805 3765 948 3818 dicat
974 3760 1116 3833 quod
1140 3758 1297 3830 paulo
1323 3765 1449 3812 ante
1473 3751 1917 3817 commemoravi,
1958 3750 2123 3805 Nemo

530 3873 756 3929 unquam
775 3869 980 3909 carnem
1020 3867 1167 3907 suam
1194 3849 1311 3905 odio
1342 3846 1551 3913 habuit;
1584 3844 1871 3915 statimque
1901 3842 2134 3922 subjunj

530 3960 644 4023 gat,
689 3948 778 4004 sed
804 3947 960 4035 nutrit
1003 3961 1115 4001 eam
1139 3951 1187 3999 et
1213 3942 1379 4013 fovet,
1417 3940 1545 3995 sicut
1589 3947 1635 3994 et
1678 3934 1906 3993 Christus
1936 3933 2113 3990 Eccle

532 4045 663 4101 siam
681 4044 706 4098 ?

606 4135 833 4193 CAPUT
870 4131 965 4191 IX.
994 4163 1065 4173 —
1086 4128 1177 4187 22.
1202 4129 1415 4185 Carnem
1442 4136 1626 4181 natura
1646 4141 1749 4179 non
1776 4138 1881 4179 esse
1909 4120 2119 4191 malam,

536 4248 651 4288 cum
696 4232 804 4302 ejus
836 4228 1063 4300 exeniplo
1093 4224 1377 4296 diligendas
1421 4238 1606 4276 uxores
1636 4219 1862 4273 hortetur
1904 4216 2125 4286 Aposto-

540 4326 641 4380 lus.
675 4321 797 4377 Tres
839 4319 1037 4391 copula:
1077 4318 1346 4373 insinuata:
1384 4314 1446 4368 ab
1474 4311 1737 4384 Apostolo,
1767 4324 1939 4364 omnes
1963 4307 2127 4372 bonw,

532 4432 750 4489 quorum
774 4414 917 4468 tertia
937 4420 1007 4468 est
1033 4411 1201 4467 carnis
1248 4418 1293 4464 et
1313 4408 1539 4478 spiritus.
1568 4396 1778 4458 Mulieri
1811 4400 2131 4475 subjectionis

541 4508 831 4575 exemplum
869 4523 901 4553 a
945 4521 1097 4554 came
1138 4519 1230 4554 cur
1271 4518 1373 4555 non
1400 4500 1596 4560 datum.
1630 4498 1747 4564 Quo
1796 4496 1975 4562 igitur.
2024 4508 2128 4540 non

542 4597 687 4661 dico,
735 4606 940 4656 errore,
969 4589 1063 4643 sed
1108 4606 1331 4657 prorsus
1357 4590 1538 4637 furore
1558 4622 1571 4646 ,
1607 4577 1884 4634 Manichmi
1915 4591 2131 4632 carnem

542 4697 784 4746 nostram
808 4682 991 4738 nescio
1018 4679 1106 4734 cui
1134 4675 1390 4731 fabulosa:
1416 4672 1561 4744 genti
1608 4672 1850 4727 tribuunt
1882 4669 2133 4726 tenebra-

539 4793 685 4845 rum,
711 4789 869 4847 quam
902 4770 1086 4825 volunt
1109 4780 1258 4823 suam
1288 4765 1402 4820 sine
1434 4763 1542 4819 ullo
1578 4763 1730 4817 initio
1759 4761 1953 4817 malam
1990 4776 2133 4816 sem-

540 4887 643 4944 per
672 4867 922 4923 habuisse
951 4873 1194 4919 naturam
1225 4879 1239 4914 :
1276 4874 1397 4915 cum
1426 4874 1584 4914 verax
1611 4857 1800 4914 doctor
1826 4858 1970 4912 viros
2009 4856 2131 4911 dili-

540 4977 670 5034 gere
697 4972 893 5015 uxores
916 4971 1040 5012 suas
1084 4952 1329 5024 exemplo
1355 4966 1465 5007 sua:
1490 4951 1665 5007 carinis
1708 4950 1975 5016 hortetur,
1999 4963 2133 5019 quos

544 5054 615 5111 ad
661 5054 763 5108 hoc
806 5053 978 5123 ipsum
1002 5049 1196 5105 Christi
1242 5061 1453 5117 quoque
1495 5051 1549 5101 et
1587 5043 1845 5099 Ecclesiae
1890 5042 2133 5097 hortatur

541 5144 831 5217 exemplo?
892 5143 1056 5199 Totus
1100 5140 1329 5209 denique
1368 5139 1483 5209 ipse
1526 5136 1833 5207 apostolica:
1879 5134 2133 5205 Epistulae

541 5242 716 5309 locus,
748 5238 901 5297 valde
952 5235 1020 5292 ad
1067 5251 1181 5290 rem
1235 5231 1529 5305 pertinens,
1579 5229 1945 5287 recordandus
1987 5238 2069 5284 est
2117 5247 2130 5284 :

548 5333 685 5398 Viri,
732 5330 921 5401 inquit,
970 5328 1164 5400 diligite
1202 5341 1386 5379 uxores
1415 5332 1625 5391 vestras,
1664 5323 1793 5375 sicut
1829 5330 1875 5375 et
1904 5318 2134 5376 Christus

543 5422 724 5483 dilexit
747 5420 1050 5487 Ecclesiam,
1084 5426 1132 5472 et
1167 5432 1221 5472 se
1247 5415 1416 5486 ipsum
1442 5413 1650 5468 tradidit
1689 5429 1781 5483 pro
1808 5428 1887 5479 ea,
1930 5420 1984 5465 ut
2021 5428 2133 5467 eam

538 5515 904 5586 sanctiﬁcarct,
936 5509 1191 5566 mundans
1218 5507 1418 5561 lavacro
1454 5521 1599 5577 aqua:
1628 5505 1681 5559 in
1721 5503 1907 5570 verbo;
1957 5512 2013 5557 ut
2048 5519 2136 5558 ea:-

544 5608 735 5663 hiberct
776 5604 874 5660 sibi
926 5604 1035 5673 ipse
1077 5599 1352 5672 gloriosam
1399 5595 1711 5663 Ecclesium,
1744 5613 1846 5650 non
1874 5593 2135 5650 habentem

554 5699 833 5763 maculam,
877 5703 964 5750 aut
1010 5708 1212 5763 rugam,
1256 5699 1342 5743 aut
1389 5686 1584 5757 aliquid
1611 5686 2054 5754 Imiusmodi;sed
2083 5695 2137 5740 ut

608 5814 629 5845 ι
652 5809 963 5882 mcbaelinus
981 5818 1084 5869 Ms.,
1114 5807 1316 5882 peccati.
1338 5804 1573 5882 Fuliensis
1596 5812 1648 5857 et
1684 5804 1765 5856 alii
1808 5804 2021 5871 quidam,
2043 5815 2139 5857 non

542 5870 908 5934 Matutam
923 5886 954 5923 a
973 5870 1200 5935 peccatis,
1222 5870 1293 5920 rei
1306 5874 1434 5921 sunt.

614 5938 639 5977 ³
658 5937 735 5990 sic
752 5936 938 6001 aliquot
957 5941 1066 5987 uss.
1085 5940 1143 5987 At
1165 5933 1301 5997 editi,
1327 5931 1399 5989 ita
1418 5930 1744 5988 substantiam.

1632 401 1724 458 DE
1760 390 2237 461 CONTINENTIA,
2277 389 2335 447 S.
2377 387 2747 449 AUGUSTINI
2780 390 2783 395 λ

3596 398 3675 461 366

2176 509 2242 567 sit
2265 518 2440 565 sancta
2465 519 2514 563 et
2538 506 2883 564 immaculata.
2913 497 3020 573 Ita,
3047 500 3234 576 inquit,
3258 511 3307 562 et
3327 502 3417 563 viri
3440 505 3591 567 debeat
3612 514 3678 569 di-

2177 603 2331 676 ligere
2353 620 2537 660 uxores
2565 620 2705 671 suas,
2733 602 2859 657 sicut
2901 616 3116 671 corpora
3141 614 3251 654 sua.
3280 597 3374 666 Qui
3415 600 3561 676 diligit
3584 622 3683 661 uro-

2176 712 2281 752 rem
2306 713 2472 764 suam,
2504 712 2558 750 se
2580 696 2745 766 ipsum
2769 692 2933 764 diligit
2964 690 3181 761 (Ephes.
3220 706 3275 759 v,
3300 690 3500 762 25-29).
3523 693 3685 754 Deinde

2179 787 2474 857 subiunxit,
2504 785 2645 858 quod
2678 784 2791 857 jam
2817 781 3349 839 commemoravimus
3375 799 3388 835 :
3416 781 3562 856 Nemo
3586 787 3687 841 etim

2179 896 2402 944 unquam
2428 895 2630 934 carnem
2666 894 2809 933 suam
2863 876 2979 931 odio
3007 873 3201 942 habuit,
3240 874 3325 929 sed
3365 851 3566 929 nutrit-et
3596 880 3689 947 [oret

2183 989 2312 1039 eam,
2338 973 2464 1027 sicut
2484 980 2533 1026 et
2557 970 2789 1027 Christus
2818 967 3113 1024 Ecclesiam.
3136 966 3273 1037 Quid
3289 966 3352 1022 ad
3371 965 3477 1022 htec
3500 966 3606 1021 dicit
3622 968 3694 1021 im-

2185 1065 2551 1121 mundissima:
2580 1063 2868 1135 impietatis
2898 1059 3301 1127 insaniaiQuid
3328 1057 3392 1114 ad
3409 1057 3513 1113 ha:c
3542 1058 3691 1126 dicitis,

2185 1159 2500 1217 Manichaei?
2558 1159 2650 1231 qui
2696 1157 2852 1214 nobis
2896 1156 3046 1212 velut
3092 1169 3161 1211 ex
3203 1151 3495 1225 apostolicis
3530 1149 3696 1207 Litteris

2187 1253 2321 1309 duas
2346 1252 2461 1307 sine
2504 1251 2656 1306 initio
2705 1259 2946 1316 naturas,
2979 1262 3141 1304 unam
3170 1246 3316 1315 boni,
3348 1243 3551 1299 alteram
3587 1242 3696 1307 mali,

2189 1343 2456 1401 conamini
2487 1342 2780 1410 inducere;
2821 1349 2876 1397 et
2905 1339 3227 1412 apostolicas
3250 1336 3490 1403 Litteras,
3515 1349 3612 1405 qua:
3631 1346 3699 1388 vos

2189 1438 2257 1493 ab
2306 1438 2405 1492 ista
2452 1435 2710 1506 sacrilega
2756 1432 3112 1506 perversitate
3150 1429 3432 1501 corrigunt,
3460 1441 3555 1482 non
3585 1424 3701 1479 vultis

2192 1528 2396 1584 audire.
2429 1528 2576 1584 Sicut
2604 1525 2803 1597 legitis,
2835 1525 2967 1581 Caro
2993 1520 3300 1593 concupiscit
3328 1517 3549 1573 adversus
3589 1514 3703 1586 spiri-

2194 1634 2300 1679 tum
2328 1620 2521 1698 (Galat.
2545 1638 2601 1689 v,
2631 1620 2759 1693 i7);
2796 1629 2870 1686 et,
2904 1615 3028 1673 Non
3057 1615 3250 1671 habitat
3290 1613 3343 1667 in
3369 1626 3509 1665 carne
3530 1623 3620 1663 mea
3639 1605 3704 1660 ba-

2196 1735 2316 1773 num
2339 1733 2358 1772 :
2387 1717 2456 1771 ita
2484 1714 2663 1786 legite,
2701 1713 2867 1768 Nemo
2888 1728 3113 1782 unquam
3155 1723 3355 1764 carnem
3379 1720 3510 1759 suam
3535 1701 3627 1756 odio
3648 1698 3706 1753 ha

2198 1808 2321 1876 buit,
2346 1807 2431 1861 sed
2460 1805 2617 1861 nutrit
2668 1814 2711 1860 et
2740 1807 2871 1878 {ovet
2894 1820 3026 1868 eam,
3079 1802 3213 1856 sicut
3259 1806 3303 1853 et
3348 1794 3554 1851 Christus
3577 1788 3708 1843 Eccle-

2198 1902 2347 1958 siam.
2374 1900 2521 1957 Sicut
2540 1898 2735 1969 legitis,
2778 1895 2935 1952 Video
2958 1896 3114 1949 aliam
3142 1894 3301 1964 legem
3323 1890 3373 1944 in
3400 1884 3602 1943 membris
3622 1881 3707 1936 meis

2200 2000 2562 2065 repugnantem
2591 1989 2687 2061 legi
2716 1988 2893 2043 mentis
2922 2002 3047 2043 mete
3086 1986 3269 2057 (Rom.
3309 1998 3398 2047 vn,
3426 1977 3505 2044 l8,
3525 1975 3601 2047 23)
3629 1974 3710 2027 :iu

2202 2086 2383 2160 legite,
2410 2084 2555 2141 Sicut
2579 2080 2808 2140 Christus
2837 2079 3015 2137 dilexit
3052 2078 3352 2145 Ecclesium,
3377 2074 3446 2129 ita
3471 2080 3513 2129 et
3554 2069 3629 2125 viri
3654 2067 3713 2120 de-

2202 2180 2319 2237 bent
2344 2177 2558 2251 diligere
2574 2194 2759 2233 uxores
2781 2193 2924 2244 suas,
2966 2177 3094 2232 sicut
3138 2190 3234 2230 sua
3260 2185 3484 2242 corpora.
3512 2163 3652 2221 Nolite
3675 2160 3713 2214 in

2205 2272 2309 2330 illis
2350 2280 2548 2329 sanctae
2577 2269 2869 2340 Scripturae
2910 2265 3235 2324 testimoniis
3279 2277 3399 2322 esse
3438 2253 3657 2320 insidiosi,
3679 2253 3713 2307 in

2206 2365 2293 2423 his
2323 2364 2499 2431 surdi;
2532 2372 2588 2420 et
2612 2363 2763 2420 eritis
2791 2363 2844 2417 in
2875 2362 3114 2432 utrisque
3141 2356 3390 2416 correcti.
3422 2352 3535 2409 Hinc
3560 2343 3716 2404 enimsi

2207 2457 2479 2529 accipiatis
2505 2465 2563 2512 ut
2587 2456 2804 2527 dignum
2828 2462 2931 2523 est,
2963 2449 3294 2509 conabimini
3315 2456 3368 2505 et
3392 2445 3475 2501 illa
3492 2439 3718 2509 intelligere

2210 2559 2269 2605 ιιι
2301 2565 2488 2607 verum
2510 2556 2611 2605 est.

2282 2638 2372 2698 23.
2414 2642 2548 2697 Tres
2591 2639 2846 2712 quasdam
2883 2636 3103 2709 copulas
3148 2634 3302 2691 nobis
3342 2623 3599 2686 insinuavit
3622 2619 3720 2712 Apa-

2213 2736 2403 2803 stolas,
2434 2734 2707 2790 Christum
2736 2740 2789 2788 et
2814 2731 3133 2796 Ecclesiam,
3165 2730 3337 2786 virum
3358 2734 3409 2781 et
3429 2730 3635 2783 uxorem,
3653 2709 3719 2781 spi-

2214 2829 2377 2886 ritum
2405 2836 2458 2883 et
2487 2842 2725 2883 carnem.
2749 2826 2949 2882 l-lorum
2981 2824 3161 2895 priora
3193 2815 3558 2894 posterioribus
3580 2819 3722 2865 consu-

2216 2922 2354 2990 lunt,
2408 2920 2703 2992 posteriora
2735 2918 3001 2989 prioribus
3047 2916 3397 2972 famulantur.
3429 2902 3593 2963 Omnia
3629 2898 3724 2955 bona

2218 3024 2365 3084 sunt,
2393 3029 2513 3071 cum
2554 3015 2606 3069 in
2634 3014 2713 3071 eis
2742 3012 2984 3085 qumdam
3011 3010 3219 3067 ordinis
3244 2999 3648 3081 pulchritudinem
3663 3005 3726 3044 ex-

2218 3110 2476 3168 cellenter
2515 3108 2823 3180 praeposita,
2865 3105 3106 3177 quaedam
3149 3104 3406 3161 decenter
3440 3091 3642 3180 subjecta
3664 3096 3728 3138 cu-

2220 3200 2479 3258 stodiunt.
2519 3179 2616 3255 Vir
2642 3207 2696 3254 et
2722 3213 2875 3265 uxor,
2924 3196 3107 3267 quales
3159 3208 3347 3252 secum
3398 3201 3509 3245 esse
3546 3179 3729 3239 debeant.

2220 3301 2547 3365 praeceptum
2570 3292 2836 3363 accipiunt
2877 3299 2932 3345 et
2960 3289 3294 3359 exemplum.
3321 3285 3619 3350 Praeceptum
3636 3275 3729 3365 est:

2224 3386 2466 3443 Mulieres
2510 3385 2631 3440 viris
2675 3385 2780 3440 suis
2819 3381 3034 3441 subdita:
3075 3358 3374 3449 sint,‘sicut
3414 3358 3734 3433 Ποιηίηοὶσαία

2224 3482 2300 3536 uir
2320 3490 2471 3552 caput
2496 3480 2719 3534 mulieris
2745 3487 2814 3534 est
2836 3494 2854 3543 ;
2880 3487 2954 3545 et,
2999 3475 3131 3542 Viri,
3161 3476 3358 3546 diligite
3393 3481 3558 3525 uxores
3580 3466 3731 3515 seum.

2226 3574 2544 3646 Exemplum
2572 3583 2750 3629 autem
2779 3572 2936 3628 datur
2961 3570 3285 3626 mulieribus
3314 3567 3379 3623 de
3397 3558 3628 3620 Ecclesia,
3646 3546 3738 3603 viris

2227 3666 2295 3723 de
2323 3643 2538 3723 Christo
2569 3684 2582 3720 :
2610 3664 2754 3722 Sicut
2772 3663 3027 3732 Ecclesia,
3048 3663 3257 3734 inquit,
3287 3657 3480 3716 subdita
3502 3659 3564 3708 est
3581 3643 3740 3734 Christi.

2230 3761 2302 3815 ita
2329 3769 2375 3815 et
2400 3760 2632 3839 mulieres
2661 3759 2779 3813 viris
2810 3758 2916 3813 suis
2958 3757 3011 3811 in
3041 3756 3300 3812 omnibus.
3342 3749 3578 3809 Similiter
3623 3744 3665 3795 ei
3690 3731 3744 3786 Vi‘

2229 3855 2306 3911 ris
2352 3854 2476 3910 dato
2531 3826 2820 3923 praecepto,
2864 3860 2921 3906 ut
2966 3866 3160 3908 uxores
3243 3864 3367 3906 suas
3413 3823 3745 3923 diliganhgad‘

2226 3945 2357 4017 iecit
2398 3921 2738 4016 exemplum,
2795 3943 2941 3999 Sicut
3011 3941 3248 3997 Christus
3293 3938 3464 3995 dum:
3516 3921 3745 4017 Ech'f':

2232 4041 2340 4097 Sed
2385 4041 2527 4096 viros
2594 4048 2647 4095 et
2707 4052 2738 4097 a
2796 4054 2855 4093 re
2907 4034 3161 4093 inferiore
3224 4035 3528 4091 adhortatus
3581 4024 3675 4079 est.
3712 4005 3745 4063 id

2232 4143 2336 4198 est,
2366 4147 2393 4186 a
2432 4146 2658 4202 corpore
2693 4145 2824 4196 suo;
2854 4144 2963 4184 non
2998 4137 3209 4185 tantum
3240 4143 3269 4183 a
3300 4121 3582 4195 superiore,
3607 4106 3649 4164 id
3678 4107 3747 4202 es},

2233 4240 2264 4281 a
2290 4224 2516 4280 Domino
2552 4238 2683 4279 .suo.
2729 4221 2846 4276 Non
2882 4220 3029 4277 enim
3070 4220 3249 4277 solum
3302 4219 3395 4283 ait,
3432 4208 3568 4273 Viri,
3611 4195 3749 4267 diligi“

2236 4334 2418 4374 uxores
2440 4325 2648 4382 vestras,
2677 4316 2803 4370 sicut
2824 4323 2872 4369 et
2893 4310 3123 4370 Christus
3145 4308 3327 4365 dilexit
3358 4300 3633 4361 Ecclesiam,
3654 4283 3752 4382 quati

2235 4420 2318 4467 est
2351 4426 2379 4464 a
2407 4410 2716 4473 superiore;
2748 4417 2934 4458 verum
2975 4402 3138 4457 etiam
3166 4402 3327 4465 dixit,
3361 4397 3465 4453 Viri
3503 4392 3652 4448 debent
3672 4377 3753 4435 dili-

2235 4514 2349 4570 gere
2369 4514 2551 4553 uxorcs
2566 4514 2684 4551 suas
2703 4497 2832 4551 sicut
2858 4513 3073 4568 corpora
3101 4513 3193 4551 sua
3243 4493 3457 4569 (Ephes.
3500 4504 3549 4555 v,
3591 4474 3754 4541 22-33}.

2236 4589 2377 4661 quod
2404 4597 2487 4645 cst
2515 4588 2581 4643 ab
2607 4587 2862 4643 inferiore
2892 4605 2906 4643 :
2937 4590 3059 4659 quia
3090 4598 3144 4644 et
3183 4587 3462 4659 superiora
3489 4592 3537 4638 et
3562 4572 3754 4661 interiora

2237 4682 2375 4739 bona
2414 4690 2539 4737 sunt
2565 4681 2763 4737 omnia.
2809 4680 2919 4737 Nec
2968 4692 3148 4737 tamen
3192 4654 3392 4736 mulier
3419 4693 3449 4732 a
3475 4681 3670 4741 corpore
3698 4654 3758 4713 vel

2236 4790 2397 4831 carne
2443 4775 2650 4845 accepit
2688 4775 3014 4846 exemplum,
3056 4782 3115 4830 ut
3156 4775 3230 4830 ita
3275 4780 3420 4829 esset
3447 4765 3634 4826 subdita
3659 4755 3756 4815 viro.

2237 4871 2375 4926 sicut
2411 4869 2617 4940 spiritui
2648 4884 2773 4924 caro
2807 4887 2820 4925 :
2853 4869 2948 4926 sed
2977 4878 3069 4926 aut
3105 4874 3498 4940 consequenter
3535 4846 3763 4929 Apollo“s

2238 4962 2459 5034 intelligi
2497 4961 2685 5029 voluit,
2722 4961 2864 5033 quod
2910 4961 3090 5017 dicere
3138 4958 3512 5032 praetermisit;
3558 4955 3635 5007 aut
3664 4941 3763 5034 forte

2238 5056 2361 5128 quia
2388 5071 2512 5112 caro
2543 5054 2872 5128 concupiscit
2890 5055 3146 5112 adversus
3173 5056 3423 5126 spiritum
3448 5052 3501 5106 in
3524 5042 3661 5115 hujus
3674 5032 3764 5128 vi“?

2239 5150 2564 5207 mortalitate
2593 5119 2752 5220 atque
2773 5149 3049 5219 languore,
3078 5119 3284 5204 ideo‘de
3305 5146 3397 5202 illa
3427 5138 3587 5199 noluit
3605 5119 3764 5220 ωυιίξεῖί

2239 5243 2542 5315 exemplum
2588 5215 2943 5313 subjectionis
2989 5240 3265 5297 adhibere.
3298 5238 3441 5294 Viris
3478 5239 3641 5289 autem
3680 5215 3765 5273 ideo

2240 5336 2425 5404 voluit,
2447 5335 2569 5406 quia
2598 5334 2700 5391 etsi
2716 5334 3048 5406 concupiscit
3065 5334 3286 5407 spiritus
3311 5332 3562 5388 adversus
3579 5322 3765 5378 carnem,

2241 5429 2400 5486 etiam
2430 5428 2484 5483 in
2510 5428 2610 5483 hoc
2640 5427 2756 5497 ipso
2787 5426 3016 5483 consulit
3044 5428 3191 5484 carni
3222 5444 3235 5479 :
3266 5440 3374 5482 non
3404 5419 3660 5478 sicutcaro
3674 5414 3769 5497 009‘

2240 5524 2521 5595 cupiscens
2578 5521 2835 5578 adversus
2877 5521 3153 5592 spiritum,
3201 5534 3301 5576 nec
3343 5510 3548 5587 spiritui
3590 5492 3770 5595 cons-Illii

2242 5615 2333 5670 tali
2360 5613 2803 5686 repugnatione‘,
2859 5587 2957 5668 nec
2996 5612 3119 5669 sibi.
3161 5611 3276 5667 Non
3310 5618 3488 5664 tamen
3515 5600 3561 5657 ei
3602 5587 3770 5686 spiritus

2240 5709 2435 5775 bonus,
2467 5708 2580 5764 sive
2600 5707 2716 5779 ejus
2747 5715 2986 5763 naturam
3019 5721 3115 5776 per
3132 5699 3519 5777 providentiam
3544 5674 3773 5774 nutriendo

2241 5816 2307 5858 ac
2358 5799 2620 5868 fovendo,
2658 5800 2770 5855 sive
2812 5798 2928 5869 ejus
2953 5798 3096 5853 vitiis
3126 5812 3222 5867 per
3271 5784 3641 5850 continentiam
3673 5780 3775 5831 κεν

2308 5928 2328 5962 ι
2347 5926 2420 5980 ste
2437 5930 2547 5979 uss.
2568 5923 2688 5979 Editi
2704 5934 2846 5987 vero,
2865 5918 2976 5978 talis
2997 5915 3295 5991 repugnatio.
