3896 6382
52 5487 76 5518 ’Ἴ

52 5649 132 5710 g1

52 5747 140 5792 ἴθ’

52 5847 66 5866 γ
95 5815 134 5862 εξ

51 5867 66 5881 μ

319 351 390 413 355
1679 336 1842 396 LlBE‘;

1947 290 2126 396 mus.

323 463 472 534 stendo,
500 472 832 530 θοιιειιιετθι,
866 461 974 519 nisi
1003 473 1230 533 utraque
1258 454 1549 516 substantia
1570 456 1848 529 utriusque

317 561 512 619 artiﬁcem
542 559 732 623 Deum,
759 557 932 612 etiam
961 556 1156 612 decore
1181 555 1264 610 sui
1291 554 1446 624 hujus
1475 553 1676 609 ordinis
1705 553 1844 609 indi-

315 663 435 712 caret
459 652 590 720 Quid
613 659 695 707 est
720 665 856 720 ergo
881 649 1025 721 quod
1048 664 1142 703 vos
1180 663 1304 703 vera
1332 647 1597 702 dementia
1620 654 1675 702 et
1702 646 1847 701 chri-

305 747 465 803 stianos
489 757 606 800 esse
639 741 880 815 iactatis,
911 751 966 798 et
991 751 1177 796 contra
1205 739 1506 810 Scripturas
1527 741 1848 795 christianas

301 839 434 894 oculis
455 836 667 904 clausis,
702 836 789 891 vel
827 836 1006 906 potius
1056 833 1354 901 exstinctis,
1401 842 1544 888 tanta
1570 832 1842 904 perversi-

297 941 383 988 tate
421 930 765 998 contenditis,
823 931 911 985 et'
959 928 1232 984 Christum
1272 939 1572 986 asserentes
1616 928 1670 983 in
1717 925 1844 982 falsa

291 1033 422 1075 carne
441 1017 752 1088 apparuisse
801 1017 1136 1084 mortalibus,
1175 1024 1228 1071 et
1255 1016 1549 1072 Ecclesiam
1587 1016 1640 1070 in
1666 1015 1844 1069 anima

285 1108 645 1179 adChristum,
688 1111 744 1166 in
771 1124 1001 1182 corpore
1043 1110 1111 1166 ad
1146 1110 1416 1165 diabolum
1462 1109 1749 1181 pertinere,
1791 1117 1846 1165 et

281 1217 446 1259 sexum
481 1203 690 1258 virilem
728 1211 893 1274 atque
929 1203 1241 1258 muliebrem
1279 1202 1477 1258 diaboli
1507 1217 1669 1273 opera
1698 1217 1840 1268 esse,

278 1310 373 1351 non
401 1297 508 1363 Dei,
538 1305 591 1351 et
618 1297 831 1367 spiritui
856 1311 1073 1353 carnem
1103 1306 1349 1367 tanquam
1376 1297 1573 1352 malam
1598 1295 1845 1352 substan-

273 1388 388 1444 tiam
415 1389 565 1444 bona:
589 1389 904 1444 substantiae
933 1388 1238 1444 cohaerere?
1567 1401 1647 1468 δ(

332 1480 556 1537 CAPUT
583 1479 655 1536 Χ.
673 1511 743 1521 -
756 1480 850 1536 24.
870 1479 1273 1536 Manichaeorum
1297 1481 1501 1536 haeresis
1520 1489 1668 1553 negat
1689 1480 1846 1552 fuisse

268 1573 320 1628 in
343 1573 535 1629 Christo
553 1591 755 1630 carnem
772 1590 962 1628 veram.
975 1573 1114 1628 Dicit
1134 1576 1329 1629 animos
1345 1575 1413 1628 ad
1428 1573 1702 1642 Christum,
1726 1592 1842 1630 cor-

268 1686 390 1739 pora
413 1669 480 1723 ad
499 1667 749 1725 diabolum
767 1671 1046 1742 pertinere,
1077 1679 1123 1724 et
1158 1686 1332 1724 sexum
1355 1679 1623 1741 utrumque
1652 1686 1758 1724 esse
1782 1686 1844 1725 ea:

265 1765 487 1820 diabolo.
525 1765 581 1823 Si
617 1781 804 1837 parum
842 1763 1283 1820 vobisovidentur
1323 1764 1650 1834 respondere
1683 1766 1701 1795 ²
1724 1780 1840 1834 quae

267 1859 334 1915 de
364 1860 666 1932 apostolicis
689 1861 1229 1916 commemoravimus
1255 1860 1471 1916 Litteris
1492 1900 1508 1927 ,
1541 1860 1722 1916 audite
1741 1859 1840 1915 ad-

270 1950 380 2008 huc
407 1953 532 2020 alia,
552 1956 596 2008 si
620 1971 768 2011 aures
791 1955 1017 2011 habetis.
1042 1954 1179 2024 Quid
1202 1955 1269 2011 de
1297 1971 1458 2011 carne
1486 1954 1682 2039 Christi
1710 1956 1840 2010 dicit

179 2111 186 2119 ι
273 2043 648 2101 insanissimus
668 2046 977 2104 Manichacus
997 2048 1020 2102 ?
1043 2046 1197 2117 Quod
1228 2062 1334 2102 non
1365 2047 1526 2102 fuerit
1555 2063 1678 2103 vera
1702 2091 1716 2116 ,
1746 2047 1839 2104 scd

279 2137 443 2194 falsa.
488 2139 614 2208 Quid
653 2142 714 2196 ad
755 2143 847 2198 hoc
883 2143 1014 2198 dicit
1054 2143 1242 2199 beatus
1278 2143 1604 2214 Apostolus?
1645 2143 1842 2198 Memor

273 2241 387 2288 esto
431 2233 668 2290 Christum
699 2235 866 2292 Iesum
905 2239 1186 2294 surrexisse
1223 2255 1257 2293 a
1298 2240 1509 2294 mortuis
1553 2256 1618 2294 ea:
1656 2240 1844 2295 semine

269 2323 470 2390 David,
512 2327 771 2382 secundum
809 2329 1121 2400 evangelium
1165 2346 1331 2384 meum
1366 2328 1438 2400 (ll
1477 2329 1607 2384 Tim.
1641 2346 1713 2396 ιι,
1759 2329 1839 2398 8).

268 2417 336 2473 Et
363 2419 477 2488 ipse
500 2417 731 2477 Christus
750 2419 931 2487 Iesus,
959 2419 1193 2492 Palpate,
1223 2420 1414 2492 inquit,
1446 2431 1492 2476 et
1518 2420 1697 2488 videte,
1724 2423 1842 2492 quia

272 2511 477 2580 spiritus
504 2529 696 2566 carnem
719 2523 767 2566 et
793 2529 909 2568 ossa
937 2529 1038 2567 non
1064 2511 1245 2580 habet,
1283 2513 1410 2568 sicut
1438 2529 1516 2568 me
1545 2513 1718 2568 videtis
1749 2513 1842 2568 ha-

273 2600 384 2656 bere
402 2602 546 2673 (Luc.
578 2620 722 2671 xxiv,
752 2605 866 2676 59).
891 2605 1170 2675 Quomodo
1198 2614 1280 2662 est
1309 2606 1364 2661 in
1389 2621 1573 2662 eorum
1600 2607 1841 2662 doctrina

278 2697 497 2763 veritas,
522 2713 633 2769 qua:
660 2699 916 2769 praedicat
942 2697 1086 2770 quod
1112 2699 1165 2754 in
1194 2714 1355 2755 carne
1382 2699 1576 2755 Christi
1603 2708 1720 2778 erat
1749 2701 1845 2756 lal-

283 2787 436 2844 sitas?
464 2790 727 2858 Quomodo
755 2792 808 2847 in
833 2791 1046 2848 Christo
1073 2807 1181 2848 non
1207 2799 1325 2868 erat
1349 2792 1515 2848 ullum
1543 2793 1764 2860 malum,
1785 2793 1844 2852 in

286 2895 390 2952 quo
408 2893 511 2938 erat
535 2895 632 2940 tam
663 2885 870 2956 grande
901 2885 1254 2942 mendacium.
1299 2885 1432 2956 Quia
1459 2887 1706 2943 videlicet
1739 2889 1840 2942 ho—

289 2974 510 3029 minibus
527 2978 727 3032 nimium
758 2978 974 3033 mundis
999 2978 1198 3034 malum
1221 2987 1304 3034 est
1325 2993 1450 3034 caro
1476 2994 1622 3047 vera,
1655 2988 1708 3036 et
1733 2996 1842 3036 non

286 3075 372 3119 est
396 3067 570 3122 malum
598 3069 719 3126 falsa
761 3086 860 3140 pro
886 3087 1010 3126 vera
1042 3089 1056 3126 :
1085 3071 1283 3126 malum
1316 3080 1398 3127 est
1427 3087 1553 3128 caro
1581 3088 1708 3127 vera
1742 3088 1841 3128 na-

281 3159 477 3211 scentis
509 3175 562 3214 ex
592 3140 750 3218 David
793 3163 998 3218 semine
1021 3205 1037 3230 ,
1067 3171 1126 3219 et
1162 3177 1272 3218 non
1301 3173 1384 3220 est
1422 3164 1620 3220 malum
1662 3164 1842 3236 lingua

276 3246 406 3303 falsa
435 3251 640 3309 dicentis
663 3297 678 3322 ,
708 3252 931 3325 Palpate
951 3297 967 3323 ,
995 3263 1044 3309 et
1080 3255 1241 3310 videte
1264 3255 1385 3328 quia
1409 3255 1617 3326 spiritus
1651 3271 1766 3310 ossa
1793 3265 1844 3312 et

273 3360 471 3399 carnem
497 3364 589 3401 non
615 3349 778 3417 habet,
802 3350 932 3403 sicut
959 3365 1039 3404 me
1065 3348 1244 3404 videtis
1266 3349 1481 3405 habere!
1503 3351 1578 3405 De
1598 3349 1841 3407 Ecclesia

269 3437 394 3508 quid
433 3438 555 3494 dicit
595 3439 846 3512 deceptor
884 3440 1162 3497 hominum
1201 3442 1257 3497 in
1299 3442 1578 3498 mortifero
1615 3442 1842 3500 errore?

265 3527 426 3598 Quod
455 3546 517 3586 ex
542 3541 681 3603 parte
714 3533 1012 3590 animarum
1049 3534 1315 3605 pertineat
1339 3533 1406 3588 ad
1437 3531 1705 3589 Christum
1728 3575 1744 3603 ,
1774 3550 1838 3591 ex

260 3631 428 3691 parte
455 3639 715 3695 corporum
737 3626 806 3683 ad
833 3625 1126 3682 diabolum.
1166 3625 1304 3693 Quid
1329 3625 1395 3681 ad
1433 3625 1548 3680 haec
1575 3625 1704 3681 dicit
1733 3625 1839 3681 Do-

257 3725 386 3772 ctor
421 3716 654 3774 Gentium
697 3721 749 3776 in
791 3719 895 3776 ﬁde
931 3727 987 3777 et
1025 3719 1291 3776 veritate?
1335 3718 1591 3786 Nescitis,
1630 3719 1836 3791 inquit,

253 3811 381 3879 quia
400 3828 613 3882 corpora
632 3823 792 3868 vestra
814 3813 1037 3868 membra
1055 3823 1172 3868 sunt
1193 3813 1380 3867 Christi
1406 3811 1455 3884 (l
1479 3810 1596 3867 Cor.
1621 3827 1696 3881 vr,
1723 3809 1842 3883 i5)?

253 3901 333 3960 De
349 3922 484 3963 sexu
500 3909 715 3964 masculi
731 3917 786 3966 et
803 3908 1010 3964 feminae
1027 3907 1152 3980 quid
1175 3907 1303 3963 dicit
1324 3906 1466 3962 lilius
1489 3905 1800 3977 perditionis
1818 3905 1842 3960 ἲ

253 3997 407 4067 Quod
448 4013 665 4073 uterque
698 4016 860 4058 sexus
885 4016 991 4056 non
1022 4017 1088 4058 ex
1125 4001 1234 4056 Deo
1259 4000 1359 4067 sit,
1387 3999 1479 4054 sed
1505 4014 1571 4054 cx
1601 3997 1834 4054 diabolo.

255 4089 398 4161 Quid
416 4093 482 4148 ad
501 4095 610 4151 hzec
629 4095 760 4150 dicit
779 4094 887 4152 Vas
913 4094 1223 4151 electionis?
1246 4092 1413 4160 Sicut,
1444 4093 1634 4164 inquit,
1658 4092 1839 4148 mulier

247 4201 319 4239 ea:
352 4186 491 4253 tiro,
525 4188 592 4241 ita
619 4196 667 4242 et
696 4190 772 4239 vir
804 4205 894 4257 per
929 4189 1219 4253 mulierem;
1251 4186 1423 4241 omnia
1451 4196 1618 4240 autem
1643 4203 1706 4240 ex
1729 4184 1840 4240 Deo

243 4276 362 4346 (Id.
384 4295 447 4335 ιι
465 4323 478 4348 ,
502 4281 610 4353 12).
640 4281 719 4335 De
746 4295 907 4334 carne
931 4281 1056 4350 quid
1081 4281 1209 4337 dicit
1239 4297 1334 4352 per
1357 4280 1707 4336 Manichacum
1733 4281 1843 4351 spi-

245 4374 388 4429 ritus
431 4375 770 4433 immundus?
800 4373 950 4444 Quod
979 4374 1048 4428 sit
1087 4372 1223 4428 mala
1259 4376 1576 4441 substantia,
1596 4391 1696 4432 nec
1723 4377 1835 4443 Dei,

247 4467 348 4524 sed
391 4471 590 4526 inimici
631 4478 900 4525 creatura.
930 4466 1069 4534 Quid
1097 4466 1163 4520 ad
1192 4465 1308 4521 haec
1335 4463 1464 4519 dicit
1493 4479 1588 4533 per
1615 4453 1867 4519 Pauiutn'

250 4558 493 4631 Spiritus
515 4564 767 4621 sanctus?
797 4562 946 4618 Sicut
970 4561 1101 4616 enim
1122 4575 1308 4630 corpus
1333 4575 1493 4613 unum
1521 4566 1614 4623 est,
1645 4557 1838 4626 inquit,
1875 4582 1880 4586 -

255 4639 548 4710 Cimbro
572 4657 718 4710 habet
745 4654 907 4710 multa
923 4694 940 4719 ,
975 4653 1144 4707 omnia
1167 4660 1335 4706 autem
1363 4650 1589 4704 membra
1615 4649 1840 4722 corporis

259 4759 376 4800 tum
413 4750 510 4803 sint
543 4751 733 4816 multa,
762 4764 919 4803 unum
960 4755 1032 4801 est
1066 4761 1282 4818 corpus;
1311 4744 1382 4798 ita
1417 4752 1462 4798 et
1494 4739 1744 4797 Christus.
1777 4741 1845 4795 Et

266 4841 422 4906 paulo
452 4853 562 4913 post
590 4862 604 4898 :
633 4841 859 4909 Posuit,
887 4839 1097 4912 inquit,
1123 4837 1264 4894 Deus
1298 4834 1521 4891 membra
1540 4876 1555 4901 ,
1584 4833 1842 4906 cingulum

271 4934 492 5007 Quodque
521 4938 540 4968 ³
566 4953 740 4992 eorum
767 4936 821 4989 in
857 4948 1068 5005 corpore
1091 4974 1108 5000 ,
1136 4939 1282 5002 prout
1306 4927 1485 4986 voluit.
1519 4929 1648 4984 Item
1678 4926 1836 4996 paulo

276 5034 428 5091 post:
459 5027 588 5092 Deus
607 5072 624 5098 ,
666 5028 840 5100 inquit
860 5068 873 5092 ,
906 5025 1197 5098 temperavit
1233 5039 1449 5094 corpus,
1478 5022 1523 5076 ei
1551 5021 1633 5075 cui
1671 5020 1844 5074 deerat

276 5120 506 5188 majorem
528 5123 766 5178 honorem
801 5122 958 5190 dans,
987 5131 1042 5175 ut
1066 5136 1169 5174 non
1196 5127 1357 5173 essent
1385 5117 1620 5172 scissura:
1647 5116 1702 5169 in
1733 5131 1846 5168 cor-

281 5227 415 5282 pore,
445 5232 523 5271 sea
544 5217 676 5273 idem
703 5218 872 5287 ipsum
893 5223 948 5270 ut
975 5231 1066 5283 pro
1087 5213 1298 5267 invicem
1320 5210 1539 5266 sollicita
1563 5209 1660 5264 sint
1684 5223 1843 5262 mem-

283 5299 370 5358 δια
411 5323 430 5362 :
463 5320 506 5365 et
537 5311 636 5367 sive
676 5311 866 5382 patitur
908 5324 1065 5364 unum
1110 5303 1389 5360 membrum
1412 5345 1428 5372 ,
1477 5301 1847 5374 compatiuntur

291 5399 445 5455 “Ilia
466 5405 713 5470 membra;
736 5404 844 5461 sive
864 5402 1185 5478 gloriﬁcatur
1208 5414 1366 5454 unum
1389 5396 1667 5452 membrum
1683 5437 1696 5460 ,
1721 5411 1845 5448 con-

297 5492 491 5559 sliat
511 5499 675 5554 martia
695 5498 920 5554 membra
944 5493 1055 5570 (Id.
1080 5510 1154 5552 xu
1174 5537 1190 5562 ,
1224 5491 1432 5564 l2-26).
1460 5487 1740 5559 Quomodo
1763 5495 1847 5543 est

295 5584 416 5644 Ila
437 5604 587 5661 caro,
613 5589 828 5664 quando
869 5590 1003 5662 ipsa:
1034 5587 1230 5644 anima:
1260 5599 1444 5656 pacem
1479 5580 1844 5639 membrorum

347 5748 364 5782 ¹
383 5753 446 5800 n-.
469 5757 520 5801 et
537 5757 659 5800 Ven.
682 5751 911 5802 omittunt
924 5743 1165 5805 vocu'lam,
1189 5747 1259 5805 et.
1323 5745 1381 5790 u.

344 5811 555 5878 {Aliquot
572 5819 775 5878 κᾶε-εει
794 5823 1000 5878 parmai:
1020 5803 1360 5878 vobis'videtur
1382 5803 1689 5869 respondere.

343 5871 635 5931 ⁸51εὰω.Δῑ
659 5871 1012 5940 editl,'sinqula
1032 5873 1262 5965 queam

1956 454 2074 524 ejus
2111 462 2170 511 ut
2208 452 2512 527 imitentur,
2549 461 2868 520 monentur?
2899 462 3180 532 Quomodo
3208 457 3291 526 est
3331 471 3537 534 inimici

1955 558 2196 607 creatura
2216 590 2232 619 ,
2261 552 2474 623 quando
2511 553 2639 624 ipsae
2667 555 2856 613 anima:
2880 574 2998 629 qua:
3037 576 3261 634 corpora
3301 579 3530 642 regunt,

1953 648 2014 696 ut
2066 643 2205 699 inter
2251 658 2310 700 se
2357 645 2749 702 inimicitiarum
2799 650 3055 708 scissuras
3102 670 3206 710 non
3258 657 3526 731 habeant,

1953 738 2259 808 exemplum
2307 737 2374 794 de
2413 741 2666 797 membris
2703 745 2938 815 corporis
2981 758 3236 818 sumunt,
3283 760 3341 807 ut
3381 753 3527 824 quod

1952 831 2199 898 praestitit
2224 832 2365 888 Deus
2404 835 2615 904 corpori
2661 851 2748 906 per
2774 847 3047 908 naturam,
3095 851 3274 898 ament
3314 853 3370 900 et
3396 845 3531 916 ipsas

1951 926 2054 983 hoc
2096 927 2294 988 habere
2337 947 2432 1002 per
2474 934 2736 1004 gratiam?
2766 935 2954 994 Merito
2983 938 3049 994 ad
3091 940 3362 999 Romanos
3401 961 3525 1002 cum

1950 1021 2209 1078 scriberet
2229 1065 2244 1091 ,
2281 1023 2518 1091 Obsecro,
2547 1027 2735 1099 inquit,
2759 1045 2860 1099 vos,
2889 1035 3092 1104 fratres,
3126 1052 3216 1106 per
3237 1036 3528 1103 misericor-

1950 1109 2087 1165 diam
2109 1110 2206 1166 Dei
2229 1155 2242 1178 ,
2282 1125 2336 1168 ut
2365 1117 2638 1173 exhibeatis
2664 1136 2870 1192 corpora
2893 1135 3056 1180 vestra
3083 1127 3299 1182 hostiam
3325 1130 3486 1185 vivam
3507 1173 3526 1200 ,

1948 1213 2199 1270 sanctam,
2219 1201 2328 1260 Deo
2350 1208 2625 1277 placentem
2646 1209 2665 1284 ζ
2667 1209 2817 1267 Rom.
2833 1230 2930 1278 xu,
2952 1216 3028 1289 1).
3052 1217 3179 1276 Sine
3199 1235 3357 1277 causa
3383 1239 3488 1288 non
3509 1225 3526 1256 ⁸

1949 1296 2198 1386 tenebras
2224 1298 2418 1370 lucem,
2442 1311 2496 1357 et
2520 1303 2693 1359 lucem
2722 1307 2967 1364 tenebras
2985 1326 3101 1367 esse
3128 1315 3521 1386 contendimus,

1946 1384 1994 1442 si
2019 1385 2247 1445 hostiam
2277 1393 2471 1462 vivam,
2505 1405 2763 1464 sanctam,
2795 1399 2903 1458 Deo
2931 1403 3227 1474 placentem
3256 1407 3323 1464 de
3349 1384 3526 1479 gentis

1945 1481 2286 1539 tenebrarum
2311 1487 2627 1556 corporibus
2649 1491 2982 1550 exhibemus.

2016 1575 2244 1635 CAPUT
2281 1579 2374 1637 XI.
2411 1612 2484 1623 —
2523 1584 2615 1640 25.
2653 1583 2831 1643 Carnis
2854 1597 2902 1643 et
2925 1587 3168 1648 Ecclesite
3207 1595 3524 1664 comparatio

1942 1671 1999 1726 in
2038 1673 2218 1744 quibus
2273 1677 2532 1733 consistat.
2579 1677 2720 1748 Sed,
2761 1681 3038 1755 inquiunt,
3088 1687 3356 1758 quomodo
3396 1702 3526 1746 caro

1942 1781 2040 1838 per
2076 1769 2359 1839 quamdam
2403 1771 2805 1831 similitudinem
2847 1787 3186 1850 comparatur
3226 1780 3526 1837 Ecclesiae?

1941 1860 2210 1933 Numquid
2257 1864 2499 1922 Ecclesia
2546 1869 2872 1940 concupiscit
2917 1871 3174 1929 adversus
3215 1873 3524 1944 Christum;

1942 1971 2062 2013 cum
2093 1957 2231 2013 idem
2263 1962 2536 2029 apostolus
2561 1962 2770 2031 dixerit,
2806 1963 3031 2021 Ecclesia
3054 1967 3253 2022 subdita
3280 1977 3353 2023 est
3379 1968 3528 2024 Chri‘

1941 2057 2020 2104 sto
2051 2047 2263 2123 (Ephes.
2296 2067 2360 2120 ν,
2391 2053 2518 2124 24)?
2547 2053 2712 2111 Plane
2745 2055 2982 2114 Ecclesia
3013 2060 3223 2115 subdita
3265 2067 3348 2115 est
3371 2059 3530 2118 Chri-

1943 2149 2029 2199 sto
2061 2160 2074 2197 :
2102 2145 2226 2214 quia
2256 2144 2377 2201 ideo
2403 2147 2620 2217 Spiritus
2645 2151 2969 2220 concupiscit
2994 2151 3251 2208 adversus
3277 2163 3520 2221 carnem”,

1943 2240 2004 2290 ut
2047 2236 2192 2288 omni
2236 2251 2303 2291 ex
2351 2245 2503 2308 parte
2544 2237 2758 2294 Christo
2795 2243 3050 2312 subdatur
3085 2242 3360 2311 Ecclesia;
3399 2260 3528 2302 caro

1943 2335 2121 2382 autem
2164 2328 2494 2396 concupiscit
2531 2328 2788 2385 adversus
2822 2333 3096 2401 spiritum,
3124 2334 3246 2404 quia
3284 2335 3527 2390 nondum

1942 2432 2160 2490 pacem,
2188 2432 2307 2489 quas
2330 2417 2562 2488 perlecta
2591 2420 2855 2490 promissa
2885 2431 3001 2484 ess,
3037 2426 3242 2497 accepit
3265 2426 3524 2482 Ecclesia,

1943 2509 2023 2565 Ac
2050 2525 2146 2580 per
2173 2508 2276 2564 hoc
2315 2508 2557 2564 Ecclesia
2594 2507 2804 2565 subdita
2844 2517 2928 2566 est
2970 2507 3182 2566 Christo
3210 2533 3275 2574 ex
3307 2518 3530 2590 pignore

1945 2603 2165 2672 salutis,
2207 2611 2262 2660 et
2291 2618 2417 2658 caro
2443 2603 2774 2674 concupiscit
2798 2603 3056 2660 adversus
3085 2605 3330 2676 spiritum
3357 2627 3422 2665 ex
3449 2611 3531 2666 in-

1944 2696 2198 2753 ﬁrmitate
2235 2697 2525 2770 languoris.
2555 2697 2738 2770 Neque
2777 2698 2918 2754 enim
2945 2713 3052 2754 non
3083 2697 3339 2754 Ecclesiae
3363 2715 3534 2756 mem-
3600 2691 3605 2696 ’

1945 2790 2042 2847 bra
2083 2799 2238 2848 erant
2269 2791 2462 2860 iidem,
2491 2792 2685 2864 quibus
2727 2793 2828 2848 ista
2871 2792 3081 2848 dicebat
3125 2810 3139 2846 :
3185 2793 3534 2865 Spiriluam-

1944 2880 2113 2939 bulate
2135 2926 2151 2952 ,
2179 2893 2224 2938 et
2247 2884 2678 2957 concupiscentias
2709 2883 2879 2938 carnis
2916 2899 2978 2938 ne
3023 2885 3355 2956 perfeceritis.
3399 2884 3532 2942 Caro

1944 2979 2079 3034 enim
2102 2979 2411 3050 concupiscit
2431 2978 2669 3033 adversus
2690 2977 2925 3048 spiritum
2944 3019 2958 3044 ,
2987 2986 3036 3032 et
3057 2978 3268 3049 spiritus
3292 2979 3535 3038 adversus

1943 3087 2149 3127 carnem
2173 3087 2193 3127 :
2218 3072 2325 3127 lucc
2348 3072 2480 3126 enim
2507 3072 2603 3126 sibi
2635 3071 2848 3126 invicem
2873 3071 3238 3138 adversantur;
3267 3083 3322 3129 ut
3344 3092 3444 3130 non
3472 3095 3534 3133 ea

1943 3179 2056 3235 qua:
2087 3163 2268 3231 vultis,
2308 3163 2507 3234 faciatis
2547 3161 2742 3235 (Galat.
2783 3179 2818 3219 ν
2839 3206 2853 3230 ,
2893 3164 2960 3219 16
2984 3173 3031 3218 et
3059 3165 3173 3236 l7).
3196 3165 3322 3222 Haac
3347 3170 3531 3240 utique

1945 3254 2200 3310 Ecclesiae
2221 3253 2550 3321 dicebantur,
2575 3270 2694 3326 qua:
2714 3257 2760 3310 si
2778 3255 2993 3310 Christo
3009 3256 3218 3311 subdita
3235 3273 3342 3313 non
3363 3269 3527 3328 esset,

1944 3365 2054 3407 non
2083 3351 2138 3406 in
2163 3366 2224 3405 ea
2250 3349 2468 3420 spiritus
2493 3349 2747 3405 adversus
2781 3363 2997 3404 carnem
3024 3364 3120 3420 per
3146 3351 3531 3408 continentiam

1944 3443 2370 3514 concupisceret.
2400 3442 2623 3512 Propter
2649 3441 2790 3513 quod
2815 3449 3062 3512 poterant
3086 3442 3301 3513 quidem
3330 3459 3532 3501 concu-

1942 3535 2230 3610 piscentias
2259 3535 2438 3591 carnis
2464 3550 2570 3590 non
2609 3533 2902 3606 perﬁcere,
2933 3533 3029 3591 sed
3076 3550 3240 3591 carne
3278 3535 3534 3608 concupi-

1943 3638 2123 3686 scente
2152 3628 2407 3684 adversus
2430 3628 2675 3699 spiritum
2692 3643 2800 3682 non
2814 3635 3061 3698 poterant
3085 3643 3150 3683 ea
3195 3627 3373 3686 facere
3409 3645 3532 3702 qua:

1941 3713 2224 3788 volebant,
2255 3721 2309 3778 id
2344 3731 2460 3790 est,
2490 3721 2652 3776 etiam
2680 3721 2824 3792 ipsas
2847 3721 3025 3776 carnis
3065 3721 3531 3791 concupiscentias

1943 3831 2050 3872 non
2077 3815 2295 3872 habere.
2325 3815 2548 3881 Deinde,
2582 3829 2679 3870 cur
2699 3830 2803 3870 non
2833 3814 3186 3871 conﬁteamnr
3214 3815 3268 3869 in
3297 3813 3531 3870 homini-

1942 3908 2043 3965 bus
2069 3908 2432 3980 spiritualihus
2459 3907 2756 3964 Ecclesium
2784 3908 3050 3963 subditam
3077 3907 3312 3975 Christo,
3338 3912 3390 3962 in
3414 3923 3534 3964 car-

1942 4000 2154 4057 nalibus
2168 4011 2346 4056 autem
2364 4001 2536 4055 adhuc
2553 4001 2934 4070 concupiscere
2952 4000 3015 4054 ad
3025 4015 3210 4054 versus
3228 3999 3530 4055 Christum?

1942 4094 2024 4150 An
2055 4093 2310 4148 adversus
2350 4091 2624 4147 Christum
2664 4107 2770 4147 non
2810 4091 3293 4162 concupiscebam,
3333 4092 3532 4162 quibus

1942 4184 2238 4250 dicebatur,
2269 4182 2471 4238 Divisus
2500 4196 2572 4237 est
2593 4181 2819 4237 Christus
2845 4183 2863 4252 (
2882 4181 2898 4234 l
2923 4181 3039 4236 Cor.
3071 4197 3120 4249 ι,
3153 4181 3277 4254 15)?
3299 4193 3374 4248 et,
3409 4181 3533 4235 Non

1943 4277 2083 4349 potui
2111 4276 2247 4347 loqui
2280 4275 2415 4329 vobis
2457 4275 2600 4345 quasi
2624 4274 2998 4344 spiritualibus,
3029 4275 3116 4328 sed
3138 4274 3284 4344 quasi
3307 4274 3535 4327 carnali-

1944 4367 2053 4424 bus.
2083 4367 2345 4440 Tanquam
2374 4367 2596 4437 parvulis
2625 4367 2677 4420 in
2698 4363 2899 4419 Christo
2927 4365 3006 4418 lac
3025 4363 3165 4418 vobis
3195 4375 3365 4433 potum
3391 4364 3532 4432 dedi,

1947 4479 2044 4516 -.mn
2078 4479 2276 4525 escam;
2313 4461 2537 4514 nondum
2565 4461 2696 4513 enim
2723 4458 2960 4530 poteratis
2989 4472 3008 4507 :
3030 4457 3120 4506 sed
3153 4473 3216 4505 ne
3250 4472 3383 4506 nunc
3421 4456 3539 4523 qui-

1945 4546 2057 4602 dem
2084 4534 2321 4619 potestis,‘
2349 4549 2516 4599 adhuc
2545 4553 2676 4599 enim
2698 4552 2822 4600 estis
2845 4545 3093 4602 carnales.
3125 4542 3251 4600 Cum
3272 4545 3404 4599 enim
3430 4546 3538 4600 sint

1944 4643 1998 4698 in
2039 4643 2174 4697 vobis
2215 4640 2469 4695 ammtatio
2515 4649 2558 4720 et
2601 4640 2888 4707 contentio,
2937 4656 3104 4693 nonne
3145 4639 3376 4694 carnales
3418 4641 3536 4694 estis

1947 4733 2060 4807 (Id.
2095 4750 2185 4800 ιιι,
2219 4733 2368 4804 1-5)?
2396 4731 2666 4788 Adversus
2695 4747 2856 4802 (litem
2895 4731 3226 4802 concupiscit
3266 4732 3536 4786 :nmulatio

1945 4836 2001 4884 et
2025 4825 2319 4893 contentio,
2340 4825 2443 4880 nisi
2463 4824 2720 4880 adversus
2733 4822 3003 4878 Christum
3022 4822 3045 4876 ?
3063 4821 3168 4878 llas
3190 4823 3333 4878 enim
3357 4823 3538 4878 carnis

1947 4920 2406 4990 concupiscentias
2442 4918 2686 4987 Christus
2723 4919 2775 4972 in
2809 4918 2918 4972 suis
2947 4925 3134 4986 sanat,
3167 4917 3260 4973 sed
3290 4918 3343 4972 in
3374 4918 3537 4972 nullis

1947 5021 2109 5068 amat.
2163 5010 2313 5067 Unde
2359 5018 2541 5066 sancta
2575 5009 2827 5088 Ecclesia
2871 5009 3123 5079 quamdiu
3167 5007 3330 5065 habet
3374 5009 3538 5064 etiam

1951 5105 2192 5161 membra
2233 5105 2382 5172 talia,
2416 5103 2653 5159 nondum
2684 5112 2766 5159 est
2790 5103 2904 5158 sine
2931 5103 3135 5158 macula
3160 5111 3216 5159 et
3241 5118 3388 5172 ruga.
3425 5102 3538 5155 llnc

1948 5196 2208 5252 accedunt
2235 5204 2288 5251 ct
2317 5196 2402 5250 illa
2443 5203 2658 5266 peccata
2679 5235 2696 5262 ,
2739 5209 2836 5266 pro
2875 5193 3070 5266 quibus
3097 5192 3406 5265 quotidiana
3433 5208 3539 5248 vox

1950 5290 2113 5345 totius
2132 5288 2386 5344 Ecclesitn
2412 5272 2514 5355 est,
2538 5287 2748 5340 Dimitte
2768 5285 2908 5341 nobis
2931 5285 3101 5340 debita
3122 5296 3295 5341 nostra
3321 5284 3536 5358 (Matth.

1947 5398 2038 5452 v1,
2068 5381 2158 5454 12)
2186 5399 2197 5433 :
2230 5398 2259 5436 a
2286 5381 2478 5452 quibus
2513 5396 2581 5435 ne
2622 5378 2928 5452 spirituales
2959 5387 3267 5451 putaremus
3295 5379 3500 5432 alienos
3521 5419 3534 5442 ,

1948 5492 2055 5533 non
2086 5475 2408 5547 quicumque
2448 5474 2739 5529 carnalium
2760 5514 2778 5543 ,
2809 5490 2910 5528 nec
2941 5474 3179 5545 ipsorum
3219 5473 3538 5541 quicumque

1950 5570 2324 5644 spiritualium,
2358 5569 2451 5625 sed
2481 5570 2570 5640 qui
2599 5584 2758 5640 super
2779 5579 2966 5638 peetus
2996 5567 3206 5622 Domini
3232 5565 3540 5619 discumbe-

1949 5663 2071 5734 bat,
2103 5673 2156 5720 et
2180 5679 2338 5736 quem
2381 5678 2488 5734 pra:
2518 5661 2728 5719 caneris
2763 5659 3018 5731 diligebat
3045 5655 3225 5728 (Joan.
3255 5671 3385 5727 xui,
3415 5655 3537 5730 25),

1954 5797 2132 5914 minim
2176 5805 2279 5849 MSS.
2325 5805 2380 5852 At
2423 5797 2539 5851 editi
2591 5807 2711 5859 pro,
2755 5805 2882 5855 non,
2936 5793 3152 5854 habent,
3197 5787 3341 5847 enim.
3391 5789 3542 5844 Minus
