3844 6548
444 494 547 557 56⁸1

445 614 512 671 Si
533 611 837 678 dixerimus,
864 602 1069 679 inquit,
1099 600 1216 674 quia
1241 608 1504 673 peccatum
1529 616 1630 655 non
1656 600 1914 662 habemus,
1939 612 2030 652 nos

443 708 583 779 ipsos
602 704 913 773 decipimus,
941 708 990 755 et
1019 698 1199 754 veritas
1224 695 1279 750 in
1310 696 1456 750 nobis
1487 712 1589 749 non
1615 704 1686 749 est
1719 692 1772 765 (Ι
1800 693 1956 746 Joan.
1982 708 2028 755 ι,

444 798 521 870 8).
554 797 613 852 In
644 794 789 851 omni
815 802 995 848 autem
1024 797 1266 862 peccato,
1292 788 1412 857 plus
1442 788 1495 841 in
1524 785 1747 856 majore,
1781 785 1957 839 minus
1980 783 2033 836 in

442 892 653 947 minore
672 931 687 955 ,
719 899 898 944 tamen
927 894 1115 943 contra
1143 882 1399 955 justitiam
1425 880 1840 951 concupiscitur.
1871 878 1941 931 Et
1964 876 2032 931 de

442 982 660 1039 Christo
697 980 959 1051 scriptum
989 985 1072 1033 est
1097 994 1110 1029 :
1141 975 1240 1043 Qui
1270 979 1428 1045 {actus
1456 981 1527 1027 est
1556 972 1699 1025 nobis
1729 969 1978 1039 sapientia
2001 984 2034 1021 a

366 1100 371 1143 ς
444 1074 575 1140 Deo,
601 1082 648 1127 et
666 1072 869 1144 justitia
888 1112 902 1137 ,
931 1078 978 1125 et
1001 1067 1350 1137 sanctiﬁcatio,
1375 1074 1422 1119 et
1449 1064 1728 1133 redemptio
1757 1061 1808 1133 (Ι
1838 1059 1957 1116 Cor.
1982 1076 2030 1128 ι,

365 1148 377 1238 ξ
444 1166 559 1238 '50).
587 1164 647 1220 In
672 1151 821 1220 omni
844 1163 1005 1233 igitur
1034 1168 1250 1233 peccato
1277 1165 1464 1213 contra
1491 1156 1765 1212 Christum
1790 1153 1906 1209 sine
1932 1152 2033 1207 du-

369 1252 381 1315 Ξ
444 1258 537 1315 bio
574 1256 970 1327 concupiscitur
1010 1274 1024 1310 :
1060 1253 1152 1309 sed
1192 1252 1278 1323 qui
1318 1259 1472 1305 sanat
1515 1263 1702 1304 omnes
1748 1248 2032 1317 languores

444 1358 663 1407 nostros
693 1346 866 1420 (Psal.
902 1362 999 1414 cn,
1031 1344 1082 1417 3)
1105 1387 1119 1412 ,
1152 1360 1275 1400 cum
1302 1341 1613 1414 perduxerit
1639 1339 1940 1395 Ecclesium
1964 1336 2032 1392 ad

446 1446 765 1515 promissam
798 1441 1065 1513 languoris
1088 1440 1403 1504 sanitatem,
1442 1444 1570 1491 tunc
1600 1435 1655 1490 in
1680 1434 1825 1489 nullo
1861 1447 2034 1487 mem-

445 1537 665 1593 brorum
693 1536 807 1607 ejus
833 1534 1119 1607 quamlibet
1154 1533 1372 1588 minima
1412 1532 1517 1587 erit
1556 1530 1662 1585 ulla
1699 1529 1907 1584 macula
1941 1534 2034 1581 aut

445 1644 596 1700 ruga.
638 1628 788 1684 Tunc
823 1627 968 1683 nullo
1004 1626 1165 1681 modo
1191 1639 1316 1681 caro
1342 1623 1599 1680 adversus
1624 1622 1869 1692 spiritum
1898 1635 2032 1675 con-

398 1790 401 1791 ,
445 1720 718 1789 cupiscet;
743 1728 797 1774 et
815 1719 937 1774 ideo
957 1718 1102 1773 nulla
1123 1718 1225 1772 erit
1244 1731 1402 1772 causa
1423 1731 1518 1770 cur
1538 1713 1793 1769 adversus
1815 1726 2033 1768 carnem

445 1814 607 1868 etiam
631 1814 847 1883 spiritus
869 1812 1231 1883 concupiscat.
1255 1808 1403 1863 Tunc
1424 1808 1582 1862 linem
1606 1806 1834 1876 accipiet
1859 1804 2033 1860 omnis

445 1906 564 1961 lucc
592 1922 765 1976 pugna
790 1948 802 1968 ,
838 1914 963 1960 tunc
1000 1904 1278 1959 ambarum
1308 1901 1724 1956 substantiarum
1752 1899 1856 1954 crit
1884 1912 2033 1951 sum-

444 2013 534 2052 ma
554 1997 840 2053 concordia
864 2014 878 2050 :
904 2005 1028 2051 tunc
1053 2011 1219 2065 usque
1245 1992 1377 2048 adeo
1407 1992 1477 2047 ibi
1509 1991 1685 2046 nullus
1707 1991 1808 2046 erit
1838 2004 2034 2043 carna-

444 2090 533 2155 lis,
564 2100 621 2144 ut
648 2091 807 2145 etiam
831 2104 957 2143 caro
978 2090 1089 2159 ipsa
1119 2090 1189 2143 sit
1214 2086 1521 2157 spiritualis.
1553 2083 1705 2152 Quod
1732 2097 1861 2154 ergo
1891 2095 2033 2136 nunc

444 2183 555 2253 agit
582 2197 704 2237 cum
745 2197 908 2237 carne
936 2196 1030 2237 sua
1066 2181 1289 2251 quisque
1326 2178 1619 2233 secundum
1649 2176 1921 2231 Christum
1950 2172 2033 2227 vi-

441 2288 608 2339 vens,
638 2289 761 2327 cum
792 2281 846 2329 et
872 2273 1199 2343 concupiscit
1232 2270 1491 2327 adversus
1526 2270 1642 2339 ejus
1671 2270 1864 2327 malam
1899 2281 2026 2321 con-

441 2366 848 2437 cupiscentiam,
876 2381 1036 2437 quam
1059 2367 1074 2397 ¹
1098 2363 1390 2421 sanandam
1417 2362 1684 2427 continet,
1714 2374 1870 2429 quam
1898 2374 2034 2414 non-

440 2458 568 2513 dum
614 2468 853 2513 sanatam
905 2466 1087 2514 tenet:
1129 2460 1185 2506 et
1234 2462 1410 2509 tamen
1459 2452 1575 2521 ejus
1620 2452 1814 2505 bonam
1866 2452 2034 2506 nutrit

440 2559 689 2624 naturam
729 2552 1011 2614 fovetque,
1061 2545 1316 2613 quoniam
1366 2560 1511 2598 nemo
1560 2561 1785 2615 unquam
1826 2561 2031 2599 carnem

440 2662 588 2699 suam
614 2646 731 2699 odio
759 2639 934 2692 nabuit
961 2636 1181 2709 (Ephes.
1211 2654 1265 2704 ν,
1294 2637 1386 2711 29)
1417 2657 1431 2692 :
1456 2638 1557 2693 hoc
1579 2638 1737 2693 etiam
1770 2639 1879 2711 agit
1908 2654 2031 2694 cum

438 2735 674 2795 Ecclesia
705 2733 970 2798 Christus,
1005 2742 1259 2803 quantum
1282 2732 1360 2787 fas
1383 2743 1465 2787 est
1489 2747 1803 2803 comparare
1824 2732 2032 2789 minora

437 2830 747 2899 majoribus.
784 2826 918 2882 Nam
958 2835 1012 2881 et
1048 2826 1474 2896 correptionibus
1503 2841 1621 2881 eam
1661 2827 1934 2896 reprimit,
1963 2842 2033 2883 ne

436 2922 756 2991 impunitate
779 2918 961 2973 inﬂata
982 2918 1209 2973 dissiliat
1228 2921 1281 2985 ²;
1306 2926 1360 2974 et
1378 2919 1832 2975 consolationibus
1853 2919 2028 2993 erigit,

439 3033 509 3072 ne
537 3023 753 3086 gravata
780 3013 1089 3068 inﬁrmitate
1111 3013 1443 3068 succumbat.
1473 3013 1607 3067 Hinc
1630 3022 1713 3069 est
1740 3013 1867 3067 illud
1888 3014 2032 3084 Apo-

435 3109 560 3164 stoli
600 3128 612 3163 :
637 3107 698 3163 Si
732 3107 867 3161 enim
893 3124 983 3161 nos
1011 3107 1150 3176 ipsos
1178 3105 1576 3177 dijudicaremus
1595 3146 1610 3171 ,
1640 3122 1741 3159 non
1768 3105 2033 3176 judicare-

435 3217 550 3254 mur
572 3216 592 3254 :
615 3215 729 3253 cum
750 3197 1054 3266 judicamur
1082 3207 1269 3265 autent,
1302 3214 1334 3250 a
1364 3196 1583 3251 Domino
1614 3197 1938 3267 corripimur,
1970 3214 2032 3251 ne

434 3311 547 3348 cum
568 3294 661 3347 hoc
681 3292 866 3346 mundo
878 3291 1176 3346 damncmur
1198 3290 1251 3361 (ί
1272 3289 1389 3345 Cor.
1420 3306 1492 3357 χι,
1517 3291 1578 3345 51
1601 3299 1647 3343 et
1668 3288 1780 3360 52).
1809 3291 1876 3344 Et
1901 3290 2029 3345 illud

433 3387 488 3442 in
515 3386 732 3442 Psalmo
762 3404 773 3438 :
809 3384 1105 3441 Secundum
1143 3383 1515 3437 multitudinem
1544 3383 1776 3437 dolorum
1803 3399 2031 3437 meorum

432 3478 487 3532 in
512 3478 666 3532 corde
693 3494 822 3544 meo,
860 3476 1229 3531 consolationes
1257 3484 1357 3529 tua:
1372 3474 1785 3544 jucundaverunt
1806 3474 2030 3527 animant

432 3586 597 3623 meam
621 3567 792 3641 (Psal.
817 3583 968 3633 xcm,
996 3567 1106 3638 19).
1130 3566 1280 3621 Tunc
1301 3581 1428 3635 ergo
1450 3566 1713 3635 speranda
1740 3573 1828 3621 est
1852 3566 2029 3621 carnis

432 3670 635 3715 nostrae
656 3659 773 3713 sine
790 3660 891 3713 ulla
916 3660 1300 3729 repugnatione
1322 3655 1556 3727 perfecta
1578 3656 1798 3723 sanitas,
1816 3659 2030 3728 quando

433 3751 537 3805 erit
562 3750 819 3804 Ect‘IUSiil}
848 3749 1043 3803 Christi
1066 3750 1185 3803 sine
1211 3749 1323 3803 ullo
1352 3748 1543 3803 timore
1571 3757 1719 3803 certa
1744 3749 2025 3806 securitas.

505 3840 731 3896 CAPUT
756 3839 867 3894 ΧΙΙ.
882 3868 954 3879 ——-
975 3840 1065 3894 26.
1082 3839 1400 3894 Continentia
1417 3839 1469 3891 Μ
1477 3839 1819 3894 aniclueorunt
1835 3849 1881 3896 et
1896 3842 2029 3897 alio-

432 3951 548 3990 rum
574 3933 929 4004 quorumdam,
960 3932 1237 4003 prcesertim
1260 3932 1612 3986 Itwreticorum
1631 3974 1646 3999 ,
1672 3933 1826 4003 falsa.
1858 3933 2030 3989 Conti-

433 4028 604 4083 nentia
629 4028 747 4080 item
767 4026 1101 4096 quorumdam
1129 4025 1392 4079 imntunda
1413 4067 1426 4090 ,
1458 4035 1515 4079 ut
1543 4043 1632 4097 per
1651 4026 1874 4097 magicas
1896 4036 2029 4082 artes

434 4120 727 4191 perveniant
775 4117 841 4172 ad
888 4134 1070 4172 uxores
1118 4116 1330 4172 alienas.
1382 4117 1507 4173 lltnc
1553 4118 1808 4173 adversus
1856 4118 2028 4174 Mani-

433 4212 615 4268 chaeos
646 4210 910 4266 fallaciter
952 4212 1290 4266 continentes
1310 4252 1325 4277 ,
1357 4226 1456 4281 pro
1484 4212 1664 4267 veraci
1704 4212 2028 4268 continentia

434 4306 738 4375 disputasse
775 4305 1084 4374 suﬁ‘ecerit,
1128 4321 1195 4360 ne
1235 4306 1580 4361 continentim
1624 4307 1930 4364 fructuosus
1974 4316 2029 4364 et

432 4402 697 4473 gloriosus
739 4401 927 4468 labor,
976 4410 1179 4471 partem
1227 4400 1465 4455 inﬁmam
1512 4410 1785 4467 nostram,
1828 4400 1880 4456 id
1910 4409 2024 4467 est,

431 4510 647 4561 corpus,
665 4494 878 4565 quando
894 4492 961 4547 ab
985 4492 1349 4548 immoderatis
1372 4503 1425 4548 et
1449 4493 1648 4551 illicitis
1667 4494 2028 4564 voluptatibus

431 4585 649 4640 cohibet
676 4593 729 4637 et
758 4582 1025 4649 refrenat,
1057 4600 1165 4639 non
1194 4587 1479 4643 salubriter
1505 4588 1795 4651 castigarm
1825 4588 1920 4635 sed
1947 4589 2028 4636 ἱιι-

432 4675 627 4731 scctari
656 4674 909 4729 credatur
951 4674 1238 4727 hostiliter.
1280 4674 1489 4740 Corpus
1519 4673 1717 4742 quippe
1753 4673 1820 4728 ab
1860 4675 2026 4729 animi

432 4777 513 4823 est
552 4767 766 4836 quidem
806 4774 997 4821 natura
1042 4765 1310 4820 diversum
1337 4806 1353 4830 ,
1393 4764 1489 4819 sed
1531 4780 1638 4819 non
1668 4774 1751 4821 est
1775 4782 1805 4821 a
1836 4776 2027 4825 natura
2054 4764 2070 4836 ῗξ

431 4859 667 4916 hominis
691 4860 945 4915 alienum.
985 4858 1103 4913 Non
1138 4858 1283 4913 enim
1317 4858 1527 4912 animus
1563 4866 1772 4914 constat
1806 4877 1871 4916 ex
1900 4877 2025 4918 cor-

432 4970 598 5027 pore;
630 4953 724 5008 sed
753 4963 930 5007 tamen
964 4951 1126 5006 homo
1152 4966 1217 5006 ex
1247 4951 1428 5006 animo
1448 4961 1659 5007 constat
1684 4964 1739 5009 et
1760 4969 2021 5026 corpore:

431 5056 486 5102 et
514 5048 699 5115 utique
729 5044 869 5099 Deus
893 5057 1054 5113 quem
1073 5041 1287 5110 liberat,
1315 5052 1484 5097 totum
1510 5042 1782 5100 hominem
1808 5046 2020 5103 liberat.

432 5135 589 5194 Unde
619 5144 788 5191 totum
830 5133 1103 5190 hominem
1129 5133 1287 5187 etiam
1316 5131 1561 5188 Salvator
1602 5134 1717 5205 ipse
1752 5139 2019 5208 suscepit,

433 5228 679 5299 dignatus
707 5228 761 5281 in
787 5226 942 5281 nobis
970 5232 1140 5280 totum
1166 5224 1395 5280 liberare
1425 5224 1565 5295 quod
1594 5225 1736 5281 fecit.
1760 5227 1861 5295 Qui
1897 5244 2026 5285 con-

432 5334 518 5378 tra
544 5322 699 5377 istam
732 5320 968 5375 sentiunt
990 5318 1301 5384 veritatem,
1331 5317 1461 5389 quid
1490 5318 1568 5375 eis
1598 5320 1815 5390 prodest
1842 5321 2023 5379 libidi-

433 5430 535 5472 nes
563 5413 875 5470 continere?
899 5412 943 5468 si
965 5420 1144 5467 tamen
1165 5411 1369 5483 aliquas
1389 5413 1685 5469 continent.
1708 5414 1846 5481 Quid
1869 5415 1923 5470 in
1946 5418 2024 5473 eis

432 5526 530 5582 per
558 5506 941 5565 continentiam
969 5514 1146 5576 potest
1182 5506 1297 5562 ﬁeri
1324 5507 1603 5572 mundum,
1636 5524 1862 5580 quorum
1890 5526 2023 5567 con-

434 5600 657 5657 tinentia
685 5599 805 5654 talis
832 5596 1106 5653 immunda
1132 5597 1252 5653 est?
1278 5613 1399 5669 quae
1427 5614 1528 5656 nec
1566 5601 1893 5658 continentia
1922 5619 2024 5659 no-

433 5694 685 5750 minanda
716 5703 816 5751 cst.
846 5693 1060 5750 Sentire
1085 5692 1282 5765 quippe
1308 5694 1453 5767 quod
1478 5698 1748 5768 sentiunt,
1776 5700 1922 5756 virus
1944 5710 2027 5756 est

434 5784 665 5854 diaboli;
694 5787 1022 5845 continentia
1046 5802 1176 5845 vero
1204 5804 1397 5847 munus
1420 5799 1503 5850 est
1524 5791 1638 5851 Dei.
1666 5792 1816 5851 Sicut
1844 5804 2023 5852 autem

498 5919 523 5995 1
659 5928 787 5995 Μξεςε
810 5921 1054 5995 quatiam,-
1076 5929 1176 5995 ερον
1194 5924 1396 5991 quando
2000 5957 2012 5983 η
2042 5990 2049 5995 .

498 5977 731 6051 ξωςιιοι
744 5977 873 6049 nisi,
892 5983 1134 6039 dissoleat.

1532 483 1622 540 DE
1658 473 2140 549 CONTINENTIA,
2180 475 2237 537 S.
2280 473 2649 537 AUGUSTIN!

3609 476 3700 542 568

2143 614 2249 654 non
2282 598 2456 655 omnis
2485 599 2573 670 qui
2604 599 2803 671 aliquid
2828 598 3026 671 patitur
3044 643 3058 670 ,
3085 607 3178 658 aut
3211 600 3484 675 quoslibet
3512 603 3699 663 dolores

2140 694 2553 750 tolerantissime
2577 694 2793 766 patitur,
2818 696 2978 752 habet
2994 711 3113 753 eam
3136 698 3413 767 virtutem,
3436 714 3553 770 quas
3570 699 3696 755 simi-

2138 787 2260 844 liter
2288 790 2383 845 Dei
2417 805 2610 847 munus
2647 800 2757 858 est,
2788 801 2844 850 et
2880 793 3133 863 patientia
3162 802 3501 865 nuncupatur
3532 795 3698 851 :multi

2140 883 2283 937 enim
2310 882 2537 939 tolerant
2569 886 2734 941 multa
2762 895 3026 943 tormenta
3047 928 3062 953 ,
3092 903 3160 944 ne
3186 888 3242 943 in
3269 890 3381 945 suis
3409 890 3697 948 criminibus

2139 975 2371 1045 prodant
2410 987 2501 1033 aut
2535 979 2677 1035 male
2711 979 2813 1036 sibi
2841 982 3120 1048 conscios,
3155 988 3248 1037 aut
3271 996 3332 1037 se
3367 982 3543 1054 ipsos;
3566 984 3700 1038 multi

2138 1079 2238 1135 pro
2260 1067 2539 1138 explendis
2562 1070 2952 1127 ardentissimis
2971 1071 3306 1139 libidinibus,
3320 1081 3376 1127 et
3396 1072 3697 1139 obtinendis,

2138 1158 2225 1213 vel
2261 1173 2369 1214 non
2395 1160 2757 1232 relinquendis
2799 1163 2878 1219 eis
2922 1163 3082 1219 rebus
3115 1163 3308 1234 quibus
3342 1163 3551 1219 vinculo
3575 1165 3702 1233 pravi

2139 1251 2339 1305 amoris
2365 1252 2607 1318 obstricti
2636 1262 2789 1321 sunt;
2820 1255 2971 1310 multi
2997 1270 3094 1325 pro
3118 1255 3346 1311 diversis
3372 1264 3426 1310 et
3454 1256 3698 1325 pernicio-

2138 1342 2249 1411 sis,
2295 1342 2487 1413 quibus
2525 1345 2872 1402 vehementer
2909 1354 3191 1413 tenentur,
3241 1346 3542 1413 erroribus;
3584 1361 3702 1418 quos

2140 1449 2331 1490 omnes
2370 1437 2509 1512 absit
2547 1447 2605 1493 ut
2648 1455 2829 1495 veram
2874 1440 3112 1495 dicamus
3138 1440 3339 1497 habere
3369 1441 3661 1512 patientiam
3691 1460 3701 1495 :

2140 1525 2212 1581 ita
2242 1542 2348 1582 non
2380 1510 2556 1584 omnis
2578 1530 2669 1600 qui
2709 1530 2911 1601 aliquid
2953 1532 3221 1600 continet,
3264 1532 3351 1586 vel
3371 1510 3531 1603 ipsas
3563 1532 3704 1588 etiam

2140 1623 2317 1677 carnis
2343 1632 2435 1678 aut
2460 1624 2624 1679 animi
2652 1624 2899 1681 libidines
2925 1625 3244 1682 mirabiliter
3268 1627 3543 1694 continet,
3569 1626 3705 1681 istam

2140 1716 2546 1783 continentiam,
2570 1717 2636 1773 de
2659 1718 2811 1789 cujus
2832 1718 3063 1774 utilitate
3089 1726 3143 1774 et
3167 1718 3365 1775 decore
3390 1718 3703 1784 disserimus,

2144 1807 2340 1863 habere
2359 1806 2618 1864 dicendus
2639 1818 2741 1866 est.
2766 1810 2993 1877 Quidam
3013 1810 3178 1877 enim,
3201 1810 3347 1880 quod
3368 1810 3560 1865 mirum
3581 1809 3707 1864 dictu

2143 1899 2311 1955 videri
2328 1908 2524 1969 potest,
2557 1916 2652 1971 per
2682 1902 3018 1958 incontinent
3040 1917 3125 1956 am
3157 1917 3217 1971 se
3245 1902 3551 1967 continent;
3581 1900 3707 1955 velut

2144 1993 2188 2047 si
2215 2009 2272 2048 se
2297 1993 2491 2047 mulier
2512 1995 2783 2049 contineat
2803 2011 2831 2049 a
2856 1996 3069 2064 marito,
3091 1995 3213 2066 quia
3236 1994 3340 2050 hoc
3363 1994 3560 2064 juravit
3578 1993 3708 2048 adul-

2143 2095 2279 2141 tero.
2304 2085 2531 2151 Quidam
2555 2101 2649 2156 per
2671 2086 3003 2157 injustitiam,
3028 2086 3175 2142 velut
3210 2087 3255 2140 si
3284 2085 3544 2142 miscendi
3570 2099 3706 2141 sexus

2143 2190 2251 2231 non
2296 2176 2483 2231 reddat
2527 2176 2724 2246 conjux
2766 2177 2979 2248 eonjugi
3024 2177 3296 2245 debitum,
3340 2178 3464 2248 quia
3492 2176 3604 2246 ipse
3636 2176 3709 2230 vel

2142 2270 2257 2341 ipsa
2297 2270 2409 2341 jam
2446 2280 2620 2341 potest
2656 2271 2873 2327 vincere
2916 2271 3077 2327 talem
3121 2271 3363 2341 corporis
3408 2270 3706 2341 appetitum.

2143 2360 2278 2416 Item
2320 2361 2535 2433 quidam
2578 2363 2853 2418 continent
2897 2362 3108 2432 decepti
3148 2361 3253 2418 ﬁde
3296 2361 3465 2428 falsa,
3506 2369 3561 2416 et
3593 2376 3710 2416 vana

2144 2463 2453 2525 sperantes,
2491 2464 2544 2511 et
2577 2471 2712 2510 vana
2741 2463 3012 2511 sectantes
3044 2472 3057 2508 :
3089 2455 3141 2509 in
3172 2454 3363 2525 quibus
3390 2463 3516 2509 srmt
3543 2467 3713 2508 omnes

2143 2546 2423 2615 haeretici,
2452 2557 2506 2603 et
2535 2548 2856 2619 quicumque
2881 2547 2980 2603 sub
3006 2548 3223 2602 nomine
3257 2545 3531 2617 religionis
3556 2545 3713 2615 aliquo

2143 2653 2331 2694 errore
2366 2638 2644 2706 falluntur;
2685 2654 2913 2711 quorum
2954 2639 3285 2694 continentia
3326 2653 3452 2694 vera
3482 2645 3654 2701 esset,
3679 2635 3716 2689 si

2143 2739 2291 2788 esset
2315 2740 2370 2787 et
2398 2732 2531 2789 ﬁdes
2552 2747 2677 2789 vera
2703 2751 2716 2787 :
2744 2748 2866 2789 cum
2886 2748 3016 2790 vero
3046 2733 3133 2788 illa
3164 2740 3449 2803 propterea
3475 2747 3575 2788 nec
3599 2729 3717 2787 ﬁdes

2143 2824 2215 2879 sit
2239 2825 2555 2895 appellanda
2577 2868 2591 2893 ,
2624 2827 2749 2896 quia
2779 2825 2911 2880 falsa
2941 2834 3043 2892 est,
3063 2825 3179 2880 sine
3206 2824 3369 2880 dubio
3398 2834 3454 2880 et
3478 2824 3577 2880 ista
3600 2839 3715 2880 con-

2144 2917 2383 2974 tinentiae
2417 2920 2634 2975 nomine
2673 2919 2889 2990 indigna
2930 2928 3031 2975 est.
3074 2918 3342 2989 Numquid
3374 2919 3519 2974 enim
3560 2918 3717 2974 conti-

2142 3013 2380 3068 nentiam
2405 3013 2445 3081 ί,
2468 3028 2626 3083 quam
2648 3027 2841 3067 munus
2861 3012 2954 3067 Dei
2976 3012 3255 3068 verissime
3272 3011 3522 3079 dicimus,
3546 3009 3721 3067 dicturi

2144 3118 2331 3159 sumus
2356 3119 2476 3159 esse
2503 3112 2780 3175 peceatum
2801 3107 2824 3157 ’ί
2854 3104 3009 3160 Absit
3037 3119 3068 3159 a
3095 3103 3297 3160 nostris
3337 3103 3590 3159 cordibus
3626 3112 3718 3156 tam

2142 3194 2461 3251 detestanda
2500 3196 2790 3252 dementia.
2834 3196 3030 3253 Beatus
3075 3204 3251 3251 autem
3290 3194 3584 3266 Apostolus
3624 3192 3719 3262 ait,

2147 3286 2309 3342 Omne
2333 3288 2469 3361 quod
2506 3306 2607 3344 non
2634 3299 2707 3344 est
2730 3306 2793 3343 ex
2818 3289 2957 3358 ﬁde,
2994 3298 3255 3360 peccatum
3290 3298 3364 3343 est
3401 3288 3578 3359 (Rom.
3618 3299 3735 3354 m7

2140 3379 2255 3452 25).
2298 3381 2428 3449 Quae
2466 3380 2627 3452 igitur
2672 3396 2783 3437 non
2824 3380 2985 3436 habet
3026 3379 3218 3449 ﬁdem,
3264 3395 3366 3437 nec
3409 3380 3723 3437 continentia

2142 3473 2467 3528 nominanda
2493 3482 2593 3529 est.

2211 3564 2302 3619 27.
2335 3565 2470 3621 Sunt
2496 3566 2658 3621 etiam
2687 3565 2777 3638 qui
2806 3574 2991 3637 aperte
3026 3565 3274 3637 malignis
3310 3566 3587 3623 serviendo
3614 3564 3721 3621 da:—

2140 3658 2409 3727 monibus,
2446 3675 2479 3715 a
2515 3661 2759 3730 corporis
2798 3659 3159 3730 voluptatibus
3200 3661 3495 3729 continent,
3542 3668 3599 3714 ut
3640 3672 3732 3731 per

2140 3767 2236 3809 eos
2282 3752 2533 3822 expleant
2574 3752 2802 3809 nefarias
2839 3753 3163 3824 voluptates,
3205 3769 3431 3824 quarum
3476 3755 3731 3825 impetum

2141 3844 2497 3916 ardoremque
2543 3861 2651 3902 non
2692 3846 2987 3901 continent.
3034 3845 3188 3901 Unde
3218 3854 3275 3901 ut
3302 3846 3501 3917 aliquid
3540 3847 3729 3912 dicam,

2141 3948 2198 3996 et
2240 3948 2436 3995 caetera
2478 3948 2696 4009 propter
2744 3938 3006 3995 sermonis
3062 3939 3448 4009 longitudinem
3492 3949 3729 4002 taceam;

2142 4031 2360 4103 quidam
2392 4045 2499 4087 non
2525 4032 2790 4102 attingunt
2818 4031 2980 4087 etiam
3013 4045 3208 4086 uxores
3234 4044 3378 4097 suas,
3416 4031 3549 4087 dum
3591 4027 3735 4101 quasi

2140 4126 2327 4182 mundi
2352 4141 2447 4197 per
2466 4126 2696 4197 magicas
2717 4133 2862 4181 artes
2886 4125 3172 4195 pervenire
3192 4124 3259 4179 ad
3285 4138 3489 4180 uxores
3518 4122 3739 4179 moliun-

2142 4225 2229 4272 tur
2249 4217 2470 4273 alicnas.
2494 4218 2538 4273 Ο
2558 4217 2856 4273 mirabilem
2902 4217 3305 4284 continentiam,
3341 4216 3447 4270 imo
3475 4229 3615 4270 vero
3652 4228 3741 4268 nc-

2142 4311 2363 4381 quitiam
2383 4317 2543 4381 atque
2566 4309 2956 4365 immunditiam
2977 4308 3331 4379 singularem!
3359 4305 3418 4361 Si
3438 4307 3591 4362 enim
3618 4319 3738 4360 vera

2143 4412 2286 4459 esset
2310 4404 2659 4469 continentia,
2695 4404 2866 4469 magis
2902 4404 2969 4454 ab
3004 4399 3289 4467 adulterio,
3329 4414 3491 4470 quam
3519 4408 3746 4470 propter

2142 4494 2465 4550 adulterium
2512 4490 2950 4559 perpetrandum,
2980 4491 3155 4545 carnis
3179 4491 3625 4561 concupiscentia
3655 4491 3745 4545 de—

2140 4584 2255 4637 buit
2281 4597 2311 4636 a
2339 4583 2587 4652 conjugio
2615 4583 2910 4637 continere.
2948 4582 3096 4638 llanc
3125 4582 3321 4652 quippe
3346 4584 3746 4654 concupiscen-

2141 4672 2268 4728 tiam
2290 4673 2467 4728 carnis
2489 4673 2731 4728 relaxare
2752 4672 2889 4728 solet
2917 4674 3244 4728 continentia
3266 4673 3748 4745 conjugalis,~ejus.

2139 4780 2245 4835 que
2275 4765 2437 4820 frenis
2468 4764 2729 4820 hactenus
2754 4765 3098 4821 moderamen
3123 4767 3416 4837 imponere,
3448 4776 3511 4822 ut
3545 4783 3657 4824 nec
3697 4767 3762 4820 in-

2140 4856 2257 4927 ipso
2300 4855 2549 4927 eonjugio
2584 4856 2935 4912 immoderata
2980 4857 3195 4912 licentia
3244 4855 3521 4913 difﬂuatur
3557 4861 3605 4924 ³,
3656 4854 3751 4911 sed

2140 4945 2470 5004 custodiatur
2496 4948 2710 5017 modus,
2756 4957 2845 5004 aut
2881 4948 3181 5004 inﬁrmitati
3225 4949 3468 5019 conjugis
3499 4948 3749 5016 debitus,

2141 5040 2225 5096 cui
2254 5040 2358 5095 hoc
2384 5055 2491 5095 non
2520 5040 2815 5097 secundum
2856 5042 3138 5111 imperium
3183 5041 3463 5112 praecipit,
3512 5043 3620 5099 sed
3663 5058 3760 5097 sc-

2140 5133 2389 5189 cundum.
2418 5134 2628 5189 veniam
2655 5133 2901 5190 concedit
2926 5133 3216 5204 Apostolus
3248 5134 3310 5205 (Ι
3341 5133 3457 5189 Cor.
3487 5151 3603 5200 vn,
3638 5135 3678 5191 6
3702 5137 3720 5205 )
3744 5178 3759 5201 ,

2140 5236 2232 5283 aut
2261 5227 2384 5282 ﬁliis
2428 5227 2774 5297 procreandis
2819 5227 3276 5296 accommodatus,
3320 5244 3440 5298 quae
3485 5244 3607 5285 una
3661 5229 3762 5284 fuit

2140 5335 2301 5378 causa
2347 5321 2638 5377 miscendae
2672 5322 2902 5377 invicem
2941 5321 3119 5377 carnis
3158 5329 3213 5376 et
3272 5321 3512 5392 patribus
3574 5338 3766 5393 quon-

2139 5413 2261 5469 dam
2288 5421 2343 5469 et
2369 5413 2629 5470 matribus
2658 5415 2876 5469 sanctis.
2906 5413 2964 5469 Id
2990 5422 3171 5469 autem
3207 5412 3409 5470 faciens
3447 5417 3765 5470 continen-

2141 5506 2233 5573 tia,
2264 5506 2315 5561 id
2341 5514 2444 5573 est,
2492 5506 2777 5562 moderans
2816 5515 2870 5561 et
2909 5505 3141 5577 quodam
3184 5506 3347 5562 modo
3393 5506 3659 5563 limitans
3712 5509 3767 5564 in

2139 5599 2455 5671 conjugibus
2502 5600 2681 5656 carnis
2728 5600 3241 5671 concupiscentiam,
3268 5608 3323 5655 et
3366 5599 3482 5669 ejus
3528 5601 3768 5672 inquie-

2139 5702 2251 5748 tum
2279 5702 2439 5763 atque
2469 5690 2827 5748 inordinatum
2857 5699 3061 5748 motum
3101 5692 3263 5749 certis
3293 5691 3531 5762 quodam
3584 5694 3768 5750 modo

2140 5786 2333 5841 ﬁnibus
2354 5785 2626 5852 ordinans,
2658 5785 2795 5841 bene
2822 5785 2984 5841 utitur
3009 5785 3239 5841 hominis
3266 5784 3433 5855 malo,
3459 5801 3652 5856 quem
3686 5788 3775 5846 fa-

2206 5922 2374 5993 deiti,
2404 5920 2739 5993 continentiam
2761 5920 2897 5989 ﬁdei.
2917 5923 3080 5988 Abest,
3106 5919 3242 5986 ﬁdei,
3266 5930 3296 5972 ι
3318 5928 3427 5975 uss.

2204 5988 2224 6020 ²
2240 5994 2342 6040 Duo
2365 5993 2495 6046 Mss,
2521 5983 2726 6051 diﬂiuat.
