3896 6382
608 316 691 337 τῇ.
722 326 733 331 -

307 401 378 465 ως
620 378 629 447 ζ
788 348 885 413 ίῨ
1732 388 1825 446 Lll

1934 437 1938 448 .
1973 389 2175 451 UNUS.

310 524 361 579 cit
378 528 412 576 et
428 517 533 573 vult
559 513 825 589 perﬁcere
852 513 1056 571 bonum
1083 528 1098 568 :
1137 511 1276 568 sicut
1309 510 1448 568 Deus
1479 508 1644 565 utitur
1668 509 1829 565 etiam

308 610 549 668 hominibus
602 608 762 664 malis
789 649 807 674 ,
857 615 1077 679 propter
1123 619 1217 661 eos
1279 619 1412 675 quos
1464 602 1668 674 perﬁcit
1734 603 1829 658 bo-

302 720 387 761 nos.
658 772 667 777 ,
1028 752 1029 755 η

350 795 536 852 CAPUT
566 793 780 849 Xlll.—
800 793 892 849 28.
919 792 1241 849 Continentia
1266 807 1367 845 non
1388 798 1581 844 tantum
1602 788 1832 843 libidines

289 888 489 957 corporis,
517 886 605 940 sed
634 896 683 939 et
708 885 870 939 animi
895 883 1196 954 cupiditates
1221 890 1409 936 coercet
1443 890 1491 935 et
1529 879 1676 951 regit.
1709 877 1829 933 Mo-

284 989 349 1033 tus
363 980 523 1033 animi:
542 977 688 1047 pravi
722 976 1031 1030 continentia
1051 973 1313 1028 cohibendi
1327 1015 1342 1039 ,
1369 981 1548 1044 negato
1586 987 1831 1025 consensu

280 1075 505 1144 etrejecta
538 1072 616 1126 vel
660 1071 982 1142 cogitationis
1010 1069 1355 1123 delectatione.
1405 1067 1559 1122 Absit
1604 1080 1731 1136 ergo
1772 1075 1830 1120 ut

274 1164 651 1231 continentiam,
681 1162 751 1218 de
780 1177 887 1233 qua
924 1160 1196 1231 Scriptura
1226 1159 1388 1226 dicit,
1422 1158 1489 1212 Et
1533 1159 1626 1212 hoc
1661 1158 1829 1227 ipsum

268 1266 364 1313 erat
395 1257 669 1327 sapientite,
701 1255 833 1309 scire
869 1255 1018 1324 cujus
1047 1261 1172 1306 esset
1197 1253 1291 1305 hoc
1317 1252 1507 1305 donum
1533 1250 1688 1321 (Sap.
1710 1265 1824 1316 Vill,

263 1351 319 1406 2i
342 1352 381 1422 ),
406 1352 564 1406 etiam
593 1364 691 1405 eos
718 1348 918 1406 habere
944 1347 1215 1413 dicamus,
1243 1345 1333 1416 qui
1371 1343 1714 1409 continendo,
1744 1342 1828 1398 vel

259 1442 517 1499 erroribus
534 1443 793 1507 serviunt,
812 1440 896 1496 vel
912 1440 1117 1511 aliquas
1133 1439 1365 1494 minores
1380 1435 1693 1506 cupiditates
1710 1434 1828 1489 ideo

256 1535 496 1599 vincunt,
525 1542 585 1589 ut
613 1533 746 1587 alias
775 1533 1027 1602 expleant
1052 1572 1067 1597 ,
1116 1544 1338 1600 quarum
1377 1526 1677 1598 granditate
1706 1526 1826 1580 vin-

256 1635 463 1681 cuntur.
490 1625 566 1680 Ea
588 1640 717 1680 vero
742 1639 865 1695 qua:
892 1637 1023 1677 vera
1048 1630 1129 1677 est
1158 1619 1387 1690 desuper
1412 1618 1632 1673 veniens
1656 1616 1827 1672 conti-

254 1716 454 1783 neutia,
481 1731 583 1773 non
607 1715 725 1770 aliis
750 1714 908 1769 malis
936 1713 1075 1768 mala
1105 1725 1347 1782 premere
1377 1710 1499 1776 alia,
1548 1708 1644 1764 sed
1673 1708 1826 1764 bonis

253 1809 393 1863 mala
421 1824 606 1865 sanare
632 1809 744 1863 vult
782 1807 982 1862 omnia.
1011 1805 1174 1875 Cujus
1218 1811 1277 1859 ut
1313 1802 1546 1857 breviter
1583 1800 1825 1871 comple-

255 1907 369 1954 ctar
390 1901 676 1964 actionem;
706 1897 953 1953 omnibus
983 1894 1201 1967 prorsus
1228 1893 1666 1950 delectationibus
1693 1907 1824 1948 con-

255 1991 617 2058 cupiscentiae,
639 2006 750 2060 qua:
777 1989 1128 2045 adversantur
1156 1986 1495 2043 delectationi
1521 1984 1820 2055 sapientiae,

262 2080 578 2136 coercendis
622 2091 767 2151 atque
801 2080 1050 2136 sanandis
1095 2080 1332 2151 invigilat
1377 2078 1610 2134 ofﬁcium
1651 2077 1824 2132 conti-

261 2171 486 2225 nentiaa.
532 2170 672 2227 Unde
710 2173 971 2243 angustius
1015 2187 1134 2227 eam
1175 2171 1292 2227 sine
1336 2170 1670 2225 dubitatione
1708 2184 1823 2224 me-

257 2262 485 2329 tiuntur,
525 2264 609 2334 qui
644 2265 776 2319 solas
816 2264 1063 2320 libidines
1107 2263 1346 2334 corporis
1383 2262 1639 2318 cohibere
1686 2260 1824 2318 deﬁ-

250 2355 444 2414 niunt:
472 2358 651 2412 melius
676 2356 912 2427 proiecto
939 2356 1037 2424 illi,
1067 2357 1158 2427 qui
1187 2371 1293 2411 non
1329 2355 1530 2411 addunt
1554 2354 1817 2425 corporis,

254 2447 345 2501 sed
372 2449 678 2517 generaliter
702 2448 979 2504 libidinem
1015 2449 1127 2504 sive
1155 2447 1500 2519 cupiditatem
1531 2445 1821 2518 regendam

253 2536 503 2594 dicuntad
518 2540 893 2595 continentiam
910 2539 1329 2610 pertinere.Quae
1343 2538 1605 2609 cupiditas
1621 2538 1673 2592 in
1690 2538 1820 2593 vitio

254 2630 482 2698 ponitur,
507 2645 602 2686 nec
640 2635 844 2687 tantum
884 2640 967 2689 est
994 2633 1253 2702 corporis,
1303 2646 1490 2688 verum
1533 2640 1587 2687 et
1633 2630 1816 2685 animi.

263 2718 466 2776 Etenim
492 2724 533 2777 si
556 2724 816 2794 cupiditas
843 2726 1085 2796 corporis
1111 2734 1194 2781 est
1222 2726 1274 2780 in
1306 2723 1745 2780 fornicationibus
1766 2729 1820 2778 et

266 2810 601 2881 ebrietatibus,
626 2816 884 2887 numquid
912 2817 1221 2885 inimicitiae,
1244 2818 1637 2885 contentiones,
1661 2832 1822 2873 aemu-

272 2901 498 2969 lationes,
520 2918 782 2977 postremo
810 2911 1192 2978 animositates,
1222 2911 1276 2966 in
1302 2911 1541 2981 corporis
1566 2912 1815 2981 volupta-

274 2992 431 3059 tibus,
479 3012 530 3052 ac
570 3016 667 3056 non
718 3002 899 3072 potius
938 3002 993 3056 in
1036 3002 1199 3057 animi
1245 3002 1478 3058 motibus
1521 3012 1574 3059 et
1601 3011 1817 3073 pertur-

269 3081 551 3144 bationibus
572 3092 926 3148 crementur?
949 3093 1133 3149 Carnis
1163 3102 1340 3149 tamen
1369 3109 1533 3165 opera
1562 3096 1677 3149 hmc
1703 3109 1819 3150 om-

268 3175 356 3230 nia
382 3184 671 3252 nuncupavit
694 3183 1005 3254 Apostolus,
1036 3185 1148 3240 sive
1173 3201 1291 3255 qua:
1318 3185 1385 3241 ad
1416 3186 1674 3252 animum,
1706 3186 1819 3241 sive

264 3284 378 3338 qua:
414 3272 479 3329 ad
512 3288 713 3331 carnem
757 3276 973 3346 proprie
1000 3276 1346 3350 pertinerent,
1397 3280 1570 3349 ipsum
1616 3279 1821 3336 scilicet

260 3357 521 3417 hominem
545 3366 752 3421 nomine
781 3367 960 3422 carnis
986 3367 1258 3437 appellans
1284 3367 1479 3439 (Galat.
1510 3384 1563 3436 v,
1591 3368 1745 3424 l9-21
1772 3368 1817 3441 ).

256 3449 431 3520 Opera
461 3456 639 3525 quippe
681 3456 917 3513 hominis
957 3470 1082 3513 sunt
1123 3473 1241 3528 quae
1272 3475 1378 3514 non
1408 3460 1658 3515 dicuntur
1687 3460 1817 3528 Dei;

254 3545 504 3611 quoniam
532 3547 679 3604 homo
705 3549 797 3619 qui
835 3548 951 3605 haec
980 3550 1108 3621 agit,
1138 3551 1428 3607 secundum
1457 3567 1517 3607 se
1544 3552 1718 3622 ipsum
1745 3551 1824 3607 vi-

249 3634 353 3703 vit,
381 3651 491 3691 non
514 3640 787 3697 secundum
810 3642 999 3711 Deum,
1028 3642 1081 3697 in
1107 3650 1360 3713 quantum
1388 3643 1504 3698 haec
1531 3644 1657 3714 agit.
1686 3642 1823 3700 Sunt

244 3739 437 3789 autem
478 3732 570 3788 alia
604 3750 758 3806 opera
797 3735 1051 3800 hominis,
1091 3752 1207 3806 qua:
1244 3738 1413 3807 magis
1442 3737 1666 3793 dicenda
1695 3743 1820 3791 sunt

241 3834 409 3889 opera
438 3824 546 3879 Dei.
574 3826 705 3881 Deus
742 3837 816 3882 est
846 3829 999 3896 enim,
1028 3827 1200 3898 inquit
1225 3828 1532 3899 Apostolus,
1577 3829 1661 3899 qui
1698 3844 1821 3899 ope-

240 3925 389 3967 ratur
413 3917 468 3971 in
489 3919 620 3973 robis
655 3930 704 3974 et
736 3920 863 3974 velle
900 3929 945 3975 et
990 3923 1223 3990 operari,
1270 3938 1360 3991 pro
1397 3921 1528 3975 bona
1569 3922 1824 3977 voluntate

244 4002 518 4080 (Philipp.
549 4026 607 4078 ιι,
650 4013 778 4083 15).
820 4012 946 4069 Inde
980 4021 1065 4069 est
1100 4022 1155 4069 et
1190 4014 1356 4068 illud:
1399 4014 1651 4085 Quotquot
1688 4016 1822 4070 enim

243 4093 452 4164 Spiritu
479 4101 569 4155 Dei
593 4113 835 4175 aguntur,
863 4105 914 4157 hi
942 4105 1038 4173 ﬁlii
1063 4114 1178 4159 sunt
1203 4104 1301 4160 Dei
1337 4104 1511 4178 (Rom.
1549 4122 1661 4175 vni,
1691 4105 1820 4178 14).

316 4189 409 4247 29.
454 4194 674 4265 Spiritus
700 4197 877 4265 itaque
903 4196 1133 4252 hominis
1158 4197 1437 4253 adhaerens
1456 4199 1675 4268 Spiritui
1701 4200 1819 4267 Dei,

238 4285 571 4355 concupiscit
598 4285 862 4341 adversus
889 4300 1123 4354 carnem,
1155 4288 1208 4343 id
1237 4296 1339 4353 est,
1372 4289 1628 4344 adversus
1656 4305 1715 4345 se
1739 4290 1823 4359 ip-

240 4388 366 4429 sum
388 4393 405 4441 ;
430 4377 520 4433 sed
540 4392 637 4447 pro
658 4392 722 4433 se
748 4380 882 4447 ipso,
908 4385 964 4431 ut
984 4384 1160 4431 motus
1183 4377 1259 4429 illi
1286 4380 1404 4430 sive
1428 4381 1482 4433 in
1508 4394 1688 4446 carne,
1713 4380 1825 4435 sive

240 4462 295 4515 in
326 4468 528 4533 anima,
558 4468 846 4525 secundum
877 4467 1165 4532 hominem,
1189 4480 1294 4519 non
1317 4464 1607 4519 secundum
1632 4466 1821 4529 Deum,

244 4555 333 4621 qui
362 4568 490 4613 sunt
513 4557 684 4614 adhuc
708 4573 805 4628 per
825 4557 1143 4627 acquisitum
1173 4557 1503 4626 languorem,
1543 4554 1827 4610 continen-

248 4646 319 4697 tia
363 4650 734 4717 cohibeantur,
780 4660 998 4721 pr0pter
1025 4650 1403 4720 acquirendam
1450 4648 1679 4704 salutem
1712 4666 1726 4703 :
1767 4656 1826 4704 ut

251 4730 418 4791 homo
448 4755 545 4796 non
569 4740 864 4797 secundum
895 4741 1165 4796 hominem
1192 4741 1397 4805 vivens,
1419 4738 1528 4809 jam
1557 4740 1725 4809 possit
1747 4738 1830 4795 di-

258 4836 399 4891 cere,
436 4827 552 4885 Vivo
587 4840 756 4886 autem
781 4832 897 4902 jam
924 4848 1027 4885 non
1053 4848 1164 4902 ego,
1194 4831 1313 4885 vivit
1337 4845 1457 4884 vero
1478 4830 1532 4883 in
1573 4845 1651 4883 me
1676 4828 1827 4885 Chri-

261 4925 366 4971 stus
390 4920 577 4989 (Galat.
606 4940 666 4991 ιι,
691 4924 821 4995 20).
850 4923 953 4979 Ubi
992 4923 1133 4979 enim
1173 4937 1280 4978 non
1321 4936 1455 4993 ego,
1505 4920 1579 4977 ibi
1623 4921 1831 4978 felicius

266 5020 393 5077 θεος
440 5022 491 5068 ut
516 5016 723 5086 quando
751 5016 1044 5071 secundum
1088 5015 1358 5070 hominem
1401 5014 1662 5086 reprobus
1688 5013 1831 5071 ullus

269 5112 444 5159 motus
470 5109 716 5179 exsurgit,
745 5108 831 5164 cui
862 5123 967 5165 non
994 5108 1257 5163 consentit
1284 5108 1374 5178 qui
1400 5117 1577 5164 mente
1605 5108 1709 5179 legi
1734 5107 1830 5164 Dei

272 5195 465 5261 servit,
500 5198 634 5254 dicat
676 5200 836 5255 etiam
864 5199 1018 5266 illud,
1051 5198 1171 5252 1am
1209 5215 1310 5253 non
1356 5207 1449 5270 ego
1494 5215 1673 5268 operor
1700 5199 1829 5253 illud

278 5278 447 5345 (Rom.
471 5302 553 5354 vn,
582 5290 706 5360 l7).
751 5289 966 5344 Talibus
994 5289 1185 5358 quippe
1212 5296 1264 5343 et
1298 5288 1387 5343 illa
1415 5289 1679 5355 dicuntur,
1714 5304 1832 5359 quae

287 5370 410 5425 sicut
436 5392 605 5433 eorum
635 5380 765 5435 socii
797 5379 1185 5450 participesque
1214 5378 1469 5434 debemus
1505 5378 1689 5435 audire
1716 5396 1729 5432 :
1770 5378 1834 5434 Si

293 5471 641 5524 consurrexistis
677 5486 793 5524 cum
818 5470 1039 5537 Christo,
1061 5484 1174 5538 qua:
1215 5482 1417 5523 sursum
1453 5477 1569 5524 sunt
1606 5469 1833 5540 quaerite,

295 5552 365 5605 ubi
392 5558 596 5615 Christus
635 5573 707 5617 est
751 5564 803 5617 in
851 5564 1057 5617 dextera
1098 5561 1196 5615 Dei
1243 5562 1447 5627 sedens;
1485 5577 1597 5633 qua:
1638 5576 1838 5616 sursum

3168 363 3201 375 α

3413 417 3517 478 370

1942 513 2056 605 bitis
2079 529 2194 568 cum
2218 514 2308 571 illo
2333 515 2388 571 in
2421 518 2604 589 gloria.
2632 518 2831 588 Quibus
2856 523 3102 596 loquatur
3125 527 3515 605 intelligamus,

1940 603 2048 660 imo
2077 621 2205 661 vero
2234 610 2486 665 attentius
2512 610 2805 669 audiamus.
2828 614 2955 670 Nam
2982 619 3109 689 quid
3137 622 3238 679 hoc
3271 603 3515 696 planius?

1938 698 2065 768 quid
2093 701 2365 771 apertius?
2386 703 2479 758 Eis
2505 716 2651 760 certe
2679 705 2925 776 loquitur,
2950 712 3039 780 qui
3066 728 3516 776 consurrexerunt

1939 802 2059 844 cum
2087 791 2319 860 Christo,
2346 795 2580 850 nondum
2608 798 2785 867 utique
2812 815 2992 871 carne,
3020 805 3115 859 scd
3141 816 3349 876 mente;
3380 825 3516 881 quos

1938 892 2179 940 mortuos
2207 885 2355 953 dicit,
2398 896 2451 942 ct
2486 888 2655 958 magis
2682 890 2798 945 hinc
2821 893 2971 949 vivos
2996 913 3011 950 :
3050 911 3172 952 nam
3196 900 3297 954 vita
3323 912 3509 972 vestra,

1938 974 2129 1062 inquit,
2156 979 2448 1033 abscondita
2468 989 2540 1034 est
2569 997 2681 1035 cum
2705 980 2896 1039 Christo
2920 986 2973 1041 in
2996 987 3122 1043 Deo.
3143 989 3347 1045 Talium
3368 1008 3514 1049 mor-

1939 1077 2152 1126 tuorum
2178 1085 2277 1126 vox
2303 1082 2417 1128 est:
2452 1072 2574 1128 Vivo
2599 1084 2762 1129 autem
2777 1078 2891 1147 jam
2915 1096 3016 1133 non
3040 1097 3150 1151 ego,
3176 1083 3291 1136 vivit
3315 1099 3429 1139 vero
3457 1086 3512 1140 in

1937 1179 2017 1217 me
2030 1161 2277 1219 Christus.
2292 1164 2529 1232 Quorum
2553 1183 2681 1239 ergo
2700 1169 2803 1227 vita
2829 1180 2938 1227 erat
2964 1164 3273 1229 abscondita
3301 1176 3353 1231 in
3371 1177 3503 1244 Deo,

1937 1252 2292 1310 admonentur
2317 1266 2371 1311 et
2408 1257 2755 1315 exhortantur
2780 1271 2837 1317 ut
2874 1265 3109 1320 membra
3138 1282 3233 1321 sua
3279 1269 3509 1323 mortiﬁ-

1935 1354 2060 1409 cent
2085 1362 2203 1417 qua}
2229 1357 2352 1402 sunt
2378 1363 2539 1420 super
2565 1359 2780 1407 terram.
2810 1354 2866 1409 Id
2891 1355 3029 1411 enim
3059 1359 3296 1428 sequitur
3323 1378 3335 1413 :
3360 1359 3507 1415 Horn

1936 1442 2123 1510 ti/icate
2150 1459 2267 1514 ergo
2292 1444 2511 1499 membra
2535 1455 2695 1501 vestra
2721 1464 2834 1519 qua:
2874 1459 2989 1505 sunt
3015 1468 3164 1523 super
3190 1464 3395 1507 terram.
3442 1455 3510 1510 Et

1934 1547 2003 1587 ne
2032 1534 2306 1604 quisquam
2351 1536 2510 1591 nimis
2538 1538 2721 1593 tardus
2744 1543 2983 1597 membra
3012 1544 3109 1599 ista
3138 1545 3365 1605 visibilia
3390 1560 3509 1601 cor-

1934 1625 2078 1693 poris
2112 1626 2475 1683 mortiﬁcanda
2515 1638 2722 1699 putaret
2763 1648 2793 1687 a
2834 1634 3042 1700 talibus,
3087 1638 3339 1692 continuo
3380 1638 3508 1709 quid

1931 1714 2076 1771 dicat
2103 1719 2347 1788 aperiens
2370 1739 2384 1775 :
2410 1720 2834 1793 Fornicationem,
2872 1727 3059 1797 inquit,
3100 1730 3471 1785 immunditiam
3490 1772 3506 1798 ,

1931 1809 2373 1879 perturbationem,
2420 1817 2873 1886 concupiscentiam
2909 1820 3115 1889 malum,
3146 1831 3192 1875 et
3219 1825 3504 1892 avaritiam,

1929 1913 2041 1968 qua:
2068 1908 2142 1953 est
2170 1901 2422 1956 idolorum
2447 1905 2674 1959 servitus.
2711 1907 2854 1963 Itane
2883 1925 3011 1964 vero
3065 1911 3391 1967 credendum
3421 1922 3508 1968 est

1930 1990 2072 2061 quod
2100 1991 2187 2046 isti
2223 1993 2311 2062 qui
2345 1993 2458 2064 jam
2500 1997 2693 2050 mortui
2732 2008 2899 2067 erant,
2926 2015 3218 2072 eorumque
3244 2004 3352 2058 vita
3380 2004 3509 2059 abs-

1930 2080 2144 2137 condita
2171 2092 2287 2137 erat
2315 2099 2437 2139 cum
2465 2086 2678 2142 Christo
2708 2088 2759 2142 in
2782 2091 2915 2159 Deo,
2947 2092 3123 2148 adhuc
3175 2094 3509 2149 fornicaban—

1929 2181 2036 2240 tur,
2068 2175 2241 2231 adhuc
2269 2178 2322 2232 in
2357 2178 2594 2234 moribus
2638 2179 2921 2238 immundis
2966 2186 3332 2255 operibusque,
3356 2186 3508 2242 vivc«

1929 2266 2077 2333 bant,
2106 2267 2279 2324 adhuc
2334 2271 2820 2341 perturbationibus
2861 2277 3301 2347 concupiscentiae
3346 2278 3502 2333 malm

1929 2367 2091 2431 atque
2119 2360 2354 2415 avaritia:
2382 2361 2719 2418 serviebant?
2745 2363 2875 2430 Quis
2909 2368 3129 2424 demens
3166 2370 3265 2423 ista
3291 2369 3358 2425 de
3386 2369 3507 2424 (an-

1927 2450 2029 2506 bus
2057 2452 2319 2507 senserit?
2360 2450 2497 2518 Quid
2528 2466 2654 2521 ergo
2688 2451 2801 2506 vult
2840 2460 2900 2507 ut
2944 2460 3294 2526 mortiﬁcent,
3343 2474 3507 2529 opem

1927 2543 2133 2598 scilicet
2169 2542 2533 2609 continentiae,
2579 2542 2682 2597 nisi
2711 2549 2887 2597 motus
2928 2542 3072 2612 ipsos
3115 2548 3285 2602 adhuc
3324 2552 3375 2604 in
3410 2564 3508 2604 sua

1927 2630 2157 2704 quadam
2187 2633 2633 2704 interpellatione,
2677 2633 2793 2688 sine
2819 2642 3015 2689 nostrae
3044 2636 3239 2691 mentis
3282 2652 3510 2696 conson-

1928 2724 2101 2792 sione,
2150 2724 2266 2780 sine
2303 2725 2667 2780 membrorum
2705 2725 3061 2795 corporalium
3091 2728 3399 2796 operatione
3429 2730 3512 2784 vi-

1930 2818 2154 2876 ventes?
2181 2818 2248 2872 Et
2291 2818 2558 2887 quomodo
2597 2818 2684 2873 isti
2723 2818 3111 2874 mortiﬁcantur
3148 2834 3309 2890 opere
3339 2822 3512 2876 conti-

1929 2911 2150 2979 nentiae,
2183 2911 2285 2965 nisi
2310 2926 2429 2966 cum
2460 2911 2539 2966 eis
2565 2918 2743 2966 mente
2770 2926 2879 2983 non
2901 2910 3251 2979 consentitur,
3283 2927 3383 2968 nec
3414 2927 3511 2968 ex-

1928 3001 2179 3058 hibentur
2202 3002 2282 3057 eis
2309 3018 2461 3058 arma
2487 3002 2727 3073 corporis
2752 3003 3019 3070 membra;
3044 3012 3099 3059 et
3123 3003 3263 3074 quod
3290 3012 3373 3059 est
3398 3019 3515 3061 ma-

1927 3094 2034 3165 jus,
2065 3101 2226 3164 atque
2261 3093 2530 3164 vigilantia
2560 3095 2899 3150 continentia:
2932 3094 3136 3166 majore
3178 3096 3470 3151 curandum
3492 3139 3510 3165 ,

1929 3184 2043 3256 ipsa
2068 3184 2231 3241 etiam
2273 3192 2455 3239 nostra
2485 3185 2755 3255 cogitatio,
2783 3186 3024 3255 quamvis
3057 3200 3244 3241 eorum
3280 3186 3512 3257 quodam

1929 3262 2091 3333 modo
2115 3277 2453 3348 suggestione
2482 3284 2536 3331 et
2561 3277 2711 3346 quasi
2737 3278 3099 3332 susurrationc
3139 3264 3403 3349 tangatur,
3433 3287 3516 3334 ta-

1930 3386 2052 3427 men
2068 3370 2136 3427 ab
2150 3371 2228 3428 eis
2251 3386 2321 3426 ne
2348 3370 2645 3425 oblectetur
2670 3370 2945 3438 avertitur,
2976 3379 3032 3426 et
3056 3369 3124 3426 ad
3150 3386 3384 3440 superna
3410 3371 3510 3427 de-

1930 3463 2225 3521 lectabilius
2246 3461 2524 3533 cogitanda
2547 3462 2905 3529 convertitur;
2930 3461 3000 3518 ob
3018 3461 3121 3518 hoc
3143 3478 3205 3519 ea
3226 3464 3513 3520 nominans

1929 3553 1984 3608 in
2023 3553 2382 3620 sermonibus,
2422 3568 2490 3609 ne
2517 3552 2785 3609 habitetur
2812 3552 2866 3606 in
2904 3554 3016 3619 eis,
3045 3553 3140 3609 sed
3182 3553 3418 3624 fugiatur
3442 3554 3514 3610 ab

1929 3644 2043 3699 eis?
2071 3630 2223 3709 Quod
2253 3643 2333 3712 ﬁt,
2366 3644 2413 3699 si
2441 3642 2729 3699 efﬁcaciter
2760 3642 3057 3709 audiamus,
3087 3643 3203 3714 ipso
3227 3644 3517 3714 adiuvante

1929 3737 2019 3807 qui
2058 3736 2159 3792 hoc
2188 3752 2283 3807 per
2309 3718 2620 3806 Apdstolum
2648 3750 2803 3791 suum
2841 3737 3085 3807 praecipit
3112 3754 3125 3790 :
3157 3735 3283 3801 Qua:
3309 3752 3514 3792 sursum

1930 3838 2047 3883 sunt
2073 3830 2313 3899 quaerite,
2342 3829 2427 3883 ubi
2458 3827 2684 3883 Christus
2713 3835 2786 3883 est
2824 3828 2880 3882 in
2919 3828 3125 3882 dextera
3163 3827 3259 3881 Dei
3299 3828 3514 3895 sedens;

1930 3938 2043 3991 qua:
2064 3938 2263 3976 sursum
2288 3930 2403 3975 sunt
2432 3921 2612 3991 sapite,
2643 3936 2745 3975 non
2779 3935 2893 3991 qua:
2920 3936 3070 3991 super
3094 3928 3298 3974 terram.

2002 4011 2227 4067 CAPUT
2266 4011 2407 4065 XIV.
2446 4041 2518 4051 —
2550 4011 2639 4066 50.
2679 4010 2863 4065 Fidem
2889 4011 2997 4064 sine
3024 4010 3254 4081 operibus
3282 4026 3386 4064 non
3409 4008 3516 4063 saL

1930 4118 2066 4157 vare.
2097 4100 2234 4156 Vitia
2262 4102 2427 4155 carnis
2455 4111 2739 4156 constanter
2764 4100 3079 4155 debellanda.
3100 4100 3170 4155 In
3196 4100 3516 4156 continentia:

1932 4194 2108 4264 praelia
2136 4194 2263 4246 vires
2291 4202 2335 4246 et
2359 4193 2567 4246 victoria
2594 4192 2856 4262 referenda
2878 4193 2931 4246 in
2957 4190 3142 4246 Deum.
3172 4190 3306 4246 Cum
3334 4200 3515 4247 autem

1931 4286 2070 4340 mala
2096 4285 2186 4340 illa
2212 4293 2705 4348 commemorasset,
2733 4283 2975 4353 adjunxit
3002 4291 3162 4352 atque
3199 4284 3273 4336 ait
3310 4300 3324 4335 :
3372 4282 3513 4336 Pro-

1932 4385 2041 4448 pter
2064 4393 2177 4449 qua:
2203 4377 2334 4430 venit
2371 4377 2451 4429 ira
2475 4375 2571 4430 Dei
2597 4377 2651 4430 in
2680 4376 2815 4445 ﬁlios
2841 4375 3174 4444 inﬁdelitatis.
3214 4374 3405 4444 Utique
3428 4387 3515 4428 sa-

1932 4468 2157 4525 lubriter
2203 4469 2409 4535 terruit,
2456 4483 2525 4521 ne
2566 4474 2812 4537 putarent
2860 4465 3043 4518 ﬁdeles
3086 4474 3305 4533 propter
3342 4467 3513 4519 solam

1932 4553 2091 4608 ﬁdem
2120 4567 2290 4619 suam,
2332 4553 2539 4606 etiamst
2578 4558 2633 4606 in
2665 4556 2748 4606 bis
2772 4556 2926 4606 malis
2961 4555 3223 4621 viverent,
3255 4568 3314 4610 se
3351 4570 3513 4627 posse

1934 4645 2160 4710 salvari;
2194 4645 2435 4714 apostolo
2473 4642 2673 4699 Jacobo
2701 4652 2885 4698 contra
2932 4643 3090 4698 istum
3121 4659 3337 4700 sensum
3380 4661 3514 4703 voce

1934 4738 2365 4795 manifestissima
2394 4737 2714 4793 reclamante
2749 4751 2811 4791 ac
2837 4736 3068 4806 dicente,
3115 4739 3178 4794 Si
3212 4740 3364 4808 ﬁdem
3400 4742 3515 4811 quis

1935 4832 2069 4885 dicat
2107 4847 2160 4885 se
2190 4830 2386 4895 habere,
2412 4846 2567 4899 opera
2595 4838 2763 4883 autem
2792 4845 2893 4882 non
2923 4828 3121 4893 habeat,
3149 4831 3392 4899 numquid
3421 4847 3515 4901 po-

1938 4922 2051 4979 terit
2074 4922 2199 4991 ﬁdes
2222 4922 2416 4975 salvare
2438 4937 2549 4974 eum
2579 4918 2778 4991 (Jacobi
2801 4935 2859 4986 ιι,
2883 4919 2951 4973 14
2968 4917 3027 4989 )?
3052 4919 3204 4976 Unde
3233 4930 3287 4977 et
3313 4921 3397 4976 hic
3410 4922 3517 4976 Do-

1936 5023 2054 5070 ctor
2079 5011 2324 5068 Gentium
2350 5019 2563 5082 propter
2587 5010 2675 5066 illa
2704 5012 2843 5065 mala
2866 5010 3050 5066 venire
3090 5011 3223 5066 iram
3258 5011 3353 5068 Dei
3382 5011 3517 5068 dixit

1936 5108 1991 5162 in
2019 5106 2156 5160 ﬁlios
2185 5104 2531 5159 inﬁdelitatis.
2578 5102 2708 5159 Cum
2738 5113 2916 5159 autem
2949 5104 3097 5171 dicit,
3143 5105 3213 5160 In
3250 5106 3428 5175 quibus
3468 5117 3518 5161 et

1937 5212 2023 5251 vos
2051 5194 2325 5265 aliquando
2362 5194 2675 5260 ambulastis,
2713 5211 2827 5247 cum
2860 5196 3083 5249 viveretis
3120 5196 3174 5249 in
3214 5196 3348 5261 illis;
3386 5198 3520 5253 satis

1938 5286 2172 5343 ostendit
2207 5285 2348 5356 quod
2390 5285 2443 5339 in
2472 5285 2574 5339 illis
2611 5285 2720 5354 jam
2758 5300 2864 5342 non
2888 5286 3149 5342 viverent.
3178 5286 3275 5343 His
3320 5287 3517 5359 quippe

1940 5379 2138 5436 mortui
2164 5387 2335 5445 erant,
2365 5386 2421 5432 ut
2447 5391 2631 5433 eorum
2670 5377 2777 5431 vita
2802 5377 2857 5431 in
2886 5378 2997 5433 Deo
3024 5392 3147 5432 cum
3184 5377 3398 5433 Christo
3426 5394 3517 5433 es-

1940 5479 2023 5525 set
2047 5468 2375 5524 abscondita.
2415 5467 2548 5524 Cum
2590 5483 2717 5538 ergo
2751 5467 2861 5537 jam
2898 5469 3085 5523 inillis
3122 5484 3227 5523 non
3253 5469 3514 5535 viverent,
3588 5517 3596 5538 ε

1943 5560 2263 5616 mortiﬁcare
2282 5559 2391 5629 jam
2419 5560 2540 5613 talia
2562 5558 2901 5629 jubebantur.
2930 5558 3064 5627 ipsis
3104 5558 3299 5628 quippe
3325 5558 3379 5611 in
3411 5558 3519 5613 eis-

68 5568 137 5603 εκ

88 5646 139 5683 ⁵⁸
298 5657 396 5699 twn
427 5654 593 5716 sapite,
634 5670 735 5708 non
780 5670 892 5716 aute
918 5670 1071 5716 super
1109 5662 1317 5707 terram.
1364 5653 1554 5709 Mortui
1598 5655 1728 5709 enim
1757 5670 1837 5709 es-
1944 5652 2067 5707 dem
2108 5666 2211 5706 non
2259 5650 2556 5705 viventibus
2599 5650 2687 5703 illa
2729 5646 3006 5711 vivebant;
3034 5646 3172 5701 sicut
3200 5647 3355 5716 paulo
3390 5655 3517 5704 ante

1942 5744 2050 5816 jam
2080 5743 2284 5798 ostendi
2309 5760 2323 5798 :
2352 5752 2404 5797 et
2429 5742 2667 5797 membra
2691 5738 3000 5794 dicebantur
3032 5738 3290 5809 ipsorum,
3336 5755 3401 5796 ea
3430 5742 3516 5795 vi-
3596 5788 3601 5791 .

1951 5834 2141 5896 delicet
2174 5835 2300 5894 vitia
2334 5849 2451 5906 quae
2499 5834 2555 5889 in
2598 5828 2851 5888 membris
2891 5830 3199 5889 habitabant
3239 5832 3472 5904 ipsorum
3498 5870 3521 5902 ,

52 5670 55 5698 [
88 5653 139 5683 β’
298 5657 396 5699 aut!
427 5654 593 5720 sapite,
634 5670 735 5708 non
780 5670 892 5725 qua:
918 5670 1071 5723 super
1109 5662 1317 5707 terram.
1364 5653 1554 5709 Mortui
1598 5655 1728 5709 enim
1757 5670 1837 5709 es-

52 5741 139 5794 é‘
296 5734 365 5804 tis,
390 5750 431 5794 et
456 5746 553 5797 vita
592 5756 754 5799 vestra
780 5746 1076 5800 abscondita
1108 5751 1181 5799 est
1204 5759 1320 5798 cum
1356 5742 1554 5800 Christo
1592 5746 1645 5799 in
1672 5742 1783 5799 Deo
1818 5759 1839 5801 :

293 5844 391 5887 εισι
406 5834 627 5897 Christus
653 5841 943 5911 apparuerit
965 5839 1069 5898 vita
1090 5847 1277 5906 vestra,
1305 5846 1419 5896 tunc
1442 5849 1489 5898 et
1511 5856 1596 5897 vos
1625 5838 1838 5910 appare-
1854 5919 1867 5923 ἑ
