3844 6516
481 507 580 568 sn
847 457 876 490 Γ
1360 491 1733 554 ADMONITIO
1775 486 1838 542 ιιι
1880 485 2064 544 metu

2187 489 2259 544 DE
2300 488 2478 548 BONO
2505 429 2900 550 CONJUSALL

480 623 644 680 modo
665 617 952 678 locutionis
972 616 991 652 ¹
1014 627 1112 688 per
1133 611 1187 670 id
1215 609 1357 682 quod
1383 608 1620 666 continet
1645 607 1698 664 id
1723 606 1868 680 quod
1895 605 2066 663 conti-

484 721 640 774 netur
657 731 676 784 ;
695 715 837 772 sicut
859 711 1077 777 dicitur,
1100 706 1288 763 Totum
1316 701 1490 759 forum
1519 700 1642 757 inde
1669 699 1924 772 loquitur,
1947 713 2069 754 cum

482 807 729 864 homines
757 805 1044 876 loquantur
1073 799 1163 870 qui
1207 805 1327 852 sunt
1356 795 1408 850 in
1455 795 1589 849 foro.
1625 793 1742 864 Ipso
1783 790 2069 848 locutionis

481 900 646 956 ntodo
672 899 726 955 in
755 897 969 954 Psalmo
993 892 1221 957 canitur,
1257 887 1428 944 Omnis
1455 897 1590 942 terra
1613 886 1789 941 adoret
1816 893 1861 939 te
1888 881 2066 958 (Psal.

481 1007 610 1061 va,
641 991 678 1047 4
700 989 752 1063 );
779 988 832 1044 id
859 996 960 1054 est,
988 999 1174 1041 omnes
1205 981 1441 1037 homines
1467 978 1557 1050 qui
1587 987 1708 1034 sunt
1738 977 1793 1033 in
1821 971 1980 1032 terra.

558 1084 648 1138 3i.
679 1080 833 1138 Nunc
863 1089 1030 1135 autem
1073 1077 1332 1149 deponite,
1363 1072 1567 1144 inquit,
1613 1080 1662 1127 et
1705 1086 1791 1126 vos
1836 1071 2071 1126 universa

485 1172 727 1249 (Colore.
765 1188 844 1242 ιιι,
890 1169 1048 1242 1-8);
1098 1175 1151 1223 et
1191 1173 1572 1224 commemorat
1611 1163 1763 1234 plura
1809 1159 2070 1232 ejusmodi

486 1266 648 1322 mala.
682 1265 789 1323 Sed
813 1264 940 1336 quid
974 1274 1072 1330 est,
1102 1259 1240 1331 quod
1267 1260 1317 1316 ei
1346 1273 1451 1314 non
1481 1255 1681 1314 sufﬁcit
1714 1253 2067 1336 dicere,.De-

489 1359 662 1431 ponite
695 1375 781 1413 vos
807 1357 1033 1412 universa
1050 1370 1070 1422 ;
1108 1352 1199 1409 sed
1226 1351 1402 1407 addita
1431 1347 1806 1419 conjunctione
1834 1346 1988 1414 dixit,
2019 1353 2070 1401 et

491 1450 619 1505 eos?
646 1449 757 1506 Nisi
787 1465 854 1505 ne
881 1456 1159 1519 propterea
1194 1459 1252 1500 se
1285 1449 1532 1514 putarent
1559 1439 1675 1496 haec
1699 1439 1836 1494 mala
1868 1436 2066 1504 facere,

486 1551 647 1614 atque
677 1544 889 1615 impune
915 1543 968 1596 in
999 1541 1076 1596 eis
1103 1539 1302 1602 vivere,
1332 1534 1455 1606 quia
1485 1533 1617 1589 ﬁdes
1655 1546 1844 1587 eorum
1875 1529 2070 1586 libera-

487 1642 575 1690 ret
599 1649 694 1690 eos
718 1635 786 1691 ab
812 1634 909 1701 ira,
947 1646 1064 1704 qua:
1087 1630 1234 1686 venit
1259 1628 1311 1684 in
1343 1627 1479 1682 ﬁlios
1508 1623 1835 1680 inﬁdelitatis
1865 1623 1966 1678 ista
1992 1621 2070 1676 fa-

487 1728 712 1795 cientes,
741 1736 796 1783 et
821 1729 877 1782 in
903 1726 987 1782 his
1011 1725 1128 1780 sine
1155 1722 1261 1779 ﬁde
1284 1721 1542 1776 viventes.
1570 1719 1846 1790 Deponite,
1875 1717 2066 1788 inquit,

486 1827 542 1874 et
565 1833 660 1874 vos
685 1819 773 1874 illa
803 1818 940 1874 mala
966 1825 1185 1888 propter
1205 1828 1321 1884 quae
1348 1811 1495 1866 venit
1522 1811 1598 1865 ira
1629 1809 1723 1864 Dei
1747 1809 1798 1864 in
1825 1808 1960 1863 ﬁlios
1986 1808 2068 1862 in-‘

485 1909 793 1976 tidelitatis;
820 1923 922 1964 nec
936 1906 1089 1962 vobis
1111 1919 1291 1962 eorum
1315 1901 1683 1972 impunitatem
1709 1908 1926 1970 propter
1948 1897 2071 1955 ﬁdei

484 2002 735 2058 meritum
776 1999 1116 2072 promittatis.
1146 1997 1261 2053 Non
1301 2003 1478 2051 autem
1527 1993 1751 2060 diceret,
1797 1991 2066 2064 Deponite,

407 2109 412 2114 λ
483 2093 566 2148 eis
588 2093 677 2164 qui
703 2093 813 2163 jam
838 2091 1197 2163 deposuerant
1221 2097 1285 2145 ex
1308 2102 1372 2144 ea
1398 2096 1550 2158 parte
1573 2101 1676 2158 qua
1706 2085 1899 2141 talibus
1927 2085 2069 2141 vitiis

481 2201 591 2240 non
623 2185 1060 2252 consentiebant,
1105 2199 1203 2241 nec
1247 2195 1343 2239 sua
1387 2181 1627 2237 membra
1656 2180 1735 2253 eis
1763 2195 1910 2236 arma
1941 2194 2068 2250 pec-

479 2278 585 2332 cati
629 2277 845 2344 dabant,
876 2277 978 2334 nisi
1006 2277 1129 2349 quia
1154 2278 1207 2332 in
1234 2273 1337 2330 hoc
1363 2273 1502 2330 facto
1528 2281 1631 2342 est,
1660 2279 1715 2329 et
1742 2274 1796 2328 in
1839 2272 1939 2327 hac
1969 2271 2066 2328 ad-

477 2367 584 2423 huc
612 2369 926 2439 Operatione
954 2379 1220 2431 versatur,
1263 2365 1516 2437 quamdiu
1565 2363 1818 2419 mortales
1860 2379 2065 2432 sumus,

475 2459 588 2513 vita
619 2467 947 2515 sanctorum.
990 2459 1124 2515 Dum
1161 2455 1302 2509 enim
1345 2453 1564 2523 spiritus
1601 2455 1928 2524 concupiscit
1970 2455 2067 2512 ad-

479 2564 669 2604 versus
694 2566 908 2608 carnem
931 2585 944 2611 ,
993 2544 1112 2600 haec
1157 2559 1348 2616 magna
1378 2545 1674 2602 intentione
1712 2563 1800 2603 res
1825 2549 1998 2620 agitur
2021 2552 2064 2617 ',

477 2635 917 2697 delectationibus
942 2636 1140 2707 pravis,
1169 2635 1478 2693 libidinibus
1504 2638 1812 2707 immundis,
1836 2641 2068 2698 motibus

475 2730 776 2790 carnalibus
795 2738 954 2801 atque
976 2728 1241 2801 turpibus,
1266 2729 1527 2786 suavitate
1553 2731 2069 2799 sanctitatis,amore

473 2823 754 2887 castitatis,
785 2821 1048 2894 spirituali
1075 2821 1281 2893 vigore,
1314 2831 1369 2878 et
1393 2822 1735 2878 continentiae
1761 2822 1954 2880 decore
1985 2839 2070 2881 re-

473 2915 719 2973 sistitur:
751 2915 830 2970 sic
859 2914 1196 2984 deponuntur
1233 2911 1301 2968 ab
1327 2913 1404 2969 eis
1440 2913 1528 2984 qui
1558 2914 1753 2969 mortui
1796 2923 1922 2970 sunt
1964 2916 2064 2986 eis,

474 3021 574 3062 nec
603 3003 987 3062 consentiendo
1011 3005 1196 3061 vivunt
1223 3003 1276 3059 in
1317 3005 1413 3061 eis.
1463 3005 1570 3074 Sic,
1621 3006 1858 3078 inquam,
1898 3008 2066 3078 depo-

474 3104 697 3166 nuntur,
741 3096 868 3152 dum
899 3096 1206 3174 continuata
1235 3095 1564 3152 continentia
1589 3138 1604 3164 ,
1651 3113 1718 3154 ne
1762 3106 2064 3170 resurgant,

425 3204 440 3211 “
474 3195 811 3260 premuntur.
839 3188 1090 3259 Quisquis
1115 3188 1268 3260 quasi
1292 3202 1514 3244 securus
1541 3189 1610 3244 ab
1636 3189 1737 3246 hac
1762 3207 1949 3247 eorunt
1976 3192 2069 3249 de-

472 3281 743 3350 positione
781 3279 1107 3347 cessaverit,
1156 3278 1299 3335 illico
1341 3279 1396 3335 in
1425 3293 1605 3335 arcem
1655 3281 1850 3337 mentis
1890 3282 2066 3355 prosi-

537 3437 555 3506 ξ
579 3438 654 3506 sic
664 3435 890 3502 plerique
910 3443 1020 3506 Mss.
1043 3438 1240 3506 Qttidam
1263 3450 1384 3490 vero
1413 3438 1614 3501 addunt,
1639 3453 1735 3504 quo
1749 3441 2065 3506 exprimitur.

470 3497 592 3566 Editi
615 3497 918 3566 autem,'qu_o
935 3497 1255 3566 signiﬁcatur.

540 3562 561 3592 ²
583 3560 923 3632 cisterctetisis
941 3560 1046 3623 tt's.,
1062 3560 1072 3564 '
1087 3575 1146 3612 ac
1176 3573 1354 3632 inagna
1372 3560 1633 3615 intentione
1669 3563 2068 3618 delectationibus

2180 601 2329 675 lient,
2358 603 2584 678 eamque
2609 607 2734 664 inde
2773 609 2886 679 ipsa
2929 607 3198 680 deponent
3233 609 3275 681 ί,
3321 617 3481 685 atque
3520 611 3574 671 in
3608 631 3761 676 suam

2179 701 2428 774 redigent
2471 703 2815 769 servitutem,
2863 703 3092 773 turpiter
3134 705 3551 779 deformiterque
3591 712 3764 781 capti-

2178 810 2318 851 vam.
2368 797 2519 852 Tunc
2562 796 2803 868 regnabit
2844 806 3123 866 peceatum
3164 799 3216 853 in
3266 798 3500 854 hominis
3553 805 3767 860 mortali

2179 903 2405 958 corpore
2451 887 2518 942 ad
2561 888 2917 944 obcdiendum
2979 889 3261 946 desideriis
3311 892 3460 961 ejus;
3505 902 3630 949 tunc
3673 912 3766 954 sua

2180 981 2419 1037 membra
2448 979 2721 1036 exhibebit
2747 997 2893 1036 arnta
2922 982 3214 1053 iniquitatis
3239 995 3459 1053 peccato
3491 982 3668 1059 (Rom.
3697 1005 3766 1057 vt,

2181 1073 2291 1146 12),
2315 1084 2367 1129 et
2388 1082 2542 1129 erunt
2568 1074 2855 1129 novissima
2878 1074 3018 1130 illius
3043 1076 3222 1145 pejora
3250 1075 3517 1146 prioribus
3540 1077 3766 1150 (Matth.

2181 1184 2278 1236 xu,
2305 1166 2374 1223 45
2394 1167 2434 1240 ).
2460 1166 2625 1222 Multo
2650 1176 2733 1223 est
2758 1167 2902 1224 enim
2934 1163 3266 1232 tolerabilius
3291 1177 3562 1224 certamen
3593 1169 3775 1241 hujus-

2179 1261 2325 1318 modi
2362 1277 2468 1318 non
2508 1261 2758 1332 coepisse,
2791 1277 2948 1332 quant
2981 1271 3222 1334 emptum
3263 1261 3541 1334 reliquisse
3580 1265 3769 1319 conﬁi-

2179 1365 2345 1422 ctum,
2375 1363 2430 1410 et
2457 1353 2655 1408 factum
2688 1370 2751 1409 ex
2781 1353 2923 1409 bono
2950 1353 3254 1424 praeliatore
3286 1355 3370 1410 vel
3401 1356 3557 1411 etiam
3588 1371 3664 1411 ex
3706 1357 3776 1410 vi-

2178 1455 2327 1502 ctore
2353 1447 2637 1516 captivum.
2670 1444 2825 1501 Unde
2849 1445 3106 1501 Dominus
3135 1462 3244 1502 non
3270 1449 3365 1515 ait,
3391 1447 3494 1516 Qui
3518 1448 3774 1516 coeperit;

2177 1537 2294 1607 sed,
2329 1539 2428 1605 Qui
2461 1524 2846 1609 perseuerauerit
2871 1554 3028 1609 usque
3064 1537 3118 1592 in
3154 1539 3330 1608 finem,
3373 1538 3455 1593 hic
3481 1539 3661 1596 salvus
3689 1550 3775 1596 cru

2180 1629 2300 1706 (Id.
2330 1647 2385 1696 χ,
2416 1629 2488 1684 22
2509 1627 2550 1704 ).

2249 1725 2338 1780 52.
2379 1722 2502 1780 Sive
2532 1734 2708 1779 autem
2750 1739 2818 1780 ne
2853 1724 3132 1781 vincamur
3158 1725 3355 1783 acriter
3397 1725 3775 1798 conﬁigentes,

2179 1817 2292 1873 sive
2321 1816 2602 1888 aliquoties
2629 1815 2712 1871 vel
2739 1817 2901 1871 etiant
2931 1817 3200 1888 insperata
3228 1817 3315 1874 vel
3342 1818 3625 1888 inopinata
3654 1818 3779 1876 fact-

2180 1907 2327 1963 litate
2355 1905 2651 1973 vincentes,
2681 1907 2731 1962 ei
2757 1907 2846 1976 qui
2875 1906 3028 1962 nobis
3054 1906 3145 1962 dat
3172 1908 3560 1963 continentiam
3592 1909 3781 1966 demus

2178 2001 2426 2073 gloriam.
2467 1999 2865 2055 Meminerimus
2912 1998 3198 2070 quemdam
3235 2000 3437 2070 justum
3479 2001 3695 2058 dixisse
3730 2002 3781 2059 in

2179 2089 2504 2147 abundantia
2545 2104 2664 2157 sua,
2699 2088 2820 2143 Non
2859 2090 3092 2144 movebar
3128 2092 3183 2144 in
3224 2101 3512 2158 wlernum;
3553 2094 3781 2149 demon-

2178 2193 2511 2255 stratumque
2555 2182 2631 2237 illi
2668 2197 2789 2238 esse
2819 2198 2978 2254 quam
3017 2192 3217 2240 temere
3258 2183 3362 2240 huc
3400 2185 3633 2254 dixerit,
3675 2198 3780 2242 tan-

2178 2291 2339 2348 quam
2367 2276 2478 2330 suis
2505 2275 2707 2331 viribus
2734 2275 2975 2331 tribuens
3000 2318 3014 2344 ,
3037 2276 3179 2348 quod
3206 2277 3255 2331 ei
3284 2277 3348 2332 de
3371 2293 3540 2348 super
3561 2290 3782 2350 praesta-

2137 2363 2142 2367 ⁷
2179 2369 2353 2424 batur.
2401 2367 2515 2424 Hoc
2561 2376 2739 2424 autem
2781 2369 2896 2440 ipso
2939 2367 3228 2425 conﬁtente
3273 2370 3608 2427 didicimus:
3660 2389 3775 2428 mox

2177 2461 2322 2517 enim
2350 2460 2614 2531 adjunxit,
2639 2458 2875 2528 Domine,
2899 2460 2954 2514 in
2977 2460 3235 2516 voluntate
3258 2471 3348 2516 tua
3379 2464 3676 2533 prazstitisti
3695 2466 3777 2520 de-

2177 2554 2283 2609 cori
2317 2571 2425 2609 nteo
2453 2554 2720 2622 virtutem;
2747 2554 2970 2609 avertisti
2994 2566 3161 2608 autent
3198 2555 3382 2625 faciem
3410 2565 3586 2624 tuam,
3615 2568 3667 2612 et
3705 2560 3778 2629 fa-

2177 2657 2286 2702 ctus
2309 2665 2425 2704 sum
2450 2647 2774 2704 conturbatus
2801 2645 2972 2719 (Psal.
3006 2664 3171 2718 xm,
3200 2649 3256 2716 7,
3288 2648 3385 2724 8-).
3418 2651 3531 2707 Per
3561 2654 3784 2709 medici-

2177 2737 2354 2797 nalem
2380 2741 2772 2812 providentiam
2803 2742 3073 2813 paululum
3102 2742 3348 2800 desertus
3377 2752 3463 2800 est
3490 2761 3524 2800 a
3551 2758 3782 2813 rectore,

2178 2849 2248 2890 ne
2277 2850 2372 2906 per
2393 2834 2663 2890 exitialem
2693 2835 2997 2906 superbiam
3025 2834 3298 2891 desereret
3334 2837 3450 2907 ipse
3492 2849 3780 2896 rectorem.

2178 2927 2304 2985 Sive
2334 2944 2462 3000 ergo
2491 2928 2608 2994 hic,
2640 2928 2728 2983 ubi
2770 2944 2889 2984 cum
2919 2929 3064 2985 vitiis
3104 2929 3302 2985 nostris
3345 2930 3646 2988 domandis
3689 2934 3782 2986 mi-

2179 3009 2516 3090 nuendisquc
2545 3018 2912 3091 conﬁigimus;
2940 3020 3053 3075 sive
3084 3021 3176 3086 ibi,
3205 3019 3348 3091 quod
3393 3021 3448 3076 in
3489 3022 3607 3078 fine
3648 3021 3786 3078 futu-

2177 3127 2295 3168 rum
2339 3119 2442 3177 est,
2483 3112 2572 3166 ubi
2612 3111 2758 3165 omni
2801 3112 2973 3176 hoste,
2998 3111 3122 3182 quia
3163 3112 3306 3167 omni
3346 3120 3505 3182 peste
3531 3115 3554 3144 ¹
3579 3114 3786 3189 carebi-

2177 3219 2331 3268 mus;
2373 3203 2428 3257 id
2474 3202 2751 3260 nobiscum
2780 3202 3065 3259 salubriter
3090 3205 3284 3274 agitur,
3311 3212 3368 3258 ut
3395 3204 3489 3274 qui
3510 3206 3787 3277 gloriatur,

2174 3298 2231 3353 in
2255 3295 2475 3352 Domino
2499 3297 2746 3368 glorietur
2770 3296 2790 3369 (
2813 3296 2833 3352 1
2863 3297 2982 3351 Cor.
3014 3313 3054 3364 ι,
3081 3297 3143 3352 51
3168 3297 3210 3368 ).

2243 3457 2261 3488 ι
2287 3455 2360 3505 sic
2373 3461 2480 3504 Mss.
2507 3453 2717 3519 atredltl,
2739 3452 2896 3519 ipsum
2921 3451 3178 3519 deponent.

2240 3519 2351 3567 'sie
2365 3524 2472 3568 uss.
2498 3517 2618 3568 Editi
2639 3514 2777 3578 vero}
2803 3515 2886 3568 ubi
2907 3514 3038 3567 omni
3072 3515 3206 3568 hoste
3234 3518 3284 3568 ei
3314 3514 3465 3567 omni.

1578 3833 2633 3966 ADMONITIO

1494 4015 1561 4074 lN
1599 4017 1858 4076 LIBRUM
1898 4022 1987 4076 DE
2025 4007 2205 4078 nouo
2240 4019 2618 4078 CONJUGALI
2659 4017 2757 4093 (a).

548 4131 708 4188 Liber
749 4131 851 4188 istc
892 4145 1014 4187 cum
1062 4131 1232 4188 altero
1273 4129 1514 4201 proxime
1558 4143 1808 4190 secuturo
1849 4134 2049 4206 pariter
2091 4143 2173 4192 est
2202 4144 2391 4212 contra
2432 4135 2685 4205 reliquias
2721 4131 2977 4204 quasdam
3019 4131 3240 4188 hreresis
3279 4129 3588 4188 Joviniani.
3647 4133 3804 4193 Hanc

474 4225 726 4283 haeresim
770 4241 867 4282 suo
905 4233 1145 4297 tempore
1188 4234 1368 4281 natam
1411 4236 1798 4283 commemorat
1836 4229 2164 4300 Augustinus
2212 4230 2265 4284 in
2311 4227 2447 4283 libro
2480 4228 2517 4282 2
2543 4228 2612 4283 de
2658 4226 2865 4298 Nuptiis
2896 4235 2951 4282 et
2989 4225 3457 4297 Concupiscentia,
3507 4242 3648 4298 cap.
3693 4232 3801 4286 25:

481 4339 500 4374 ε
535 4319 867 4386 Jovinianus,
911 4320 1006 4386 ait,
1052 4319 1141 4390 qui
1187 4333 1387 4391 paucos
1431 4327 1554 4376 ante
1595 4335 1765 4376 annos
1804 4322 2069 4377 novellam
2114 4329 2337 4378 conatus
2379 4329 2462 4377 est
2502 4319 2753 4375 haeresim
2804 4319 3060 4383 condere,
3105 4317 3412 4374 Maniclttcis
3453 4324 3808 4390 patrocinari

477 4435 499 4470 ι
535 4415 745 4472 dicebat
766 4414 1091 4481 Catltolicos,
1117 4413 1258 4485 quod
1279 4413 1534 4470 adversus
1552 4431 1675 4471 eum
1697 4424 1936 4472 sanctam
1964 4415 2320 4486 virginitatem
2347 4413 2543 4484 nuptiis
2566 4411 2978 4484 praeferebant.»
3009 4409 3076 4464 Et
3103 4409 3157 4464 in
3185 4410 3320 4465 libro
3342 4410 3412 4466 de
3441 4411 3803 4482 limrcsibus,

470 4526 590 4580 cap.
624 4510 696 4564 8‘2
725 4529 740 4563 :
777 4529 795 4560 ι
829 4513 874 4562 Α
898 4509 1184 4565 Joviniano
1212 4509 1442 4580 quodam
1471 4511 1735 4566 monacho
1765 4512 1865 4566 ista
1893 4509 2115 4565 haeresis
2157 4518 2273 4564 orta
2301 4516 2386 4558 est
2411 4511 2568 4558 aetate
2598 4510 2803 4568 nostra,
2841 4517 2963 4556 cum
2989 4501 3161 4557 adhuc
3187 4503 3414 4573 juvenes
3439 4521 3741 4565 essemus.
3784 4529 3803 4563 ι

469 4603 743 4670 Additque
766 4599 932 4655 fuisse
957 4601 1100 4655 illam
1144 4603 1250 4658 cito
1273 4619 1584 4670 oppressam
1611 4614 1665 4653 et
1689 4602 2028 4662 exstinctam,
2059 4605 2181 4667 puta
2213 4596 2426 4652 circiter
2451 4611 2649 4651 annum
2676 4595 2871 4651 Christi
2901 4596 3047 4663 390;
3078 4596 3264 4652 Romae
3288 4600 3527 4668 primum
3561 4603 3810 4659 damna-

471 4703 603 4760 tam,
637 4702 748 4747 tum
775 4691 969 4746 deinde
993 4691 1277 4746 Mediolani
1311 4709 1324 4746 :
1359 4706 1460 4760 qua
1488 4690 1556 4746 de
1591 4706 1650 4748 re
1678 4699 1860 4746 extant
1889 4689 2066 4746 Siricii
2098 4705 2248 4760 papae
2275 4689 2341 4744 ad
2392 4689 2844 4745 Mediolanensem
2889 4689 3189 4746 Ecclesiam
3220 4691 3435 4761 litterae,
3479 4704 3538 4749 et;
3569 4713 3710 4768 qua:
3743 4700 3810 4754 ad

471 4790 644 4858 ipsum
672 4800 703 4839 a
739 4783 944 4855 synodo
991 4783 1374 4862 Mediolancnsi
1401 4783 1687 4839 Ambrosio
1727 4783 1956 4853 praesule
1999 4783 2220 4838 reddita:
2260 4791 2404 4848 sunt,
2427 4798 2458 4838 a
2486 4783 2717 4839 Baronio
2743 4783 2811 4838 ad
2854 4783 3166 4853 praedictum
3193 4800 3393 4840 annum
3423 4787 3538 4842 590
3583 4794 3808 4848 relatus.

470 4878 852 4934 Confutaverat
877 4877 1215 4932 Jovinianum
1251 4877 1630 4948 Hieronymus,
1661 4877 1752 4932 sed
1780 4878 2110 4934 excellentiae
2137 4877 2417 4948 virginalis
2458 4877 2826 4934 defensionem
2856 4879 3067 4934 nonnisi
3095 4879 3441 4936 damnatione
3470 4887 3814 4954 nuptiarum

471 4981 708 5029 tentasse
751 4971 1042 5034 ferebatur,
1094 4969 1336 5040 adeoque
1379 4969 1685 5024 Manichmis
1730 4969 1997 5026 lttereticis
2041 4973 2250 5027 incaute
2299 4969 2515 5026 favisse.
2572 4971 2649 5026 Nc
2693 4971 2922 5027 similem
2971 4973 3291 5027 calumniam
3337 4973 3456 5029 sive
3498 4981 3814 5046 querelam

473 5073 747 5136 pateretur
774 5062 1121 5132 Augustinus,
1171 5069 1454 5132 antequam
1485 5061 1552 5116 de
1579 5062 1895 5132 virginitatis
1940 5065 2246 5133 praestantia
2291 5063 2515 5128 diceret,
2546 5063 2888 5120 scribendum
2933 5065 3000 5120 de
3025 5065 3255 5137 conjugii
3298 5068 3442 5123 bono
3469 5070 3770 5139 judicavit
3799 5095 3812 5130 :

470 5155 614 5229 quod
644 5171 779 5227 opus
806 5154 1020 5209 circiter
1043 5169 1244 5209 annum
1273 5154 1369 5209 401
1409 5152 1718 5222 perfecisse,
1749 5170 1858 5209 non
1882 5155 2043 5210 modo
2069 5171 2137 5212 ex
2164 5155 2621 5211 Retractationum
2659 5156 2798 5212 serie
2824 5156 3157 5227 intelligitur,
3191 5157 3283 5212 sed
3315 5159 3480 5214 etiam
3521 5178 3609 5218 ex
3646 5167 3819 5221 libri;

469 5253 538 5310 de
565 5253 762 5310 Genesi
788 5250 855 5306 ad
882 5250 1138 5317 litteram,
1186 5266 1250 5306 eo
1297 5251 1408 5305 fere
1440 5263 1582 5304 anno
1609 5249 1707 5304 401
1741 5249 2024 5305 inchoatis.
2090 5249 2293 5319 Nempe
2342 5250 2394 5304 in
2445 5249 2581 5305 libro
2623 5265 2767 5304 nono
2798 5249 2867 5305 de
2894 5249 3116 5317 Genesi,
3162 5265 3282 5320 cap.
3315 5251 3366 5316 7,
3418 5253 3507 5306 ubi
3543 5259 3816 5330 Conjugti

466 5345 670 5402 bonum
705 5340 1090 5399 commendat:
1125 5359 1144 5392 ι
1178 5339 1290 5396 Hoc
1329 5349 1528 5406 autem,
1567 5339 1660 5405 ait,
1694 5340 2014 5411 tripartitum
2057 5350 2177 5408 est;
2210 5341 2364 5408 ﬁdes,
2394 5341 2592 5411 proles,
2641 5351 3058 5398 sacramentum.
3111 5342 3166 5397 ln
3214 5343 3318 5399 ﬁde
3363 5347 3699 5406 attenditur
3751 5371 3823 5406 ne

475 5458 496 5493 ι
531 5447 725 5509 praeter
750 5434 1018 5491 vinculum
1044 5433 1347 5503 coniugale,
1377 5448 1498 5488 cum
1527 5433 1696 5488 altera
1725 5434 1807 5489 vel
1836 5435 2006 5524 altero
2036 5436 2421 5496 concumbatur
2453 5453 2468 5489 :
2500 5435 2551 5489 in
2580 5435 2749 5505 prole,
2790 5445 2849 5490 ut
2873 5445 3121 5492 amanter
3145 5437 3493 5507 suscipiatur,
3543 5442 3819 5516 benigne

476 5554 495 5588 ι
530 5533 813 5599 nutriatur,
849 5532 1095 5602 religiose
1121 5529 1380 5586 educetur
1411 5549 1422 5582 :
1457 5531 1509 5583 in
1553 5540 1888 5585 sacramento
1917 5540 2117 5595 autem,
2152 5540 2208 5585 ut
2232 5530 2536 5601 conjugium
2567 5546 2672 5583 non
2703 5540 3001 5599 separetur,
3047 5539 3102 5586 et
3129 5529 3384 5587 dimissus
3423 5541 3518 5587 aut
3553 5536 3818 5594 dimissa

476 5647 496 5681 ι
533 5644 628 5684 nec
657 5642 816 5683 causa
848 5625 1013 5695 prolis
1051 5623 1203 5678 alteri
1243 5623 1616 5691 conjungatur.
1675 5622 1798 5677 llaec
1823 5632 1904 5677 est
1933 5631 2181 5693 tanquam
2207 5622 2393 5692 regula
2418 5624 2743 5691 nuptiarum,
2773 5637 2877 5692 qua
2909 5623 2989 5676 vel
3022 5632 3226 5677 naturae
3265 5623 3563 5681 decoratur
3599 5630 3816 5688 fecun-

477 5743 497 5776 ι
533 5725 692 5791 ditas,
725 5723 815 5778 vel
849 5719 1248 5777 incontinentiae
1276 5717 1483 5789 regitur
1505 5718 1755 5787 pravitas.
1809 5718 1962 5775 Unde
1986 5719 2107 5789 quia
2146 5719 2275 5773 satis
2303 5718 2652 5774 disseruimus
2688 5721 2740 5773 in
2773 5734 2837 5774 eo
2866 5719 3002 5774 libro
3030 5735 3189 5790 quem
3215 5720 3282 5776 de
3310 5722 3461 5776 Bono
3489 5723 3823 5804 Ποῦ-ξηεῂί

477 5836 497 5869 ‹
535 5833 702 5886 nuper
749 5815 1040 5882 edidimus,
1071 5813 1158 5868 ubi
1187 5822 1240 5869 et
1265 5811 1645 5868 continentiam
1677 5811 1963 5875 vidualem,
1992 5821 2043 5867 et
2067 5811 2440 5868 excellentiam
2469 5811 2780 5881 virginalem
2823 5827 2921 5882 pro
2959 5827 3180 5868 suorum
3211 5814 3476 5884 graduum
3509 5817 3823 5890 dignitate

519 5946 524 5950 '
553 5929 640 6072 go)
672 5929 754 5992 In
782 5928 1010 6019 librum
1043 5927 1117 6018 de
1144 5928 1322 6019 Bono
1349 5923 1696 6017 conjugali,
1729 5925 1868 5987 vide
1893 5935 2192 6005 prmt‘erea
2221 5923 2327 5987 lib.
2358 5925 2429 5996 2,
2452 5942 2589 6068 capi.
2615 5923 2726 5998 22,
2749 5927 3327 6021 Rptrztctalionum,
3364 5937 3518 5993 (om.
3562 5935 3600 5996 1
3620 5983 3640 6010 ,
3676 5943 3816 6003 col.

519 6011 550 6072 3
600 6055 614 6072 ,
652 6030 687 6062 η
717 6007 919 6069 verbis
974 6008 1302 6069 Jovmtant
1336 6005 1621 6072 hmresm.
1656 6024 1846 6072 usque
1876 6006 1957 6070 ad
1982 6005 2164 6070 verba
2195 6007 2313 6068 col.
2361 6004 2502 6072 6&0.
2592 6023 2812 6072 umant
2849 6025 3106 6072 aeneus
3132 6025 3284 6072 pars
3314 6013 3435 6072 est.
3525 6013 3643 6072 Μ-

468 6004 632 6082 639,’
652 6030 687 6062 η
717 6007 919 6069 verbis
974 6007 1302 6069 Joviniani
1336 6005 1621 6081 haeresis,
1656 6024 1846 6086 usque
1876 6004 1957 6070 ad
1982 6005 2164 6070 verba
2195 6007 2313 6068 col.
2361 6004 2502 6081 6&0,
2527 6004 2812 6072 Humani
2849 6008 3106 6089 generis
3132 6025 3284 6089 pars
3314 6013 3435 6075 est.
3525 6004 3643 6080 ML
