3930 6368
534 386 643 447 375

536 502 797 559 haberent
856 496 1241 554 incrementum
1258 531 1273 562 ,
1330 504 1431 549 nec
1491 500 1773 565 vergerent
1827 499 2007 549 tamen
2058 490 2115 545 in

539 596 782 657 senium;
822 598 914 647 aut
950 602 1119 661 usque
1158 588 1214 643 in
1240 585 1445 641 senium
1472 586 1512 653 ¹,
1542 600 1641 641 nec
1671 594 1848 641 tamen
1883 586 1939 641 in
1968 598 2116 640 mor-

542 694 671 751 tem,
713 683 885 738 donec
920 680 1010 737 illa
1060 678 1440 736 benedictionis
1482 678 1925 750 multiplicatione
1972 686 2117 733 terra

540 776 870 845 impleretur.
922 774 978 830 Si
1020 772 1161 829 enim
1208 770 1438 827 vestibus
1481 770 1836 826 lsraelitarum
1875 770 2123 841 prmstitit

542 868 682 923 Deus
730 882 826 937 per
868 882 1038 922 annos
1088 864 1428 936 quadraginta
1472 863 1589 919 sine
1637 864 1748 918 ullo
1794 863 2119 920 detrimento

539 964 815 1032 proprium
874 970 1068 1017 statum
1120 961 1295 1032 (Deut.
1347 975 1491 1025 xxix,
1545 958 1642 1031 5);
1696 968 1895 1031 quanto
1950 960 2120 1032 magis

541 1055 821 1115 praestaret
886 1044 1197 1115 corporibus
1267 1044 1623 1100 obedientium
1673 1046 1957 1116 ’prtecepto
2022 1060 2121 1102 suo

539 1138 904 1194 felicissimum
949 1138 1210 1209 quoddam
1251 1147 1724 1211 temperamentum
1760 1139 1894 1195 certi
1922 1148 2117 1207 status,

537 1232 713 1287 donec
742 1233 795 1287 in
824 1233 1010 1288 melius
1050 1242 1503 1300 converterentur,
1546 1249 1651 1289 non
1680 1243 1853 1295 morte
1889 1234 2121 1291 hominis

537 1339 644 1393 qua
688 1340 880 1396 corpus
921 1327 989 1382 ab
1025 1328 1197 1382 anima
1225 1326 1509 1394 deseritur,
1550 1326 1645 1382 sed
1681 1327 1835 1383 beata
1876 1342 2121 1383 commu-

538 1415 741 1471 tatione
768 1433 795 1470 a
839 1418 1154 1474 mortalitate
1192 1418 1257 1473 ad
1288 1418 1763 1490 immortalitatem,
1807 1420 1875 1476 ab
1904 1420 2120 1475 animali

541 1506 610 1559 ad
639 1509 964 1577 spiritualem
994 1511 1300 1580 qualitatem
1326 1512 1340 1565 ε

619 1599 841 1655 CAPUT
871 1600 955 1655 Ill.
986 1633 1053 1641 —
1094 1602 1293 1657 Bonum
1317 1604 1540 1675 conjugii
1571 1604 1856 1674 multiplex.
1886 1604 2122 1659 Primum

540 1700 591 1743 et
610 1693 880 1748 secundum
904 1697 1125 1768 conjugii
1150 1698 1351 1751 bonum.
1410 1695 1632 1751 Tertium
1667 1698 1891 1769 conjugii
1918 1698 2120 1753 bonum.

538 1782 742 1840 llarum
771 1790 1155 1844 sententiarum
1183 1805 1300 1861 quae
1320 1804 1441 1845 vera
1470 1791 1559 1857 sit,
1590 1790 1673 1846 vel
1700 1792 1743 1846 si
1770 1792 1871 1846 alia
1894 1792 1976 1846 vel
2004 1791 2124 1847 alim

539 1887 767 1943 possunt
810 1880 983 1935 adhuc
1022 1896 1085 1935 ex
1118 1882 1224 1936 illis
1268 1881 1443 1938 verbis
1469 1883 1742 1955 exsculpi,
1771 1899 2016 1954 qumrere
2062 1898 2126 1941 ac

540 1966 809 2024 disserere
834 1971 1048 2044 longum
1076 1983 1177 2030 est.

610 2060 664 2114 5.
696 2060 828 2116 illud
851 2080 992 2120 nunc
1011 2066 1256 2136 dicimus,
1279 2069 1568 2124 secundum
1588 2072 1744 2127 istam
1765 2071 2125 2129 conditionem

534 2153 795 2207 nascendi
843 2164 905 2209 et
939 2158 1221 2227 moriendi,
1272 2175 1430 2231 quam
1487 2164 1754 2230 novimus,
1814 2173 1869 2221 et
1914 2166 1966 2221 in
2022 2182 2124 2237 qua

534 2244 705 2298 creati
750 2260 956 2316 sumus,
998 2250 1194 2322 aliquid
1236 2252 1363 2307 boni
1405 2268 1525 2310 esse
1558 2256 1861 2327 coniugium
1901 2259 2125 2314 masculi

534 2342 594 2387 et
620 2334 830 2391 feminae
862 2358 875 2392 :
908 2341 1059 2411 cujus
1082 2344 1590 2401 confoederationem
1629 2347 1701 2401 ita
1736 2348 1913 2402 divina
1944 2348 2126 2420 Scrip-

534 2435 657 2481 tura
684 2432 1044 2500 commendat,
1076 2444 1256 2491 utnec
1278 2435 1514 2491 dimissae
1543 2452 1573 2491 a
1604 2439 1719 2493 viro
1746 2440 1945 2498 nubere
1970 2443 2129 2501 liceat

530 2519 716 2585 alteri,
750 2526 995 2591 quamdiu
1023 2522 1104 2576 vir
1134 2524 1251 2594 ejus
1280 2527 1447 2595 vivit;
1489 2546 1587 2586 nec
1617 2530 1839 2589 dimisso
1866 2535 1932 2591 ab
1958 2553 2127 2595 uxore

537 2609 698 2667 liceat
716 2615 933 2667 alteram
955 2612 1174 2682 ducere,
1198 2619 1302 2674 nisi
1323 2631 1532 2678 mortua
1558 2623 1717 2681 fuerit
1739 2643 1858 2697 qua:
1878 2632 2121 2686 recessit.

534 2704 740 2759 Bonum
769 2720 897 2777 ergo
923 2710 1174 2782 coniugii,
1202 2716 1342 2785 quod
1372 2719 1531 2774 etiam
1570 2721 1829 2779 Dominus
1864 2727 1918 2781 in
1949 2727 2126 2785 Evan-

528 2794 674 2863 gelio
700 2796 1053 2869 conﬁrmavit,
1080 2819 1186 2859 non
1218 2807 1391 2862 solum
1414 2812 1536 2880 quia
1562 2815 1834 2883 prohibuit
1857 2818 2125 2879 dimittere

529 2902 780 2954 uxorem,
814 2889 917 2945 nisi
956 2908 1019 2947 ex
1044 2910 1206 2952 causa
1247 2899 1614 2962 fornicationis
1652 2906 1866 2978 (Matth.
1896 2928 2011 2981 xix,
2043 2912 2122 2987 9),

526 2979 630 3034 sed
668 2982 825 3047 etiam
868 2985 992 3054 quia
1023 2989 1168 3044 venit
1206 2992 1458 3050 invitatus
1488 2997 1555 3051 ad
1597 3002 1809 3071 nuptias
1850 2979 2027 3075 (Joau.

527 3068 613 3140 2),
642 3087 741 3127 cur
765 3072 835 3128 sit
876 3075 1074 3133 bonum
1112 3083 1305 3140 merito
1340 3089 1612 3156 quaeritur.
1667 3068 1820 3160 Quod
1856 3068 1986 3153 mihi
2015 3068 2121 3158 non

529 3160 742 3218 videtur
789 3176 1010 3238 propter
1046 3171 1212 3227 solam
1258 3174 1483 3233 ﬁliorum
1527 3188 1976 3257 procreationem,
2023 3191 2120 3247 sed

527 3264 749 3326 propter
796 3260 969 3329 ipsam
1023 3264 1181 3320 etiam
1237 3272 1536 3329 naturalem
1594 3276 1648 3330 in
1713 3276 1927 3337 diverso
1988 3297 2119 3340 sexu

523 3348 860 3407 societatem.
890 3354 1140 3427 Alioquin
1167 3374 1271 3414 non
1293 3361 1403 3431 jam
1432 3364 1700 3423 diceretur
1725 3372 2033 3445 coniugium
2062 3376 2117 3432 in

521 3440 761 3509 senibus,
790 3447 1088 3514 praesertim
1109 3450 1155 3504 si
1176 3452 1260 3508 vel
1285 3455 1587 3513 amisissent
1606 3458 1764 3531 ﬁlios,
1793 3440 2118 3525 velmitiime

518 3534 854 3602 genuissent.
885 3539 1035 3597 Nunc
1056 3558 1187 3599 vero
1216 3546 1269 3600 in
1296 3546 1438 3605 bono
1466 3550 1590 3607 licet
1614 3567 1820 3611 annoso
1844 3560 2114 3632 coniugio,

520 3625 630 3678 etsi
660 3631 917 3685 emarcuit
954 3633 1116 3689 ardor
1160 3638 1331 3693 aetatis
1370 3639 1510 3697 inter
1538 3645 1834 3701 masculum
1879 3658 1934 3705 et
1962 3650 2117 3708 femi-

522 3727 674 3782 anam,
719 3718 861 3789 viget
904 3730 1081 3779 tamen
1126 3727 1259 3782 ordo
1296 3729 1569 3789 charitatis
1607 3734 1746 3792 inter
1783 3741 2032 3798 maritum
2063 3754 2117 3802 et

520 3802 747 3864 uxorem
780 3830 794 3866 :
824 3813 945 3883 quia
984 3826 1182 3887 quanto
1215 3822 1467 3881 meliores
1490 3835 1635 3894 sunt,
1680 3839 1825 3887 tanto
1854 3837 2116 3895 maturius

518 3910 555 3949 a
583 3902 957 3960 commixtione
983 3909 1159 3964 carnis
1188 3926 1298 3967 sua:
1324 3915 1437 3983 pari
1465 3931 1729 3977 consensu
1758 3936 1816 3979 se
1838 3927 2116 3987 continere

518 4001 838 4059 creperum;
868 4011 974 4051 non
1000 4008 1059 4054 ut
1087 4003 1420 4062 necessitatis
1444 4017 1589 4065 esset
1617 4021 1800 4082 postea
1828 4031 1934 4073 non
1955 4034 2117 4089 posse

520 4083 664 4150 quod
710 4084 927 4156 vellent,
973 4090 1069 4145 sed
1114 4100 1173 4147 ut
1207 4092 1381 4152 laudis
1415 4108 1559 4157 esset
1597 4103 1829 4174 primum
1875 4083 2116 4168 noluisse

520 4172 666 4240 quod
715 4186 953 4244 possent.
1026 4181 1083 4237 Si
1129 4198 1258 4257 ergo
1310 4198 1558 4248 servatur
1598 4172 1740 4254 ﬁdes
1790 4198 2012 4258 honoris
2062 4213 2118 4261 et

518 4261 899 4335 obsequiorum
943 4271 1171 4330 invicem
1214 4276 1516 4338 debitorum
1563 4286 1630 4342 ab
1669 4288 1929 4349 alterutro
1958 4309 2113 4366 sexu,

516 4353 726 4411 etiamsi
744 4357 1204 4430 languescentibus
1224 4377 1279 4424 et
1298 4386 1465 4443 prope
1485 4376 1818 4438 cadaverinis
1838 4385 2116 4460 utriusque

514 4447 794 4517 membris,
836 4453 1137 4511 animorum
1171 4466 1349 4516 tamen
1379 4464 1485 4520 rite
1528 4469 1936 4541 coniugatorum
1966 4447 2115 4536 tanto

513 4532 798 4599 sincerior,
823 4548 1022 4605 quanto
1050 4544 1343 4616 probatior,
1370 4560 1427 4607 et
1450 4560 1599 4611 tanto
1624 4532 1881 4624 securior,
1912 4532 2112 4632 quanto

514 4621 776 4690 placidior
800 4627 1017 4683 castitas
1043 4644 1370 4698 perseverat.
1402 4636 1614 4695 Habent
1639 4644 1800 4701 etiam
1828 4621 1882 4705 id
1908 4621 2111 4714 bonum

514 4711 781 4782 coniugia,
829 4718 970 4786 quod
1015 4722 1245 4777 carnalis
1285 4727 1370 4781 vel
1405 4728 1658 4797 juvenilis
1698 4735 2106 4818 incontinentis,

512 4801 728 4857 etiamsi
756 4805 949 4862 vitiosa
988 4816 1091 4879 est,
1130 4812 1199 4867 ad
1238 4820 1598 4889 pr0pagandae
1639 4829 1808 4896 prolis
1848 4801 2111 4908 redigitur

512 4891 875 4963 honestatem,
921 4908 976 4955 ut
1005 4915 1072 4957 ex
1112 4905 1253 4961 malo
1290 4908 1528 4969 libidinis
1567 4891 1768 4990 aliquid
1796 4924 1924 4982 boni
1950 4891 2110 4991 faciat

512 4988 783 5055 copulatio
842 4993 1156 5067 conjugalis.
1216 4999 1424 5061 Deinde
1473 5009 1597 5078 quia
1653 4988 2005 5093 reprimitur,
2054 4988 2109 5085 et

508 5077 745 5148 quodam
804 5084 966 5140 modo
1014 5091 1371 5149 verecundius
1420 5077 1611 5156 aestuat
1672 5077 2105 5182 concupiscentia

508 5173 709 5241 carnis,
742 5190 899 5244 quam
926 5185 1193 5251 temperat
1216 5188 1510 5253 parentalis
1530 5192 1773 5256 aﬁ‘ectus.
1819 5173 2106 5268 lhtercedit

504 5263 651 5317 enim
682 5266 928 5333 quaedam
969 5273 1202 5341 gravitas
1244 5274 1468 5337 fervida:
1508 5285 1798 5359 voluptatis
1818 5296 1863 5364 ²,
1894 5263 2020 5355 cum

506 5366 573 5406 eo
621 5354 763 5424 quod
811 5358 911 5413 sibi
942 5362 1023 5416 vir
1065 5373 1121 5419 et
1160 5368 1359 5426 mulier
1400 5354 1801 5455 adhaerescunt,
1848 5354 2102 5459 pater

504 5454 677 5502 mater
702 5461 821 5505 esse
846 5453 1191 5512 meditantur.

574 5538 932 5636 CAPUT-IV.
967 5578 1037 5586 —
1075 5549 1129 5603 4.
1165 5550 1412 5617 Quartum
1442 5563 1669 5634 conjugii
1695 5567 1898 5628 bonum.
1929 5578 2096 5636 Adul-

503 5632 685 5684 terium
708 5632 832 5701 quid
854 5636 939 5689 sit.
972 5636 1128 5694 Fides
1156 5642 1210 5697 in
1244 5646 1389 5703 rebus
1428 5651 1579 5707 etiam
1599 5632 1823 5729 iabjectis
1848 5632 2095 5730 servantia

1538 373 1629 431 ne
1667 370 1844 431 BONO
1879 367 2278 442 CONJUGALI,
2316 369 2377 428 s.
2415 368 2788 432 aucusrnu
3653 379 3736 439 m

2224 499 2275 545 et
2298 490 2411 546 vitm
2436 491 2552 545 huic
2586 492 2947 562 praponenda.
2976 492 3091 549 Huc
3123 490 3321 550 accedit
3353 493 3468 566 quia
3495 494 3547 551 in
3568 510 3624 553 eo
3642 496 3735 569 ipso

2225 583 2366 655 quod
2413 583 2515 639 sibi
2539 583 2764 641 invicem
2792 585 3046 659 conjuges
3070 585 3300 642 debitum
3320 586 3547 657 solvunt,
3568 590 3735 647 etiamsi

2223 675 2279 731 id
2316 676 2585 748 aliquanto
2622 677 3062 749 intemperantius
3100 686 3153 734 ct
3188 680 3574 737 incontinentius
3606 698 3734 753 expe-

2224 774 2360 837 tant,
2389 768 2547 825 ﬁdem
2570 777 2747 826 tamen
2768 771 2869 827 sibi
2893 771 3091 842 pariter
3110 771 3319 829 debent.
3341 771 3433 829 Cui
3452 772 3561 830 ﬁdei
3577 784 3734 830 tantum

2222 860 2359 931 juris
2385 862 2569 917 tribuit
2592 862 2903 933 Apostolus,
2930 871 2989 919 ut
3011 878 3129 919 eam
3154 873 3460 935 potestatem
3478 867 3732 937 appellaret,

2226 952 2410 1008 dicens
2436 970 2451 1007 :
2482 953 2671 1010 Mulier
2699 971 2801 1009 non
2827 956 2975 1011 habet
3009 964 3299 1027 potestatem
3325 959 3531 1029 corporis
3555 960 3646 1025 sui,
3672 962 3735 1016 sed

2226 1045 2305 1100 vir
2327 1061 2345 1100 :
2369 1046 2599 1101 similiter
2621 1057 2789 1103 autent
2815 1058 2861 1103 et
2882 1049 2956 1103 vir
2978 1065 3080 1104 non
3100 1050 3244 1105 habet
3270 1058 3541 1121 potestatem
3560 1054 3735 1124 corporis

2226 1136 2326 1205 sui,
2356 1137 2444 1192 sed
2467 1138 2647 1193 mulier
2676 1139 2719 1211 (Ι
2743 1139 2862 1195 Cor.
2887 1156 2986 1207 vu,
3018 1140 3094 1212 4).
3130 1140 3295 1213 Hujus
3326 1150 3493 1198 autem
3524 1142 3630 1199 ﬁdei
3656 1143 3739 1198 vio-

2226 1227 2354 1283 latio
2390 1227 2582 1284 dicitur
2619 1229 2972 1301 adulterium,
3016 1248 3139 1289 cum
3181 1233 3265 1288 vel
3307 1234 3519 1304 propriae
3556 1234 3737 1290 libidinis

2226 1318 2482 1376 instinctu
2501 1362 2517 1388 ,
2547 1320 2633 1377 vel
2656 1322 2844 1378 alienae
2872 1338 3167 1392 consensu,
3194 1340 3315 1381 cum
3337 1326 3496 1381 altero
3520 1326 3593 1382 vel
3614 1327 3738 1383 altera

2225 1418 2410 1465 contra
2431 1419 2641 1481 pactum
2669 1412 2947 1485 conjugale
2970 1416 3340 1472 concumbitur
3361 1434 3375 1471 :
3396 1424 3540 1487 atque
3558 1416 3618 1471 ita
3632 1416 3738 1473 fran-

2224 1503 2365 1573 gitur
2392 1501 2558 1570 ﬁdes;
2599 1520 2717 1576 qute
2746 1506 2799 1561 in
2825 1506 2985 1562 rebus
3019 1508 3178 1565 etiam
3216 1507 3477 1579 corporeis
3503 1516 3550 1563 et
3570 1507 3737 1577 abiectis

2224 1608 2474 1665 magnum
2502 1596 2665 1651 animi
2690 1597 2888 1653 bonum
2910 1608 3027 1663 est;
3056 1607 3111 1654 et
3135 1597 3257 1655 ideo
3282 1613 3396 1655 eam
3418 1599 3562 1655 saluti
3580 1614 3738 1670 quoque

2226 1689 2490 1758 corporali
2517 1704 2619 1761 qua
2647 1691 2808 1746 etiam
2847 1692 2955 1747 vita
2990 1700 3171 1748 nostra
3202 1692 3299 1747 ista
3326 1692 3622 1758 continetur,
3651 1706 3737 1749 cer-

2229 1793 2340 1841 tum
2366 1795 2449 1842 est
2472 1786 2669 1843 debere
2699 1789 2955 1860 praeponi.
2984 1788 3098 1843 Etsi
3126 1789 3271 1845 enim
3299 1788 3479 1857 exigua
3509 1787 3637 1858 palea
3660 1802 3737 1857 pne

2226 1879 2394 1934 multo
2431 1893 2560 1934 auro
2594 1894 2732 1950 pene
2768 1894 2856 1935 res
2890 1879 3037 1936 nulla
3064 1888 3182 1947 est;
3225 1879 3355 1935 ﬁdes
3385 1889 3549 1936 tamen
3578 1894 3673 1934 cum
3700 1877 3737 1933 in

2227 1972 2441 2042 negotio
2484 1973 2684 2042 paleae,
2724 1973 2862 2029 sicut
2897 1974 2952 2029 in
2981 1987 3112 2029 auro
3154 1973 3363 2029 sincera
3401 1982 3737 2037 servatur,non

2229 2064 2349 2121 ideo
2373 2066 2546 2121 minor
2569 2074 2652 2122 est
2682 2067 2807 2137 quia
2835 2067 2890 2122 in
2915 2083 2974 2123 re
3000 2066 3211 2123 minore
3238 2073 3489 2123 servatur.
3514 2064 3628 2122 Cum
3647 2077 3738 2120 vero

2228 2156 2296 2211 ad
2325 2165 2599 2227 peccatum
2623 2158 3009 2215 admittendum
3036 2158 3322 2215 adhibetur
3357 2158 3508 2226 ﬁdes,
3534 2158 3688 2213 mirum
3708 2156 3739 2210 si

2228 2250 2362 2307 ﬁdes
2387 2252 2701 2322 appellanda
2739 2262 2824 2309 est
2850 2271 2863 2307 :
2892 2262 3264 2310 verumtamen
3294 2253 3655 2325 qualiscumque
3676 2250 3736 2318 sit,

2228 2341 2275 2396 si
2301 2350 2355 2396 et
2381 2350 2565 2398 contra
2593 2343 2761 2414 ipsam
2792 2344 2881 2413 ﬁt,
2920 2345 3071 2415 pejus
3104 2344 3203 2413 ﬁt;
3244 2345 3348 2401 nisi
3377 2359 3493 2402 cum
3525 2350 3739 2416 propterea

2229 2432 2493 2489 deseritur
2512 2476 2527 2503 ,
2559 2443 2618 2489 ut
2644 2434 2711 2489 ad
2736 2449 2917 2491 veram
2945 2435 3105 2492 ﬁdem
3134 2450 3202 2493 ac
3230 2436 3506 2508 legitimam
3533 2433 3735 2498 redeatur,

2228 2521 2284 2579 id
2306 2533 2387 2579 est
2405 2565 2421 2592 ,
2462 2533 2517 2580 ut
2559 2535 2835 2596 peccatum
2861 2526 3207 2595 emendetur,
3236 2527 3512 2583 voluntatis
3542 2525 3739 2598 pravitate

2228 2627 2491 2673 correcta.
2522 2618 2797 2689 Tanquam
2835 2620 2882 2674 si
2914 2620 3034 2690 quis
3067 2634 3193 2676 cum
3228 2619 3489 2677 hominem
3526 2618 3645 2675 solus
3671 2630 3740 2672 ex-

2227 2709 2461 2779 epoliare
2489 2724 2598 2765 non
2637 2711 2837 2780 possit,
2882 2711 3119 2767 inveniat
3155 2711 3361 2769 socium
3400 2709 3675 2782 iniquitatis,
3702 2714 3739 2761 et

2227 2815 2349 2856 cum
2374 2815 2439 2857 eo
2458 2802 2757 2872 paciscatur
2774 2810 2835 2858 ut
2854 2802 3013 2859 simul
3033 2804 3087 2859 id
3107 2804 3304 2860 faciant
3339 2802 3636 2875 spoliumque
3656 2811 3740 2869 par-

2227 2892 2449 2960 tiantur,
2479 2906 2586 2962 quo
2614 2892 2853 2949 facinore
2883 2894 3175 2952 commisso
3212 2904 3381 2951 totum
3406 2894 3540 2951 solus
3570 2890 3738 2949 auferat

2226 2981 2382 3039 Dolet
2422 2982 2641 3055 quidem
2683 2984 2811 3053 ille,
2848 2992 2904 3041 et
2938 2985 3098 3042 ﬁdem
3127 2986 3234 3044 sibi
3265 2995 3517 3043 servatam
3548 2998 3635 3041 non
3656 2993 3740 3038 esse

2225 3077 2606 3147 conqueritur;
2634 3093 2819 3134 verum
2854 3079 2910 3134 in
2948 3080 3064 3149 ipsa
3091 3094 3193 3137 sua
3223 3081 3434 3153 querela
3457 3080 3653 3151 cogitare
3675 3074 3739 3130 de-

2222 3164 2346 3235 bet,
2374 3168 2551 3239 potius
2581 3170 2636 3225 in
2665 3169 2805 3227 bena
2832 3171 2940 3226 vita
2967 3171 3069 3242 ipsi
3104 3171 3355 3230 humanae
3385 3172 3599 3229 societati
3623 3168 3739 3224 luisse

2221 3260 2559 3329 servandam,
2582 3276 2651 3317 ne
2675 3262 2856 3333 prteda
2880 3263 3058 3334 iniqua
3088 3279 3156 3321 ex
3185 3265 3403 3323 homine
3423 3265 3577 3331 ﬁeret,
3598 3260 3636 3318 si
3653 3273 3739 3316 sen-

2222 3352 2287 3408 tit
2327 3368 2489 3424 quam
2526 3354 2708 3425 inique
2736 3355 2838 3411 sibi
2866 3355 2922 3411 in
2950 3357 3157 3427 peccati
3190 3358 3440 3416 societate
3463 3363 3642 3415 servata
3664 3365 3739 3408 non

2219 3443 2401 3500 fuerit.
2430 3446 2524 3502 llle
2551 3447 2749 3518 quippe
2776 3448 3060 3520 utrobique
3084 3452 3101 3482 ⁸
3128 3451 3386 3521 perﬁdus,
3422 3449 3630 3522 profecto
3658 3458 3740 3501 sce-

2221 3534 2443 3592 leratior
2466 3536 2789 3608 judicandus
2817 3548 2920 3597 est.
2962 3542 3035 3597 At
3062 3542 3107 3597 si
3137 3542 3196 3599 id
3224 3544 3366 3616 quod
3404 3543 3532 3638 male

2220 3628 2271 3684 ei
2298 3628 2661 3700 diSplicuisset
2677 3673 2695 3701 ,
2720 3640 2776 3689 et
2802 3641 3088 3705 propterea
3117 3649 3246 3691 cum
3282 3636 3527 3708 participe
3550 3628 3739 3689 facinoris

2220 3722 2458 3793 praedam
2482 3722 2723 3781 dividere
2751 3726 3035 3795 noluisset,
3065 3735 3127 3783 ut
3155 3728 3361 3786 homini
3387 3729 3468 3786 cui
3494 3727 3641 3783 ablata
3662 3722 3740 3777 lue-

2220 3822 2338 3884 rat,
2376 3816 2721 3885 redderetur,
2753 3832 2877 3874 eum
2904 3818 3170 3890 perﬁdum
3200 3838 3306 3879 nec
3338 3820 3557 3893 perﬁdus
3578 3818 3740 3874 diceret.

2218 3905 2297 3963 ita
2326 3908 2521 3965 mulier
2542 3910 2590 3966 si
2618 3909 2723 3967 lide
2751 3912 3019 3983 coniugali
3043 3913 3251 3970 violata
3280 3914 3436 3971 ﬁdem
3461 3919 3617 3970 servet
3633 3904 3743 3963 adul-

2219 4007 2360 4067 tero,
2388 4000 2573 4073 utique
2598 4004 2738 4059 mala
2763 4012 2848 4060 est
2876 4022 2889 4058 :
2917 4004 3015 4061 sed
3041 4005 3087 4061 si
3116 4021 3227 4064 nec
3251 4008 3505 4073 adultero,
3529 4005 3653 4077 pejor
3670 4008 3741 4055 est-

2218 4091 2391 4149 Porro
2419 4094 2466 4150 si
2494 4109 2612 4151 eam
2648 4095 2833 4167 ﬂagitii
2861 4098 3153 4168 poeniteat,
3194 4110 3259 4159 et
3294 4102 3361 4159 ad
3398 4102 3655 4158 castitatem
3685 4106 3742 4147 re-

2220 4185 2374 4243 diens
2402 4189 2760 4261 coniugalem,
2785 4199 2942 4262 pacta
2969 4208 3035 4249 ac
3061 4194 3262 4265 placita
3288 4196 3564 4254 adulterina
3594 4188 3742 4247 rescin-

2220 4275 2345 4347 dat,
2379 4279 2547 4336 miror
2578 4280 2627 4337 si
2660 4295 2783 4339 eam
2820 4282 2948 4341 ﬁdei
2989 4284 3327 4342 violatricem
3358 4286 3441 4343 vel
3466 4286 3570 4357 ipse
3588 4278 3741 4338 adulter

2218 4371 2445 4441 putabit.

2258 4486 2261 4491 ε
2288 4464 2517 4520 CAPUT
2530 4466 2596 4520 γ.
2613 4466 2750 4523 —-5.
2764 4466 3065 4542 Conjunctio
3080 4472 3176 4528 uiri
3200 4484 3252 4531 et
3266 4475 3464 4548 {entiam
3485 4471 3739 4547 quandam

2218 4549 2285 4605 sit
2311 4553 2651 4624 connubium,
2693 4561 2898 4627 quando
2936 4578 3059 4617 non.
3090 4562 3246 4623 Solet
3276 4568 3435 4623 etiam
3462 4564 3632 4637 quaeri,
3653 4572 3739 4615 cum
3802 4616 3809 4641 ⁴

2217 4644 2487 4701 masculus
2525 4654 2583 4702 et
2618 4647 2848 4718 femina,
2879 4668 2981 4711 nec
3008 4654 3101 4715 ille
3127 4658 3385 4727 maritus,
3412 4673 3507 4715 nec
3541 4656 3614 4712 illa
3646 4662 3740 4707 uxor

2216 4732 2468 4805 alterius,
2495 4736 2714 4796 sibimet
2756 4756 2864 4799 non
2904 4744 3138 4802 ﬁliorum
3180 4749 3637 4819 procreandorum,
3670 4736 3739 4795 sed

2215 4836 2436 4897 propter
2459 4828 2897 4890 incontinentiam
2922 4836 3092 4894 solius
3114 4841 3434 4898 concubitus
3457 4852 3599 4897 causa
3621 4846 3739 4902 0090‘

2214 4915 2412 4985 lantur,
2442 4934 2507 4976 ea
2530 4919 2637 4979 ﬁde
2661 4924 2839 4982 media
2856 4966 2874 4996 ,
2904 4935 2966 4983 ut
2987 4943 3089 4986 nec
3112 4929 3203 4988 ille
3226 4947 3349 4989 cum
3374 4932 3560 4999 altera,
3580 4940 3659 4984 nec
3675 4922 3739 4978 illa

2214 5020 2338 5063 cum
2366 5009 2538 5068 altero
2566 5012 2621 5068 id
2648 5012 2837 5085 faciat,
2865 5026 3048 5077 utrum
3075 5022 3277 5093 nuptiae
3304 5025 3413 5081 sint
3444 5018 3677 5080 vocandae.
3693 5011 3739 5067 Et

2212 5108 2392 5170 potest
2414 5104 2631 5175 quidem
2650 5108 2876 5169 fortasse
2900 5126 3008 5169 non
3026 5114 3259 5173 absurde
3282 5117 3387 5175 hoc
3403 5112 3632 5189 appellari
3649 5122 3736 5163 con-

2212 5195 2457 5265 nubium,
2484 5199 2531 5255 si
2552 5215 2724 5273 usque
2748 5202 2817 5259 ad
2843 5214 3073 5264 mortem
3099 5207 3320 5266 alterius
3338 5224 3516 5268 eorum
3536 5209 3555 5241 ¹
3576 5203 3621 5261 id
3636 5202 3739 5257 inter

2210 5299 2307 5344 eos
2335 5288 2615 5361 placuerit,
2656 5301 2712 5350 et
2749 5295 2915 5366 prolis
2948 5300 3383 5369 generationem,
3416 5296 3633 5373 quamvis
3660 5303 3738 5347 non

2210 5391 2272 5433 ea
2298 5392 2457 5435 causa
2488 5382 2757 5454 coniuncti
2784 5390 2923 5458 sint,
2954 5402 3064 5446 non
3087 5397 3269 5448 tamen
3293 5390 3592 5454 vitaverint,
3617 5390 3661 5439 ut
3680 5375 3739 5430 τεί

2208 5468 2383 5525 nolint
2408 5471 2510 5527 sibi
2546 5477 2692 5531 nasci
2731 5474 2903 5547 ﬁlios,
2942 5481 3028 5537 vel
3063 5482 3225 5541 etiam
3258 5498 3423 5556 opere
3452 5481 3612 5552 aliquo
3634 5470 3738 5530 malo

2207 5572 2368 5632 agant
2407 5580 2476 5621 ne
2515 5578 2820 5626 nascantur.
2866 5571 3133 5633 Caeterum
3173 5577 3220 5635 si
3267 5579 3355 5635 vel
3392 5584 3646 5644 umque
3677 5560 3737 5616 vel

2208 5667 2372 5709 unum
2401 5655 2589 5713 horum
2619 5660 2786 5728 desit,
2823 5679 2928 5720 non
2967 5667 3184 5726 invenio
3215 5666 3637 5741 quemadmodum

2205 5748 2420 5816 nuptias
2448 5750 2716 5820 appellare
2754 5758 3037 5825 possimus.
3082 5762 3294 5819 Etenim
3335 5764 3382 5819 si
3422 5762 3630 5833 aliquam
3659 5748 3736 5810 sibi

2268 5838 2291 5916 ξ
2312 5842 2363 5916 in
2394 5840 2685 5916 corbeiensi
2707 5846 2873 5897 codice
2915 5855 3274 5916 vetustissimo,

2271 5900 2291 5930 2
2312 5905 2391 5953 Er.
2417 5909 2466 5955 α
2489 5908 2617 5967 Mss,
2642 5904 2685 5960 si
2704 5921 2850 5975 usque
2866 5912 2934 5964 ad
