3930 6368
307 357 387 415 ειη
1298 402 1305 413 ,
1399 402 1405 408 .
1701 355 1908 415 LlBEll
1952 358 2147 427 unus.

310 473 376 528 vir
394 470 452 527 ad
473 476 677 543 tempus
700 468 1041 544 adhibuerit,
1063 474 1234 534 donec
1254 476 1414 535 aliam
1436 478 1651 552 dignam
1672 482 1759 539 vel
1780 482 1872 540 ho-

3456 411 3569 474 578

860 489 1041 599 ξξθιιι,
1063 489 1234 581 donec
1254 489 1414 599 suam
1436 489 1651 552 dignam
1672 489 1759 539 vel
1780 489 1872 540 ho-
1980 489 2323 599 cupiscentiae
2349 507 2478 599 vero
2512 500 2765 560 satiandae
2780 546 2797 573 ,
2828 508 2924 565 sed
2957 517 3137 571 tamen
3163 529 3283 575 cum
3308 522 3563 599 conjuge,

312 565 495 682 naribus
518 564 606 621 vel
625 564 983 673 facultatibus
1013 570 1129 682 Jsu‘is
1159 570 1425 639 inveniat,
1457 587 1870 682 quamncompa-
1971 592 2194 671 propter
2226 586 2367 644 thori
2396 590 2588 660 ﬁdem,
2620 564 3562 682 venialem

309 659 596 727 ιἰὶωάιιαιῑὲ
624 659 739 730 ipso
758 661 949 717 animo
970 662 1181 719 εάυιιθι*
1199 673 1299 732 θεῖ,
1328 680 1427 722 nec
1449 680 1569 722 cum
1594 668 1682 724 illa
1707 684 1868 739 quam
1972 663 2165 733 torium
2191 694 2319 738 vero
2356 684 2468 742 sive
2510 659 2787 747 fornicatio
2830 659 3079 755 lethalcm
3120 659 3557 779 inhiat-"culpam.

309 752 422 779 ..ε-εἷο
464 752 691 779 Ξ-ιοηι-ιε-ιι
760 754 857 779 ,υυι
894 770 1009 779 ,ιιι-Α
1044 755 1137 779 ΞΑ...
1174 771 1288 779 ---μ
1325 772 1414 779 ----
1461 758 1533 779 -2-
1584 759 1731 779 --,ι-ι
1807 771 1863 779 --ι
1984 767 1999 779 ι
2194 773 2207 779 -

302 752 425 823 cupit
462 752 726 819 invenire,
759 754 861 810 sed
890 770 1013 810 cum
1042 755 1141 810 ista
1170 771 1293 812 cum
1320 772 1421 827 qua
1458 758 1537 815 sic
1575 759 1766 828 cubat,
1807 771 1867 817 ut
1967 767 2047 824 Ac
2071 786 2168 841 per
2192 773 2295 832 hoc
2317 779 2510 837 melior
2530 784 2845 854 estquidem
2868 789 2934 844 ab
2955 752 3099 848 omni

298 860 399 968 illi"
424 858 479 947 ea
502 859 606 900 non
632 844 834 968 habeat
855 846 1102 950 maritale
1111 850 1472 968 consortium.
1497 850 1647 955 Unde
1671 861 1725 908 et
1747 853 1863 958 ipsa
1966 863 2209 941 tinentia,
2237 885 2395 942 quam
2421 875 2507 931 vel
2531 844 3075 948 ipse-matrimonialis
3102 844 3552 968 concubitusrqui

292 934 383 990 hoc
409 936 570 991 sciens
612 951 679 991 ac
708 936 927 1006 volens,
960 938 1225 1010 impudice
1270 941 1451 1012 utique
1493 943 1750 999 miscetur
1786 946 1856 1012 ei,
1962 937 2025 1012 ﬁt
2051 934 2209 1016 causa
2232 934 2505 1035 gignendi,

288 1039 397 1079 cum
423 1041 520 1096 quo
547 1041 656 1081 non
697 1027 864 1085 habet
902 1028 1079 1086 fmdus
1111 1032 1374 1088 uxorium.
1404 1033 1781 1093 Verumtamen
1810 1054 1818 1092 ε

288 1117 329 1148 οἳ
374 1117 494 1148 aluus:
541 1118 701 1148 ΩΑηηρ.
749 1129 924 1148 ,ιιι-...ιιι
997 1130 1043 1148 ,ιι
1086 1138 1198 1148 λη..-
1242 1126 1325 1148 :n-
1356 1142 1571 1148 _-_-_-_-
1628 1128 1706 1148 ιη
1739 1147 1746 1148 ,
1790 1133 1818 1148 οι

2031 1027 2260 1110 (ῙΑΡΟἸἶ
2287 1027 2401 1112 VII.
2430 1088 2502 1101 -—-
2534 1058 2727 1119 Foedus
2763 1068 2990 1137 nuptiale
3020 1074 3337 1143 separatione
3365 1080 3551 1148 conju—

60 5602 85 5641 σ

60 5770 99 5821 κέ

283 1117 329 1172 ei
374 1117 497 1172 tbori
540 1118 703 1175 ﬁdem
748 1129 954 1189 servet,
994 1130 1047 1179 et
1082 1138 1202 1180 cum
1240 1126 1328 1182 ille
1356 1142 1577 1184 uxorem
1619 1128 1848 1200 duxerit,

278 1210 468 1266 nubere
492 1210 601 1281 ipsa
642 1228 751 1269 non
791 1216 1024 1285 cogitet,
1056 1225 1213 1288 atque
1240 1234 1272 1273 a
1301 1221 1393 1275 tali
1427 1235 1647 1290 prorsus
1685 1239 1853 1295 opere

275 1301 530 1357 continere
566 1317 627 1359 se
670 1315 967 1376 praeparet,
1016 1308 1307 1365 adulteram
1354 1312 1568 1383 quidem
1608 1313 1851 1373 fortassis

268 1393 418 1451 facile
441 1398 707 1467 appellare
731 1414 839 1455 non
858 1400 1120 1469 audeam;
1152 1418 1258 1459 non
1285 1419 1505 1475 peccare
1530 1416 1705 1464 tamen
1730 1410 1851 1480 quis

266 1485 485 1555 dixerit,
515 1506 637 1547 cum
667 1506 785 1548 eam
819 1494 930 1549 viro
950 1536 965 1560 ,
999 1496 1149 1567 cujus
1177 1512 1311 1554 uxor
1338 1514 1445 1556 non
1474 1510 1587 1568 est,
1633 1502 1847 1559 misceri

264 1581 433 1635 sciat?
457 1580 697 1640 Jamvero
718 1586 763 1640 si
785 1601 851 1641 ex
873 1587 965 1643 illo
984 1589 1290 1658 concubitu,
1313 1601 1570 1662 quantum
1588 1593 1656 1650 ad
1676 1594 1846 1665 ipsam

263 1674 472 1739 attinet,
504 1692 604 1732 non
634 1678 735 1733 nisi
760 1679 901 1737 ﬁlios
926 1682 1075 1751 velit,
1103 1691 1158 1739 et
1180 1685 1437 1757 quidquid
1464 1688 1600 1743 ultra
1628 1704 1845 1747 causam

262 1768 572 1835 procreandi
596 1770 793 1840 patitur
817 1772 982 1828 invita
1008 1776 1275 1843 patiatur:
1302 1778 1482 1834 multis
1505 1780 1719 1851 quidem
1741 1784 1842 1840 ista

260 1861 519 1914 matronis
565 1865 929 1933 anteponenda
982 1876 1099 1934 est;
1145 1884 1264 1939 qua:
1308 1872 1518 1927 tametsi
1562 1888 1670 1928 non
1718 1884 1843 1943 sunt

263 1951 557 2023 adultera,
596 1956 731 2012 viros
774 1965 951 2014 tamen
998 1975 1125 2018 suos
1166 1964 1480 2036 plerumque
1518 1966 1681 2021 etiam
1705 1982 1838 2024 con-

268 2041 449 2098 tinere
485 2047 737 2114 cupientes
762 2049 825 2104 ad
852 2050 1185 2109 reddendum
1221 2051 1435 2112 carnale
1470 2057 1707 2114 debitum
1746 2074 1838 2117 co-

274 2142 415 2201 gunt
433 2174 448 2198 ,
479 2149 576 2189 non
603 2135 846 2195 desiderio
872 2142 1041 2212 prolis
1060 2185 1076 2211 ,
1108 2144 1204 2200 sed
1236 2145 1428 2203 ardore
1455 2149 1837 2220 concupiscen-

272 2222 373 2277 tia:
398 2223 508 2294 ipso
532 2241 625 2282 suo
652 2228 767 2298 jure
792 2231 1209 2305 intemperanter
1241 2246 1452 2296 utentes
1481 2258 1494 2295 :
1527 2240 1581 2295 in
1609 2257 1835 2314 quarum

266 2320 449 2371 tamen
468 2322 653 2390 nuptiis
671 2321 863 2380 bonum
884 2335 967 2382 est
991 2327 1094 2386 hoc
1118 2329 1290 2400 ipsum
1318 2333 1459 2403 quod
1485 2344 1663 2407 nupta:
1687 2347 1831 2397 sunt.

261 2408 348 2463 Ad
376 2408 474 2466 hoc
507 2414 637 2468 enim
677 2427 853 2487 nupta:
891 2428 1049 2489 sunt,
1080 2431 1139 2479 ut
1165 2423 1255 2479 illa
1282 2428 1715 2497 concupiscentia
1741 2445 1832 2488 re-

262 2498 415 2557 dacta
442 2502 503 2557 ad
529 2504 815 2576 legitimum
841 2511 1130 2580 vinculum,
1162 2528 1269 2570 non
1298 2515 1555 2574 deformis
1582 2526 1637 2573 et
1658 2520 1832 2576 disso-

264 2595 372 2649 luta
396 2595 627 2667 ﬁuitaret,
655 2601 858 2660 habens
888 2604 955 2660 de
978 2621 1039 2662 se
1065 2607 1178 2677 ipsa
1206 2609 1626 2669 irrefrenabilem
1652 2615 1831 2672 carnis

267 2687 623 2761 inﬁrmitatem,
646 2694 713 2752 de
733 2698 933 2768 nuptiis
950 2707 1128 2756 autem
1148 2701 1571 2762 indissolubilem
1594 2706 1717 2764 ﬁdei
1741 2722 1830 2764 so-

272 2782 495 2840 cietatem
513 2804 526 2852 ;
549 2787 612 2844 de
630 2804 688 2845 se
707 2790 822 2861 ipsa
845 2806 1186 2863 progressum
1209 2795 1557 2854 immoderate
1573 2800 1824 2871 coeundi,

276 2872 343 2929 de
365 2879 536 2947 nuptiis
559 2882 775 2939 modum
810 2894 957 2942 caste
995 2889 1332 2958 procreandi.
1361 2890 1478 2946 Etsi
1502 2893 1644 2949 enim
1673 2903 1827 2966 turpe

281 2977 362 3021 est
380 2969 621 3031 libidinose
649 2978 723 3031 uti
749 2978 894 3035 velle
920 2983 1111 3037 marito
1140 2983 1193 3050 ¹;
1224 2983 1511 3041 honestum
1539 2996 1620 3042 est
1647 2996 1825 3045 tamen

278 3062 415 3119 nolle
438 3068 617 3125 misceri
637 3071 739 3127 nisi
761 3074 976 3141 marito,
994 3084 1050 3131 et
1068 3093 1175 3132 non
1196 3093 1385 3148 parere
1402 3080 1504 3135 nisi
1523 3080 1590 3136 de
1606 3083 1819 3137 marito.

346 3155 541 3215 CAPUT
566 3162 647 3216 Vl.
670 3195 744 3203 —
763 3164 846 3219 De
863 3169 1147 3240 conjugalis
1167 3170 1318 3226 debiti
1341 3174 1602 3228 exactione
1627 3190 1687 3227 ac
1707 3174 1823 3229 red-

268 3245 461 3303 ditione.
486 3251 605 3310 Sunt
636 3255 764 3313 item
801 3258 900 3314 viri
935 3276 1104 3332 usque
1140 3264 1275 3319 adeo
1309 3265 1734 3337 incontinentes,
1760 3277 1823 3326 ut

261 3342 551 3415 conjugibus
574 3364 670 3405 nec
696 3350 930 3422 gravidis
956 3362 1197 3424 parcant.
1226 3356 1491 3428 Quidquid
1518 3374 1646 3432 ergo
1670 3361 1821 3417 inter

254 3446 314 3488 se
338 3437 584 3509 conjugati
618 3442 990 3500 immodestum
1010 3487 1025 3514 ,
1058 3446 1507 3520 inverecundum,
1543 3452 1817 3508 sordidum

254 3537 459 3595 gerunt,
483 3532 654 3587 vitium
680 3544 764 3590 est
786 3534 1084 3606 hominum,
1110 3554 1216 3595 non
1240 3542 1393 3612 culpa
1419 3544 1743 3615 nuptiarum.

328 3619 383 3674 6.
421 3621 523 3678 lam
563 3626 610 3680 in
646 3628 761 3698 ipsa
806 3646 1019 3702 quoque
1063 3632 1497 3694 immoderatiore
1538 3640 1817 3698 exactione

245 3708 413 3765 debiti
452 3718 689 3788 carnalis,
722 3736 883 3791 quam
927 3724 1004 3779 eis
1047 3739 1151 3781 non
1195 3728 1489 3784 secundum
1531 3729 1815 3801 imperium

241 3804 506 3873 pra-cipit,
536 3808 623 3864 sed
653 3810 944 3868 secundum
985 3814 1191 3871 veniam
1230 3818 1477 3875 concedit
1502 3820 1809 3891 Apostolus,

240 3902 296 3945 ut
319 3896 471 3952 etiam
495 3909 686 3969 printer
711 3918 926 3960 causam
962 3909 1275 3976 procreandi
1314 3910 1414 3966 sibi
1453 3912 1808 3982 misceantur;

236 3987 333 4038 etsi
361 4003 451 4044 eos
476 3994 621 4061 pravi
649 4010 827 4052 mores
852 3998 919 4053 ad
949 3999 1104 4056 talem
1133 4003 1472 4060 concubitum
1509 4007 1807 4078 impellunt,

236 4082 427 4147 nuptis:
460 4094 631 4142 tamen
673 4089 741 4144 ab
783 4090 1044 4148 adulterio
1089 4108 1185 4151 seu
1230 4096 1580 4155 fornicatione
1619 4099 1809 4157 defen-

230 4168 382 4226 dunt.
412 4174 587 4247 Neque
624 4180 768 4235 enim
810 4182 942 4238 illud
982 4194 1201 4257 propter
1242 4190 1455 4259 nuptias
1491 4191 1803 4259 admittitur,

227 4262 320 4315 sed
347 4274 556 4336 propter
583 4270 792 4339 nuptias
821 4273 1132 4342 ignoscitur.
1165 4278 1373 4335 Debent
1398 4295 1525 4352 ergo
1552 4283 1650 4338 sibi
1679 4298 1807 4339 con-

217 4352 390 4445 jugati
410 4374 507 4413 non
528 4360 701 4417 solum
728 4363 897 4433 ipsius
920 4381 1079 4422 sexus
1103 4370 1187 4426 su‘i
1211 4373 1592 4431 commiscendi
1618 4375 1803 4445 ﬁdem,

220 4443 505 4506 liberorum
533 4457 984 4524 procreandorum
1013 4474 1202 4528 causa,
1232 4478 1352 4534 quae
1386 4466 1557 4534 prima
1592 4478 1677 4524 est
1701 4443 1804 4525 hu;

224 4538 367 4592 mani
392 4544 597 4609 generis
618 4545 672 4599 in
696 4546 795 4601 ista
814 4550 1138 4607 mortalitate
1156 4554 1417 4621 societas;
1438 4569 1623 4611 verum
1644 4560 1804 4614 etiam

227 4623 542 4688 inﬁrmitatis
568 4635 797 4693 invicem
823 4641 1177 4711 excipiendae,
1210 4644 1277 4699 ad
1305 4645 1518 4702 illicitos
1545 4650 1801 4705 concubi-

228 4725 311 4773 tus
333 4725 630 4797 evitandos,
660 4737 896 4787 mutuam
923 4734 1153 4804 quodam
1182 4738 1345 4794 modo
1373 4741 1714 4808 servitutem;
1744 4750 1803 4797 ut

229 4814 325 4868 etsi
361 4817 501 4875 alteri
539 4836 727 4878 eorum
766 4835 1023 4897 perpetua
1060 4830 1386 4887 continentia
1424 4833 1654 4904 placeat,
1698 4836 1801 4892 nisi

230 4918 291 4959 ex
317 4910 523 4969 alterius
550 4930 815 4974 consensu
842 4934 950 4976 non
976 4923 1164 4991 possit.
1191 4924 1352 4993 Etad
1381 4925 1484 4983 hoc
1502 4927 1645 4984 enim
1669 4945 1801 4985 uxor

231 5010 323 5049 non
356 5002 491 5058 habet
520 5017 813 5077 potestatem
846 5014 1073 5083 corporis
1104 5015 1212 5082 sui,
1242 5017 1331 5071 sed
1358 5022 1435 5072 vir
1451 5034 1471 5083 ;
1497 5021 1726 5076 similiter
1752 5032 1801 5078 et

233 5088 299 5139 rit
322 5107 415 5147 non
437 5096 581 5152 habet
605 5110 900 5170 potestatem
923 5108 1147 5177 corporis
1170 5108 1269 5176 sui,
1294 5109 1383 5164 sed
1407 5112 1586 5166 mulier
1611 5112 1656 5183 (Ι
1677 5114 1795 5169 Cor.

234 5194 324 5275 ru,
350 5187 461 5258 4-6)
488 5208 500 5243 :
528 5200 587 5247 ut
626 5203 683 5249 et
724 5196 865 5266 quod
907 5212 1014 5253 non
1048 5199 1279 5256 ﬁliorum
1318 5204 1794 5275 procreandorum,

236 5274 319 5365 Sed
344 5276 651 5340 inﬁrmitatis
676 5293 731 5341 et
754 5287 1156 5347 incontinentiae
1178 5307 1337 5349 causa
1362 5297 1583 5365 expetit,
1607 5297 1688 5352 vel
1710 5274 1798 5353 ille

240 5363 299 5418 de
316 5374 653 5446 matrimonio,
676 5382 761 5435 vel
782 5380 870 5436 illa
894 5382 962 5439 de
982 5386 1195 5454 marito,
1221 5401 1328 5443 non
1354 5388 1456 5445 sibi
1482 5390 1795 5446 alterutrum

247 5470 438 5530 “083m;
468 5483 535 5525 ne
580 5487 677 5541 per
720 5473 825 5530 hoc
864 5477 1101 5534 incidant
1142 5480 1196 5535 in
1240 5481 1572 5540 damnabiles
1614 5500 1798 5543 corru-

248 5554 413 5625 li‘elas,
444 5568 676 5622 tentante
711 5577 897 5625 satana
918 5613 932 5637 ,
962 5582 1179 5643 propter
1212 5575 1682 5645 incontinentiam,
1712 5582 1795 5635 vel

249 5650 514 5722 amborum,
559 5660 643 5715 vel
687 5663 1002 5736 cujusquam
1048 5683 1258 5724 eorum.
1307 5670 1610 5744 Conjugalis
1653 5674 1795 5730 enim

247 5748 516 5806 concubitus
537 5756 829 5841 generandi
854 5760 1047 5830 gratia,
1078 5775 1186 5818 non
1212 5761 1372 5821 habet
1395 5766 1638 5841 culpam;
1668 5780 1796 5825 con-

294 5861 844 5931 ‘Ils.,tttioetmarito.

1957 1159 2078 1214 gum
2102 1162 2203 1201 non
2230 1150 2289 1216 ﬁt
2314 1150 2534 1209 irritum.
2562 1156 2643 1212 An
2671 1159 2879 1217 dimissa
2904 1163 3135 1220 adultera
3160 1167 3305 1222 liceat
3335 1169 3548 1225 alteram

1954 1327 2185 1387 Divortio
2214 1334 2298 1389 lea:
2324 1338 2526 1407 [traderis
2560 1344 2802 1413 nuptialis
2838 1363 2942 1402 non
2974 1348 3203 1404 aboletur
3228 1352 3360 1406 inter
3389 1353 3545 1408 Citri-

1952 1423 2163 1480 stianos.
2186 1424 2293 1484 Sed
2316 1431 2437 1501 quia
2464 1432 2552 1488 illa
2579 1437 2907 1506 continentia
2930 1442 3108 1499 meriti
3135 1445 3412 1514 amplioris
3436 1456 3543 1517 est,

1949 1513 2179 1572 reddere
2204 1533 2333 1575 vero
2358 1521 2594 1580 debitum
2621 1528 2921 1601 conjugale,
2948 1532 3144 1590 nullius
3168 1513 3252 1590 est
3274 1513 3536 1604 criminis,

1949 1604 2163 1676 exigere
2202 1618 2379 1667 autem
2417 1614 2557 1671 ultra
2595 1620 2886 1688 generandi
2924 1624 3328 1693 necessitatem,
3370 1627 3541 1697 culpa:

1949 1698 2195 1767 venialis,
2223 1700 2474 1761 fornicari
2504 1724 2632 1765 vero
2660 1710 2743 1767 vel
2771 1713 3052 1781 mtechari,
3080 1718 3333 1786 puniendi
3358 1720 3541 1775 crimi-

1927 1787 2063 1895 Ilnis;
2096 1805 2291 1895 cavere
2334 1797 2494 1855 debet
2533 1801 2767 1858 charitas
2812 1806 3139 1878 coniugalis,
3179 1824 3249 1865 ne
3279 1809 3405 1865 dum
3434 1810 3539 1866 sibi

1947 1884 2136 1954 quaerit
2162 1887 2307 1944 unde
2341 1893 2572 1963 amplius
2602 1894 2930 1966 honoratur,
2960 1900 3171 1972 conjugi
3206 1900 3366 1956 faciat
3394 1902 3536 1957 unde

1944 1972 2244 2034 damnetur.
2280 1982 2382 2049 Qui
2422 1986 2567 2042 enim
2604 1988 2809 2043 dimittit
2850 2007 3059 2046 uxorem
3102 2010 3281 2058 suam,
3328 2004 3537 2065 excepta

1942 2082 2099 2122 causa
2128 2073 2497 2143 fornicationis,
2531 2077 2655 2147 facit
2682 2096 2792 2133 eam
2818 2073 3057 2137 maechari
3091 2083 3303 2155 (Matth.
3331 2100 3387 2149 v,
3416 2083 3532 2155 32).

1941 2155 2123 2229 Usque
2165 2161 2301 2218 adeo
2346 2164 2520 2222 foedus
2564 2167 2693 2223 illud
2738 2170 2928 2226 initum
2976 2172 3212 2243 nuptiale
3255 2174 3534 2244 cujusdam

1939 2255 2259 2309 sacramenti
2289 2270 2376 2312 res
2403 2267 2518 2325 est,
2567 2268 2625 2315 ut
2664 2274 2765 2316 nec
2804 2262 2918 2332 ipsa
2953 2264 3293 2333 separatione
3318 2264 3532 2319 irritum

1938 2340 2032 2396 ﬁat
2056 2358 2069 2395 :
2091 2344 2520 2417 quandoquidem
2547 2348 2759 2407 vivente
2785 2353 2921 2422 viro,
2945 2361 3001 2409 et
3026 2368 3055 2407 a
3079 2368 3188 2424 quo
3212 2354 3398 2409 relicta
3423 2363 3528 2420 est,

1936 2433 2256 2504 moechatur,
2287 2438 2334 2493 si
2359 2439 2509 2496 alteri
2538 2442 2813 2513 nupserit;
2842 2453 2898 2500 et
2918 2444 3009 2500 ille
3034 2443 3193 2515 hujus
3219 2445 3344 2500 mali
3367 2460 3531 2501 causa

1934 2534 2019 2582 est
2045 2528 2135 2598 qui
2164 2529 2397 2601 reliquit.

2008 2618 2059 2671 7.
2092 2619 2256 2677 Miror
2295 2629 2472 2679 autem
2514 2625 2560 2681 si
2601 2626 3052 2697 quemadmodum
3091 2627 3217 2684 licet
3257 2628 3530 2686 dimittere

1933 2710 2230 2768 adulteram
2255 2729 2477 2771 uxorem
2498 2759 2514 2784 ,
2544 2718 2614 2773 ita
2644 2718 2801 2775 liceat
2828 2733 2889 2775 ea
2916 2718 3134 2775 dimissa
3171 2720 3395 2776 alteram
3422 2721 3529 2777 du-

1931 2814 2076 2857 cere.
2103 2803 2254 2861 Facit
2273 2806 2418 2862 enim
2443 2807 2511 2864 de
2537 2808 2638 2864 hac
2662 2824 2723 2866 re
2749 2818 2932 2865 sancta
2954 2810 3228 2882 Scriptura
3250 2811 3526 2868 difﬁcilem

1929 2895 2166 2966 nodum,
2198 2898 2408 2957 dicente
2447 2901 2733 2971 Apostolo,
2764 2918 2831 2959 ex
2862 2911 3130 2973 prtecepto
3160 2904 3372 2958 Domini
3399 2919 3523 2960 mu-

1927 2983 2117 3043 lierem
2146 3004 2177 3043 a
2204 2989 2320 3046 viro
2348 3006 2455 3047 non
2484 2991 2684 3049 debere
2711 2992 3023 3061 discedere;
3051 2994 3193 3064 quod
3234 2995 3278 3050 si
3316 2994 3524 3051 disces-

1927 3080 2092 3148 serit,
2136 3096 2355 3139 manere
2396 3084 2702 3156 innuptam,
2748 3093 2839 3141 aut
2882 3086 2999 3142 viro
3045 3100 3145 3142 suo
3186 3088 3522 3145 reconciliari

1926 3168 1974 3240 (l
1999 3170 2117 3226 Cor.
2142 3188 2247 3237 vn,
2272 3175 2360 3241 10,
2400 3175 2490 3248 il)
2524 3195 2537 3231 :
2569 3193 2691 3232 cum
2725 3177 2981 3234 recedere
3010 3180 3191 3249 utique
3219 3189 3273 3235 et
3300 3195 3522 3238 manere

1924 3262 2173 3335 innupta,
2206 3266 2309 3323 nisi
2348 3268 2417 3323 ab
2451 3269 2696 3326 adultero
2724 3271 2840 3327 viro
2872 3287 2978 3329 non
3007 3272 3234 3342 debeat,
3264 3289 3332 3330 ne
3370 3291 3522 3333 recc-

1924 3354 2101 3411 dendo
2125 3357 2195 3413 ab
2216 3372 2283 3414 eo
2306 3360 2395 3430 qui
2416 3360 2625 3417 adulter
2650 3377 2760 3418 non
2785 3371 2888 3431 est,
2912 3363 3070 3418 faciat
3089 3379 3211 3420 eum
3235 3366 3515 3421 mcechari.

1921 3444 2281 3505 Reconciliari
2323 3460 2502 3507 autem
2545 3453 2664 3509 viro
2704 3454 2792 3509 vel
2836 3455 3147 3525 tolerando,
3186 3457 3231 3513 si
3266 3472 3325 3513 se
3354 3458 3470 3529 ipsa
3496 3460 3516 3491 ’

1921 3539 2197 3596 continere
2224 3556 2332 3597 non
2358 3552 2555 3614 potest,
2586 3546 2669 3601 vel
2698 3555 2942 3603 correcto
2960 3588 2974 3614 ,
3004 3548 3227 3604 forsitan
3252 3549 3396 3619 juste
3420 3564 3519 3621 po-

1920 3636 2045 3686 test.
2078 3632 2359 3711 Quomodo
2400 3644 2579 3693 antem
2625 3639 2740 3694 viro
2784 3640 2954 3709 possit
2996 3656 3116 3697 esse
3159 3642 3371 3697 licentia
3412 3641 3513 3697 du-

1918 3723 2103 3780 cenda:
2129 3726 2378 3793 alterius,
2405 3728 2452 3783 si
2480 3729 2775 3785 adulteram
2812 3719 3118 3801 reliquerit,
3151 3747 3271 3787 cum
3301 3733 3514 3788 mulieri

1919 3828 2025 3870 non
2056 3814 2125 3871 sit
2153 3816 2387 3874 nubendi
2417 3818 2601 3888 alteri,
2632 3821 2678 3875 si
2719 3820 3017 3876 adulterum
3055 3821 3360 3892 reliquerit,
3402 3839 3511 3879 non

1918 3907 2098 3964 video.
2118 3909 2250 3980 Quae
2272 3911 2317 3966 si
2344 3912 2416 3967 ita
2440 3920 2585 3977 sunt,
2614 3921 2819 3970 tantum
2845 3914 2988 3970 valet
3012 3914 3144 3969 illud
3169 3916 3367 3972 sociale
3394 3916 3512 3971 vin-

1915 3998 2094 4055 culum
2118 4002 2424 4073 conjugum,
2450 4013 2506 4059 ut
2531 4019 2651 4061 cum
2678 4020 2837 4061 causa
2863 4007 3179 4077 procreandi
3207 4008 3507 4079 colligetur,

1914 4104 2017 4147 nec
2062 4091 2177 4162 ipsa
2226 4108 2387 4149 causa
2442 4097 2758 4164 procreandi
2810 4098 3063 4154 solvatur.
3115 4099 3334 4154 Possit”
3364 4100 3508 4155 enim

1914 4179 2078 4238 homo
2106 4183 2376 4240 dimittere
2404 4187 2641 4243 sterilem
2673 4202 2894 4244 uxorem
2915 4230 2930 4257 ,
2971 4198 3025 4244 et
3061 4189 3258 4246 ducere
3297 4190 3365 4246 de
3403 4205 3508 4261 qua

1912 4273 2053 4329 ﬁlios
2081 4273 2316 4331 habeat:
2350 4285 2404 4331 et
2433 4286 2609 4333 tamen
2640 4294 2748 4333 non
2775 4276 2930 4346 licet;
2968 4288 3024 4335 et
3056 4282 3255 4336 nostris
3289 4282 3506 4351 quidem

1906 4364 2019 4437 jam
2051 4368 2380 4436 temporibus
2416 4383 2479 4424 ac
2514 4384 2664 4424 more
2692 4371 2965 4438 Romano,
2998 4387 3097 4427 nec
3123 4373 3503 4443 superducere,

1910 4467 1971 4515 ut
1998 4460 2225 4530 amplius
2252 4460 2444 4517 habeat
2478 4477 2639 4532 quam
2681 4478 2841 4518 unam
2872 4465 3045 4519 vivam
3073 4482 3086 4519 :
3116 4474 3168 4520 et
3203 4465 3385 4535 utique
3412 4481 3503 4521 rc-

1908 4551 2034 4607 licta
2063 4553 2301 4608 adultera
2323 4555 2408 4609 vel
2428 4554 2617 4611 relicto
2637 4555 2879 4610 adultero
2906 4565 3125 4624 possent
3150 4556 3331 4626 plures
3356 4560 3502 4614 nasci

1908 4644 2185 4711 homines,
2218 4645 2265 4699 si
2291 4645 2375 4700 vel
2410 4646 2497 4699 illa
2536 4646 2691 4701 alteri
2729 4648 2990 4715 nuberet,
3020 4649 3106 4704 vel
3149 4649 3238 4705 ille
3281 4650 3501 4706 alteram

1907 4737 2147 4793 duceret.
2175 4737 2328 4804 Quod
2361 4745 2537 4794 tamen
2566 4739 2610 4794 si
2638 4754 2743 4794 non
2770 4740 2927 4806 licet,
2957 4740 3095 4796 sicut
3120 4739 3296 4796 divina
3321 4743 3503 4813 regula

1906 4829 2255 4901 praescribere
2280 4830 2526 4896 videtur;
2554 4846 2713 4902 quem
2744 4846 2851 4887 non
2883 4832 3039 4887 faciat
3063 4833 3346 4902 intentum,
3374 4836 3503 4906 quid

1906 4922 2007 4978 sibi
2037 4923 2165 4979 velit
2192 4931 2336 4979 tanta
2364 4923 2587 4980 ﬁrmitas
2613 4924 2813 4981 vinculi
2843 4926 3175 4997 conjugalis?
3208 4928 3361 4998 Quod
3402 4945 3501 4986 ne-

1906 5028 2170 5085 quaquam
2212 5023 2340 5084 puto
2379 5023 2582 5070 tantum
2621 5016 2801 5072 valere
2836 5017 3104 5087 potuisse,
3137 5019 3240 5075 nisi
3278 5021 3502 5091 alicujus

1902 5106 1985 5161 rei
2006 5105 2224 5175 majoris
2245 5122 2311 5161 ex
2332 5106 2434 5161 hac
2456 5106 2667 5167 inﬁrma
2687 5109 3013 5165 mortalitate
3037 5110 3310 5166 hominum
3334 5113 3502 5183 quod-

1904 5197 2027 5251 dam
2080 5206 2474 5254 sacramentum
2517 5199 2893 5268 adhiberetur,
2938 5204 3083 5272 quod
3127 5203 3501 5259 deserentibus

1904 5289 2211 5345 hominibus
2235 5297 2395 5361 atque
2421 5289 2475 5345 id
2502 5290 2797 5348 dissolvere
2822 5292 3181 5363 cupientibus,
3212 5295 3497 5352 inconcus-

1903 5398 2021 5439 sum
2048 5382 2149 5438 illis
2176 5389 2419 5437 maneret
2442 5381 2511 5437 ad
2536 5397 2770 5453 poenam.
2804 5384 3081 5454 Siquidem
3108 5386 3496 5443 interveniente

1903 5474 2133 5531 divortio
2160 5488 2270 5529 non
2295 5473 2539 5529 aboletur
2568 5474 2657 5529 illa
2686 5474 3074 5533 confoederatio
3097 5479 3347 5549 nuptialis
3376 5497 3389 5531 :
3418 5478 3492 5532 ita

1904 5574 1962 5622 ut
1989 5565 2090 5621 sibi
2118 5566 2372 5636 conjuch
2402 5566 2527 5632 sint,
2558 5567 2717 5622 etiam
2744 5568 3004 5637 separati;
3032 5583 3152 5624 cum
3180 5569 3282 5624 illis
3310 5577 3492 5623 autem

1903 5659 2221 5715 adulterium
2267 5658 2633 5724 committant,
2681 5661 2875 5729 quibus
2923 5662 3121 5720 iuerint
3164 5665 3325 5721 etiam
3373 5678 3497 5740 post

1969 5799 1986 5829 ι
2021 5794 2127 5847 Sola
2140 5794 2247 5845 fere
2270 5794 2419 5845 editio
2440 5800 2570 5854 Lov.,
2592 5790 2763 5855 seipse.

1974 5885 1997 5918 ι
2019 5888 2198 5948 posset,
2220 5880 2360 5945 juxta
2380 5878 2529 5943 Lugd.
2592 5881 2656 5926 tt.
