3930 6368
522 390 628 471 διε

522 537 683 586 suum
710 516 987 594 repudium
1016 510 1284 587 copulati,
1330 507 1416 569 vel
1456 507 1547 565 illa
1575 506 1693 564 viro
1712 549 1728 574 ,
1758 504 1843 562 vel
1872 502 1961 560 ille
1990 516 2107 558 mu-

524 616 666 676 lieri.
690 615 800 673 Nec
827 622 1004 670 tamen
1032 609 1135 666 nisi
1160 608 1214 664 in
1239 606 1454 663 civitate
1479 603 1575 660 Dei
1604 602 1805 669 nostri,
1834 600 1887 655 in
1927 603 2111 654 monte

527 716 712 767 sancto
736 707 852 778 ejus
878 701 1047 777 (Psal.
1064 716 1227 765 xuvu,
1244 700 1324 771 2),
1341 698 1460 753 talis
1489 705 1571 752 est
1598 708 1756 750 causa
1773 707 1893 747 cum
1919 703 2106 745 uxore.

599 799 824 858 CAPUT
862 797 997 853 Vill.
1026 827 1096 837 ——
1116 793 1333 865 Repudii
1359 808 1479 847 usus
1504 789 1667 860 qualis
1697 785 1835 859 apud
1867 784 2109 853 Gentiles,

534 903 579 950 et
601 894 763 965 qualis
792 892 931 964 apud
955 889 1183 945 Judazos.
1216 886 1517 957 Conjugium
1554 884 1747 937 bonum
1763 888 1834 937 est
1864 894 2070 951 prorsus
2092 919 2109 947 ,

529 1000 633 1041 non
670 994 838 1039 autem
881 982 990 1037 sola
1030 979 1401 1050 comparatione
1436 973 1803 1048 fornicationis.
1847 970 2112 1027 Cmterum

534 1080 686 1135 aliter
715 1092 773 1133 se
804 1075 1000 1131 habere
1019 1074 1139 1144 jura
1166 1070 1476 1135 Gentilium,
1505 1068 1623 1139 quis
1649 1067 1889 1137 ignorat;
1918 1063 2008 1118 ubi
2034 1060 2116 1116 in-

533 1171 792 1243 terposito
812 1168 1054 1240 repudio,
1084 1167 1200 1222 sine
1227 1172 1378 1221 reatu
1401 1163 1580 1232 aliquo
1601 1157 1817 1214 ultionis
1843 1156 2114 1221 humanae,

532 1272 587 1321 et
622 1263 707 1318 illa
734 1261 819 1317 cui
846 1258 1074 1315 voluerit
1098 1258 1267 1323 nubit,
1303 1263 1356 1310 et
1381 1254 1471 1309 ille
1498 1266 1655 1323 quam
1684 1250 1909 1305 voluerit
1931 1245 2117 1303 ducit?

535 1356 631 1415 Cui
658 1354 1025 1413 consuetudini
1064 1350 1238 1407 simile
1266 1348 1483 1420 aliquid,
1511 1352 1727 1418 propter
1755 1339 2116 1398 Israelitarum

535 1451 805 1517 duritiam,
832 1448 1040 1503 videtur
1064 1444 1370 1517 permisisse
1391 1441 1600 1514 Moyses
1621 1438 1689 1494 de
1710 1436 1887 1493 libello
1908 1433 2119 1505 repudii

539 1544 716 1617 (Deut.
750 1558 896 1608 xxiv,
926 1541 988 1607 i;
1024 1539 1211 1595 Matth.
1235 1553 1344 1604 xrx,
1371 1535 1451 1608 8).
1474 1536 1587 1603 Qua
1619 1534 1673 1588 in
1701 1548 1761 1589 re
1780 1526 2120 1603 exprobratio

537 1644 696 1710 quam
727 1635 1038 1708 a‘pprobatio
1066 1632 1279 1689 divortii
1307 1630 1476 1702 magis
1506 1634 1745 1700 apparet.

608 1730 662 1786 8.
703 1721 1042 1784 Honorabiles
1058 1741 1185 1798 ergo
1211 1714 1400 1795 nuptiae
1419 1723 1472 1776 in
1489 1721 1739 1788 omnibus,
1768 1726 1813 1773 et
1834 1718 2006 1772 thorus
2025 1716 2124 1769 im-

539 1818 822 1877 maculatus
858 1820 1042 1893 (Hebr.
1071 1835 1189 1884 xm,
1221 1817 1298 1889 4).
1328 1815 1481 1884 Quod
1515 1830 1620 1870 non
1648 1814 1726 1870 sic
1755 1813 1984 1869 dicimus
2024 1811 2123 1865 bo;

540 1931 690 1981 num,
712 1926 769 1970 ut
792 1916 842 1969 in
862 1912 1226 1969 fornicationis
1242 1909 1639 1979 comparatione
1661 1910 1729 1964 sit
1745 1907 1975 1972 bonum;
1995 1903 2127 1959 alio-

541 2010 667 2080 quin
688 2008 792 2063 duo
814 2006 949 2063 mala
976 2014 1152 2071 erunt,
1186 2018 1412 2075 quorum
1438 2002 1661 2056 alterum
1684 2000 1833 2071 pejus
1862 2015 1875 2052 :
1906 2006 1997 2053 aut
2025 1996 2123 2052 bo-

544 2115 672 2155 num
698 2099 799 2155 erit
820 2108 874 2153 et
900 2097 1199 2163 fornicatio,
1225 2095 1349 2167 quia
1371 2100 1454 2149 est
1475 2092 1627 2163 pejus
1651 2090 2011 2154 adulterium;
2037 2102 2128 2159 pe-

538 2192 627 2264 jus
668 2202 746 2249 est
779 2191 921 2247 enim
964 2191 1196 2246 alienum
1245 2187 1646 2243 matrimonium
1690 2184 1926 2249 violare,
1969 2197 2128 2253 quam

542 2286 810 2345 meretrici
843 2286 1118 2341 adhaerere
1153 2302 1166 2339 :
1199 2290 1251 2338 et
1280 2282 1479 2337 bonum
1521 2278 1860 2341 adulterium,
1892 2273 2016 2346 quia
2047 2280 2131 2330 est

542 2381 692 2453 pejor
720 2380 987 2445 incestus;
1019 2376 1169 2448 pejus
1194 2382 1273 2430 est
1302 2374 1445 2429 enim
1476 2388 1597 2427 cum
1625 2379 1797 2425 matre
1818 2384 1979 2440 quam
2008 2383 2131 2423 eum

545 2473 719 2527 aliena
756 2486 921 2525 uxore
950 2468 1308 2523 concumbere
1339 2484 1351 2520 :
1385 2474 1439 2521 et
1462 2464 1633 2519 donec
1662 2463 1729 2517 ad
1757 2478 1819 2517 ea
1846 2461 2129 2536 pervenia-

546 2573 652 2631 tur,
685 2578 837 2634 qute,
884 2562 1020 2616 sicut
1049 2558 1338 2629 Apostolus
1362 2558 1454 2621 ait,
1489 2565 1636 2626 turpe
1673 2562 1745 2608 est
1783 2554 1935 2608 etiam
1970 2552 2135 2607 dicere

548 2655 784 2727 (Ep/tes.
816 2670 869 2718 v,
904 2652 1025 2724 i2),
1068 2650 1248 2706 omnia
1276 2649 1412 2704 bona
1442 2657 1599 2703 erunt
1639 2646 1692 2701 in
1734 2643 2135 2716 comparatione

546 2748 810 2820 peiorum.
858 2746 970 2802 Hoc
999 2754 1178 2801 autem
1211 2742 1398 2798 falsum
1438 2755 1560 2797 esse
1596 2740 1714 2811 quis
1746 2737 1991 2795 dubitet?
2014 2736 2137 2793 Non

549 2858 677 2913 ergo
708 2842 813 2897 duo
840 2841 978 2897 mala
1007 2848 1131 2895 sunt
1161 2836 1485 2895 connubium
1507 2844 1561 2891 et
1580 2834 1881 2900 fornicatio,
1908 2847 2136 2903 quorum

549 2937 776 2993 alterum
806 2934 991 3006 pejus;
1021 2933 1115 2989 sed
1136 2931 1242 2988 duo
1269 2932 1405 2989 bona
1429 2938 1551 2987 sunt
1579 2926 1903 2985 connubium
1930 2935 1983 2982 et
2004 2942 2136 2981 con-

553 3028 794 3094 tinentia,
828 3040 1052 3097 quorum
1083 3025 1307 3080 alterum
1336 3032 1418 3078 est
1444 3021 1655 3078 melius.
1688 3018 1837 3076 Sicut
1867 3019 1967 3074 ista
1998 3027 2136 3074 tem-

552 3120 750 3192 poralis
792 3119 992 3175 sanitas
1035 3127 1089 3174 et
1129 3116 1466 3173 imbecillitas
1508 3128 1617 3169 non
1657 3120 1782 3168 sunt
1818 3110 1925 3167 duo
1976 3112 2135 3176 mala,

552 3226 777 3285 quorum
806 3210 1033 3266 alterum
1061 3208 1247 3280 pejus;
1276 3206 1370 3262 sed
1401 3207 1501 3261 ista
1542 3203 1744 3261 sanitas
1772 3210 1827 3259 et
1864 3202 2141 3257 immorta-

551 3304 672 3360 litas
716 3302 822 3358 duo
862 3301 999 3357 bona
1030 3308 1174 3368 sunt,
1207 3313 1430 3367 quorum
1474 3296 1701 3351 alterum
1748 3295 1957 3350 melius.
2007 3293 2141 3348 Item

550 3393 770 3450 scientia
793 3400 846 3449 et
881 3392 1088 3447 vanitas
1122 3406 1228 3447 non
1246 3389 1352 3445 duo
1368 3388 1505 3443 mala
1529 3396 1670 3455 sunt,
1693 3402 1917 3459 quorum
1934 3387 2142 3442 vanitas

550 3490 704 3562 pejus
726 3507 740 3555 ;
771 3489 864 3545 sed
886 3489 1104 3545 scientia
1139 3495 1194 3543 et
1230 3483 1461 3541 Charitas
1477 3483 1582 3538 duo
1596 3481 1732 3539 bona
1751 3490 1893 3550 sunt,
1913 3496 2141 3552 quorum

551 3583 785 3639 Charitas
807 3583 1016 3637 melius.
1034 3580 1273 3649 Namque
1290 3577 1495 3633 scientia
1508 3576 1807 3639 destruetur,
1823 3573 1896 3628 ait
1918 3575 2145 3643 Aposto-

552 3674 659 3740 lus;
677 3681 919 3728 ettamcn
936 3673 1061 3725 huic
1082 3670 1308 3740 tempori
1334 3666 1631 3724 necessaria
1646 3674 1728 3721 est
1760 3682 1773 3718 :
1804 3665 2025 3719 charitas
2048 3679 2145 3720 au-

557 3774 665 3822 tem
683 3778 939 3830 nunquam
960 3760 1103 3814 cadet
1129 3757 1171 3831 (l
1192 3759 1307 3813 Cor.
1338 3773 1458 3823 xui,
1488 3756 1567 3825 8).
1594 3755 1683 3811 Sic
1702 3764 1756 3809 et
1781 3755 2021 3809 mortalis
2047 3755 2147 3810 ista

557 3854 851 3928 generatio,
895 3859 1112 3925 propter
1138 3865 1297 3920 quam
1329 3846 2047 3918 fiuntnuptiar,dcstruetur;
2080 3846 2148 3902 ab

559 3948 707 4004 omni
755 3953 930 4000 autem
985 3942 1271 3999 concubitu
1318 3937 1655 4006 immunitas,
1694 3948 1748 3995 et
1789 3939 1875 3995 hic
1912 3940 2149 4011 angelica

560 4037 836 4096 meditatio
864 4044 966 4104 est,
1005 4043 1059 4091 et
1082 4043 1361 4106 permanet
1402 4033 1455 4088 in
1487 4039 1768 4088 aeternum.
1798 4033 1948 4089 Sicut
1973 4042 2150 4088 autem

554 4130 772 4203 jejuniis
803 4128 1184 4197 sacrilegorum
1208 4124 1430 4181 meliora
1462 4133 1587 4181 sunt
1614 4124 1832 4195 prandia
1860 4125 2149 4195 justorum;

562 4222 635 4279 ita
677 4220 876 4293 nuptiae
925 4220 1161 4275 fidelium
1206 4217 1493 4288 virginitati
1535 4224 1933 4287 anteponuntur
1962 4218 2153 4289 impia-

563 4332 683 4373 rum
706 4314 746 4372 ί.
775 4314 1161 4371 Verumtamen
1184 4326 1359 4383 neque
1392 4310 1465 4367 ibi
1502 4309 1782 4382 prandium
1803 4309 2031 4381 jejunio,
2060 4309 2157 4365 sed

558 4407 769 4481 justitia
807 4405 1121 4477 sacrilegio;
1160 4418 1336 4473 neque
1365 4401 1453 4458 bic
1482 4401 1679 4473 nuptiae
1718 4400 2029 4472 virginitati,
2060 4399 2159 4456 scd

566 4501 700 4559 ﬁdes
744 4497 1002 4570 impietati
1050 4494 1362 4567 praefertur.
1406 4492 1487 4548 Ad
1530 4494 1633 4548 hoc
1680 4494 1820 4548 enim
1859 4491 1992 4563 justi
2035 4508 2157 4548 cum

568 4608 703 4665 opus
730 4599 815 4648 est
840 4588 1121 4662 prandent,
1152 4596 1208 4642 ut
1241 4595 1491 4658 tanquam
1514 4585 1642 4641 boni
1673 4585 1875 4639 domini
1904 4582 2047 4654 quod
2069 4582 2160 4653 ju-

571 4694 714 4743 stum
752 4693 805 4741 et
834 4696 1044 4753 aequum
1089 4688 1171 4736 est
1204 4680 1373 4735 servis
1402 4677 1715 4749 corporibus
1746 4675 2017 4747 praebeant
2048 4693 2059 4730 :
2093 4676 2161 4732 ad

571 4776 678 4834 hoc
703 4782 880 4831 autem
907 4771 1149 4842 sacrilegi
1166 4770 1427 4842 jejunant,
1461 4778 1519 4824 ut
1538 4768 1876 4825 dtemonibus
1902 4769 2158 4824 serviant.

574 4867 667 4925 Sic
694 4866 761 4922 ad
786 4867 889 4922 hoc
912 4863 1117 4920 nubunt
1139 4862 1345 4932 fideles,
1370 4871 1426 4917 ut
1454 4861 1659 4916 maritis
1680 4861 1873 4932 pudice
1902 4862 2160 4933 copulen-

575 4968 665 5015 tur
697 4978 709 5014 :
743 4957 808 5013 ad
844 4956 947 5011 hoc
984 4964 1162 5010 autem
1208 4963 1334 5009 sunt
1369 4953 1601 5025 virgines
1640 4954 1843 5023 impiae,
1878 4960 1938 5008 ut
1976 4969 2005 5007 a
2036 4969 2163 5008 vero

576 5052 690 5107 Deo
717 5049 1061 5104 l‘ornicentur.
1095 5045 1244 5102 Sicut
1278 5062 1405 5118 ergo
1430 5046 1628 5101 bonum
1650 5054 1766 5101 erat
1790 5046 1935 5117 quod
1960 5046 2165 5101 Martha

576 5143 828 5208 faciebat,
855 5149 1109 5210 occupata
1143 5140 1283 5196 circa
1319 5137 1675 5194 ministerium
1712 5147 2039 5203 sanctorum,
2071 5138 2165 5192 sed

578 5236 769 5292 melius
798 5233 941 5307 quod
972 5232 1130 5287 Maria
1158 5247 1311 5288 soror
1340 5231 1455 5302 ejus
1484 5229 1678 5286 sedens
1705 5229 1770 5285 ad
1795 5230 1956 5301 pedes
1987 5231 2162 5284 Domi-

580 5328 657 5393 ni,
690 5338 739 5383 et
771 5326 991 5382 audiens
1018 5326 1239 5381 verbum
1263 5325 1378 5396 ejus
1396 5308 1424 5357 ἰ’
1446 5322 1593 5395 (Luc.
1623 5340 1679 5391 ις,
1711 5321 1897 5394 59-49.)
1929 5341 1940 5377 :
1976 5322 2045 5377 ita
2068 5323 2166 5378 bo-

579 5433 708 5475 num
732 5415 991 5473 Susannae
1015 5417 1067 5471 in
1101 5415 1366 5487 eonjugali
1401 5414 1645 5470 castitate
1677 5414 1955 5469 laudamus
1983 5414 2002 5486 (
2028 5412 2164 5468 Dan.

579 5509 735 5584 xm);
764 5508 859 5566 sed
889 5518 1066 5565 tamen
1094 5510 1142 5564 ei
1168 5508 1367 5564 bonum
1394 5505 1566 5562 vidua:
1595 5506 1764 5561 Annae
1795 5505 1947 5577 (Luc.
1989 5523 2045 5576 ιι,
2078 5507 2166 5575 56,

579 5604 649 5661 57
680 5604 700 5676 )
732 5616 865 5673 ,ηειε
922 5600 1089 5657 multo
1156 5599 1321 5672 magis
1374 5598 1555 5655 Mariae
1606 5598 1827 5671 virginis
1888 5599 2169 5671 anteponi-

652 5811 826 5875 ξων..
849 5809 1107 5875 impiorum
1130 5822 1147 5859 :
1170 5809 1572 5862 dissentientibus
1606 5809 1751 5871 editis
1773 5809 1877 5861 aliis
1895 5820 1947 5863 et
1968 5820 2073 5863 MSS.

589 5869 928 5992 rezegilgses’qla'
946 5873 1094 5924 editio
1125 5881 1232 5926 Lov.
1269 5875 1429 5938 addit,
1481 5890 1592 5930 eum
1632 5869 1741 5927 eum
1783 5874 1937 5929 amba:
1970 5872 2173 5941 hospitia

1553 394 1645 453 DE
1682 391 1865 451 ΒΟΝο
1902 383 2293 451 CONJUGALI,
2334 384 2392 443 S.
2431 383 2799 443 AUGUSTINI
3641 393 3725 456 530

2218 511 2336 554 mus
2362 497 2513 557 (Luc.
2542 514 2582 566 ι,
2609 498 2725 569 27).
2756 496 2963 553 Bonum
2986 502 3102 553 erat
3131 496 3269 569 quod
3284 497 3545 572 faciebant,
3558 518 3657 577 quae
3678 509 3731 568 de

2216 592 2510 648 substantia
2543 606 2639 648 sua
2679 591 2895 648 Christo
2934 606 2997 648 ac
3032 590 3301 663 discipulis
3334 595 3445 665 ejus
3485 603 3730 660 necessaria

2215 686 2616 752 ministrabant;
2648 685 2743 742 sed
2770 686 2964 741 melius
2991 684 3080 757 qui
3112 699 3319 741 omnem
3348 703 3489 743 suam
3528 691 3731 750 substan-

2216 778 2345 832 tiam
2372 777 2721 845 dimiserunt,
2754 785 2813 832 ut
2850 775 3208 847 expeditiores
3237 778 3477 833 eumdem
3506 780 3735 843 Dominum

2217 877 2587 941 sequerentur.
2619 868 2679 923 In
2707 869 2791 925 his
2819 879 2996 924 autem
3026 869 3166 925 binis
3192 869 3364 935 bonis,
3397 871 3502 927 sive
3528 888 3627 943 quae
3648 876 3733 945 isti,

2218 961 2333 1018 sive
2357 976 2476 1043 qua;
2505 960 2709 1015 Martha
2746 968 2801 1016 et
2828 959 2990 1015 Maria
3021 959 3315 1025 faciebant,
3342 959 3456 1018 fieri
3478 977 3574 1016 non
3598 974 3737 1033 posset

2220 1054 2362 1125 quod
2400 1054 2589 1109 melius
2614 1062 2725 1119 est,
2753 1052 2858 1108 nisi
2892 1055 3063 1109 altero
3095 1052 3446 1123 prmtermisso
3473 1063 3555 1109 aut
3576 1057 3736 1111 relicto.

2226 1142 2373 1201 Unde
2402 1142 2801 1215 intelligendum
2829 1150 2913 1198 est
2958 1157 3065 1198 non
3109 1141 3229 1197 ideo
3260 1143 3454 1198 malum
3494 1146 3729 1213 putandum

2221 1250 2343 1293 esse
2364 1237 2594 1308 nuptias,
2624 1237 2746 1306 quia
2788 1236 2889 1291 nisi
2924 1236 2989 1291 ab
3018 1236 3098 1292 eis
3122 1235 3460 1303 abstineatur,
3491 1253 3584 1291 non
3606 1246 3740 1307 potest

2222 1327 2407 1384 haberi
2432 1327 2660 1382 vidualis
2686 1326 2901 1382 castitas
2939 1334 3031 1381 aut
3067 1326 3344 1397 virginalis
3372 1328 3635 1398 integritas.
3659 1329 3742 1383 Ne-

2222 1434 2328 1490 que
2349 1418 2491 1475 enim
2515 1418 2635 1473 ideo
2658 1417 2857 1472 malum
2879 1425 2994 1473 erat
3018 1418 3161 1489 quod
3185 1418 3387 1474 Martha
3411 1418 3630 1487 faciebat,
3651 1420 3743 1491 quia

2223 1511 2327 1568 nisi
2354 1510 2478 1567 inde
2507 1511 2802 1567 abstineret
2827 1525 2980 1565 soror
3000 1511 3138 1581 ejus,
3168 1526 3279 1566 non
3306 1510 3496 1567 faceret
3518 1511 3637 1581 quod
3658 1528 3744 1567 me-

2223 1602 2326 1659 lius
2355 1612 2470 1658 erat
2498 1621 2512 1658 :
2544 1612 2634 1659 aut
2678 1602 2798 1659 ideo
2842 1603 3041 1658 malum
3071 1611 3155 1658 est
3179 1604 3446 1673 suscipere
3481 1603 3653 1673 justum
3679 1607 3744 1657 aut

2225 1696 2541 1768 prOphetam
2566 1696 2617 1750 in
2650 1695 2868 1751 domum
2893 1710 3066 1761 suam,
3091 1695 3216 1766 quia
3247 1710 3348 1750 nec
3375 1693 3571 1750 domum
3597 1694 3747 1749 habere

2226 1789 2405 1857 debet,
2438 1797 2497 1844 ut
2522 1788 2662 1861 quod
2710 1788 2903 1845 melius
2944 1796 3028 1845 est
3068 1787 3253 1855 faciat,
3286 1787 3377 1859 qui
3400 1788 3506 1843 vult
3527 1787 3585 1843 ad
3616 1786 3746 1857 perfe-

2227 1880 2458 1936 ctionem
2488 1879 2759 1935 Christum
2787 1880 2955 1951 sequi.

2301 1971 2527 2028 CAPUT
2566 1970 2658 2025 1x.
2689 1999 2761 2012 -η
2788 1969 2842 2026 9.
2890 1970 3199 2043 Confugium
3238 1972 3421 2027 bonum
3462 1978 3527 2025 est
3561 1986 3645 2025 non
3679 1967 3746 2021 nisi

2233 2076 2439 2138 prapter
2464 2066 2606 2120 aliud
2632 2066 2986 2136 expetendum.
3013 2065 3264 2138 Canjugio
3285 2065 3357 2119 uti
3380 2063 3587 2119 debuisse
3601 2068 3746 2117 sanctos

2234 2158 2410 2230 primis
2449 2156 2754 2227 temporibus
2789 2173 2808 2212 :
2849 2173 2981 2211 nunc
3019 2156 3391 2229 prwfereudam
3415 2172 3513 2211 esse
3544 2154 3746 2209 continea-

2236 2251 2379 2306 tiam.
2409 2250 2549 2306 Sane
2574 2249 2862 2305 videndum
2885 2257 2986 2315 est,
3012 2250 3113 2304 alia
3139 2249 3283 2305 bona
3306 2249 3453 2305 nobis
3479 2249 3622 2305 Deum
3643 2246 3747 2313 dare,

2234 2359 2355 2415 quae
2376 2350 2593 2414 propter
2634 2355 2691 2397 se
2716 2342 2828 2411 ipsa
2854 2341 3151 2411 expetenda
3177 2351 3327 2408 sunt,
3355 2342 3485 2396 sicut
3508 2346 3578 2395 est
3600 2338 3751 2407 sapien-

2237 2438 2332 2504 tia,
2364 2436 2528 2501 salus,
2560 2434 2823 2501 amicitia;
2851 2433 2953 2488 alia
2976 2449 3095 2505 quae
3119 2443 3345 2504 propter
3369 2430 3551 2503 aliquid
3572 2437 3670 2487 sunt
3690 2442 3753 2483 ne-

2236 2528 2492 2592 cessaria,
2518 2526 2655 2581 sicut
2681 2525 2945 2591 doctrina,
2971 2526 3143 2592 cibus,
3166 2535 3353 2596 potus,
3381 2538 3597 2590 somnus,
3619 2518 3753 2588 conju-

2237 2621 2384 2693 gium
2405 2662 2419 2687 ,
2450 2620 2790 2674 concubitus.
2837 2618 3038 2673 Horum
3071 2618 3214 2673 cnim
3272 2616 3502 2689 quaedam
3528 2609 3754 2669 necessaria

2240 2720 2367 2769 sunt
2388 2719 2607 2783 propter
2626 2709 2964 2780 sapientiam,
2990 2710 3126 2766 sicut
3149 2708 3425 2787 doctrina;
3448 2706 3654 2779 quaedam
3671 2715 3755 2772 pro-

2242 2813 2362 2877 pter
2386 2805 2640 2871 salutem,
2665 2803 2803 2857 sicut
2824 2802 3006 2871 cibus,
3036 2810 3092 2858 et
3119 2808 3308 2873 potus,
3336 2812 3389 2858 et
3414 2812 3632 2861 somnus,
3656 2807 3754 2864 qua

2243 2897 2365 2953 dam
2394 2902 2616 2966 propter
2644 2895 2953 2962 amicitiam,
2979 2895 3118 2950 sicut
3141 2895 3349 2965 nuptiae
3373 2893 3453 2949 vel
3478 2888 3753 2947 concubitus:

2243 2988 2369 3044 hinc
2392 2987 2535 3043 enim
2560 2986 2805 3041 subsistit
2826 2987 3138 3057 propagatio
3157 2987 3377 3057 generis
3400 2982 3612 3047 humani,
3628 2979 3667 3034 in
3684 2988 3754 3047 quo

2244 3081 2476 3138 societas
2505 3079 2746 3134 amicalis
2771 3093 3021 3150 magnum
3050 3079 3259 3134 bonum
3288 3086 3386 3134 est.
3420 3077 3504 3132 His
3527 3076 3671 3143 itaque
3688 3069 3757 3125 bo-

2245 3175 2331 3229 nis
2356 3188 2474 3245 quae
2500 3181 2717 3242 propter
2736 3171 2881 3225 aliud
2910 3171 3212 3227 necessaria
3247 3179 3392 3238 sunt,
3418 3168 3503 3240 qui
3522 3181 3610 3223 non
3625 3163 3676 3218 ad
3690 3160 3758 3215 hoc

2246 3268 2417 3324 utitur
2447 3272 2666 3336 propter
2691 3264 2834 3334 quod
2875 3264 3117 3319 instituta
3147 3272 3315 3331 sunt,
3345 3268 3537 3335 peccat,
3572 3258 3676 3314 alias
3695 3267 3759 3307 re

2247 3359 2479 3422 nialiter,
2512 3357 2643 3411 alias
2673 3355 3072 3411 damnabiliter.
3094 3354 3356 3426 Quisquis
3375 3368 3495 3409 vero
3516 3351 3585 3406 eis
3605 3352 3763 3419 propter

2248 3450 2353 3505 hoc
2391 3448 2594 3513 utitur,
2628 3454 2849 3515 propter
2877 3444 3021 3515 quod
3067 3444 3189 3500 data
3239 3454 3388 3513 sunt,
3416 3445 3541 3501 bene
3563 3439 3677 3496 facit.
3696 3432 3763 3488 Cui

2249 3556 2380 3612 ergo
2428 3555 2534 3594 non
2577 3548 2703 3594 sunt
2742 3538 3077 3606 necessaria,
3116 3538 3161 3593 si
3190 3553 3305 3594 non
3335 3540 3414 3595 eis
3440 3536 3604 3599 utitur,
3628 3526 3765 3585 melius

2249 3632 2396 3687 facit.
2426 3630 2660 3685 Proinde
2684 3630 2785 3685 ista
2809 3629 2948 3685 bona
2980 3644 3100 3684 cum
3124 3644 3267 3700 opus
3297 3630 3557 3694 habemus,
3579 3624 3687 3679 bene
3704 3631 3766 3671 vo-

2250 3725 2429 3780 lumus
2460 3739 2475 3777 :
2509 3721 2605 3777 sed
2631 3722 2820 3777 melius
2844 3736 2907 3775 ea
2951 3721 3200 3777 nolumus
3223 3737 3388 3793 quam
3414 3720 3658 3779 volumus;
3680 3706 3766 3781 quia

2253 3823 2379 3871 tunc
2410 3815 2601 3871 melius
2621 3827 2721 3869 nos
2751 3814 3031 3880 habemus,
3064 3828 3185 3868 cum
3214 3828 3286 3870 ea
3316 3812 3593 3869 necessaria
3612 3802 3770 3862 nonha

2252 3907 2463 3963 bemus.
2492 3905 2571 3961 Ac
2609 3920 2706 3975 per
2738 3904 2840 3959 hoc
2878 3904 3076 3959 bonum
3122 3913 3205 3960 est
3245 3906 3474 3971 nubere,
3500 3901 3607 3973 quia
3632 3898 3770 3952 bonum

2254 4010 2338 4056 est
2368 3998 2505 4055 filios
2546 4012 2829 4069 procreare
2851 4038 2866 4065 ,
2900 3996 3363 4055 matremfamilias
3398 4011 3511 4054 esse
3534 3994 3579 4065 (Ι
3614 3990 3771 4049 Tini-Vt

2258 4092 2369 4164 i4)
2406 4105 2421 4145 :
2450 4091 2545 4148 sed
2574 4091 2769 4147 melius
2799 4098 2881 4146 est
2908 4105 3015 4146 non
3042 4091 3271 4160 nubere,
3300 4092 3420 4163 quia
3454 4089 3623 4146 melius
3648 4090 3710 4138 est
3728 4074 3772 4130 ad

2257 4184 2427 4255 ipsam
2456 4184 2745 4238 humanam
2774 4183 3087 4239 societatem
3116 4181 3219 4239 hoc
3248 4199 3412 4256 opere
3438 4196 3537 4238 non
3561 4189 3702 4248 egere.
3725 4169 3775 4224 In

2258 4274 2404 4330 enim
2423 4273 2536 4344 jam
2569 4286 2689 4328 sese
2715 4272 2877 4328 habet
2902 4272 3194 4329 humanum
3234 4290 3422 4346 genus,
3454 4281 3507 4330 ut
3530 4270 3631 4326 aliis
3650 4264 3775 4336 quise

2260 4380 2370 4423 non
2396 4364 2693 4432 continent,
2716 4380 2824 4420 non
2862 4367 3035 4420 solum
3079 4381 3179 4436 per
3195 4369 3413 4439 nuptias
3440 4361 3689 4437 occupatis,
3712 4351 3777 4411 sed

2262 4456 2451 4511 multis
2492 4456 2652 4511 etiam
2692 4468 2790 4524 per
2836 4455 3048 4510 illicitos
3085 4459 3404 4515 concubitus
3439 4451 3777 4515 luxuriantibus,

2262 4546 2405 4601 bono
2431 4545 2685 4600 Creatore
2710 4543 2778 4599 de
2817 4545 2971 4600 malis
3000 4561 3188 4602 eorum
3224 4548 3453 4606 faciente
3488 4546 3613 4620 quod
3637 4544 3780 4598 bonum

2263 4646 2369 4705 est,
2403 4651 2507 4691 non
2538 4636 2678 4692 desit
2706 4639 3060 4694 numerositas
3088 4641 3259 4710 prolis
3301 4652 3356 4699 et
3392 4636 3677 4699 abundantia
3698 4641 3779 4685 sac-

2264 4730 2545 4795 cessionis,
2570 4730 2712 4785 unde
2736 4738 2935 4787 sanctae
2957 4733 3204 4788 amicitiae
3225 4737 3611 4805 conquirantur.
3636 4728 3694 4783 Ex
3710 4732 3782 4791 (ιιιο

2266 4821 2555 4892 colligitur,
2587 4822 2773 4892 primis
2813 4824 3146 4893 temporibus
3178 4828 3393 4896 generis
3418 4822 3633 4889 humani,
3656 4811 3781 4873 maxi-

2266 4929 2354 4971 me
2383 4922 2602 4984 propter
2632 4914 2724 4969 Dei
2756 4916 3012 4986 populum
3039 4920 3471 4988 propagandum,
3497 4932 3585 4989 per
3607 4923 3728 4983 quem
3750 4912 3785 4957 et

2267 5005 2683 5079 prophetaretur
2724 5014 2780 5062 et
2837 5017 3146 5064 nasceretur
3194 5010 3449 5081 Princeps
3514 5015 3564 5062 et
3602 5003 3785 5060 Salvator

2269 5098 2507 5153 omnium
2537 5097 2854 5167 populorum
2876 5139 2891 5161 ,
2926 5099 3003 5154 uti
3042 5099 3293 5156 debuisse
3331 5109 3536 5158 sanctos
3564 5099 3681 5158 isto,
3711 5099 3786 5143 n0“

2272 5197 2492 5259 propter
2520 5202 2581 5244 se
2616 5189 2951 5259 expetendo,
2996 5191 3091 5247 sed
3126 5203 3346 5263 propter
3372 5192 3511 5249 aliud
3554 5176 3789 5243 necessario

2272 5282 2414 5336 bono
2459 5281 2763 5351 nuptiarum
2795 5300 2809 5337 :
2842 5298 2983 5338 nunc
3007 5299 3137 5340 vero
3179 5299 3299 5340 cum
3327 5284 3393 5339 ad
3434 5279 3684 5339 iucundam
3706 5281 3788 5323 san-

2272 5383 2413 5430 ctam
2462 5380 2519 5428 et
2570 5373 2834 5430 sinceram
2876 5376 3186 5432 societatem
3231 5376 3463 5446 undique
3504 5388 3564 5427 ex
3605 5360 3789 5421 omnibus-

2273 5464 2522 5536 gentibus
2553 5466 2709 5536 copia
2736 5467 3031 5537 spiritualis
3052 5468 3381 5539 cognationis
3405 5464 3654 5522 exuberet,
3674 5451 3789 5509 etiam

2276 5567 2497 5630 propter
2507 5559 2652 5615 solos
2672 5559 2806 5616 filios
2822 5562 3083 5617 connubia
3105 5563 3353 5633 copulare
3370 5559 3643 5629 cupientes,
3658 5556 3701 5601 ul
3713 5553 3789 5595 δην

2278 5651 2446 5722 pliore
2462 5652 2800 5709 centinentire
2817 5653 2957 5709 bono
2972 5654 3150 5724 potius
3166 5662 3377 5709 utantur
3388 5638 3676 5705 admonendi
3686 5637 3788 5689 sunt.

2350 5742 2573 5798 CAPUT
2613 5742 2685 5797 Χ.
2731 5775 2800 5784 -—
2854 5746 2940 5802 10.
3000 5746 3224 5817 Objectio
3273 5754 3446 5798 actura
3481 5726 3787 5796 continentiam

2285 5837 2435 5891 Nunc
2481 5839 2515 5890 ii
2557 5837 2653 5891 soli
2685 5840 2952 5909 conjugari
2993 5842 3198 5910 debent,
3229 5839 3315 5912 qui
3350 5854 3405 5893 se
3447 5851 3541 5891 non
3577 5822 3788 5885 cortina“-

2288 5932 2507 5999 Nttptt’as
2541 5953 2639 5994 non
2676 5955 2778 5995 esse
2803 5946 3083 6001 peccatum.
3117 5910 3377 6003 Nuptiaiis
3415 5924 3672 5989 concubitus
3693 5910 3793 5969 solut
