3930 6368
60 5590 99 5641 ὲτ

1570 352 1603 366 θ’
1622 353 1686 364 ινδ-ν
1700 358 1737 367 ».,

311 464 390 524 ω
778 408 797 425 ”
844 404 870 411 ﬂ
1685 448 1859 506 LIBEl

1976 447 2128 506 NUS.
2760 502 2761 505 η
2944 506 2947 507 ν
3456 464 3561 524 532

315 581 378 636 ille
400 572 571 647 estqui
595 573 652 643 ﬁt
683 586 848 627 causa
877 568 1173 641 generandi.
1202 566 1307 624 Sed
1338 566 1460 624 novi
1488 566 1578 638 qui
1616 580 1862 621 murmu-

312 682 435 729 rent:
464 667 597 737 Quid
638 666 716 733 si,
746 664 1035 735 inquiunt,
1078 677 1269 718 omnes
1314 661 1555 717 homines
1594 659 1760 716 velint
1799 659 1867 715 ab

306 764 423 820 omni
446 759 725 817 concubitu
755 756 1067 821 continere;
1102 753 1242 809 unde
1278 754 1533 809 subsistet
1572 767 1739 823 genus
1766 750 1866 805 liu-

304 855 525 913 manum?
545 852 763 909 Utinam
792 863 981 905 omnes
1008 848 1112 903 hoc
1130 847 1351 912 vellent,
1375 846 1629 901 duntaxat
1655 846 1708 899 in
1733 844 1864 899 elia—

302 952 433 1004 ritate
455 945 519 1001 de
544 944 710 1000 corde
751 956 890 1014 puro
916 949 970 995 et
1007 940 1332 995 conscientia
1378 939 1515 992 bona
1545 945 1601 992 et
1627 935 1731 991 ﬁde
1757 951 1865 992 non

302 1040 400 1094 ﬁcta
428 1036 612 1109 (lTim.
645 1050 681 1101 ι,
710 1032 767 1105 5)
788 1032 984 1088 :multo
1006 1031 1163 1087 citius
1177 1028 1858 1101 Deicivitascompleretur,

295 1142 345 1188 et
381 1130 761 1185 acceleraretur
806 1124 1068 1181 terminus
1104 1123 1303 1179 SiIECUli.
1355 1123 1492 1192 Quid
1532 1122 1676 1180 enim
1720 1122 1864 1178 aliud

295 1224 477 1279 hortari
498 1229 721 1292 apparet
744 1219 1091 1291 Apostolum,
1121 1217 1207 1273 ubi
1233 1219 1327 1285 ait,
1370 1232 1491 1272 cum
1520 1215 1643 1273 inde
1672 1216 1861 1287 loque-

288 1328 443 1383 retur,
478 1314 666 1369 Vellent
688 1330 860 1368 omnes
880 1328 988 1367 esse
1002 1312 1130 1366 sicut
1149 1327 1229 1364 me
1251 1309 1418 1380 ipsum
1434 1311 1460 1364 ?
1478 1310 1584 1364 Aut
1602 1308 1693 1364 illo
1713 1308 1859 1365 loco:

288 1407 395 1462 Hoc
422 1417 583 1461 autem
606 1406 741 1471 dico,
765 1409 948 1475 fratres
972 1419 992 1457 :
1012 1413 1205 1472 tempus
1233 1403 1375 1456 breue
1397 1410 1504 1468 est;
1524 1401 1771 1471 reliquum
1791 1408 1863 1455 est

283 1506 336 1553 ut
356 1508 400 1553 et
430 1499 479 1551 hi
507 1498 591 1569 qui
614 1498 799 1552 habent
826 1511 1042 1561 uxores,
1082 1503 1316 1563 tanquam
1342 1510 1443 1547 nou
1469 1492 1702 1546 habentes
1726 1492 1865 1558 sint;

281 1598 331 1644 et
357 1572 443 1651 aut
474 1574 615 1657 ﬂent,
652 1599 891 1660 tanquam
916 1603 1017 1641 non
1048 1588 1222 1656 ﬂentes
1240 1602 1262 1651 ,°
1285 1594 1332 1641 et
1366 1585 1451 1657 qui
1474 1585 1715 1656 gaudent,
1745 1593 1862 1639 tan-

282 1699 435 1757 quam
458 1699 556 1736 non
581 1683 889 1754 gaudentes;
918 1688 967 1734 et
989 1679 1077 1749 qui
1100 1686 1288 1744 emunt,
1313 1686 1551 1748 tanquam
1571 1693 1671 1731 non
1689 1693 1863 1732 emen-

288 1785 389 1832 tes:
417 1784 464 1829 et
495 1775 577 1845 qui
608 1782 820 1827 utuntur
846 1772 943 1825 hoc
968 1771 1176 1836 mundo,
1206 1778 1443 1841 tanquam
1468 1786 1569 1823 non
1607 1777 1814 1823 utantur
1840 1784 1863 1823 :

289 1868 507 1940 prieterit
532 1868 659 1920 enim
680 1866 845 1936 ﬁgura
869 1863 1022 1935 hujus
1053 1863 1247 1916 mundi.
1292 1860 1415 1916 Volo
1433 1878 1520 1916 vos
1544 1862 1651 1916 sine
1668 1861 1862 1916 sollici-

292 1957 470 2011 tudine
492 1973 605 2010 esse.
628 1955 821 2011 Deinde
851 1954 1121 2026 subiungit
1146 1973 1157 2007 :
1190 1955 1289 2021 Qui
1321 1956 1428 2009 sine
1451 1971 1608 2009 uxore
1632 1964 1703 2009 cst
1721 1996 1738 2023 ,
1778 1972 1863 2010 co-

298 2051 437 2124 gitat
471 2064 529 2104 ea
558 2063 659 2119 qua
696 2056 804 2101 sunt
839 2045 1081 2114 Domini,
1123 2047 1370 2116 quomodo
1395 2047 1592 2118 placeat
1620 2045 1858 2101 Domino.

311 2141 422 2210 Qui
446 2150 601 2196 autem
624 2139 921 2195 matrimonio
947 2140 1245 2206 coniunctus
1267 2148 1370 2206 est,
1400 2140 1585 2210 cogitat
1612 2154 1724 2208 qua:
1746 2147 1863 2194 sunt

306 2233 499 2299 mundi,
521 2235 753 2305 quomodo
776 2236 969 2307 placeat
999 2232 1168 2289 uxori.
1194 2230 1266 2286 Et
1292 2232 1453 2287 diuisa
1476 2241 1549 2288 est
1576 2233 1756 2288 mulier
1781 2233 1863 2288 in-

299 2338 459 2397 nupta
479 2337 525 2382 et
550 2328 710 2399 eirgo‘
739 2346 753 2381 :
782 2344 899 2401 quae
918 2329 1136 2400 innupta
1163 2336 1266 2398 est,
1306 2327 1525 2384 sollicita
1554 2336 1629 2384 est
1656 2345 1716 2383 ea
1751 2345 1864 2401 qua:

294 2430 411 2475 sunt
429 2420 641 2489 Domini,
670 2430 721 2475 ut
739 2425 803 2476 sit
822 2432 997 2477 sancta
1024 2431 1070 2476 et
1094 2439 1304 2494 corpore
1331 2430 1376 2476 et
1401 2422 1616 2492 spiritu;
1638 2436 1752 2495 qua:
1770 2438 1864 2479 au-

296 2519 389 2565 tem
410 2523 556 2583 nupta
590 2522 676 2577 est,
711 2514 931 2569 sollicita
962 2524 1035 2569 est
1069 2531 1183 2585 quce
1217 2523 1336 2569 sunt
1370 2515 1580 2583 mundi,
1610 2517 1862 2586 quomodo

294 2604 484 2673 placeat
506 2606 623 2658 viro.
656 2604 803 2661 Unde
827 2606 960 2660 mihi
986 2605 1195 2661 videtur
1215 2606 1318 2661 ltoc
1342 2615 1581 2677 tempore
1601 2608 1745 2663 solos
1767 2623 1861 2665 eos

297 2695 387 2764 qui
419 2710 473 2750 se
496 2712 594 2750 non
623 2698 930 2762 continent,
965 2698 1237 2768 coniugari
1269 2707 1537 2769 oportere,
1566 2700 1865 2756 secundum

249 2800 262 2805 '
304 2787 439 2841 illam
465 2788 687 2858 ejusdem
721 2789 951 2860 apostoli
991 2789 1311 2845 sententiam
1345 2808 1359 2844 :
1396 2790 1545 2858 Quod
1582 2792 1624 2846 si
1664 2808 1716 2847 se
1760 2808 1863 2848 non

308 2879 554 2945 eminent,
579 2882 805 2947 nubant;
828 2883 1004 2936 melius
1019 2890 1093 2936 est
1121 2883 1252 2936 enim
1281 2881 1465 2937 nubere
1483 2900 1634 2954 quam
1659 2886 1761 2938 uri.

382 2969 461 3024 11.
490 2970 583 3027 Nec
610 2973 739 3042 ipsis
767 2984 942 3028 tamen
974 2982 1249 3044 peccatum
1270 2984 1394 3032 sunt
1424 2977 1642 3046 nuptim,
1666 2993 1783 3048 qua:
1812 2978 1861 3034 si

312 3059 366 3115 in
385 3066 746 3133 comparatione
772 3065 1141 3122 fornicationis
1166 3067 1509 3141 eligerentur,
1542 3070 1717 3127 minus
1738 3085 1861 3141 pec-

308 3164 471 3210 catum
497 3168 657 3213 essent
698 3174 861 3228 quam
897 3158 1205 3227 fornicatio,
1234 3160 1329 3217 sed
1373 3170 1548 3218 tamen
1584 3174 1858 3233 peccatum

303 3257 488 3301 essent.
511 3248 648 3305 Nunc
671 3260 850 3305 autem
874 3249 1000 3321 quid
1026 3250 1219 3307 dicturi
1243 3266 1428 3308 sumus
1460 3253 1719 3310 adversus
1743 3256 1858 3312 evi-

296 3334 642 3395 dentissimam
670 3356 856 3397 vocem
883 3342 1124 3412 Apostoli
1164 3342 1388 3400 dicentis
1417 3363 1430 3398 :
1463 3345 1612 3413 Quod
1645 3346 1752 3402 uult
1780 3350 1860 3420 fa-

293 3429 432 3493 ciat;
456 3446 548 3484 non
567 3442 753 3502 peccat,
776 3433 821 3487 si
832 3433 1029 3497 nubat;
1055 3442 1128 3499 et,
1152 3433 1477 3506 Siacceperis
1498 3453 1725 3505 uxorem,
1755 3456 1860 3497 non

296 3522 542 3585 peccasti;
572 3530 614 3575 et
633 3522 677 3577 si
696 3526 923 3593 nupserit
952 3524 1111 3596 virgo,
1142 3542 1241 3581 non
1270 3536 1442 3597 peccat
1469 3528 1509 3599 (1
1542 3527 1659 3585 Cor.
1683 3546 1773 3599 vn,
1801 3532 1855 3599 7,

300 3604 650 3681 28-56).11inc
677 3623 823 3670 certe
844 3615 954 3685 iam
996 3616 1241 3673 dubitare
1283 3619 1362 3676 fas
1400 3636 1508 3676 non
1539 3632 1621 3677 est
1648 3626 1860 3694 nuptias

294 3713 407 3754 non
426 3716 533 3758 esse
554 3716 840 3774 peccatum.
866 3706 982 3769 Non
1012 3708 1190 3779 itaque
1217 3711 1429 3780 nuptias
1453 3715 1742 3769 secundum
1768 3731 1859 3772 ve-

286 3793 431 3848 niam
459 3796 688 3853 concedit
717 3799 1005 3869 Apostolus
1035 3816 1049 3856 :
1082 3814 1204 3855 nam
1234 3801 1352 3873 quis
1392 3804 1625 3875 ambigat
1666 3806 1859 3863 absur-

284 3880 496 3943 dissime
534 3888 635 3944 dici
683 3905 789 3945 non
829 3905 923 3947 eos
964 3906 1215 3962 peccasse
1254 3894 1450 3965 quibus
1475 3898 1629 3953 venia
1658 3899 1860 3957 datur?

284 3974 387 4031 Sed
416 3979 554 4034 illum
598 3983 939 4038 concubitum
987 3986 1281 4042 secundum
1324 3989 1534 4045 veniam
1576 3994 1855 4063 concedit,

286 4067 376 4135 qui
399 4068 447 4123 ﬁt
472 4086 561 4140 per
583 4073 1043 4144 incontinentiam,
1071 4091 1176 4132 non
1196 4078 1312 4134 sola
1336 4094 1494 4136 causa
1520 4087 1857 4155 procreandi,

285 4166 342 4211 et
381 4159 652 4230 aliquando
693 4165 837 4219 nulla
866 4180 1023 4221 causa
1065 4169 1417 4237 procreandi;
1462 4187 1622 4242 quem
1662 4177 1859 4246 nuptizc

276 4264 390 4305 non
435 4252 543 4309 ﬁeri
586 4264 809 4325 cogunt,
844 4258 938 4314 sed
984 4260 1185 4331 ignosci
1232 4261 1555 4332 impetrant:
1589 4266 1636 4321 si
1680 4275 1860 4326 tamen

275 4356 392 4397 non
414 4343 479 4398 ita
508 4345 573 4399 sit
604 4347 820 4412 nimius,
849 4357 910 4404 ut
942 4349 1197 4419 impediat
1215 4368 1335 4422 quae
1362 4356 1594 4424 seposita
1616 4373 1738 4415 esse
1761 4361 1859 4416 de-

275 4432 412 4491 bent
431 4446 663 4510 tempora
682 4441 887 4509 orandi,
912 4456 1015 4498 nec
1039 4444 1349 4501 immutetur
1374 4447 1424 4502 in
1450 4462 1573 4503 eum
1594 4467 1748 4506 usum
1770 4454 1859 4522 qui

274 4536 368 4581 est
387 4538 559 4585 contra
589 4538 857 4599 naturam,
887 4532 954 4589 de
977 4549 1084 4605 quo
1109 4537 1399 4606 Apostolus
1426 4547 1604 4596 tacere
1634 4557 1741 4597 non
1763 4558 1860 4614 po-

276 4619 415 4685 tuit,
455 4637 569 4678 cum
609 4622 676 4679 de
702 4626 1017 4696 corruptelis
1043 4628 1222 4684 nimiis
1250 4632 1648 4689 immundorum
1670 4645 1726 4692 et
1754 4637 1856 4691 im-
1904 4618 1919 4635 ’

280 4710 482 4779 piorum
510 4715 786 4771 hominum
816 4719 1123 4789 loqueretur
1151 4720 1338 4791 (Rom.
1373 4740 1411 4787 ι.
1441 4725 1532 4793 26,
1560 4726 1627 4781 27
1651 4726 1693 4797 ).
1721 4728 1862 4784 Con—

281 4803 485 4862 cubitus
509 4808 651 4863 enim
682 4812 1015 4866 necessarius
1039 4827 1197 4868 causa
1223 4816 1534 4885 generandi,
1563 4818 1858 4889 inculpabi-

281 4890 350 4949 lis
393 4906 443 4952 et
475 4899 617 4955 solus
658 4901 771 4971 ipse
818 4903 1067 4973 nuptialis
1097 4914 1198 4961 est.
1242 4906 1337 4962 Ille
1379 4916 1555 4964 autem
1592 4912 1681 4982 qui
1719 4914 1857 4970 ultra

285 4982 433 5042 istam
460 4992 829 5049 necessitatem
858 4996 1215 5067 progreditur,
1243 4997 1355 5068 iam
1386 5016 1490 5056 non
1521 5003 1733 5070 rationi,
1760 5007 1857 5062 sed

226 5157 237 5166 .
288 5074 481 5136 libidini
506 5084 836 5156 obsequitur.
878 5088 950 5142 Et
981 5089 1121 5145 hunc
1146 5098 1326 5148 tamen
1356 5108 1460 5148 non
1493 5096 1725 5167 exigere,
1760 5100 1857 5158 sed

288 5171 501 5230 reddere
534 5178 768 5249 coniugi,
811 5195 879 5236 ne
908 5180 1220 5238 fornicando
1251 5184 1624 5244 damnabiliter
1649 5202 1853 5260 peccet,

291 5260 351 5315 ad
369 5279 637 5333 personam
656 5272 889 5343 pertinet
908 5273 1263 5344 coniugalem.
1287 5274 1345 5331 Si
1375 5286 1550 5333 autem
1576 5281 1736 5337 ambo
1759 5284 1854 5339 tali

293 5360 716 5429 concupiscentia:
763 5364 1101 5435 subiguntur,
1143 5381 1261 5422 rem
1314 5367 1515 5425 faciunt
1553 5385 1661 5427 non
1696 5374 1856 5443 plane

297 5450 593 5516 nuptiarum.
624 5456 1003 5515 Verumtamen
1029 5459 1075 5515 si
1095 5459 1265 5531 magis
1290 5460 1342 5516 in
1368 5477 1461 5517 sua
1481 5465 1856 5535 conjunctione

556 5585 759 5660 μεθείω
780 5590 996 5660 omnium
1021 5591 1129 5660 fere
1151 5598 1377 5660 veterum
1399 5603 1510 5660 Mss.
1531 5596 1770 5660 explicata
1793 5600 1855 5652 ab

626 5649 749 5722 iilujo
765 5652 830 5702 de
852 5660 1018 5722 Sancta
1044 5657 1349 5722 virginitate,
1364 5671 1467 5720 cap.
1492 5658 1570 5719 22,
1590 5645 1854 5714 ἐιῖηἰῖδῖιῦ

294 5700 351 5781 9°.
362 5700 479 5781 .3090
507 5711 767 5781 Viduitate.
806 5700 1018 5781 caici?
1028 5700 1476 5781 (insanimus
1493 5700 1855 5776 assistam;

296 5766 405 5843 uale
426 5772 676 5843 eruendam
700 5766 1012 5843 fuerat'huue
1046 5766 1101 5828 in
1125 5766 1854 5835 mmumé'ﬁ'diiiﬁ'ésiﬁiiii

294 5825 553 5909 EEE‘IH‘Q
586 5842 630 5882 ει
667 5835 800 5909 ιῖζςο
828 5825 1170 5909 cuca—intimi
1187 5825 1624 5909 iniusta
1646 5825 1855 5909 5.5.3.311

293 5888 611 5967 ωουάηιίάημ
634 5888 853 5969 codem;
870 5888 1849 5971 ιέίιίίιδτῑιῑιῖίηδιέςοίίῑιίέξδιὶξῑῑίιίέῆῖῑω

294 5950 314 6002 ί
334 5962 485 6007 «tum
506 5964 819 6007 torminum.
1764 5984 1767 5987 _

1981 565 2207 637 diligunt
2237 566 2379 638 quod
2409 566 2711 637 honestum,
2739 583 2895 642 quam
2915 572 3059 646 quod
3085 573 3427 636 inhonestum
3454 590 3555 651 est,

1974 658 2029 714 id
2053 668 2157 725 est,
2185 659 2326 731 quod
2351 668 2436 717 est
2456 662 2778 732 nuptiarum,
2802 680 2961 735 quam
2986 668 3040 723 id
3060 670 3201 740 quod
3226 686 3332 727 non
3362 679 3445 729 est
3456 688 3562 728 nu-

1973 752 2200 822 ptiarum
2218 793 2233 821 ,
2263 751 2366 809 hoc
2390 753 2469 810 eis
2496 764 2712 811 auctore
2741 757 2999 827 Apostolo
3027 764 3317 819 secundum
3348 766 3558 822 veniam

1972 844 2283 900 conceditur
2309 862 2323 899 :
2359 845 2512 916 cujus
2537 847 2715 903 delicti
2751 863 2859 904 non
2881 848 3080 907 habent
3110 853 3428 912 hortatrices
3454 874 3557 913 nu-

1971 937 2131 1009 ptias,
2159 939 2254 995 sed
2280 938 2704 1010 deprecatrices,
2741 941 2787 997 si
2817 942 2912 998 Dei
2941 944 3359 1001 misericordiam
3389 963 3495 1003 non
3525 965 3556 1004 a

1971 1044 2030 1087 se
2063 1039 2327 1098 avertant,
2358 1032 2444 1088 vel
2469 1046 2577 1088 non
2607 1032 2921 1091 abstinendo
2946 1036 3262 1106 quibusdam
3288 1037 3474 1093 diebus
3498 1048 3557 1095 ut

1971 1122 2299 1178 orationibus
2319 1133 2527 1193 vacent,
2547 1133 2601 1181 et
2625 1140 2723 1196 per
2746 1124 2882 1182 hanc
2902 1127 3277 1183 abstinentiam
3304 1128 3439 1185 sicut
3462 1144 3556 1198 per

1966 1212 2166 1284 ieiunia
2191 1216 2567 1273 commendent
2596 1232 2783 1288 preces
2808 1232 2955 1287 suas,
2984 1218 3069 1274 vel
3098 1218 3430 1274 immutando
3455 1235 3554 1274 na-

1971 1308 2196 1364 turalem
2223 1296 2376 1365 usum
2406 1310 2460 1365 in
2486 1326 2609 1367 eum
2632 1327 2787 1367 usum
2814 1311 2907 1382 qui
2943 1319 3028 1368 est
3064 1319 3251 1369 contra
3274 1320 3551 1380 naturam,

1950 1399 2111 1470 quod
2133 1400 2487 1458 damnabilius
2513 1402 2642 1457 litin
2668 1402 2912 1474 conjuge.

2039 1493 2264 1550 CAPUT
2303 1494 2392 1550 XI.
2421 1525 2492 1536 —
2520 1493 2609 1550 12.
2658 1493 2793 1550 Usus
2830 1503 3005 1549 contra
3045 1503 3281 1550 naturam
3317 1509 3551 1549 exsecra-

1970 1586 2118 1642 bilior
2138 1588 2190 1641 in
2216 1604 2393 1654 uxore,
2416 1604 2568 1657 quam
2591 1588 2646 1642 in
2670 1589 2948 1643 meretrice.
2973 1585 3005 1641 Ι
3008 1596 3315 1658 nnuptarum
3338 1589 3554 1657 amplior

1968 1678 2210 1733 sanctitas
2238 1680 2608 1744 commendata,
2639 1694 2741 1733 non
2769 1687 2951 1751 negata
2985 1679 3227 1733 sanctitas
3256 1688 3549 1746 nuptarum.

1966 1769 2098 1826 Nam
2122 1784 2246 1826 cum
2275 1771 2363 1826 ille
2390 1770 2649 1826 naturalis
2676 1785 2828 1838 usus,
2857 1770 3070 1842 quando
3095 1770 3391 1840 prolabitur
3415 1770 3552 1825 ultra

1970 1870 2120 1933 pacta
2153 1863 2427 1933 nuptialia,
2471 1863 2523 1918 id
2564 1871 2664 1929 est,
2705 1864 2843 1919 ultra
2886 1863 3213 1934 propagandi
3255 1865 3551 1919 necessita-

1968 1962 2102 2022 tem,
2130 1956 2353 2011 venialis
2379 1956 2446 2010 sit
2484 1956 2536 2010 in
2578 1972 2763 2023 uxore,
2796 1959 2851 2012 in
2881 1956 3160 2012 meretrice
3182 1956 3502 2013 damnabilis
3529 1973 3546 2024 ;

1968 2046 2071 2102 iste
2093 2047 2184 2116 qui
2213 2056 2295 2103 est
2323 2056 2509 2103 contra
2538 2057 2803 2116 naturam,
2832 2050 3234 2105 exsecrabiliter
3264 2051 3321 2104 ﬁt
3350 2050 3401 2104 in
3433 2064 3550 2105 me-

1967 2136 2183 2202 retrice,
2235 2137 2330 2193 sed
2376 2138 2759 2195 exsecrabilius
2807 2138 2861 2194 in
2911 2154 3098 2195 uxore.
3143 2140 3371 2195 Tantum
3413 2140 3554 2196 valet

1968 2229 2235 2285 ordinatio
2260 2229 2534 2286 Creatoris
2561 2240 2615 2287 et
2654 2231 2787 2288 ordo
2818 2242 3097 2297 creaturae,
3127 2240 3186 2287 ut
3215 2232 3269 2287 in
3296 2232 3456 2289 rebus
3485 2231 3551 2289 ad

1969 2320 2228 2376 utendum
2278 2323 2585 2389 concessis,
2629 2323 2789 2378 etiam
2843 2339 2965 2380 cum
3014 2324 3206 2379 modus
3257 2323 3550 2391 exceditur,

1969 2412 2128 2484 longe
2170 2414 2241 2468 sit
2284 2413 2635 2481 tolerabilius,
2681 2430 2841 2485 quam
2884 2416 2937 2471 in
2979 2415 3058 2471 eis
3088 2418 3104 2447 ι
3137 2431 3257 2487 quae
3296 2428 3549 2471 concessa

1968 2522 2074 2565 non
2104 2515 2250 2578 sunt,
2280 2507 2368 2567 vel
2394 2522 2536 2566 unus
2562 2508 2650 2565 vel
2679 2523 2833 2565 rarus
2860 2523 3132 2565 excessus.
3164 2508 3233 2563 Et
3262 2508 3380 2563 ideo
3409 2508 3461 2563 in
3491 2521 3551 2563 re

1967 2617 2225 2660 concessa
2256 2603 2628 2660 immoderatio
2655 2602 2923 2675 conjugis,
2955 2617 3023 2659 ne
3050 2602 3105 2658 in
3141 2616 3257 2657 rem
3281 2616 3391 2656 non
3417 2614 3551 2656 con-

1967 2709 2179 2752 cessam
2222 2695 2388 2752 libido
2430 2704 2776 2767 prorumpat,
2818 2694 3093 2752 toleranda
3139 2702 3241 2751 est.
3291 2694 3427 2751 Hinc
3470 2699 3557 2751 est

1968 2789 2129 2843 etiam
2158 2787 2299 2858 quod
2348 2787 2507 2859 longe
2535 2788 2713 2844 minus
2756 2797 2941 2859 peccat
2985 2787 3279 2858 quamlibet
3306 2787 3554 2845 assiduus

1964 2880 2035 2936 ad
2061 2896 2302 2946 uxorem,
2347 2896 2506 2952 quam
2542 2882 2626 2938 vel
2668 2881 2976 2937 rarissimus
3013 2880 3078 2936 ad
3120 2879 3551 2936 fornicationem.

1966 2972 2099 3029 Cum
2126 2988 2256 3030 vero
2275 2974 2359 3029 vir
2384 2974 2627 3031 membro
2656 2974 2895 3030 mulieris
2920 2989 3031 3029 non
3058 2973 3126 3028 ad
3164 2975 3267 3030 hoc
3293 2988 3552 3030 concesso

1966 3065 2044 3120 uti
2070 3065 2321 3133 voluerit,
2367 3068 2573 3137 turpior
2612 3074 2697 3121 est
2734 3080 2869 3120 uxor
2911 3066 2956 3120 si
3001 3066 3054 3120 in
3095 3079 3187 3132 se,
3216 3081 3375 3135 quam
3410 3065 3457 3119 si
3498 3064 3555 3120 in

1965 3157 2068 3213 alia
2101 3157 2219 3212 ﬁeri
2249 3157 2571 3227 permiserit.
2605 3158 2776 3213 Decus
2804 3172 2933 3229 ergo
2976 3157 3254 3229 coniugale
3282 3165 3365 3213 est
3393 3156 3556 3212 casti-

1966 3258 2049 3307 tas
2096 3250 2432 3321 procreandi,
2480 3259 2536 3306 et
2582 3250 2839 3327 reddendi
2888 3250 3117 3305 carnalis
3164 3249 3331 3305 debiti
3380 3248 3551 3304 ﬁdes:

1967 3347 2071 3403 hoc
2096 3354 2180 3402 est
2204 3360 2340 3416 opus
2368 3346 2693 3416 nuptiarum,
2721 3343 2825 3400 hoc
2847 3345 2915 3399 ab
2940 3342 3090 3399 omni
3114 3342 3338 3398 crimine
3365 3340 3557 3397 defen-

1964 3438 2044 3494 dit
2067 3439 2357 3509 Apostolus
2386 3438 2647 3506 dicendo,
2677 3436 2746 3491 Et
2782 3438 2828 3492 si
2868 3436 3121 3507 acceperis
3162 3452 3371 3490 uxorem
3392 3477 3406 3501 ,
3450 3450 3556 3489 non

1965 3531 2226 3602 peccasti:
2253 3540 2303 3586 et
2341 3532 2385 3585 si
2424 3532 2653 3601 nupserit
2694 3530 2833 3600 virgo
2858 3570 2873 3595 ,
2904 3544 3007 3582 non
3045 3537 3255 3597 peccat;
3283 3535 3371 3593 et,
3404 3524 3553 3593 Quod

1962 3622 2072 3678 uult
2118 3623 2317 3694 faciat,-
2364 3638 2466 3677 non
2516 3629 2708 3691 peccat,
2754 3620 2798 3674 si
2844 3619 3019 3673 nubat.
3072 3616 3332 3687 Exigendi
3371 3624 3551 3671 autem

1964 3714 2134 3771 debiti
2176 3714 2244 3771 ab
2290 3714 2551 3770 alterutro
2594 3728 2729 3770 sexu
2776 3711 3179 3767 immoderatior
3224 3712 3550 3782 progressio,

1966 3817 2185 3877 propter
2227 3806 2314 3861 illa
2343 3821 2465 3877 qua:
2507 3820 2669 3876 supra
2709 3804 2863 3871 dixit,
2894 3802 3213 3874 coniugibus
3258 3802 3554 3858 secundum

1965 3898 2175 3953 veniam
2222 3896 2554 3954 conceditur.
3008 3886 3016 3894 ’

2039 3993 2127 4048 15.
2157 3991 2312 4059 Quod
2340 4006 2468 4062 ergo
2495 3991 2591 4059 ait,
2626 3990 2753 4060 Quae
2776 3990 2992 4061 innupta
3021 3997 3114 4057 est,
3144 3989 3331 4062 cogitat
3358 4004 3418 4043 ea
3442 4002 3556 4059 qua:

1965 4096 2081 4143 sunt
2110 4085 2338 4153 Domini,
2369 4093 2425 4139 ut
2467 4086 2535 4140 sit
2573 4093 2749 4141 sancta
2788 4093 2836 4138 et
2868 4099 3078 4154 tmpore
3115 4092 3163 4137 et
3204 4083 3407 4153 spiritu,
3445 4097 3555 4136 non

1964 4180 2045 4236 sic
2069 4176 2438 4248 accipiendum
2481 4185 2584 4245 est,
2626 4184 2687 4231 ut
2726 4184 2976 4245 putemus
3013 4189 3119 4229 non
3151 4188 3271 4230 esse
3315 4182 3555 4227 sanctam

1965 4286 2194 4340 corpore
2250 4268 2599 4324 christianam
2662 4266 2947 4337 coniugem
3008 4275 3231 4320 castam.
3294 4264 3555 4320 Omnibus

1965 4364 2162 4433 quippe
2209 4360 2457 4416 ﬁdelibus
2500 4359 2700 4415 dictum
2744 4367 2861 4425 est,
2912 4357 3135 4413 Nescitis
3177 4358 3296 4429 quia
3336 4372 3556 4425 corpora

1965 4461 2130 4507 uestra
2158 4452 2402 4521 templum
2430 4452 2485 4505 in
2512 4450 2649 4505 vobis
2676 4460 2748 4504 est
2788 4449 3016 4520 Spiritus
3056 4449 3217 4503 sancti
3237 4487 3253 4514 ,
3282 4463 3429 4518 quem
3465 4448 3557 4500 ha-

1966 4542 2091 4597 betis
2115 4558 2147 4594 a
2184 4540 2295 4595 Deo
2322 4538 2374 4613 (Ι
2405 4540 2522 4596 Cor.
2549 4556 2630 4607 v1,
2660 4539 2774 4610 19).
2817 4540 3011 4594 Sancta
3049 4545 3176 4593 sunt
3215 4552 3344 4608 ergo
3390 4538 3553 4592 etiam

1964 4648 2193 4704 corpora
2221 4632 2647 4703 coniugatorum,
2681 4624 2839 4685 ﬁdem
2870 4629 2973 4684 sibi
2999 4638 3053 4685 et
3082 4630 3308 4685 Domino
3336 4644 3555 4685 servano

1969 4728 2120 4784 tium.
2148 4726 2248 4781 Cui
2284 4725 2551 4781 sanctitati
2576 4724 2862 4794 cuiuslibet
2899 4738 3084 4779 eorum
3107 4765 3121 4789 ,
3150 4738 3251 4779 nec
3282 4722 3554 4778 inﬁdelem

1966 4819 2247 4889 coniugem
2291 4818 2574 4883 obsistere,
2623 4818 2718 4873 sed
2763 4816 2940 4886 potius
2987 4815 3323 4870 sanctitatem
3368 4813 3557 4869 uxoris

1967 4909 2224 4980 prodesse
2264 4908 2463 4964 inﬁdeli
2493 4909 2628 4975 viro,
2671 4918 2762 4963 aut
2789 4908 3123 4963 sanctitatem
3158 4907 3257 4961 viri
3296 4906 3555 4978 prodesse

1966 5001 2167 5059 inﬁdeli
2213 5003 2397 5067 uxori,
2442 5002 2584 5058 idem
2641 5002 2916 5071 apostolus
2977 5001 3129 5056 testis
3175 5007 3294 5069 est,
3342 4999 3552 5063 dicens,

1966 5091 2350 5163 Sanctiﬁcatus.
2374 5101 2446 5147 est
2486 5092 2619 5147 enim
2651 5093 2727 5147 uir
2764 5092 2989 5161 inﬁdelis
3017 5092 3071 5145 in
3096 5108 3254 5146 uxore
3278 5094 3321 5157 ⁸,
3353 5100 3401 5146 et
3434 5107 3556 5145 san-

1964 5185 2187 5255 ctiﬁcata
2235 5192 2307 5239 est
2351 5184 2532 5238 mulier
2578 5183 2800 5253 inﬁdelis
2846 5184 2901 5237 in
2948 5188 3108 5254 fratre
3150 5181 3269 5252 (Id.
3300 5197 3405 5249 vn,
3435 5179 3552 5250 ﬂ).
3602 5222 3614 5255 ’-

1965 5277 2198 5333 Proinde
2224 5276 2352 5332 illud
2380 5275 2579 5331 dictum
2615 5284 2702 5331 est
2739 5274 3035 5331 secundum
3075 5274 3388 5346 ampliorem
3426 5288 3555 5328 san-

1963 5372 2201 5428 ctitatem
2248 5370 2588 5440 innuptarum
2637 5384 2799 5439 quam
2846 5378 3166 5439 nuptarum,
3211 5368 3299 5423 cui
3344 5382 3555 5424 merces

1965 5464 2126 5519 etiam
2152 5461 2395 5541 debetur
2440 5462 2669 5531 amplior
2708 5462 3005 5518 secundum
3055 5461 3196 5533 quod
3252 5460 3356 5515 isto
3406 5460 3554 5514 bono

1964 5554 2095 5611 illud
2122 5562 2205 5609 est
2247 5553 2438 5610 melius
2469 5571 2484 5608 :
2512 5553 2638 5625 quia
2667 5561 2723 5609 et
2764 5554 2869 5609 hoc
2912 5553 3089 5609 solum
3117 5552 3314 5622 cogitat
3338 5551 3381 5618 ³,
3413 5565 3552 5620 quo-

2026 5667 2044 5698 ι
2069 5672 2199 5725 Mss,
2222 5664 2274 5715 in
2295 5678 2369 5716 ea.

2024 5730 2045 5759 ²
2072 5728 2473 5796 m1iti,__inu:rore

1962 5796 2081 5855 τοις,
2104 5789 2260 5855 ﬁdeli,
2285 5798 2496 5850 utroque
2509 5789 2619 5855 loco
2640 5790 2781 5855 abest
2798 5801 2826 5836 a
2844 5795 2948 5855 Mss.
2979 5796 3030 5837 et
3052 5800 3259 5855 agragco
3274 5797 3417 5841 textu
3433 5797 3553 5855 Apo-

1961 5849 2336 5914 stoli,'soletque
2356 5849 2599 5914 praeteriri
2609 5850 2672 5914 ub
2697 5852 2976 5912 Augustino,
2997 5859 3052 5901 ut
3076 5852 3160 5902 lib.
3180 5852 3201 5900 1
3233 5852 3297 5902 de
3319 5849 3553 5906 serman

1962 5914 2147 5961 Domini
2173 5915 2221 5961 in
2245 5911 2429 5970 monte,
2447 5928 2551 5973 cap.
2584 5911 2656 5957 16.

2028 5974 2048 6007 ⁸
2068 5981 2200 6036 um,
2221 5978 2392 6040 cogitat
2408 5974 2607 6031 fcmina.
2635 5974 2800 6036 Abest,
2823 5973 3019 6039 Γετηὶηα,
3043 5977 3104 6033 ab
3127 5984 3201 6031 Et.
3228 5985 3405 6037 εωω.

2582 5723 2676 5787 ριὶ;
2710 5732 2762 5775 et
2785 5726 2931 5775 iidem
2964 5725 3104 5786 infra,
3129 5726 3179 5775 in
3199 5725 3351 5789 fratre
3391 5722 3555 5789 ﬁdeli.
