3844 6482
428 425 545 492 883

434 548 603 610 modo
641 524 851 620 placeat
870 540 1122 599 Domino.
1165 533 1351 605 Neque
1394 528 1538 587 enim
1582 527 1782 585 femina
1822 522 2017 620 fidelis,

437 614 663 701 servans
687 636 993 711 pudicitiam
1018 628 1371 701 eonjugalem,
1397 638 1504 679 non
1530 620 1729 691 cogitat
1754 614 2022 711 quomodo

436 736 643 807 placeat
688 708 949 795 homini),
994 724 1089 781 sed
1147 722 1327 791 utique
1383 718 1600 781 minus;
1664 712 1787 807 quia
1828 708 2025 807 cogitat

436 801 595 882 etiam
637 838 756 895 quae
794 828 919 876 sunt
960 814 1166 880 mundi,
1207 809 1476 883 quomodo
1499 807 1707 880 placeat
1735 804 1870 859 viro.
1896 801 2024 895 Alioc

437 917 582 973 enim
626 893 694 970 de
741 913 845 969 illis
891 911 1071 966 dicere
1093 906 1281 971 voluit,
1313 902 1455 974 quod
1486 903 1501 933 ¹
1554 905 1779 971 possunt
1823 893 2023 950 habere

439 1009 674 1081 quodam
720 1006 882 1063 modo
911 1004 979 1059 de
1020 1000 1338 1057 necessitate
1383 994 1656 1061 connubii,
1688 1000 1747 1047 ut
1790 989 2025 1059 cogitent

437 1118 560 1172 quae
590 1108 714 1156 sunt
739 1097 945 1162 mundi,
979 1092 1246 1166 quomodo
1274 1090 1523 1161 placeant
1549 1085 1678 1141 viris
1703 1083 1835 1140 suis.

513 1192 739 1251 CAPUT
778 1188 893 1245 XII.
940 1216 1010 1229 —
1056 1186 1142 1241 14.
1195 1182 1401 1253 Nuptas
1455 1196 1558 1234 non
1607 1176 1879 1248 cogitantes
1929 1170 2027 1226 nisi

440 1284 695 1359 quomodo
726 1285 955 1355 placeant
983 1279 1093 1334 Deo
1122 1292 1356 1349 perraras
1394 1289 1516 1329 esse.
1558 1268 1712 1339 Quod
1750 1276 1929 1324 utrum
1958 1263 2028 1319 de

441 1378 693 1432 omnibus
723 1374 903 1446 nuptis
930 1371 1145 1439 dixerit,
1174 1384 1242 1425 an
1270 1368 1337 1424 de
1361 1365 1554 1421 talibus
1582 1362 1766 1433 quales
1792 1361 1865 1415 ita
1890 1360 2029 1415 mul-

441 1478 511 1525 tae
538 1477 680 1535 sunt,
708 1476 769 1523 ut
794 1480 931 1537 pene
954 1478 1143 1520 omnes
1171 1460 1346 1534 putari
1374 1458 1602 1529 possint,
1630 1470 1739 1512 non
1763 1452 2030 1509 immerito

443 1559 735 1615 dubitatur.
772 1556 956 1627 Neque
995 1555 1137 1611 enim
1166 1562 1222 1608 et
1246 1549 1379 1607 illud
1403 1548 1551 1620 quod
1575 1547 1643 1603 de
1671 1544 1908 1616 innuptis
1934 1544 2029 1611 ait,

445 1650 573 1716 Qum
608 1632 822 1718 inriupta
849 1656 953 1714 est,
985 1646 1171 1717 cogitat
1206 1660 1267 1699 ea
1306 1657 1420 1712 qua:
1453 1648 1571 1695 sunt
1598 1637 1839 1703 Domini,
1881 1644 1937 1689 ut
1968 1636 2033 1691 sit

440 1751 617 1797 sancta
645 1754 691 1795 et
721 1756 934 1811 corpore
979 1748 1025 1793 et
1070 1736 1273 1808 spiritu,
1303 1734 1372 1790 ad
1401 1746 1589 1789 omnes
1626 1730 1878 1800 innuptas
1906 1742 2032 1800 per-

441 1834 619 1898 tinet;
672 1848 794 1889 eum
845 1834 953 1888 sint
1006 1830 1249 1901 quaedam
1292 1826 1469 1882 viduae
1515 1830 1762 1891 mortum,
1811 1834 1931 1892 quae
1976 1820 2033 1875 in

444 1926 653 1983 deliciis
672 1927 864 1981 vivunt
894 1925 953 1998 (ι
977 1924 1114 1978 Tim.
1140 1940 1196 1989 v,
1221 1921 1300 1992 6).
1329 1921 1710 1976 Verumtamen
1735 1913 1878 1985 quod
1911 1913 2037 1967 atti-

444 2028 539 2075 net
568 2019 635 2074 ad
659 2018 948 2089 quamdam
975 2015 1370 2072 distinctionem
1397 2020 1451 2069 et
1475 2009 1628 2082 quasi
1653 2006 2035 2080 proprietatem

440 2110 786 2179 innuptarum
833 2116 993 2179 atque
1042 2115 1372 2177 nuptarum;
1419 2103 1557 2159 sicut
1604 2100 1828 2156 nimium
1879 2097 2034 2154 dete-

443 2200 635 2256 standa
661 2208 744 2255 est
764 2240 779 2266 ,
811 2214 931 2269 quae
956 2199 1237 2253 continens
1263 2212 1294 2251 a
1318 2193 1540 2265 nuptiis,
1571 2191 1625 2247 id
1652 2199 1735 2247 est
1762 2205 1793 2245 a
1817 2204 1878 2247 re
1901 2203 2035 2245 con-

444 2305 596 2347 cessa
622 2331 638 2357 ,
686 2303 795 2345 non
842 2289 1084 2344 continet
1129 2302 1160 2342 a
1207 2284 1461 2351 delictis,
1503 2282 1590 2339 vel
1645 2281 1908 2348 luxuriae,
1949 2280 2036 2335 vel

444 2381 736 2451 superbire,
778 2380 865 2435 vel
903 2377 1229 2435 curiositatis
1273 2384 1327 2432 et
1362 2374 1706 2431 verbositatis
1746 2391 1759 2427 :
1805 2373 1879 2428 ita
1914 2387 2037 2428 rara

444 2482 611 2541 nupta
651 2480 754 2539 est,
800 2487 921 2542 quae
965 2471 1021 2525 in
1058 2470 1178 2540 ipso
1220 2483 1432 2539 quoque
1473 2466 1731 2536 obsequio
1770 2463 2037 2535 conjugali

444 2578 556 2619 non
593 2563 793 2633 cogitat
829 2563 931 2617 nisi
969 2559 1238 2632 quomodo
1273 2560 1479 2630 placeat
1505 2558 1617 2613 Deo
1638 2599 1653 2625 ,
1685 2555 1929 2612 ornando
1954 2570 2037 2623 se,

450 2671 557 2710 non
582 2653 800 2710 intortis
824 2652 1085 2721 crinibus,
1111 2660 1205 2707 aut
1239 2667 1370 2707 auro
1398 2658 1453 2706 et
1480 2649 1781 2721 margaritis
1810 2656 1865 2703 et
1889 2655 2039 2704 veste

446 2750 705 2821 pretiosa,
743 2747 841 2804 sed
881 2746 1025 2818 quod
1054 2747 1210 2803 decet
1248 2745 1501 2801 mulieres
1525 2745 1895 2816 promittentes
1918 2744 2038 2816 pie-

446 2849 618 2897 tatem
668 2855 765 2911 per
806 2840 1003 2895 bonam
1046 2839 1506 2895 conversationem
1538 2836 1659 2910 (Id.
1690 2852 1755 2903 u,
1800 2835 2037 2906 9et10).

453 2931 604 2987 Talia
633 2932 830 3002 quippe
859 2930 1104 3001 conjugia
1140 2931 1332 2985 Petrus
1360 2943 1573 3001 quoque
1600 2927 1873 2998 apostolus
1903 2942 2040 2997 prte-

447 3022 697 3093 cipieudo
736 3022 991 3078 describit
1020 3041 1032 3076 :
1064 3021 1345 3089 Similiter,
1376 3022 1585 3092 inquit,
1613 3019 1849 3075 mulieres
1878 3020 2038 3075 obau-

448 3115 641 3169 dicntes
681 3116 878 3169 maritis
918 3116 1059 3180 suis;
1104 3124 1159 3169 ut
1203 3124 1249 3169 et
1289 3114 1332 3170 si
1373 3116 1459 3185 qui
1488 3130 1591 3168 non
1618 3113 1825 3168 credunt
1868 3113 2036 3180 verbo,

448 3224 544 3277 per
596 3208 866 3261 mulierum
919 3208 1343 3263 conversationem
1391 3208 1499 3262 sine
1550 3207 1747 3278 loquela
1800 3206 2042 3276 lucriﬁeri

448 3300 682 3369 possint,
729 3298 952 3354 videntes
999 3300 1228 3353 timorem
1278 3308 1325 3353 et
1373 3308 1564 3354 castam
1610 3298 2042 3353 conversationem

448 3399 665 3445 vestram
696 3406 716 3445 :
742 3400 798 3445 ut
834 3392 937 3445 sint
966 3407 1066 3446 non
1095 3407 1208 3463 qua:
1245 3408 1277 3445 a
1306 3391 1433 3460 foris
1462 3398 1709 3445 ornantur
1736 3388 2041 3459 capillorum

446 3482 924 3552 incrispationibus,
958 3490 1045 3536 aut
1083 3476 1411 3537 circumdatae
1456 3497 1604 3548 auro,
1650 3489 1737 3534 aut
1778 3489 1910 3535 veste
1949 3480 2042 3535 de-

447 3589 568 3627 cora
587 3590 605 3637 ;
646 3573 735 3628 scd
775 3574 861 3628 ille
902 3573 1224 3627 absconditus
1253 3573 1419 3627 cordis
1458 3574 1608 3626 vestri
1635 3573 1655 3603 ²
1684 3573 1837 3626 homo
1863 3571 1918 3625 in
1946 3571 2043 3625 illa

450 3666 787 3737 perpetuitate
832 3666 989 3734 quieti
1033 3675 1080 3719 et
1110 3666 1340 3719 modesti
1391 3665 1631 3735 spiritus,
1675 3665 1763 3734 qui
1810 3672 1856 3719 et
1901 3664 2043 3736 apud

450 3757 732 3812 Dominum
771 3757 995 3828 locuples
1025 3766 1117 3810 est.
1148 3758 1289 3811 Nam
1334 3759 1407 3812 sic
1434 3758 1667 3828 quaedam
1706 3767 1896 3812 sancta:
1931 3774 2045 3811 ntu-

451 3850 599 3904 lieres
626 3864 739 3919 qua:
776 3849 830 3902 in
857 3847 1139 3902 Dominum
1174 3849 1473 3918 sperabant,
1504 3850 1751 3903 ornabant
1778 3866 1852 3917 se,
1894 3850 2040 3904 obse-

451 3950 656 4010 quentes
682 3940 801 3993 viris
835 3940 941 3993 suis
963 3928 993 4004 ;’
1025 3940 1275 4009 quomodo
1303 3939 1439 3994 Sara
1481 3939 1779 3994 obaudiebat
1803 3940 2041 4008 Abraha’,

453 4032 714 4084 dominum
741 4030 886 4084 illum
923 4046 1143 4097 vocans;
1174 4032 1320 4102 cujus
1357 4031 1505 4101 [actm
1541 4032 1659 4085 estis
1690 4032 1812 4100 ﬁlia:
1836 4031 2042 4103 benefa-

453 4123 659 4186 cicntcs,
707 4132 755 4175 et
796 4139 897 4176 non
941 4122 1169 4176 timentes
1213 4122 1374 4176 ullum
1413 4140 1600 4177 vanum
1646 4124 1892 4178 timorem.
1935 4123 2045 4177 Viri

453 4214 611 4269 simili
652 4214 845 4269 ratione
884 4216 1156 4270 concordes
1182 4223 1228 4270 et
1253 4226 1387 4271 caste
1422 4218 1638 4272 viventes
1664 4234 1778 4271 cum
1802 4218 2044 4273 uxoribus

452 4308 630 4362 vestris
649 4349 663 4372 ,
696 4318 743 4362 et
774 4292 1013 4378 tanquam
1042 4310 1151 4364 vasi
1187 4310 1461 4378 inﬁrmiori
1500 4321 1546 4364 et
1590 4312 1813 4381 subjecto
1843 4312 2045 4366 tribuite

454 4400 717 4466 honorem,
745 4402 892 4471 quasi
919 4402 1264 4455 cohwredibus
1291 4403 1496 4473 gratiae,
1526 4410 1571 4456 et
1606 4403 1770 4457 videte
1799 4419 1861 4457 ne
1881 4404 2044 4474 impe-

453 4494 657 4547 diantur
673 4494 749 4566 (α)
763 4496 1013 4549 orationes
1029 4505 1202 4550 vestra:
1230 4493 1437 4565 (lPetr.
1461 4510 1546 4561 ιιι,
1576 4495 1722 4566 1-7).
1748 4496 1892 4550 Itane
1918 4511 2045 4551 vero

453 4585 698 4654 conjugia
756 4586 879 4641 talia
928 4601 1037 4640 non
1088 4586 1325 4655 cogitant
1362 4599 1426 4640 ea
1476 4599 1597 4654 qua‘.
1643 4593 1768 4638 sunt
1810 4585 2039 4649 Domini,

454 4678 725 4745 quomodo
750 4679 994 4746 placeant
1025 4678 1291 4731 Domino?
1334 4677 1438 4731 Sed
1473 4690 1693 4745 perrara
1728 4685 1871 4731 sunt.
1915 4677 2046 4744 Quis

457 4768 652 4836 negat?
693 4776 745 4821 et
769 4768 822 4821 in
848 4768 963 4837 ipsa
988 4768 1206 4822 raritate
1234 4781 1371 4837 pene
1398 4781 1587 4821 omnes
1622 4766 1713 4836 qui
1741 4768 1873 4823 tales
1899 4778 2043 4837 sunt,

456 4873 564 4914 non
594 4865 654 4911 ut
678 4859 810 4913 tales
839 4866 1022 4913 essent
1050 4857 1324 4929 conjuncti
1351 4865 1497 4925 sunt,
1520 4857 1616 4913 sed
1638 4858 1749 4927 jam
1774 4859 2047 4929 conjuncti

457 4951 589 5007 tales
616 4952 738 5007 facti
767 4960 909 5007 sunt.

530 5043 757 5101 CAPUT
799 5044 936 5100 Xlll.
965 5074 1036 5085 -—
1063 5045 1152 5101 15.
1185 5043 1409 5115 Nuptias
1436 5060 1571 5098 nunc
1600 5043 1721 5098 solis
1762 5060 1865 5099 non
1889 5047 2051 5100 conti-

460 5137 720 5199 nentibus,
753 5136 875 5191 olim
918 5152 1031 5190 vero
1075 5136 1228 5190 etiam
1269 5136 1633 5190 continentibus
1674 5136 2051 5206 amplectendas

462 5232 635 5301 fuisse.
673 5227 759 5283 Uti
804 5228 1041 5299 conjugio
1086 5227 1199 5281 sola
1243 5227 1403 5298 prolis
1446 5243 1621 5293 causa,
1662 5243 1811 5297 quam
1850 5244 2045 5283 rarum.

463 5318 566 5386 Qui
597 5319 737 5373 enim
769 5318 939 5373 nostri
968 5317 1227 5388 temporis
1252 5318 1498 5373 homines
1519 5316 1812 5373 Christiani
1842 5319 2052 5389 nuptia-

462 5430 581 5470 rum
612 5414 823 5469 vinculo
874 5412 1027 5469 liberi
1063 5411 1308 5468 valentes
1352 5412 1422 5466 ab
1467 5412 1614 5467 omni
1660 5411 1945 5467 concubitu
1992 5427 2050 5469 se

462 5508 760 5575 continere,
802 5521 921 5562 cum
962 5506 1071 5577 jam
1118 5516 1312 5577 tempus
1354 5520 1475 5562 esse
1504 5506 1887 5576 perspicerent,
1916 5508 2051 5562 sicut

463 5601 723 5670 scriptqu
752 5608 853 5667 est,
884 5614 987 5652 non
1026 5596 1391 5669 amplectendi,
1423 5596 1511 5652 sed
1540 5598 1821 5652 abstinendi
1849 5600 1909 5653 ab
1938 5615 2051 5653 am-

530 5714 547 5781 ξ
572 5714 645 5781 sic
793 5711 911 5781 editi
933 5725 1071 5772 vero,
1091 5723 1218 5781 quia.

529 5775 549 5804 ’
569 5774 675 5822 Sola
700 5775 848 5824 editio
870 5782 999 5833 Lov.,
1025 5774 1192 5823 nostri.

530 5836 622 5901 (ιι)¹
637 5842 735 5883 Non
756 5838 826 5901 sic
841 5836 1039 5901 Vulgata
1062 5837 1111 5884 in
1128 5836 1285 5901 sacris
1307 5834 1487 5901 Bibliis,
1514 5833 1619 5901 sed
1633 5834 1801 5894 habet,
1822 5840 2053 5901 tanquam

468 5900 518 5947 et
549 5895 876 5948 cohwredibus
897 5895 1069 5961 gratia:
1093 5897 1220 5960 vitaz,
1242 5905 1293 5950 ut
1324 5912 1417 5951 non
1440 5895 1779 5961 impediantur.

1466 409 1558 469 DE
1595 406 1775 468 ΒΟΝο
1793 400 2191 473 CONJUGALI,
2231 403 2292 463 S;
2330 405 2701 468 AUGUSTlNl

3607 420 3719 481 εει

2132 523 2283 593 plexu
2308 523 2507 596 (Eccle.
2538 542 2616 594 ιιι,
2648 526 2741 598 5),
2784 540 2892 584 non
2928 527 3106 599 potius
3143 528 3399 602 eligerent
3420 530 3511 588 vel
3537 531 3704 605 virgi-

2131 621 2305 677 nalem
2332 623 2418 679 vel
2446 623 2710 680 vidualem
2740 626 3125 682 continentiam
3161 642 3485 686 conservare
3505 670 3521 697 ,
3553 646 3710 703 quam

2131 714 2526 772 tribulationem
2571 717 2783 785 carnis,
2832 718 2949 774 sine
2994 735 3099 790 qua
3145 721 3388 793 conjugia
3439 738 3563 779 esse
3611 740 3713 779 non

2131 818 2356 879 possunt
2394 809 2485 883 (ut
2524 810 2627 865 alia
2669 817 2947 866 taceantur
2984 826 3016 865 a
3054 811 3247 881 quibus
3287 814 3460 883 parcit
3489 817 3717 884 Aposto-

2132 900 2274 975 lus),
2324 904 2472 959 nullo
2509 904 2620 975 jam
2666 911 2890 975 cogente
2933 903 3181 960 humana:
3224 906 3502 960 societatis
3545 905 3721 960 ofﬁcio

2132 994 2441 1050 sustinere?
2483 994 2591 1051 Sed
2631 1008 2753 1051 cum
2796 995 3105 1051 dominante
3134 996 3572 1066 concupiscentia
3616 996 3721 1051 lue-

2132 1087 2243 1143 rint
2280 1086 2533 1158 copulati,
2581 1089 2628 1144 si
2670 1103 2791 1145 eam
2833 1097 3019 1160 postea
3045 1088 3291 1157 vicerint,
3334 1090 3460 1160 quia
3505 1103 3616 1144 non
3658 1090 3721 1143 ita

2134 1177 2258 1233 licet
2300 1177 2596 1235 dissolvere
2624 1180 2950 1251 conjugium,
2996 1180 3136 1236 sicut
3182 1180 3378 1236 licebat
3420 1196 3535 1238 non
3577 1179 3722 1235 colli-

2133 1283 2285 1340 gare,
2315 1270 2450 1325 liunt
2480 1270 2610 1327 tales
2647 1273 2831 1342 quales
2859 1271 3137 1342 profitetur
3176 1271 3347 1327 forma
3376 1273 3721 1342 nuptiarum;

2135 1362 2209 1417 ita
2236 1369 2295 1417 ut
2321 1362 2407 1417 vel
2444 1363 2560 1432 pari
2587 1376 2853 1419 consensu
2880 1362 3174 1419 ascendant
3202 1363 3489 1419 celsiorem
3531 1363 3724 1419 sancti-

2137 1456 2262 1511 tatis
2288 1455 2530 1527 gradum,
2564 1464 2656 1512 aut
2700 1455 2746 1511 si
2774 1470 2881 1511 non
2921 1456 3079 1511 ambo
3122 1464 3249 1511 sunt
3290 1456 3447 1523 tales,
3492 1455 3601 1510 erit
3643 1455 3727 1525 qui

2138 1547 2259 1603 talis
2302 1556 2385 1603 est
2430 1563 2541 1603 non
2586 1556 2819 1615 exactor,
2865 1547 2961 1603 sed
3001 1547 3240 1603 redditor
3281 1546 3474 1613 debiti,
3512 1560 3727 1602 servans

2139 1636 2194 1692 in
2226 1639 2476 1694 omnibus
2504 1647 2707 1694 castam
2753 1638 3164 1710 religiosamque
3204 1638 3581 1695 concordiam.
3630 1638 3727 1693 Illis

2139 1743 2268 1785 vero
2293 1726 2644 1799 temporibus,
2670 1744 2791 1785 cum
2820 1729 2993 1785 adhuc
3018 1728 3347 1801 propheticis
3372 1729 3729 1784 sacramentis

2139 1821 2326 1877 salutis
2354 1830 2553 1877 nostra:
2581 1821 2897 1892 mysterium
2929 1821 3233 1887 velabatur,
3264 1822 3424 1877 etiam
3472 1821 3580 1892 qui
3622 1831 3734 1876 ante

2140 1913 2353 1984 nuptias
2382 1912 2516 1968 tales
2542 1922 2715 1979 erant,
2748 1912 2925 1969 oflicio
2956 1913 3285 1985 propagandi
3322 1914 3544 1983 nuptias
3578 1927 3729 1983 copu-

2141 2005 2342 2073 labant,
2373 2020 2483 2061 non
2506 2006 2631 2062 victi
2668 2006 2908 2075 libidine,
2940 2006 3035 2063 sed
3079 2006 3225 2061 ducti
3265 2006 3465 2076 pietate
3495 2023 3511 2059 :
3547 2005 3731 2076 quibus

2141 2102 2188 2158 si
2216 2102 2361 2173 optio
2402 2102 2521 2157 talis
2556 2101 2796 2171 daretur,
2844 2102 3018 2173 qualis
3066 2101 3303 2157 revelato
3344 2100 3504 2156 Novo
3544 2100 3727 2155 Testa-

2141 2202 2325 2250 mento
2350 2193 2472 2250 data
2517 2202 2619 2261 est,
2650 2193 2864 2249 dicente
2896 2194 3145 2260 Domino,
3182 2193 3281 2260 Qui
3321 2201 3494 2263 potest
3541 2208 3732 2262 capere,

2141 2284 2311 2354 capiat
2343 2284 2555 2357 (Matth.
2588 2300 2702 2353 xxx,
2732 2285 2862 2355 12);
2895 2298 3003 2339 non
3042 2298 3136 2339 eos
3175 2282 3382 2339 dubitat
3416 2282 3597 2338 etiam
3626 2297 3734 2337 cum

2142 2378 2338 2450 gaudio
2384 2386 2727 2449 suseepturos
2754 2378 2977 2450 lfuisse,
3028 2376 3119 2447 qui
3165 2375 3449 2448 diligenter
3500 2376 3733 2431 intentus

2145 2468 2275 2540 legit
2316 2469 2585 2540 quomodo
2611 2468 2925 2540 conjugibus
2969 2468 3275 2535 utebantur,
3306 2483 3428 2523 cum
3476 2477 3538 2523 et
3572 2469 3736 2538 plures

2144 2560 2344 2618 habere
2372 2562 2465 2617 uni
2490 2562 2605 2617 viro
2634 2561 2847 2627 licebat,
2879 2576 3013 2631 quas
3040 2561 3239 2615 castius
3265 2559 3507 2624 habebat
3540 2561 3559 2592 ί
3588 2574 3735 2631 quam

2144 2668 2287 2709 nunc
2332 2669 2491 2708 unam
2536 2652 2759 2723 quilibet
2801 2654 3050 2720 istorum,
3096 2653 3291 2722 quibus
3330 2651 3596 2709 videmus
3622 2652 3735 2724 quid

2145 2744 2441 2800 secundum
2472 2745 2683 2800 veniam
2709 2744 2971 2801 concedat
2994 2744 3283 2815 Apostolus
3309 2743 3353 2817 (Ι
3378 2743 3512 2800 Cor.
3548 2761 3642 2813 vn,
3668 2744 3738 2814 6).

2144 2834 2427 2891 Habebam
2449 2836 2595 2892 enim
2621 2850 2714 2892 eas
2739 2836 2794 2891 in
2819 2850 2983 2906 opere
3005 2835 3314 2907 generandi,
3335 2848 3444 2889 non
3476 2835 3536 2890 in
3560 2835 3739 2890 morbo

2145 2927 2401 2985 desiderii
2430 2930 2568 2985 sicut
2609 2937 2795 3000 gentes
2838 2944 2957 3000 qua:
2995 2928 3241 2999 ignorant
3269 2927 3437 2982 Deum
3476 2925 3541 3000 (l
3567 2926 3739 2981 Thess.

2146 3039 2236 3093 tv,
2264 3024 2349 3095 5).
2381 3023 2533 3092 Quod
2567 3032 2675 3078 tam
2704 3038 2953 3093 magnum
2985 3031 3100 3088 est,
3132 3031 3193 3076 ut
3219 3020 3372 3076 multi
3403 3020 3578 3076 hodie
3619 3020 3741 3074 faci-

2149 3114 2252 3170 lius
2278 3129 2338 3171 se
2365 3123 2478 3170 tota
2510 3116 2618 3170 vita
2642 3115 2710 3171 ab
2739 3114 2885 3170 omni
2912 3113 3197 3170 concubitu
3227 3112 3561 3179 abstineant,
3594 3126 3745 3183 quam

2148 3206 2367 3262 modum
2414 3214 2631 3262 teneant
2675 3220 2783 3261 non
2826 3205 3074 3273 coeundi,
3120 3205 3225 3260 nisi
3269 3204 3433 3275 prolis
3484 3218 3674 3271 causa,
3704 3203 3747 3258 si

2148 3298 2491 3354 matrimonio
2517 3298 2852 3369 copulentur.
2883 3298 3091 3367 Nempe
3119 3298 3318 3352 multos
3346 3296 3619 3353 habemus
3646 3296 3745 3350 fra-

2150 3396 2260 3445 tres
2304 3399 2360 3446 et
2400 3391 2576 3446 socios
2606 3390 2843 3447 cmlestis
2890 3390 3217 3446 haereditatis
3261 3389 3549 3459 utriusque
3590 3402 3749 3443 sexus

2150 3480 2507 3547 continentes,
2540 3481 2653 3535 sive
2678 3488 2935 3551 expertos
2961 3480 3172 3551 nuptias
3192 3521 3207 3548 ,
3238 3478 3352 3535 sive
3379 3478 3450 3534 ab
3476 3480 3620 3533 omni
3653 3478 3745 3531 tali

2148 3574 2532 3631 commixtione
2563 3575 2839 3647 integros;
2888 3590 3084 3645 nempe
3124 3575 3547 3631 innumerabiles
3578 3581 3706 3630 sunt
3734 3592 3749 3626 :

2151 3680 2312 3737 quem
2355 3665 2571 3722 tandem
2614 3666 2919 3723 audivimus
2959 3667 3099 3723 inter
3138 3667 3423 3722 familiaria
3455 3667 3750 3738 colloquia,

2154 3758 2269 3813 sive
2315 3773 2501 3813 eorum
2552 3760 2643 3830 qui
2690 3760 2962 3830 conjugati
3005 3768 3150 3827 sunt,
3203 3762 3317 3815 sive
3364 3760 3459 3831 qui
3512 3760 3751 3825 fuerunt,

2151 3849 2479 3906 indicantem
2529 3852 2685 3907 nobis
2736 3867 3005 3921 nunquam
3056 3867 3114 3908 se
3160 3851 3375 3922 conjugi
3424 3868 3553 3908 esse
3604 3868 3754 3909 com—

2153 3946 2401 4013 mixtum,
2430 3945 2531 4001 nisi
2562 3946 2829 4016 sperando
2855 3946 3216 4017 conceptum?
3244 3945 3399 4013 Quod
3433 3961 3573 4017 ergo
3617 3962 3757 4018 pra:-

2152 4038 2358 4108 cipiunt
2427 4038 2726 4109 conjugatis
2770 4038 3048 4109 Apostoli,
3104 4039 3207 4094 hoc
3256 4046 3339 4094 est
3392 4040 3755 4109 nuptiarum:

2154 4128 2299 4199 quod
2327 4136 2506 4185 autem
2537 4129 2821 4184 venialiter
2860 4128 3197 4195 concedunt,
3229 4137 3321 4184 aut
3350 4128 3501 4200 quod
3532 4129 3764 4201 impedit

2154 4221 2445 4285 orationes,
2478 4234 2585 4275 non
2612 4228 2811 4290 cogunt
2840 4221 3059 4291 nuptiae,
3091 4219 3184 4275 sed
3224 4219 3423 4275 lerunt.

2225 4311 2453 4367 CAPUT
2496 4310 2635 4366 XIV.
2665 4340 2737 4350 ——
2779 4311 2869 4366 16.
2907 4311 2993 4366 Uti
3036 4311 3314 4365 concubina
3359 4320 3577 4381 propter
3627 4314 3763 4381 ﬁlios

2156 4406 2325 4477 majus
2355 4412 2632 4475 peccatum,
2666 4419 2818 4473 quam
2859 4418 3018 4457 uxore
3061 4403 3137 4456 uti
3179 4412 3387 4473 propter
3424 4403 3765 4458 incontinen-

2156 4498 2295 4551 tiam.
2329 4494 2515 4565 Itaque
2543 4496 2587 4549 si
2618 4494 2775 4561 forte,
2805 4493 2947 4563 quod
2978 4501 3156 4548 utrum
3184 4493 3299 4548 fieri
3329 4495 3505 4564 possit
3542 4496 3765 4566 ignoro,

2156 4588 2433 4658 magisque
2478 4587 2592 4641 lieri
2640 4602 2749 4640 non
2795 4601 2953 4656 posse
2996 4586 3285 4651 existimo;
3337 4586 3434 4641 sed
3483 4597 3679 4644 tamen
3722 4591 3765 4643 si

2156 4680 2296 4736 forte
2338 4680 2405 4735 ad
2449 4688 2662 4749 tempus
2709 4678 2944 4734 adhibita
2990 4678 3286 4734 concubina
3322 4678 3462 4735 filios
3503 4681 3663 4737 solos
3701 4697 3768 4737 ex

2158 4771 2346 4827 eadem
2388 4770 2773 4825 commixtione
2813 4770 3120 4841 quaasiverit
3155 4789 3169 4825 :
3208 4785 3309 4826 nec
3353 4772 3434 4825 sic
3480 4772 3586 4826 ista
3635 4789 3770 4828 con-

2155 4863 2363 4934 junctio
2388 4863 2471 4917 vel
2510 4877 2696 4917 earum
2736 4862 2935 4932 nuptiis
2966 4860 3324 4932 praeponenda
3353 4870 3466 4929 est,
3497 4879 3629 4933 qua:
3672 4879 3768 4929 vc-

2158 4954 2300 5010 niale
2364 4953 2494 5008 illud
2559 4962 2870 5024 operantur.
2929 4952 3066 5020 Quid
3113 4954 3257 5009 enim
3304 4954 3375 5009 sit
3422 4956 3769 5024 nuptiarum,

2158 5046 2606 5104 considerandum
2651 5054 2763 5112 est,
2792 5060 2899 5100 non
2940 5045 3066 5115 quid
3107 5046 3177 5100 sit
3220 5046 3539 5101 nubentium
3571 5055 3637 5102 et
3669 5049 3775 5102 im-

2159 5140 2487 5196 moderatius
2535 5139 2733 5209 nuptiis
2779 5138 3061 5193 utcntium.
3111 5137 3296 5208 Neque
3336 5139 3480 5193 enim
3521 5140 3568 5192 si
3619 5142 3777 5210 agris

2158 5232 2342 5303 inique
2370 5247 2433 5287 ac
2462 5246 2743 5302 perperam
2783 5231 2980 5286 invasis
3007 5231 3081 5285 ita
3121 5232 3347 5301 quisque
3373 5241 3573 5298 utatur,
3614 5245 3681 5286 ut
3710 5251 3777 5287 ex

2160 5338 2347 5379 eorum
2374 5322 2633 5378 fructibus
2660 5322 2835 5394 largas
2860 5322 3232 5394 eleemosynas
3262 5321 3442 5389 faciat,
3469 5322 3598 5377 ideo
3629 5328 3781 5392 rapi-

2161 5430 2285 5471 nam
2313 5415 2566 5484 justilicat
2598 5433 2610 5469 :
2642 5429 2817 5485 neque
2853 5416 2897 5469 si
2932 5414 3071 5470 alius
3100 5415 3211 5469 ruri
3249 5424 3472 5484 paterno
3500 5417 3586 5469 vel
3621 5418 3780 5487 Ῑιιδιυ

2162 5508 2385 5578 quaesito
2432 5521 2623 5561 avarus
2675 5507 2965 5573 incumbat,
3014 5506 3134 5562 ideo
3181 5506 3445 5576 culpanda
3490 5516 3576 5561 est
3630 5509 3781 5577 juris

2161 5601 2331 5656 civilis
2380 5599 2584 5670 regula,
2638 5614 2739 5668 qua
2786 5612 3063 5669 possessor
3112 5598 3382 5669 legitimus
3432 5599 3608 5653 factus
3667 5614 3778 5655 est.

2164 5693 2274 5749 Nec
2316 5692 2610 5764 tyrannica:
2656 5690 2901 5747 factionis
2941 5691 3262 5760 perversitas
3306 5689 3589 5744 laudabilis
3638 5694 3778 5757 erit.

2161 5787 2206 5843 si
2249 5785 2392 5855 regia
2441 5782 2725 5838 clementia
2775 5791 3035 5857 tyrannus
3084 5780 3326 5837 subditos
3373 5786 3613 5847 tractet;
3668 5799 3782 5839 nec

2230 5899 2247 5929 ι
2276 5903 2403 5958 Lov.,
2430 5893 2678 5947 habebant.
2698 5899 2772 5943 Er.
2799 5900 2850 5945 et
2872 5900 2999 5953 Mss,
3026 5891 3236 5945 habebat.
