3930 6368
206 459 279 527 585

211 575 529 651 vituperabilis
556 570 693 633 ordo
716 568 888 648 regiae
915 570 1211 645 potestatis,
1243 570 1290 628 si
1313 583 1407 627 rex
1432 568 1746 626 crudelitate

212 670 433 745 tyrannica
462 668 666 724 saeviat.
696 666 862 721 Aliud
891 674 974 721 est
1001 678 1229 735 namque
1258 663 1453 734 injusta
1479 668 1746 732 potestate

209 767 307 835 juste
344 761 479 817 velle
520 761 622 827 uti,
673 768 729 816 et
767 756 914 813 aliud
954 766 1037 813 est
1070 756 1213 827 justa
1254 761 1517 825 potestate
1551 753 1750 823 injuste

214 859 269 911 uti.
296 855 366 909 lta
395 868 491 909 nec
530 850 851 907 concubinae
883 848 950 904 ad
982 856 1188 918 tempus
1212 844 1485 910 adhibitae,
1526 844 1572 899 si
1604 844 1749 898 ﬁlio-

214 966 289 1003 tum
326 961 475 1002 causa
516 944 899 1005 concumbunt,
935 941 1139 1011 justum
1179 937 1380 994 faciunt
1420 935 1746 992 concubina-

215 1052 288 1094 lum
312 1055 482 1104 suum;
511 1052 615 1093 nec
642 1036 961 1107 conjugatae,
990 1034 1037 1089 si
1065 1048 1184 1089 cum
1214 1031 1422 1088 maritis
1447 1029 1744 1095 lasciviant,

213 1130 383 1199 nuptiali
412 1128 582 1184 ordini
610 1128 817 1183 crimen
848 1126 1149 1196 imponunt.

264 1221 332 1275 Π.
363 1220 515 1275 Posse
560 1233 692 1274 sane
736 1218 849 1273 ﬁeri
883 1217 1099 1287 nuptias
1136 1231 1203 1272 ex
1240 1215 1385 1271 male
1421 1213 1742 1286 conjunctis,

209 1313 390 1368 honesto
416 1322 599 1382 postea
628 1311 828 1383 placito
854 1317 1238 1379 consequente,
1270 1306 1611 1362 manifestum
1639 1313 1741 1361 est.

252 1403 453 1460 CAPUT
492 1403 613 1467 XV.
656 1432 731 1443 —-
765 1402 1083 1457 Connubium
1120 1417 1221 1455 non
1256 1416 1404 1471 posse
1441 1400 1645 1454 dissolvi
1682 1397 1744 1453 ob

204 1496 491 1550 sterilitatem.
524 1496 602 1549 An
642 1493 792 1548 liceat
832 1495 1008 1549 uxoris
1035 1493 1292 1547 voluntate
1319 1492 1477 1546 aliam
1506 1490 1746 1546 adhibere

199 1596 236 1639 tt
250 1604 524 1642 communes
548 1587 647 1656 ﬁlii
670 1595 970 1653 nascantur,
1002 1602 1103 1641 non
1128 1584 1282 1639 audet
1307 1584 1537 1654 deﬁnire.
1564 1582 1744 1639 Semel

196 1687 337 1735 autem
364 1681 549 1736 initum
590 1679 918 1735 connubium
954 1680 1010 1733 in
1043 1678 1256 1735 civitate
1281 1677 1377 1733 Dei
1416 1676 1609 1743 nostri,
1650 1676 1745 1732 ubi

194 1771 319 1826 etiam
362 1788 426 1827 ex
467 1773 638 1843 prima
672 1770 902 1827 duorum
943 1770 1219 1825 hominum
1255 1767 1448 1839 copula
1475 1766 1744 1838 quoddam

190 1871 549 1918 sacramentum
586 1862 785 1933 nuptiae
819 1867 1041 1932 gerunt,
1075 1861 1222 1915 nullo
1252 1859 1411 1915 modo
1435 1866 1614 1930 potest
1637 1858 1742 1914 nisi

188 1954 391 2023 alicujus
414 1969 596 2010 eorum
618 1962 793 2010 morte
821 1953 1062 2009 dissolvi.
1093 1952 1271 2008 Manet
1296 1952 1438 2008 enim
1469 1951 1741 2007 vinculum

186 2046 498 2114 nuptiarum,
526 2045 724 2101 etiamsi
764 2044 967 2116 proles,
1002 2044 1153 2115 cujus
1198 2058 1357 2099 causa
1397 2042 1586 2098 initum
1633 2049 1737 2111 est,

188 2134 459 2190 manifesta
500 2137 758 2192 sterilitate
799 2150 908 2191 non
956 2135 1311 2206 subsequatur
1355 2151 1370 2189 :
1413 2133 1487 2189 ita
1528 2141 1591 2189 ut
1627 2133 1739 2204 jam

183 2228 459 2284 scientibus
491 2228 787 2300 conjugibus
818 2244 927 2284 non
967 2244 1027 2285 se
1065 2228 1199 2285 ﬁlios
1240 2227 1514 2283 habituros
1538 2270 1554 2294 ,
1583 2240 1741 2296 sepa-

179 2333 289 2375 rare
327 2336 390 2375 se
435 2328 605 2376 tamen
645 2321 731 2377 vel
779 2321 893 2391 ipsa
938 2334 1101 2378 causa
1147 2319 1375 2374 ﬁliorum
1422 2326 1581 2389 atque
1621 2318 1740 2375 aliis

175 2413 406 2484 copulare
431 2429 538 2469 non
569 2414 743 2470 liceat.
772 2413 925 2483 Quod
946 2414 994 2470 si
1022 2412 1264 2481 fecerint,
1293 2427 1415 2468 cum
1441 2412 1521 2468 eis
1546 2411 1740 2482 quibus

176 2519 217 2560 se
255 2506 636 2576 copularerint,
668 2505 991 2561 adulterium
1015 2505 1374 2571 committunt,
1418 2503 1519 2573 ipsi
1560 2510 1739 2558 autem

175 2597 405 2669 coniuges
447 2607 685 2653 manent.
742 2598 909 2653 Plane
952 2597 1132 2652 uxoris
1160 2595 1435 2651 voluntate
1482 2593 1740 2650 adhibere

175 2688 334 2755 aliam,
375 2689 512 2746 unde
559 2704 878 2746 communes
921 2688 1014 2743 ﬁlii
1060 2695 1349 2743 nascantur
1389 2687 1548 2741 unius
1591 2700 1740 2743 com-

175 2781 408 2838 mixtione
425 2798 489 2838 ac
513 2784 745 2852 semine,
766 2781 991 2839 alterius
1018 2789 1194 2837 autem
1214 2780 1338 2852 jure
1365 2794 1427 2836 ac
1450 2787 1736 2850 potestate,

178 2874 298 2944 apud
337 2876 580 2947 antiquos
622 2885 806 2946 patres
851 2875 933 2932 fas
976 2882 1131 2931 erat:
1162 2882 1339 2929 utrum
1383 2881 1438 2928 et
1478 2887 1621 2928 nunc
1658 2871 1738 2929 fas

180 2966 255 3032 sit,
280 2983 381 3023 non
414 2978 616 3025 temere
642 2969 892 3025 dixerim.
937 2967 1053 3025 Non
1080 2976 1166 3023 est
1205 2967 1348 3023 enim
1380 2982 1519 3023 nunc
1547 2982 1739 3037 propa-

177 3058 315 3127 gandi
359 3061 667 3128 necessitas,
698 3075 820 3131 quae
847 3068 974 3115 tunc
1015 3058 1135 3127 fuit,
1164 3057 1377 3129 quando
1406 3067 1461 3114 et
1486 3059 1739 3129 patienti-

177 3146 264 3206 bus
298 3153 603 3224 coniugibus
630 3152 764 3208 alias
808 3160 1023 3224 propter
1063 3151 1418 3222 copiosiorem
1458 3151 1739 3225 posterita-

177 3248 272 3297 tem
296 3246 643 3316 superducere
678 3244 893 3311 licebat,
920 3244 1061 3315 quod
1096 3259 1238 3299 nunc
1274 3252 1420 3299 certe
1446 3258 1552 3298 non
1590 3243 1734 3300 licet.

174 3329 290 3389 Nam
336 3345 533 3392 tantum
576 3338 735 3393 affert
774 3336 1184 3407 opportunitatis
1234 3334 1299 3390 ad
1347 3334 1545 3405 aliquid
1593 3334 1738 3405 juste

172 3430 419 3501 agendum
443 3446 536 3489 seu
561 3446 670 3488 non
698 3431 964 3502 agendum
989 3438 1292 3501 temporum
1318 3436 1527 3486 secreta
1551 3428 1740 3486 distin-

171 3522 291 3588 ctio,
318 3532 379 3578 ut
413 3539 548 3580 nunc
588 3523 783 3579 melius
811 3522 990 3590 faciat,
1022 3522 1113 3592 qui
1155 3536 1256 3577 nec
1298 3536 1460 3575 unam
1502 3514 1735 3588 duxerit,

172 3613 272 3667 nisi
296 3628 355 3669 se
370 3617 632 3672 continere
656 3630 764 3672 non
787 3614 974 3686 possit.
1000 3613 1152 3669 Tunc
1172 3621 1351 3669 autem
1377 3613 1536 3667 etiam
1558 3613 1739 3683 plures

172 3702 540 3777 inculpabilitcr
561 3707 848 3774 ducebant,
877 3716 933 3763 et
957 3706 1048 3778 qui
1074 3721 1132 3763 se
1174 3705 1344 3761 multo
1370 3705 1575 3762 facilius
1604 3720 1738 3761 con-

173 3797 344 3867 linere,
356 3808 587 3870 possent,
615 3801 722 3856 nisi
752 3799 894 3855 aliud
931 3799 1103 3869 pietas
1145 3798 1240 3854 illo
1284 3806 1525 3868 tempore
1550 3805 1737 3868 postu-

170 3884 310 3944 laret.
355 3890 498 3947 Sicut
537 3892 683 3947 enim
730 3890 945 3962 sapiens
982 3899 1036 3947 et
1070 3890 1244 3961 justus
1268 3933 1282 3959 ,
1320 3889 1412 3959 qui
1450 3889 1562 3959 jam
1604 3903 1737 3944 con-

174 3983 378 4052 cupiscit
409 3984 629 4041 dissolvi
668 3994 725 4041 et
762 3999 882 4040 esse
918 3999 1040 4040 cum
1063 3980 1296 4049 Christo,
1339 3990 1393 4038 et
1430 3981 1533 4037 hoc
1568 3981 1739 4052 magis

177 4074 358 4141 optimo
392 4076 690 4133 delectatur
726 4076 997 4148 (Philipp.
1044 4092 1094 4143 t,
1135 4075 1283 4146 25),
1336 4074 1449 4144 jam
1494 4088 1603 4129 non
1649 4072 1738 4129 hic

176 4164 365 4221 vivendi
386 4168 692 4239 cupiditate,
735 4168 831 4224 sed
869 4168 1181 4224 consulendi
1221 4167 1398 4223 ofﬁcio
1437 4167 1602 4222 sumit
1636 4167 1737 4221 ali—

173 4268 410 4327 mentum,
439 4270 497 4315 ut
531 4270 751 4317 maneat
773 4261 828 4316 in
866 4276 1048 4330 carne,
1086 4261 1229 4332 quod
1268 4261 1632 4318 necessarium
1657 4268 1739 4317 est

175 4361 372 4421 propter
409 4354 542 4409 alios
590 4370 604 4407 :
645 4354 723 4408 sic
764 4354 978 4409 misceri
1023 4352 1239 4409 feminis
1273 4354 1394 4423 jure
1432 4354 1738 4424 nuptiarum
1772 4362 1801 4377 ’

176 4443 446 4501 ofﬁciosum
476 4447 577 4501 fuit
604 4455 731 4501 tunc
759 4448 958 4503 sanctis
987 4446 1134 4513 viris,
1163 4462 1271 4501 non
1298 4446 1662 4502 libidinosum.

240 4535 446 4592 CAPUT
483 4536 810 4593 XVl.—18.
854 4538 922 4591 In
977 4537 1237 4592 concubitu
1285 4553 1345 4590 ac
1396 4537 1451 4591 in
1498 4537 1594 4591 cibi
1626 4542 1740 4593 'usu

182 4626 338 4683 similis
362 4632 488 4685 ratio
498 4631 699 4685 uirtutis
713 4637 761 4684 et
774 4630 904 4685 uitii.
921 4628 1073 4697 Quod
1090 4629 1235 4685 enim
1264 4636 1349 4684 est
1379 4628 1528 4685 cibus
1554 4628 1621 4683 ad
1645 4642 1736 4684 sa-

184 4719 324 4776 lutem
349 4724 575 4781 hominis
595 4767 610 4793 ,
643 4724 749 4780 hoc
776 4733 860 4779 est
885 4723 1197 4779 concubitus
1225 4721 1292 4777 ad
1318 4722 1543 4778 salutem
1572 4736 1738 4793 gene-

186 4810 286 4867 ris:
312 4825 360 4870 et
386 4826 669 4888 utrumque
709 4831 819 4873 non
844 4816 1070 4872 estsine
1105 4814 1463 4872 delectatione
1500 4815 1735 4883 carnali;

191 4920 287 4975 qua:
305 4918 471 4967 tamen
497 4910 805 4967 modiﬁcata
824 4952 841 4978 ,
888 4917 941 4965 et
971 4898 1323 4980 temperantia
1352 4907 1658 4965 refrenante
1684 4908 1741 4965 in

192 5012 319 5055 usum
345 5003 636 5059 naturalem
666 5002 900 5070 redacta,
939 5000 1106 5058 libido
1131 5016 1252 5057 esse
1291 5016 1399 5057 non
1429 5008 1607 5073 potest
1638 5002 1738 5074 (a).

192 5088 318 5157 Quod
354 5107 433 5152 est
471 5106 657 5153 autem
698 5096 754 5151 in
798 5094 1144 5152 sustentanda
1171 5095 1282 5150 vita
1320 5094 1538 5151 illicitas
1564 5094 1738 5165 cibus,

192 5179 275 5237 hoc
297 5187 441 5241 estin
466 5186 753 5258 quaerenda
781 5186 931 5257 prole
954 5184 1270 5241 fornicarius
1296 5184 1381 5241 vel
1410 5184 1739 5241 adulterinus

192 5279 485 5335 concubitus.
514 5280 582 5335 Et
607 5279 751 5351 quod
770 5287 854 5335 est
878 5279 936 5335 in
960 5277 1168 5333 luxuria
1198 5278 1401 5333 ventris
1431 5286 1487 5333 et
1513 5277 1741 5348 gutturis

192 5364 373 5425 illicitas
396 5373 564 5441 cibus,
590 5372 695 5427 hoc
718 5380 800 5427 est
820 5372 874 5426 in
891 5370 1114 5426 libidine
1134 5370 1336 5425 nullam
1362 5371 1567 5441 prolem
1598 5385 1744 5441 quae-

195 5467 318 5515 rente
353 5463 565 5520 illicitas
603 5463 940 5520 concubitus.
981 5463 1050 5517 Et
1086 5462 1229 5534 quod
1255 5471 1337 5517 est
1366 5463 1418 5517 in
1446 5462 1566 5518 cibo
1594 5462 1741 5519 licito

198 5555 431 5610 nonnullis
464 5557 870 5613 immoderatior
894 5557 1187 5627 appetitus,
1219 5557 1322 5612 hoc
1356 5567 1438 5613 cst
1467 5558 1521 5613 in
1552 5558 1739 5628 conju-

199 5642 321 5709 Sibus
344 5649 559 5705 veniatis
601 5651 692 5707 ille
738 5650 1071 5707 concubitus.
1117 5649 1265 5706 Sicut
1298 5666 1426 5722 ergo
1469 5650 1636 5706 satius
1661 5659 1745 5707 est

197 5739 336 5794 emori
352 5739 509 5810 fame,
537 5756 698 5813 quam
724 5740 1036 5812 idolothytis
1058 5742 1203 5798 vesci
1233 5741 1340 5819 (b).;
1368 5742 1441 5797 ita
1470 5742 1637 5798 satius
1662 5749 1746 5799 est

242 5873 306 6005 lii

335 5876 1030 5954 Ἡδψιςὲιδςενηίὲτη
1158 5942 1172 5954 .
1272 5943 1330 5954 .-
1411 5953 1416 5954 ,

331 5942 402 5993 sic
418 5941 489 5995 ad.
516 5938 774 5995 Publicola:
806 5938 1123 6011 quaestionem
1142 5942 1207 5996 de
1241 5943 1427 5999 viatore
1461 5942 1742 6013 christiano,

1594 448 1799 510 LIBER
1841 444 2041 512 UNUS.

3340 466 3446 533 386

1859 566 2071 639 defungi
2114 567 2230 625 sine
2267 567 2468 640 liberis,
2498 585 2655 643 quam
2689 587 2755 630 ex
2797 575 2983 636 illicito
3027 580 3172 637 coitu
3215 583 3438 655 stirpem

1856 674 2114 731 quaerere.
2158 662 2540 737 Undecumque
2573 676 2751 724 autem
2778 681 3063 729 nascantur
3091 674 3355 741 homines,
3395 680 3442 734 si

1855 765 2136 821 parentum
2162 757 2286 812 vitia
2316 773 2421 813 non
2448 768 2720 816 sectentur
2739 802 2756 831 ,
2788 772 2844 819 et
2869 766 3036 821 Deum
3065 777 3209 825 recte
3240 772 3439 835 colant,

1854 845 2064 903 honesti
2092 858 2145 904 et
2169 850 2298 905 salvi
2320 859 2496 908 erunt.
2527 853 2719 909 Semen
2744 856 2887 911 enim
2915 858 3148 915 hominis
3175 878 3241 915 ex
3267 864 3440 932 quali-

1854 952 2082 1010 cumque
2112 940 2345 1010 homine,
2378 943 2473 999 Dei
2501 954 2745 1002 creatura
2770 956 2873 1015 est,
2900 958 2955 1005 et
2984 964 3050 1006 eo
3076 951 3214 1007 male
3245 955 3413 1007 utenti

1852 1029 1952 1086 bus
1976 1031 2118 1087 male
2146 1034 2267 1101 erit,
2298 1048 2405 1090 non
2425 1035 2598 1106 ipsum
2626 1037 2910 1108 aliquando
2944 1040 3143 1096 malum
3173 1043 3296 1096 erit.
3326 1042 3443 1098 Sic-

1853 1128 1913 1176 ut
1946 1130 2123 1179 autem
2169 1122 2262 1179 ﬁlii
2298 1125 2425 1181 boni
2465 1127 2850 1195 adulterorum,
2895 1132 3038 1187 nulla
3085 1131 3327 1189 defensio
3352 1142 3436 1189 est

1854 1213 2268 1283 adulteriorum;
2298 1217 2375 1274 sic
2396 1220 2523 1274 mali
2551 1222 2977 1294 coniugatorum,
3003 1224 3205 1280 nullum
3235 1226 3441 1282 crimen

1852 1315 1937 1363 est
1978 1308 2302 1378 nuptiarum.
2336 1311 2569 1369 Proinde
2609 1314 2748 1370 sicut
2781 1324 2962 1386 patres
3001 1318 3258 1388 temporis
3306 1318 3440 1374 Novi

1854 1399 2184 1457 Testamenti
2210 1418 2276 1459 ex
2313 1404 2491 1460 ofﬁcio
2516 1407 2826 1464 consulendi
2856 1409 3108 1465 alimenta
3137 1419 3436 1481 sumentes,

1853 1492 2097 1561 quamvis
2124 1508 2187 1549 ea
2216 1510 2338 1550 cum
2378 1495 2733 1555 delectatione
2759 1500 2991 1556 naturali
3017 1502 3194 1557 carnis
3219 1503 3435 1572 accipe-

1851 1590 2013 1651 rent,
2041 1583 2189 1641 nullo
2219 1585 2379 1641 modo
2408 1594 2587 1643 tamen
2629 1591 3075 1661 comparabantur
3098 1592 3439 1649 delectationi

1851 1688 2037 1731 eorum
2084 1676 2176 1745 qui
2221 1676 2562 1735 immolatitio
2605 1682 2958 1738 vescebantur
2983 1681 3031 1754 (Ι
3049 1683 3167 1739 Cor.
3207 1700 3320 1749 vni,
3354 1682 3435 1755 7),

1849 1774 1940 1822 aut
1967 1782 2152 1823 eorum
2182 1770 2273 1839 qui
2316 1771 2558 1841 quamvis
2595 1771 2768 1828 licitas
2808 1788 2981 1843 escas,
3014 1783 3195 1832 tamen
3236 1776 3433 1832 immo-

1850 1858 2088 1916 deratius
2110 1863 2486 1931 assumebant;
2510 1864 2587 1919 sic
2612 1872 2791 1935 patres
2817 1867 3071 1937 temporis
3098 1868 3308 1924 Veteris
3333 1868 3437 1924 Te-

1848 1953 2099 2008 stamenti
2124 1994 2138 2019 ,
2170 1954 2485 2010 consulendi
2517 1956 2696 2013 ofﬁcio
2725 1959 3171 2026 concumbebant,
3206 1976 3435 2031 quorum

1850 2042 2137 2099 delectatio
2171 2044 2262 2099 illa
2290 2047 2547 2103 naturalis
2572 2063 2904 2119 nequaquam
2930 2065 3098 2121 usque
3123 2050 3191 2106 ad
3218 2051 3435 2107 irratio-

1848 2136 2024 2192 nalem
2047 2145 2137 2191 aut
2154 2136 2414 2193 nefariam
2432 2139 2703 2195 libidinem
2721 2142 2978 2207 relaxata,
3002 2157 3101 2198 nec
3120 2142 3437 2213 turpitudini

1847 2236 2156 2299 stuprorum
2198 2244 2300 2284 nec
2342 2230 2745 2300 conjugatorum
2785 2232 3211 2302 intemperantiae
3252 2233 3437 2290 confe-

1847 2321 2013 2377 renda
2035 2329 2136 2377 est.
2167 2320 2366 2377 Eadem
2394 2322 2591 2393 quippe
2614 2337 2752 2379 vena
2785 2323 3079 2391 charitatis,
3105 2339 3251 2380 nunc
3273 2324 3436 2394 spiri-

1847 2414 2084 2482 tualiter,
2114 2422 2242 2469 tunc
2268 2414 2552 2470 carnaliter
2592 2422 2812 2486 propter
2845 2416 2990 2471 illam
3018 2424 3247 2471 matrem
3273 2416 3435 2471 Jeru-

1846 2510 2013 2566 salem
2073 2511 2400 2582 propagandi
2449 2518 2603 2567 crant
2653 2510 2749 2565 ﬁlii
2804 2528 2818 2565 :
2859 2510 2956 2566 sed
3007 2511 3220 2567 diversa
3271 2525 3436 2583 opera

1844 2608 2059 2671 patrum
2105 2616 2215 2657 non
2264 2601 2492 2657 faciebat
2533 2601 2638 2656 nisi
2674 2600 2954 2657 diversitas
2986 2610 3306 2672 temporum.
3347 2602 3439 2659 Sic

1845 2700 2027 2748 autem
2052 2708 2275 2749 necesse
2304 2703 2418 2748 erat
2456 2699 2515 2747 ut
2555 2693 2841 2748 carnaliter
2868 2692 3095 2761 coirent,
3123 2692 3282 2748 etiam
3326 2707 3439 2749 non

1850 2783 2094 2839 carnales
2133 2784 2447 2854 Prophetae;
2478 2784 2615 2840 sicut
2642 2799 2867 2841 necesse
2910 2792 3027 2840 erat
3064 2791 3124 2839 ut
3150 2784 3439 2840 carnaliter

1847 2884 2219 2943 vescerentur,
2250 2876 2411 2932 etiam
2440 2891 2545 2931 non
2574 2876 2819 2932 carnales
2843 2875 3107 2946 Apostoli.

1915 2966 2141 3024 CAPUT
2159 2967 2758 3024 XVll.—i9.Nubentes
2774 2968 2926 3038 hujus
2944 2968 3182 3038 temporis
3198 2983 3299 3023 non
3316 2983 3439 3024 con-

1846 3060 2044 3131 ferendi
2073 3059 2372 3116 nubentibus
2397 3061 2582 3115 sanctis
2610 3060 2762 3131 primi
2785 3060 3043 3130 temporis.
3066 3058 3169 3115 Uni
3190 3061 3294 3115 viro
3321 3060 3440 3131 plu-

1843 3170 1925 3209 res
1952 3170 2130 3209 uxores
2160 3154 2340 3208 habere
2368 3153 2644 3225 aliquando
2674 3153 2836 3221 licuit,
2868 3170 3125 3225 nunquam
3156 3155 3245 3209 uni
3283 3155 3435 3224 femi-

1844 3261 1926 3301 na:
1950 3245 2120 3317 plures
2146 3246 2301 3300 viros.
2331 3244 2604 3315 Quotquot
2632 3258 2760 3315 ergo
2785 3260 2926 3300 nunc
2964 3255 3089 3300 sunt
3137 3245 3329 3315 quibus
3355 3245 3437 3301 di-

1843 3337 2005 3405 citur,
2025 3335 2086 3392 Si
2102 3352 2155 3392 se
2174 3353 2276 3391 non
2291 3336 2563 3404 continent,
2588 3335 2777 3389 nubant
2802 3335 2909 3406 (Id.
2927 3353 3022 3405 vn,
3043 3336 3101 3407 9)
3123 3354 3137 3404 ;
3160 3352 3267 3392 non
3288 3351 3437 3393 com-

1844 3426 2097 3499 parandae
2126 3435 2249 3484 sunt
2295 3434 2423 3482 tunc
2465 3427 2625 3484 etiam
2675 3427 2998 3483 nubentibus
3036 3429 3253 3483 sanctis.
3300 3428 3437 3499 Ipsae

1845 3521 2061 3592 quidem
2093 3521 2294 3591 nuptiae
2328 3521 2384 3576 in
2424 3521 2674 3577 omnibus
2708 3520 2957 3592 gentibus
2998 3521 3187 3576 eadem
3214 3531 3340 3577 sunt
3366 3520 3437 3575 ﬁ—

1844 3613 2037 3669 liorum
2067 3613 2521 3683 procreandorum
2560 3627 2754 3681 causa,
2782 3614 2872 3683 qui
2902 3613 3221 3683 qualeslibet
3248 3619 3436 3684 postea

1843 3705 2078 3773 fuerint,
2113 3705 2180 3761 ad
2210 3705 2312 3762 hoc
2338 3713 2515 3761 tamen
2542 3705 2798 3760 institutae
2824 3713 2950 3759 sunt
2978 3704 3211 3775 nuptiae,
3247 3711 3307 3759 ut
3342 3698 3464 3760 σι’-⁵

1844 3799 2025 3855 dinate
2050 3798 2381 3872 honesteque
2407 3808 2713 3857 nascantur.
2738 3798 2844 3855 Sed
2865 3799 3110 3854 homines
3130 3798 3220 3869 qui
3245 3812 3304 3854 se
3325 3812 3435 3855 non

1844 3892 2139 3957 continent,
2170 3900 2421 3962 tanquam
2438 3890 2736 3948 ascendunt
2760 3893 2812 3947 in
2838 3891 3051 3962 nuptias
3076 3889 3242 3961 gradu
3268 3890 3435 3947 hone-

1846 3982 2000 4038 statis
2030 4001 2043 4036 :
2071 3983 2161 4053 qui
2200 3992 2376 4038 autem
2404 3998 2463 4038 se
2504 3985 2620 4038 sine
2662 3982 2826 4039 dubio
2868 3983 3224 4051 continerent,
3254 3982 3300 4037 si
3331 3982 3436 4038 hoc

1846 4074 1988 4130 illius
2015 4073 2271 4144 temporis
2307 4074 2445 4129 ratio
2472 4074 2835 4144 permisisset,
2878 4074 3110 4145 quodam
3155 4073 3315 4130 modo
3339 4073 3437 4128 de-

1847 4164 2171 4220 scenderunt
2210 4163 2265 4218 in
2316 4164 2527 4233 nuptias
2574 4164 2743 4235 gradu
2791 4164 3021 4235 pictatis.
3069 4165 3149 4219 Ac
3191 4179 3290 4235 per
3329 4163 3436 4220 hoc

1846 4256 2088 4326 quamvis
2115 4263 2461 4324 utrorumque
2486 4257 2685 4324 nuptitc
2708 4256 2758 4309 in
2785 4264 3040 4326 quantum
3063 4255 3262 4324 nuptiae
3287 4261 3433 4321 sunt,

1847 4350 1969 4418 quia
1998 4346 2318 4418 procreandi
2346 4360 2506 4401 causa
2539 4354 2693 4412 sunt,
2723 4347 2999 4416 aequaliter
3028 4347 3183 4401 bonae
3223 4346 3349 4411 sint,
3377 4344 3435 4402 hi

1847 4449 2026 4496 tamen
2068 4440 2314 4495 homines
2354 4440 2620 4510 conjugati
2651 4439 2757 4494 illis
2794 4439 3101 4495 hominibus
3136 4439 3436 4509 coniugatis

1847 4548 1957 4589 non
1983 4540 2107 4588 sunt
2127 4532 2491 4601 comparandi.
2521 4531 2729 4587 Habent
2750 4531 2892 4586 enim
2914 4531 3000 4585 isti
3020 4531 3163 4600 quod
3183 4532 3290 4586 illis
3316 4545 3436 4602 pro-

1848 4634 1969 4697 pter
2014 4624 2352 4679 honestatem
2408 4624 2754 4694 nuptiarum,
2806 4623 3047 4694 quamvis
3100 4622 3167 4678 ad
3220 4623 3434 4693 nuptias

1848 4731 1955 4773 non
1976 4715 2259 4787 pertineat,
2288 4714 2582 4771 secundum
2606 4715 2815 4770 veniam
2844 4713 3206 4779 concedatur;
3244 4713 3300 4769 id
3327 4722 3433 4783 est,

1848 4822 2190 4879 progressum
2236 4806 2383 4862 illum
2421 4808 2511 4878 qui
2557 4805 2767 4863 excedit
2807 4805 3098 4884 generandi
3140 4807 3436 4862 necessita-

1848 4909 1957 4956 tem
1982 4902 2022 4967 ¹,
2053 4898 2197 4970 quod
2225 4899 2300 4954 illi
2327 4914 2434 4954 non
2460 4898 2746 4955 habebant.
2776 4897 2884 4954 Sed
2910 4913 3085 4969 neque
3128 4898 3183 4953 hi
3208 4940 3222 4966 ,
3262 4900 3309 4955 si
3346 4899 3438 4970 qui

1848 4993 1988 5051 forte
2005 5008 2149 5049 nunc
2172 4994 2530 5061 inveniuntur,
2561 4993 2653 5064 qui
2679 5008 2787 5050 non
2810 5002 3056 5064 quaerunt
3083 4992 3139 5048 in
3169 4992 3439 5050 connubio

1848 5104 1951 5147 nec
1965 5096 2243 5161 appetunt,
2262 5088 2364 5144 nisi
2380 5097 2599 5158 propter
2613 5087 2755 5159 quod
2778 5088 3034 5143 institutae
3064 5096 3189 5142 sunt
3214 5089 3438 5158 nuptiae,

1849 5181 2116 5252 coaequari
2141 5188 2363 5252 possunt
2400 5180 2511 5237 illis
2537 5180 2861 5239 hominibus.
2894 5178 2951 5235 ln
2994 5178 3109 5235 istis
3135 5180 3276 5234 enim
3314 5194 3435 5237 car-

1850 5298 1978 5346 victo
2000 5294 2138 5357 famis
2147 5296 2518 5355 necessitate,si
2532 5295 2653 5344 nihil
2675 5296 2865 5357 uspiam
2880 5294 3144 5355 invenerit,
3164 5294 3256 5344 nisi
3275 5295 3441 5345 cibum

1850 5360 1900 5407 in
1924 5356 2068 5407 idolio
2102 5359 2311 5418 positum
2328 5393 2343 5416 ,
2367 5358 2454 5406 ubi
2477 5357 2638 5408 nullus
2659 5356 2784 5407 alitis
2807 5364 2884 5407 est
2904 5358 3147 5407 hominum
3166 5392 3181 5417 ,
3205 5364 3366 5406 utrum
3392 5359 3439 5406 ei

1850 5420 2001 5470 satius
2023 5420 2086 5468 sit
2108 5419 2234 5467 tame
2259 5421 2427 5482 emori,
2453 5433 2595 5482 quam
2621 5419 2737 5482 illud
2755 5421 2805 5469 in
2822 5418 3103 5482 alimentum
3124 5432 3340 5482 sumere,
3358 5432 3439 5466 re-

1851 5482 2059 5543 spondet
2082 5481 2373 5543 Augustinus
2387 5479 2439 5544 in
2464 5479 2667 5544 cpistola
2688 5494 2817 5531 nunc
2836 5482 3006 5530 ordine
3026 5480 3103 5539 47,
3128 5494 3176 5527 n.
3203 5479 3234 5528 6
3259 5494 3270 5528 :
3307 5497 3328 5525 α
3348 5486 3438 5528 aut

1860 5561 1882 5590 et
1904 5551 2092 5611 certum
2125 5549 2204 5592 est
2235 5555 2357 5611 esse
2382 5543 2725 5607 idolothytum,
2750 5550 2833 5592 aut
2851 5551 3039 5592 certum
3065 5547 3141 5611 est
3172 5554 3280 5611 non
3301 5554 3435 5611 esse,

1859 5623 1882 5653 α
1904 5612 1988 5672 aut
2010 5606 2294 5672 ignoratur_:
2320 5606 2362 5654 si
2385 5618 2506 5672 ergo
2527 5601 2727 5672 certum
2738 5613 2816 5654 est
2840 5617 2970 5663 esse,
2988 5601 3161 5672 melius
3182 5603 3442 5672 christiana

1859 5686 1882 5716 α
1907 5661 2086 5717 virtute
2109 5667 2381 5728 respuitur;
2407 5661 2627 5717 si'autem
2648 5666 2730 5715 vel
2753 5679 2851 5728 non
2884 5661 2996 5715 esse
3013 5663 3177 5723 scitur,
3202 5661 3283 5713 vel
3305 5664 3442 5728 igno-

1814 5768 1821 5771 .
1861 5747 1884 5777 α
1905 5736 2056 5790 ratur,
2074 5731 2184 5779 sine
2194 5724 2300 5779 ullo
2318 5724 2626 5779 conscientim
2647 5724 2873 5790 scrupulo
2895 5730 2945 5775 in
2975 5737 3115 5775 usum
3133 5724 3446 5792 necessitatis

1861 5809 1885 5839 α
1906 5793 2181 5842 assumitur.
2202 5807 2225 5836 ι

1918 5877 1936 5907 ί
1962 5882 2094 5936 t.ov.,
2117 5874 2382 5938 generandi
2409 5886 2605 5938 causam
2625 5870 2700 5927 vel
2712 5871 3057 5926 necessitatem.
3082 5876 3229 5926 Atttr.
3255 5878 3309 5925 et
3331 5855 3461 5928 Mss."

1855 5951 1955 5996 non
1976 5936 2177 6004 habent,
2205 5950 2403 5989 causam
2421 5936 2510 5989 vel.
2764 5996 2770 6004 _
3438 5940 3451 5948 ‘
