3930 6368
502 535 626 596 nale
664 539 748 592 est
784 530 958 604 Ipsum
998 520 1323 582 desiderium
1362 514 1630 584 ﬁIiorum;
1669 517 1725 570 in
1763 513 1868 568 illis
1907 517 2086 568 autem

504 623 781 700 spirituale
808 629 945 689 erat,
981 616 1104 690 quia
1133 618 1473 670 sacramento
1502 613 1643 664 illius
1673 605 1932 676 temporis
1960 617 2093 658 cou-

504 695 748 795 gruebat.
793 715 945 771 Nunc
987 711 1183 784 quippe
1224 706 1402 762 nullus
1443 704 1636 775 pietate
1662 698 1929 772 perlectus
1960 695 2096 749 ﬁlios

507 787 709 868 habere
755 807 860 865 nisi
905 802 1255 876 spiritualiter
1303 797 1536 870 quaerit:
1587 803 1712 850 tunc
1757 805 1887 847 vero
1931 787 2094 860 ipsius

508 903 720 976 pietatis
751 908 864 956 erat
886 894 1146 968 operatio,
1176 890 1338 947 etiam
1359 887 1647 946 carnaliter
1675 885 1812 939 ﬁlios
1837 893 2098 954 propaga-

457 976 464 1014 ξ
509 1012 606 1062 re;
654 992 779 1066 quia
826 991 970 1048 illius
1012 986 1196 1060 populi
1245 982 1523 1057 generatio
1571 978 1758 1035 nuntia
1800 976 2100 1052 futurorum

510 1097 644 1154 erat,
673 1065 734 1142 et
761 1083 827 1140 ad
855 1082 1306 1154 dispensationem
1339 1072 1706 1147 pr0pheticam
1740 1065 2062 1140 pertinebat.

583 1181 672 1236 20.
716 1177 943 1248 Ideoque
997 1189 1104 1228 non
1149 1172 1287 1227 sicut
1329 1168 1418 1224 uni
1464 1166 1580 1220 viro
1610 1163 1770 1220 etiam
1799 1161 1978 1232 plures
2005 1157 2102 1212 ha-

515 1275 644 1330 bere
692 1273 884 1327 licebat
934 1282 1154 1331 uxores,
1205 1265 1277 1320 ita
1321 1261 1411 1317 uni
1459 1258 1669 1315 femina:
1717 1254 1896 1326 plures
1937 1251 2102 1318 viros,

518 1380 617 1421 nec
645 1362 808 1434 prolis
854 1360 1020 1433 ipsius
1065 1372 1255 1422 causa,
1297 1355 1341 1410 si
1381 1352 1515 1408 forte
1547 1350 1633 1404 illa
1671 1360 1861 1418 parere
1904 1351 2104 1416 posset,

519 1457 609 1512 ille
652 1469 911 1526 generare
952 1467 1060 1507 non
1104 1460 1302 1521 posset.
1345 1444 1562 1501 Occulta
1589 1441 1730 1497 enim
1758 1439 1876 1510 lege
1904 1444 2107 1492 natura:

522 1556 706 1604 amant
751 1545 1174 1618 singularitatem
1222 1556 1339 1612 quae
1384 1537 1750 1610 principantur
1800 1549 1814 1585 :
1870 1528 2108 1598 subjecta

521 1657 652 1697 vero
679 1656 785 1695 non
812 1639 983 1693 solum
1008 1636 1213 1708 singula
1241 1633 1481 1705 singulis,
1505 1629 1598 1686 sed
1624 1627 1668 1683 si
1695 1626 1830 1682 ratio
1857 1622 2110 1680 naturalis

521 1734 608 1790 vel
638 1732 851 1789 socialis
877 1731 1128 1796 admittit,
1157 1731 1314 1785 etiam
1343 1727 1494 1798 plura
1521 1723 1611 1778 uni
1641 1737 1748 1777 non
1776 1720 1889 1776 sine
1917 1717 2111 1773 decore

522 1825 839 1881 subduutur.
869 1823 1053 1894 Neque
1097 1821 1239 1876 enim
1267 1819 1344 1873 sic
1371 1816 1529 1871 habet
1555 1828 1692 1869 unus
1718 1825 1904 1867 servus
1932 1808 2111 1880 plures
2162 1882 2170 1891 υ

524 1917 806 1987 dominos,
841 1913 1108 1986 quomodo
1140 1913 1317 1983 plures
1344 1909 1485 1965 servi
1514 1921 1675 1962 unum
1708 1903 2005 1959 dominum.
2036 1899 2110 1953 Ita

524 2009 736 2065 duobus
779 2022 874 2064 seu
921 2005 1163 2078 pluribus
1208 2002 1414 2058 maritis
1461 1999 1598 2054 vivis
1644 1997 1848 2053 nullam
1886 1991 2112 2063 legimus

527 2099 758 2155 servisse
788 2107 1128 2160 sanctarum;
1160 2094 1342 2164 plures
1383 2099 1559 2145 autem
1602 2088 1826 2144 feminas
1869 2085 1960 2140 uni
1997 2081 2113 2138 viro

531 2189 756 2262 legimus
790 2188 887 2260 (a),
904 2203 1025 2242 cum
1051 2185 1223 2258 gentis
1249 2184 1389 2238 illius
1409 2182 1636 2237 societas
1663 2179 1958 2248 sinebat,et
1981 2185 2116 2231 tem-

524 2282 822 2356 porisratio
839 2280 1099 2337 suadebat
1129 2297 1142 2334 :
1171 2293 1349 2348 neque
1377 2277 1518 2332 enim
1539 2284 1725 2330 contra
1753 2283 1992 2328 naturam
2018 2285 2116 2325 nu-

524 2375 756 2446 ptiarum
798 2382 898 2430 est.
940 2373 1126 2428 Plures
1165 2370 1308 2426 enim
1352 2369 1562 2424 femina:
1592 2365 1659 2421 ab
1689 2379 1795 2419 uno
1824 2364 1938 2418 viro
1964 2360 2115 2417 fetari

523 2475 780 2538 possunt;
813 2479 915 2519 una
943 2479 1071 2519 vero
1113 2479 1142 2517 a
1191 2461 1433 2534 pluribus
1479 2475 1583 2514 non
1635 2467 1808 2530 potest
1856 2455 1993 2527 (hare
2034 2461 2117 2510 est

526 2559 910 2631 principiorum
936 2559 1016 2613 vis
1034 2553 1076 2631 ¹)
1101 2573 1116 2612 :
1140 2555 1278 2612 sicut
1301 2554 1482 2609 multa:
1504 2552 1696 2608 animae
1720 2551 1812 2606 uni
1837 2550 1945 2605 Deo
1971 2556 2116 2604 recte

525 2655 844 2710 subdantur.
885 2652 1117 2722 Ideoque
1157 2665 1263 2705 non
1307 2656 1389 2705 est
1433 2663 1592 2704 verus
1639 2645 1781 2701 Deus
1821 2644 2125 2698 animarum

524 2745 627 2802 nisi
661 2760 794 2800 unus
817 2787 830 2810 ,
862 2758 965 2798 una
994 2757 1123 2798 vero
1150 2742 1324 2796 anima
1371 2753 1465 2809 per
1506 2737 1704 2793 multos
1729 2737 1750 2767 ²
1793 2735 1955 2791 falsos
1988 2733 2118 2789 deos

525 2835 776 2892 fornicari
802 2844 997 2906 potest,
1029 2848 1132 2888 non
1165 2829 1460 2887 Iecundari.

597 2928 824 2985 CAPUT
875 2925 1062 2981 XVIII.
1109 2954 1181 2966 —-
1232 2923 1323 2978 21.
1380 2921 1766 2979 Sacramentum
1821 2916 2117 2988 nuptiarum

527 3041 658 3079 nunc
689 3023 754 3076 ad
797 3037 952 3074 unum
988 3019 1151 3074 virum
1187 3025 1232 3072 et
1273 3015 1339 3069 ad
1379 3030 1534 3068 unam
1579 3027 1790 3066 uxorem
1829 3008 2114 3082 redactum.

527 3115 838 3187 EpiscOpunt
891 3112 987 3166 nisi
1042 3110 1190 3163 unius
1253 3107 1428 3162 uxoris
1483 3105 1649 3159 virum
1713 3101 1960 3157 ordinare
2015 3114 2118 3153 non

529 3209 664 3265 licet.
713 3207 817 3263 Sed
869 3205 1122 3277 quoniam
1180 3218 1248 3258 ex
1294 3199 1477 3255 multis
1534 3197 1725 3253 animis
1778 3211 1882 3251 una
1931 3193 2118 3248 civitas

526 3300 706 3358 futura
755 3309 838 3356 est
888 3297 1192 3353 habentium
1224 3295 1457 3349 animam
1500 3307 1664 3348 unam
1713 3298 1768 3346 et
1809 3304 1903 3344 cor
1950 3300 2116 3342 unum

526 3393 584 3449 in
624 3393 789 3448 Deum
832 3389 983 3464 (Act.
1033 3403 1106 3455 IV,
1153 3385 1294 3457 '52);
1337 3401 1456 3456 qua:
1497 3381 1713 3439 unitatis
1759 3389 1955 3436 nostrae
1993 3393 2117 3448 per-

528 3486 690 3545 fectio
741 3493 861 3557 post
907 3484 1045 3538 hanc
1091 3479 1574 3552 peregrinationem
1621 3474 1798 3530 futura
1853 3482 1977 3540 est,
2028 3469 2119 3525 ubi

529 3580 769 3635 omnium
800 3575 1148 3648 cogitationes
1179 3589 1278 3628 nec
1304 3571 1543 3626 latebunt
1573 3568 1821 3632 invicem,
1851 3581 1950 3621 nec
1980 3564 2120 3619 inter

530 3685 593 3728 se
634 3672 688 3726 in
727 3669 903 3738 aliquo
946 3665 1352 3739 repugnabunt:
1394 3669 1676 3733 propterea
1717 3658 2120 3714 Sacramentum

533 3763 844 3835 nuptiarum
887 3759 1145 3830 temporis
1195 3757 1365 3814 nostri
1409 3755 1485 3811 sic
1529 3753 1595 3809 ad
1641 3767 1804 3807 unum
1848 3751 2021 3805 virum
2069 3757 2124 3805 et

532 3873 696 3915 unam
721 3871 946 3913 uxorem
975 3853 1249 3910 redactum
1281 3859 1385 3917 est,
1414 3856 1472 3904 ut
1504 3847 1760 3902 Ecclesiae
1783 3844 2122 3915 dispensato-

533 3965 647 4009 rem
691 3963 796 4005 non
842 3948 1004 4004 liceat
1046 3945 1325 4009 ordinare,
1375 3941 1474 3995 nisi
1519 3939 1676 3993 unius
1721 3936 1902 3993 uxoris
1951 3937 2123 3992 virum

537 4042 581 4116 (I
629 4041 760 4098 Tim.
805 4057 882 4105 ιιι,
915 4039 953 4094 2
976 4081 991 4107 ,
1023 4047 1071 4092 et
1102 4035 1204 4090 Tit.
1235 4052 1274 4101 ι,
1317 4032 1393 4105 6).
1428 4031 1582 4101 Quod
1613 4029 1817 4085 acutius
1847 4028 2126 4084 intellexe-

534 4143 680 4197 runt,
713 4133 801 4204 qui
846 4146 946 4187 nec
991 4144 1114 4185 eum
1155 4126 1246 4198 qui
1293 4125 1706 4181 catechuinenus
1755 4121 1839 4176 vel
1889 4135 2124 4192 paganus

536 4223 783 4280 habuerit
811 4221 1052 4286 alteram,
1088 4215 1442 4274 ordinandum
1489 4229 1608 4270 esse
1654 4220 1980 4269 censuerunt
2021 4211 2123 4282 (b).

537 4316 616 4372 De
641 4316 985 4371 Sacramento
1011 4311 1153 4367 enim
1183 4310 1378 4380 agitur,
1416 4322 1520 4362 non
1549 4305 1615 4361 de
1640 4312 1882 4376 peccato.
1910 4301 2043 4357 Nam
2072 4301 2126 4355 in

536 4409 810 4480 Baptismo
839 4415 1056 4480 peccata
1085 4404 1263 4461 omnia
1290 4402 1651 4458 dimittuntur.
1693 4397 1800 4454 Sed
1841 4396 1930 4468 qui
1971 4395 2126 4463 dixit,

537 4501 602 4559 Si
630 4503 878 4574 acceperis
906 4517 1134 4565 uxorem,
1163 4516 1263 4553 non
1291 4496 1540 4568 peccasti;
1573 4503 1617 4548 et
1643 4495 1686 4549 si
1716 4495 1939 4563 nupserit
1965 4491 2124 4562 virgo,

539 4609 642 4647 non
671 4602 875 4662 peccat;
903 4600 977 4655 et,
1011 4590 1156 4655 Quod
1185 4588 1288 4642 vult
1316 4588 1492 4659 faciat,
1522 4602 1621 4639 non
1653 4592 1841 4653 peccat,
1894 4583 1937 4637 si
1977 4583 2131 4638 nubat

541 4682 581 4754 (l
597 4679 1032 4750 Cor.vu,28,56)
1054 4697 1066 4732 :
1088 4679 1216 4733 satis
1240 4675 1534 4731 declaravit
1551 4674 1758 4749 nuptias
1780 4672 1979 4728 nullum
2011 4689 2130 4729 esse

540 4784 836 4846 peccatum.
853 4773 1074 4842 Propter
1090 4769 1419 4826 Sacrameuti
1434 4777 1610 4823 autem
1625 4767 1979 4835 sanctitatem,
1995 4767 2131 4822 sicut

541 4867 737 4927 femina
763 4864 970 4932 etiamsi
1000 4863 1380 4920 catechumcna
1401 4860 1558 4918 fuerit
1577 4861 1788 4928 vitiata,
1821 4875 1928 4917 non
1956 4869 2132 4931 potest

541 4972 663 5033 post
693 4959 1020 5032 Baptismum
1049 4959 1187 5014 inter
1214 4956 1308 5011 Dei
1329 4955 1561 5027 virgines
1582 4956 1885 5010 consecrari
1905 4971 1920 5021 ;
1938 4955 2009 5010 ita
2023 4970 2130 5012 non

543 5054 772 5111 absurde
799 5053 970 5107 visum
997 5059 1079 5108 est
1107 5065 1230 5106 eum
1258 5049 1348 5120 qui
1393 5051 1627 5108 excessit
1667 5062 1895 5104 uxorum
1939 5061 2130 5103 nume-

544 5162 661 5203 rum
698 5144 1050 5218 singularem,
1079 5157 1188 5200 non
1217 5150 1489 5214 peccatum
1517 5139 1733 5212 aliquod
1764 5138 2128 5209 commisisse,

606 5387 624 5420 ι
642 5388 726 5437 Hic
749 5385 866 5436 editi
883 5385 1083 5448 addam,
1115 5389 1168 5450 ut
1188 5382 1352 5450 plures
1382 5381 1580 5448 femim
1610 5381 1697 5435 uni
1731 5380 1836 5436 viro
1855 5379 1951 5436 sint
1974 5393 1994 5435 :
2020 5395 2132 5447 quae

541 5451 696 5502 verba
719 5451 893 5499 absunt
916 5451 978 5498 ab
1000 5445 1224 5498 omnibus
1242 5453 1354 5497 Mss.

607 5515 627 5545 ι
653 5520 784 5572 t.ov.,
808 5516 912 5577 post
933 5511 1120 5562 multos.
1145 5515 1221 5560 Er.
1248 5517 1300 5560 et
1318 5514 1448 5570 Mss,
1473 5519 1559 5572 per
1581 5504 1774 5560 multos.

604 5598 677 5721 (ll;
710 5594 933 5655 Subaudi,
958 5593 1176 5646 servisse.

606 5659 656 5721 (ιν
706 5666 802 5709 Hoc
836 5655 1084 5721 intellexit
1115 5670 1176 5706 mi

606 5651 677 5722 (ινδ
706 5666 802 5709 Hoc
836 5651 1084 5722 intellexit
1115 5655 1258 5706 modo
1281 5653 1554 5722 ambrosius
1587 5653 1636 5702 in
1667 5652 1812 5714 epist.
1842 5653 1901 5704 ad
1934 5651 2131 5722 Vercel-

542 5714 736 5772 leusem
758 5718 1032 5779 Eeclesiam,
1059 5726 1233 5781 estque
1255 5715 1369 5781 olim
1387 5716 1466 5765 hic
1487 5727 1664 5781 sensus
1683 5725 1884 5781 recepto
1907 5714 2131 5768 Ecclesiae

542 5794 684 5850 more
707 5783 949 5850 probatus.
985 5780 1200 5850 Attamen
1238 5780 1552 5850 Hieronymus
1591 5780 1738 5850 epist:
1759 5780 1818 5850 ad
1843 5787 2125 5850 .oceanum,

544 5839 723 5906 acriter
744 5841 967 5904 duraque
991 5844 1093 5906 egit
1114 5851 1284 5906 contra
1302 5839 1429 5906 hunc
1458 5839 1673 5890 sensum.
1689 5839 1740 5906 td
1763 5841 1854 5889 sibi
1885 5842 2128 5906 objectum

535 5903 779 5966 ,attutlino
801 5902 1005 5954 testatur
1027 5902 1080 5952 in
1108 5902 1206 5954 ﬁne
1241 5903 1349 5953 libri
1377 5905 1397 5954 t
1425 5911 1591 5957 contra
1616 5903 1863 5958 numnum.

1524 394 1613 456 ne
1651 395 1827 454 nouo
1862 389 2258 460 comesam,
2285 387 2344 450 s.
2383 382 2754 446 AUGUSTINI
3347 330 3372 347 ”
3619 393 3697 464 πε

2205 506 2300 564 sed
2330 521 2571 564 normam
2598 503 2885 578 quamdam
2911 501 3239 561 Sacramenti
3264 506 3517 578 amisisse;
3539 525 3630 570 non
3651 517 3702 574 ad

2203 601 2326 656 vitae
2349 600 2504 656 bonae
2529 596 2919 665 meritum,psed
2942 594 3008 653 ad
3039 596 3375 655 ordinationis
3393 601 3702 666 ecclesiastica:

2205 693 2533 764 signaculum
2547 690 2921 748 necessariam.
2941 691 3017 746 Ac
3032 705 3125 762 per
3135 689 3235 748 hoc
3245 693 3371 748 sicut
3383 694 3544 766 plures
3558 714 3706 758 uxores

2206 787 2542 856 antiquorum
2565 793 2774 858 patrum
2799 783 3228 855 signiﬁcaverunt
3247 782 3437 842 futuras
3461 799 3637 848 nostras
3659 809 3705 849 ex

2208 879 2454 936 omnibus
2477 880 2720 952 gentibus
2741 878 3011 934 Ecclesias
3037 879 3127 934 uni
3145 878 3258 935 viro
3282 879 3499 937 subditas
3517 883 3706 941 Christo:

2209 972 2282 1028 ita
2307 980 2489 1028 noster
2509 973 2730 1028 antistes
2751 972 2908 1028 unius
2929 972 3110 1028 uxoris
3134 972 3214 1028 vir
3241 972 3486 1044 signiﬁcat
3509 991 3564 1031 ex
3585 980 3710 1032 omni-

2209 1064 2312 1120 bus
2358 1064 2604 1136 gentibus
2651 1064 2908 1121 unitatem
2946 1065 3038 1120 uni
3071 1066 3186 1121 viro
3229 1065 3479 1122 subditam
3521 1065 3710 1136 Christo;

2212 1171 2332 1227 qua:
2363 1165 2489 1212 tunc
2529 1156 2834 1227 perﬁcietur
2857 1199 2871 1224 ,
2899 1172 3020 1212 cum
3061 1157 3370 1213 revelaverit
3396 1154 3577 1214 Occulta
3603 1167 3710 1216 tene-

2215 1247 2430 1303 brarum
2458 1288 2471 1315 ,
2518 1257 2572 1304 et
2619 1248 3036 1304 manifestaverit
3078 1250 3420 1321 cogitationes
3465 1251 3636 1319 cordis,
3670 1263 3712 1308 ut

2217 1352 2340 1399 tunc
2385 1343 2499 1399 laus
2549 1343 2617 1398 sit
2669 1344 3008 1415 unicuiquea
3057 1344 3168 1398 Deo
3225 1343 3268 1417 (I
3293 1343 3405 1400 Cor.
3432 1361 3496 1410 iv,
3523 1345 3587 1418 5).
3606 1345 3717 1403 Nunc

2215 1443 2395 1491 autem
2437 1442 2560 1490 sunt
2603 1434 2917 1504 manifestae,
2959 1444 3084 1491 sunt
3112 1435 3338 1492 latentes
3365 1435 3714 1503 dissensiones‘,

2216 1528 2377 1584 etiam
2407 1528 2552 1584 salva
2581 1527 2860 1596 charitate,
2903 1528 3045 1584 inter
3086 1543 3182 1584 eos
3209 1528 3298 1599 qui
3325 1545 3478 1584 unum
3511 1538 3556 1584 et
3579 1531 3622 1583 iu
3644 1545 3719 1585 uno

2217 1619 2380 1677 futuri
2407 1628 2531 1676 sunt
2559 1638 2574 1676 :
2605 1636 2724 1692 quae
2753 1629 2877 1676 tunc
2905 1620 3088 1692 utique
3113 1621 3271 1676 nulla:
3297 1627 3462 1676 erunt.
3485 1620 3608 1677 Sicut
3629 1636 3720 1692 ergo

2217 1713 2622 1770 Sacramentum
2664 1713 2944 1784 pluralium
2992 1714 3295 1783 nuptiarum
3343 1713 3474 1768 illius
3528 1713 3721 1782 temporis

2219 1806 2532 1880 signiﬁcavit
2567 1806 2793 1862 futuram
2843 1807 3240 1862 multitudinem
3272 1801 3378 1862 Deo
3403 1807 3652 1877 subjectum
3685 1807 3721 1862 in

2219 1898 2448 1954 terrenis
2475 1899 2719 1953 omnibus
2743 1899 3024 1969 gentibus;
3057 1899 3134 1954 sic
3167 1897 3547 1954 Sacramentum
3573 1899 3722 1969 nuptia-

2219 2006 2337 2047 rum
2365 1990 2689 2062 singularum
2733 1992 2903 2047 nostri
2949 1991 3210 2063 temporis
3254 1991 3505 2062 signiﬁcat
3530 1991 3721 2046 unitatem

2220 2085 2458 2140 omnium
2484 2092 2724 2139 nostrum
2755 2084 3047 2154 subjectam
3078 2084 3193 2140 Deo
3219 2083 3444 2140 futuram
3469 2083 3515 2138 in
3539 2098 3624 2139 una
3644 2096 3721 2138 ce-

2221 2176 2342 2233 lesti
2367 2177 2598 2233 civitate.
2632 2178 2816 2248 Itaque
2847 2177 2983 2232 sicut
3008 2176 3224 2234 duobus
3250 2177 3536 2248 pluribusve
3561 2175 3722 2241 servire,

2221 2269 2300 2325 sic
2339 2284 2372 2324 a
2415 2270 2531 2324 viro
2577 2269 2697 2325 vivo
2726 2270 2782 2324 in
2810 2269 3031 2326 alterius
3062 2269 3292 2326 transire
3317 2267 3606 2324 connubiqu
3626 2309 3637 2332 ,
3659 2280 3724 2320 ne:

2222 2370 2348 2418 tunc
2374 2363 2539 2429 licuit,
2570 2378 2670 2418 nec
2697 2379 2837 2418 nunc
2861 2363 3006 2429 licet,
3039 2378 3140 2419 nec
3172 2377 3402 2434 unquam
3432 2360 3601 2417 licebit.
3626 2359 3724 2436 Apo-

2223 2464 2420 2512 statere
2444 2457 2639 2527 quippe
2665 2456 2732 2512 ab
2762 2472 2868 2511 uno
2897 2456 3034 2524 Deo,
3061 2465 3115 2512 et
3144 2457 3225 2513 ire
3250 2457 3301 2512 in
3345 2455 3548 2510 alterius
3576 2451 3725 2507 adulle

2223 2547 2394 2604 rinam
2437 2547 2894 2619 superstitionem,
2925 2562 3140 2618 semper
3168 2557 3252 2604 est
3275 2545 3483 2602 malum.
3505 2545 3597 2600 Nec
3616 2556 3726 2598 causa

2222 2655 2350 2714 ergo
2374 2641 2758 2698 numerosioris
2797 2642 2961 2713 prolis
2986 2641 3235 2698 fecerunt
3257 2641 3422 2699 sancti
3449 2639 3610 2704 nostri,
3631 2633 3728 2707 quod

2221 2734 2352 2792 Cato
2382 2735 2576 2791 dicitur
2619 2735 2812 2806 fecisse
2841 2734 3113 2790 Romanus
3144 2733 3255 2810 (a),
3287 2744 3344 2790 ut
3383 2731 3589 2788 traderet
3623 2729 3728 2782 vinis

2223 2845 2446 2886 uxorem
2477 2830 2637 2886 etiam
2665 2828 2886 2886 alterius
2915 2829 3131 2884 domum
3184 2828 3304 2883 ﬁliis
3350 2826 3658 2898 impleturum.
3689 2819 3728 2874 In

2224 2931 2529 2978 nostrarum
2558 2921 2752 2993 quippe
2795 2921 2994 2991 unptiis
3022 2920 3142 2991 plus
3176 2919 3318 2976 valet
3340 2917 3569 2974 sanctitas
3591 2913 3731 2978 5³61³⁸

2223 3017 2412 3089 menti,
2435 3032 2593 3088 quam
2622 3015 2920 3072 fecunditas
2948 3015 3110 3070 uteri.

2294 3109 2385 3166 22.
2426 3107 2481 3165 Si
2507 3124 2635 3181 ergo
2665 3118 2718 3165 et
2743 3108 2820 3164 illi
2842 3109 2933 3179 qui
2956 3116 3180 3180 propter
3199 3107 3366 3165 solam
3389 3103 3730 3179 generationem,

2225 3211 2444 3273 propter
2473 3217 2632 3272 quam
2669 3209 2791 3256 sunt
2834 3200 3091 3256 institutae
3129 3202 3334 3272 nuptiae
3358 3241 3372 3266 ,
3399 3198 3732 3269 coniunguntur.

2224 3312 2330 3353 non
2364 3305 2740 3368 comparantur
2786 3296 3043 3366 patribus,
3076 3296 3252 3352 multo
3296 3295 3445 3351 aliter
3487 3295 3610 3364 ipsos
3637 3287 3733 3343 ﬁlios

2224 3404 2384 3461 quam
2413 3389 2498 3444 isti
2527 3388 2922 3460 quazrcntibus;
2954 3387 3387 3462 quandoquidem
3412 3386 3560 3443 [ilium
3595 3384 3734 3438 immo-

2225 3482 2339 3537 lare
2358 3481 2540 3552 jussus
2569 3481 2862 3549 Abraham,
2891 3481 3190 3552 intrepidus
3215 3497 3278 3537 ac
3298 3481 3528 3547 devotus,
3551 3488 3675 3547 quem
3688 3469 3735 3525 de

2227 3583 2375 3631 tanta
2401 3574 2776 3646 desperatione
2813 3582 3164 3647 susceperat,
3198 3576 3354 3632 unico
3394 3589 3496 3630 non
3530 3567 3738 3644 pepercit.

2227 3667 2331 3724 nisi
2355 3683 2419 3724 eo
2445 3667 2760 3738 prohibente
2802 3682 3021 3724 manum
3070 3667 3400 3740 deponeret,
3445 3677 3542 3736 quo
3575 3659 3739 3733 iubente

2228 3761 2498 3818 levaverat
2519 3759 2672 3833 (Gen.
2700 3776 2830 3829 χχιι,
2865 3758 2978 3832 12).

2302 3853 2528 3912 CAPUT
2555 3853 2697 3910 XIX.
2728 3883 2799 3894 —
2835 3854 2916 3908 An
2942 3852 3121 3908 saltem
3151 3853 3453 3909 continentes
3487 3844 3625 3904 nostri
3647 3854 3741 3895 can-

2230 3946 2448 4018 parandi
2474 3947 2573 4001 sint
2599 3946 2814 4016 antiquis
2839 3944 3024 4001 sanctis
3063 3945 3370 4016 coniugatis.
3412 3942 3580 3997 Restat
3612 3943 3657 3990 ut
3689 3927 3744 3982 vio

2231 4038 2455 4096 deamus
2493 4047 2670 4093 utrum
2701 4037 2892 4093 saltem
2937 4036 3273 4093 continentes
3313 4034 3476 4091 nostri
3514 4020 3743 4096 coniugalis

2232 4131 2338 4188 illis
2384 4131 2622 4202 patribus
2670 4129 3015 4200 comparandi
3059 4129 3203 4194 sint;
3250 4128 3352 4183 nisi
3394 4125 3523 4182 forte
3558 4121 3648 4192 jam
3686 4109 3745 4168 isli

2233 4224 2553 4298 prieterendi
2573 4233 2698 4280 sunt
2717 4225 2816 4290 eis,
2841 4224 3031 4294 quibus
3056 4222 3297 4278 nondum
3323 4235 3453 4292 quos
3476 4213 3746 4274 conferamus

2232 4318 2553 4373 invenimus.
2585 4316 2752 4386 Majus
2783 4316 2925 4371 enim
2955 4314 3155 4370 bonum
3199 4321 3315 4370 crat
3363 4314 3415 4366 in
3459 4309 3644 4366 illorum
3681 4312 3747 4353 nu‘

2233 4413 2378 4484 ptiis,
2403 4427 2561 4482 quam
2588 4420 2668 4468 est
2696 4411 2893 4466 bonum
2921 4409 3196 4480 proprium
3223 4408 3536 4478 nuptiarum,
3562 4397 3632 4455 cui
3657 4403 3746 4463 ιπο·

2235 4483 2322 4562 eul
2345 4506 2507 4561 dubio
2532 4505 2730 4560 bonum
2761 4502 3102 4559 continentia:
3129 4499 3514 4573 praeferendum
3547 4501 3639 4556 est;
3664 4483 3750 4573 qui?

2236 4613 2347 4655 non
2372 4597 2463 4652 tali
2490 4595 2668 4652 ofﬁcio
2711 4595 3022 4666 quaerebant
3060 4571 3145 4648 illi
3167 4593 3307 4652 ﬁlios
3336 4607 3402 4647 ex
3430 4585 3624 4658 nuptiis,
3648 4571 3749 4648 quali

2236 4692 2500 4748 ducuntur
2523 4688 2636 4756 isti,
2668 4704 2733 4744 ex
2762 4687 2992 4759 quodam
3018 4701 3179 4742 sensu
3201 4693 3404 4741 natura:
3429 4674 3645 4737 mortalis
3667 4678 3750 4759 sut-

2236 4782 2534 4838 cessionem
2585 4779 2880 4836 deccssioni
2929 4776 3252 4848 requirentis
3280 4785 3322 4828 ι.
3377 4769 3525 4842 Quod
3569 4753 3750 4836 (ιυὶδῆυίε

2236 4873 2436 4930 bonum
2464 4880 2642 4943 negat,
2673 4870 2879 4944 ignorat
2905 4870 3075 4926 Deum
3101 4868 3341 4924 omnium
3366 4866 3608 4923 bonorum
3631 4869 3654 4908 a
3675 4860 3751 4944 οως

2236 4968 2456 5024 Iestibus
2485 4982 2652 5038 usque
2677 4965 2741 5021 ad
2776 4975 2982 5021 terrena
3003 5006 3018 5032 ,
3045 4961 3113 5018 ab
3144 4957 3525 5017 immortalibus
3550 4957 3685 5018 usque
3707 4933 3753 4991 ad

2236 5060 2482 5138 mortalia
2508 5066 2827 5115 creatorem.
2853 5056 2967 5112 Hoc
2998 5064 3173 5111 autem
3201 5067 3364 5109 sensu
3401 5037 3663 5122 generandi
3684 5039 3757 5131 nec

2235 5136 2423 5210 bestiae
2458 5153 2669 5224 penitus
2694 5158 2912 5219 carent,
2939 5158 2993 5205 et
3021 5147 3253 5204 maxime
3291 5145 3460 5210 alites,
3496 5142 3689 5210 quarum
3717 5134 3756 5174 ιιι

2237 5255 2488 5319 promptu
2512 5254 2593 5300 est
2612 5258 2739 5300 cura
2759 5241 3082 5306 nidiﬁcaudi,
3108 5248 3162 5296 et
3185 5237 3430 5309 quaedam
3450 5223 3757 5319 conjugitfrum

2236 5312 2529 5398 similitudo
2555 5337 2622 5394 ad
2650 5336 2808 5393 simul
2839 5332 3225 5408 procreandum
3267 5338 3428 5400 atque
3452 5312 3754 5382 nutriendum

2235 5435 2341 5495 Sed
2368 5434 2442 5490 illi
2467 5433 2712 5489 homines
2740 5431 2897 5487 istum
2928 5437 3131 5486 natura:
3154 5422 3398 5481 mortalis
3420 5417 3660 5474 ail‘ectum.
3678 5411 3756 5503 ’ως

2231 5529 2322 5600 jus
2347 5527 2400 5584 iu
2443 5541 2539 5584 suo
2579 5539 2777 5597 genere
2806 5522 3022 5579 castitas
3051 5516 3340 5576 accedente
3365 5511 3460 5571 Dei
3485 5506 3632 5566 cultu,
3655 5492 3757 5549 sicut

2300 5713 2316 5744 ί
2335 5712 2407 5781 sic
2429 5718 2533 5762 mss.
2551 5715 2608 5760 At
2629 5709 2748 5760 editi
2770 5720 2787 5758 :
2809 5701 3367 5765 Nuncautemmanifeste
3389 5700 3493 5753 sunt
3507 5680 3760 5746 tatetlmdl'r

2235 5786 2493 5830 senstones.
3766 5789 3773 5820 ε

2296 5839 2316 5869 ²
2345 5836 2530 5899 Aliquot
2562 5832 2887 5899 manuscripti,
2903 5832 3212 5899 requirentes.
3769 5823 3772 5826 ⁴

2297 5901 2370 5964 (ιι)
2402 5891 2514 5952 C'ato
2537 5899 2696 5960 Mittor,
2722 5891 2847 5962 apud
2871 5891 3106 5952 Pluﬁrdt.
