3930 6368
238 448 307 511 an
1626 424 1757 512 Inui

1868 426 2081 517 unus;

243 564 403 637 quidam
432 561 845 630 intellexerunt,
874 560 933 621 in
956 560 1236 624 tricenario
1255 560 1432 625 fructu
1456 571 1671 642 ponitur
1692 572 1788 646 (a),

242 658 352 727 longe
373 658 639 713 sanctiore
662 667 850 715 mente
880 662 1228 733 superabant,
1249 664 1338 735 qui
1365 662 1432 719 de
1458 666 1566 721 suis
1588 668 1791 739 nuptiis

242 748 335 804 lilios
361 758 576 820 propter
600 745 879 805 Christum
902 754 1233 824 qurerehant,
1262 755 1331 811 ad
1363 771 1531 828 genus
1560 759 1788 834 ejusse-

243 839 423 894 cundum
450 856 670 896 carnem
692 842 1128 915 distinguendum
1152 847 1217 902 ab
1239 849 1487 906 omnibus
1510 852 1785 922 gentibus:

243 932 340 986 sicut
364 930 466 985 Deo
493 931 785 1001 disponere
816 935 1036 1005 placuit,
1085 946 1143 993 ut
1186 940 1285 995 hoc
1328 957 1440 1013 pra:
1484 944 1692 999 caeteris
1717 944 1784 1000 ad

243 1038 327 1078 eum
362 1023 779 1094 pmphetandum
812 1029 1031 1095 valeret,
1067 1032 1205 1099 quod
1236 1036 1692 1104 praenuntiabatur
1716 1053 1782 1094 ex

241 1129 311 1183 quo
334 1113 479 1170 etiam
507 1131 706 1187 genere
734 1127 789 1174 et
814 1134 877 1174 ex
908 1136 1010 1192 qua
1040 1133 1196 1193 gente
1222 1135 1365 1181 esset
1390 1127 1443 1181 in
1469 1142 1630 1185 carne
1654 1146 1782 1185 ven-

238 1215 369 1262 turus.
396 1207 551 1263 Valde
591 1224 722 1280 ergo
750 1221 1056 1269 nostrorum
1098 1216 1332 1274 ﬁdelium
1373 1221 1535 1277 castis
1581 1225 1778 1295 nuptiis

235 1300 417 1369 amplius
444 1300 641 1357 bonum
668 1314 806 1372 erat,
832 1307 973 1377 quod
1004 1319 1154 1379 pater
1181 1312 1447 1369 Abraham
1489 1316 1541 1371 in
1568 1333 1665 1373 suo
1695 1319 1774 1375 fe-

231 1409 345 1449 more
366 1407 603 1466 noverat,
631 1400 715 1454 cui
741 1416 954 1457 manum
987 1405 1214 1462 subdere
1240 1406 1493 1465 famulum
1518 1412 1693 1481 jussit,
1719 1424 1774 1471 ut

227 1482 273 1538 de
287 1499 577 1558 uxorem
595 1504 623 1543 ρ
652 1490 764 1546 ﬁlio
788 1501 931 1548 esset
951 1494 1188 1553 ducenda
1207 1501 1414 1569 juraret
1444 1501 1595 1575 (Gen.
1623 1521 1769 1577 xxxv,

224 1573 329 1644 2-4).
358 1578 564 1636 Ponens
602 1582 747 1638 enim
794 1601 1008 1642 manum
1046 1589 1146 1643 sub
1194 1588 1395 1647 femore
1427 1593 1690 1667 hominis,
1718 1608 1772 1655 et

218 1668 366 1738 iurans
396 1688 487 1742 per
516 1674 684 1730 Deum
734 1678 853 1734 caeli
881 1720 895 1745 ,
931 1680 1057 1750 quid
1090 1682 1230 1738 aliud
1263 1686 1618 1758 signiﬁcabat,
1666 1692 1768 1747 nisi

216 1761 329 1819 inea
359 1780 546 1834 carne,
574 1785 693 1839 qua}
728 1785 791 1825 ex
838 1771 931 1827 illo
976 1772 1177 1830 femore
1223 1778 1481 1849 originem
1528 1781 1765 1851 duceret,

211 1851 347 1910 Deum
370 1859 489 1914 coeli
519 1875 637 1915 esse
662 1866 984 1919 venturum?
1016 1866 1220 1923 Bonum
1242 1884 1369 1941 ergo
1391 1881 1515 1929 sunt
1545 1876 1761 1945 nuptiae,

206 1944 246 2002 in
268 1951 456 2020 quibus
485 1960 630 2009 tanto
674 1956 923 2014 meliores
967 1968 1091 2015 sunt
1131 1963 1418 2036 conjugati,
1450 1944 1648 2038 quanto
1676 1986 1766 2027 ca-

203 2041 385 2098 sﬁores
426 2060 490 2099 ac
526 2046 782 2107 ﬁdeliores
830 2052 1000 2109 Deum
1037 2055 1261 2126 timent,
1294 2060 1526 2117 maxime
1551 2065 1596 2119 si
1624 2065 1764 2124 ﬁlios

203 2148 331 2203 quos
372 2140 647 2196 carnaliter
682 2142 1012 2217 desiderant,
1064 2151 1223 2207 etiam
1269 2154 1616 2225 spiritualiter
1657 2176 1759 2217 nu-

199 2231 374 2282 triant.

252 2320 333 2376 CA
346 2321 434 2378 PU
440 2323 480 2378 T
494 2324 768 2384 XX.—23.
782 2329 867 2386 Ea:
886 2331 993 2407 lege
1016 2337 1383 2408 puriﬁcationis
1398 2353 1511 2414 post
1526 2348 1758 2402 concubi-

188 2418 295 2474 tum,
319 2431 419 2469 non
430 2421 620 2473 ostendi
634 2420 776 2477 illum
791 2441 895 2481 esse
909 2438 1191 2497 peccatum.
1208 2432 1286 2487 An
1304 2436 1610 2493 continentes
1627 2456 1760 2495 nunc

188 2505 327 2575 aliqui
371 2510 588 2578 conferri
643 2517 836 2584 possint
887 2520 1104 2591 antiquis
1148 2521 1390 2581 Patribtts
1441 2531 1752 2601 conjugatis.

187 2594 277 2654 Nec
324 2603 462 2672 quod
511 2607 779 2675 puriﬁmri
825 2609 935 2666 Lex
977 2612 1245 2671 hominem
1294 2628 1348 2675 et
1394 2594 1756 2695 post'conju-

188 2692 339 2759 galem
382 2699 718 2754 concubitum
760 2702 949 2772 jubet,
1000 2717 1273 2777 peccatum
1313 2726 1433 2769 esse
1474 2692 1752 2787 declarat;

186 2783 349 2840 sinon
380 2800 455 2843 est
484 2790 573 2847 ille
602 2792 694 2863 qui
725 2797 1019 2854 secundum
1048 2802 1257 2857 veniam
1284 2806 1598 2865 conceditur
1617 2852 1631 2877 ,
1662 2814 1753 2883 qui

188 2876 335 2931 etiam
361 2880 547 2937 nimius
576 2884 801 2955 impedit
834 2884 1121 2948 orationes.
1153 2893 1260 2951 Sed
1286 2896 1423 2953 sicut
1450 2876 1621 2957 multa
1642 2876 1753 2960 L-ex

190 2971 334 3036 ponit
361 2972 409 3025 in
451 2982 796 3034 sacramentis
822 2992 876 3037 et
906 2983 1109 3041 umbris
1146 2987 1475 3059 futurorum;
1508 2995 1753 3064 quaedam

187 3056 234 3113 in
261 3064 457 3120 semine
496 3070 642 3138 quasi
674 3074 967 3131 materialis
1010 3076 1310 3137 informitas
1330 3124 1345 3151 ,
1379 3100 1497 3155 qua:
1525 3084 1752 3144 formata

185 3162 372 3225 corpus
389 3156 609 3216 hominis
636 3163 911 3222 redditura
934 3178 1053 3238 est,
1092 3171 1146 3227 in
1171 3174 1556 3246 signiﬁcatione
1581 3181 1752 3252 posita

183 3256 256 3301 est
307 3250 420 3305 vita:
464 3254 703 3311 informis
752 3268 806 3313 ct
853 3260 1131 3321 ineruditae
1160 3284 1173 3320 :
1203 3283 1231 3323 a
1282 3285 1383 3341 qua
1428 3250 1752 3333 informitate

182 3342 414 3407 quoniam
444 3357 649 3416 oportet
678 3348 946 3409 hominem
977 3356 1233 3415 doctrina:
1261 3359 1433 3418 forma
1479 3374 1533 3421 et
1573 3366 1752 3423 erudi-

180 3430 315 3489 tione
347 3439 605 3507 mundari,
636 3443 686 3497 in
719 3442 878 3515 hujus
923 3448 1003 3503 rei
1049 3452 1265 3521 signum
1311 3455 1400 3510 illa
1452 3458 1749 3527 puriﬁcatio

177 3535 432 3598 prmcepta
469 3543 548 3587 est
588 3544 709 3605 post
748 3538 970 3595 seminis
1001 3542 1363 3601 emissionem.
1392 3547 1576 3620 Neque
1604 3553 1749 3610 enim

176 3625 229 3670 et
259 3616 315 3672 in
344 3624 530 3678 somnis
550 3638 768 3696 peccato
791 3630 848 3684 ﬁt
875 3632 928 3698 ¹;
968 3642 1018 3688 et
1049 3644 1225 3692 tamen
1252 3639 1411 3694 etiam
1441 3616 1512 3697 ibi
1542 3658 1747 3713 praece-

175 3718 260 3776 pta
289 3719 371 3767 est
396 3716 698 3784 puriﬁcatio.
731 3721 838 3776 Aut
863 3724 908 3779 si
946 3734 1000 3780 et
1024 3725 1126 3783 hoc
1147 3740 1425 3799 peccatum
1466 3735 1748 3807 quisquam

175 3810 338 3869 putat,
364 3820 464 3861 non
484 3809 747 3867 arbitrans
766 3815 1010 3873 accidere
1036 3819 1137 3874 nisi
1163 3836 1227 3876 ex
1246 3822 1423 3893 aliquo
1444 3823 1747 3896 huiusmodi

176 3890 447 3965 desiderio,
481 3903 621 3972 quod
652 3908 841 3975 procul
867 3908 1027 3965 dubio
1048 3912 1236 3969 falsum
1265 3890 1381 3981 est;
1413 3890 1668 3989 numquid
1694 3930 1748 3978 et

176 3987 318 4042 solita
346 4003 614 4049 menstrua
634 3999 655 4029 ²
703 4009 917 4068 peccata
961 4013 1084 4059 sunt
1110 4005 1467 4065 feminarum?
1495 4026 1525 4066 a
1556 3987 1746 4084 quibus

179 4082 345 4136 tamen
388 4101 476 4142 eas
518 4089 709 4145 eadem
756 4091 914 4165 Legis
958 4105 1196 4153 vetustas
1244 4104 1498 4175 praecepit
1545 4082 1747 4177 expiari

180 4168 351 4237 (Lerit.
381 4176 503 4249 xv);
536 4196 644 4235 non
692 4183 792 4237 nisi
837 4197 1055 4257 prOpter
1098 4191 1268 4261 ipsam
1300 4197 1632 4253 materialcm
1664 4199 1746 4254 in-

174 4257 477 4323 formitatem
505 4313 521 4338 ,
564 4288 683 4342 quae
720 4273 862 4330 facto
883 4257 1144 4352 conceptu
1165 4291 1413 4355 tanquam
1440 4287 1492 4341 in
1514 4289 1747 4347 aedifica-

175 4353 362 4410 tionem
388 4365 628 4431 corporis
659 4364 872 4422 additur
906 4388 917 4423 :
962 4386 1022 4427 ac
1050 4389 1144 4444 per
1170 4374 1271 4430 hoc
1299 4392 1417 4431 cum
1448 4379 1746 4439 informiter

181 4444 307 4511 ltuit,
336 4453 614 4521 signiﬁcari
646 4472 743 4527 per
772 4458 917 4515 illam
939 4462 1022 4518 lex
1046 4465 1212 4520 voluit
1250 4468 1483 4524 animum
1522 4472 1637 4528 sine
1665 4474 1745 4529 di-

180 4538 398 4608 sciplina:
445 4544 613 4600 forma
662 4549 972 4608 indecenter
1012 4554 1229 4612 ﬂuidum
1277 4573 1341 4614 ac
1387 4560 1741 4634 dissolutum;

180 4643 323 4698 quem
363 4634 577 4693 formari
609 4650 862 4709 oportere
890 4645 1168 4715 signiﬁcat,
1198 4664 1318 4704 cum
1352 4652 1511 4707 talem
1540 4654 1740 4713 ﬂuxum

181 4727 399 4792 corporis
420 4729 573 4799 jubet
612 4734 903 4803 puriﬁcari.
934 4736 1209 4796 Postremo
1236 4745 1492 4815 numquid
1530 4756 1583 4803 et
1607 4749 1745 4804 mori

183 4824 431 4881 pacatum
458 4832 560 4888 est,
586 4832 678 4879 aut
699 4836 965 4883 mortuum
988 4832 1217 4901 sepelire
1237 4850 1340 4888 non
1367 4837 1526 4891 etiam
1546 4837 1743 4895 bonum

189 4916 302 4974 Opus
324 4910 662 4971 humanitatis
688 4918 804 4973 est?
834 4928 887 4974 et
916 4930 1086 4978 tamen
1117 4926 1414 4994 puriﬁcatio
1436 4929 1594 4985 etiam
1620 4931 1744 4989 inde

188 5003 403 5061 mndata
432 5018 513 5065 est
540 5009 731 5083 (Nam.
755 5030 865 5081 nx,
893 5017 983 5088 11)
1006 5035 1020 5085 ;
1046 5020 1167 5089 quia
1190 5031 1243 5076 ct
1265 5032 1531 5079 mortuum
1553 5040 1744 5097 corpus

188 5089 277 5146 vita
297 5095 585 5170 deserente,
615 5116 889 5175 peccatum
908 5124 1013 5165 non
1039 5119 1137 5181 est,
1165 5112 1258 5169 sed
1280 5125 1556 5185 peccatum
1583 5119 1745 5190 signi-

189 5181 489 5250 ﬁcatanima:
518 5195 747 5255 desertae
772 5216 802 5255 a
824 5201 1047 5272 justitia.

243 5280 322 5338 Ἡ.
358 5286 585 5360 Bonum,
618 5294 857 5366 inquam,
882 5309 1006 5355 sunt
1035 5302 1253 5373 nuptiae,
1277 5312 1332 5360 et
1351 5314 1534 5361 contra
1557 5321 1745 5366 omnes

186 5374 445 5441 calumnias
488 5400 714 5461 possunt
744 5407 870 5450 sana
899 5397 1106 5454 ratione
1146 5399 1381 5457 defendi.
1424 5400 1633 5475 Nuptiis
1663 5412 1746 5460 ta-

192 5480 291 5530 men
314 5489 611 5539 sanctorum
641 5494 873 5555 patrum,
902 5504 1008 5546 non
1034 5505 1165 5563 quas
1196 5495 1428 5566 nuptias,
1462 5496 1557 5554 sed
1586 5513 1744 5569 quam

244 5674 698 5758 :_ij_poti_ore§_m.
724 5686 945 5758 At_editi,
964 5697 1210 5758 peccatum
1231 5690 1309 5758 ﬁt.

240 5738 259 5769 ‘
276 5738 392 5812 Issi,
413 5751 461 5795 et
482 5744 624 5796 solita
649 5747 887 5799 mensium
906 5738 1209 5810 {strauit};
1231 5738 1575 5809 retustissimts
1601 5762 1746 5812 scribi

194 5808 422 5877 gagatem
447 5820 730 5877 meum
747 5813 864 5861 Hinc
885 5808 1009 5863 forte
1028 5814 1202 5868 factum
1223 5828 1277 5871 ut
1304 5821 1353 5871 in
1378 5808 1598 5874 editione
1614 5808 1621 5809 ί
1636 5808 1748 5877 ea;

193 5864 263 5931 Iuli
284 5863 616 5931 legeretur,.et
639 5871 781 5923 solita
804 5863 1115 5928 utenstmunt.

244 5927 305 5994 (α)
338 5932 430 5983 κῆ.
456 5927 540 5984 lib.
557 5934 627 5986 de
646 5935 947 6003 virginitate,
969 5927 1076 6006 cap;
1107 5941 1186 5996 45.

3384 478 3488 543 390

1903 577 2285 633 continentiam
2311 591 2615 651 comparem
2640 592 2822 655 quaero
2846 605 2860 643 :
2886 586 2995 645 imo
3022 605 3130 649 non
3153 594 3365 667 nuptias
3386 614 3488 654 nn-

1898 668 2057 738 ptiis;
2090 684 2213 725 nam
2241 687 2335 743 par
2363 672 2415 728 in
2445 674 2691 731 omnibus
2715 692 2907 736 munus
2931 692 3015 739 est
3051 685 3265 743 mortali
3305 688 3482 747 homi-

1896 776 2023 817 num
2054 773 2256 820 natura:
2279 766 2495 836 datum;
2525 769 2618 825 sed
2646 770 2887 831 homines
2907 778 2995 848 qui
3016 782 3213 850 nuptiis
3233 792 3474 855 utuntur,

1893 852 2011 907 aliis
2041 855 2345 913 hominibus
2372 860 2461 930 qui
2492 861 2646 934 longe
2675 864 2829 921 aliter
2857 870 3054 939 nuptiis
3083 873 3163 928 usi
3192 885 3315 931 sunt
3343 852 3478 948 quos

1891 944 2163 1002 conferam
2187 950 2438 1019 quoniam
2466 969 2569 1009 non
2600 957 2833 1027 invenio,
2861 961 3075 1031 quinam
3097 967 3432 1025 continentes
3455 970 3473 1003 ί

1889 1036 1996 1093 illis
2021 1039 2318 1112 conjugatis
2348 1043 2658 1103 conferendi
2687 1048 2795 1104 sint
2824 1052 3203 1123 requirendum
3228 1066 3329 1113 est.
3362 1058 3475 1117 Nisi

1884 1129 2025 1187 forte
2050 1132 2320 1189 Abraham
2348 1139 2626 1196 continere
2652 1157 2711 1197 se
2740 1159 2843 1200 non
2866 1155 3047 1216 posset
3069 1163 3099 1203 a
3125 1151 3322 1221 nuptiis
3348 1167 3473 1222 pro-

1883 1230 2002 1293 pter
2048 1238 2270 1295 regnum
2315 1229 2573 1286 etelorum
2600 1273 2617 1301 ,
2673 1234 2761 1306 qui
2804 1236 3016 1293 unicum
3064 1241 3229 1311 prolis
3258 1243 3469 1313 pignus,

1881 1323 2101 1386 propter
2126 1318 2268 1388 quod
2311 1321 2510 1392 nuptiae
2553 1323 2729 1381 charae
2767 1338 2909 1396 sunt,
2958 1333 3129 1402 potuit
3172 1332 3469 1406 intrepidus

1879 1406 2160 1467 immolare
2189 1422 2406 1482 propter
2431 1432 2652 1488 regnum
2680 1421 2956 1477 caelorum.
3444 1425 3449 1430 ’

1927 1498 2152 1557 CAPUT
2170 1503 2477 1565 ΧΧΙ.-25.
2496 1508 2868 1583 Distinguenda
2890 1517 3195 1572 continentia
3211 1528 3330 1576 utet
3350 1520 3467 1576 alia:

1875 1588 2099 1659 virtutes,
2118 1596 2169 1650 in
2186 1596 2355 1652 habitu
2371 1608 2418 1654 et
2445 1601 2497 1655 in
2523 1619 2689 1673 opere.
2718 1602 2961 1663 Virtutem
2975 1610 3026 1663 in
3041 1610 3213 1666 habitu
3228 1629 3334 1669 esse
3347 1631 3467 1684 pos-

1873 1698 1928 1737 se
1946 1685 2140 1742 etiamsi
2156 1705 2253 1742 non
2270 1690 2332 1744 sit
2348 1691 2401 1745 in
2421 1709 2589 1762 opere,
2611 1696 2814 1751 docetur
2833 1701 3062 1772 exemplo
3091 1702 3298 1759 Christi.
3324 1703 3465 1761 Con-

1875 1776 2325 1852 tinentiaquippe,
2343 1800 2449 1839 non
2466 1788 2726 1856 corporis,
2747 1789 2841 1848 scd
2863 1793 3024 1848 animi
3042 1795 3207 1850 virtus
3219 1805 3320 1851 est.
3337 1795 3462 1852 Vir-

1874 1876 2010 1926 tutes
2033 1883 2212 1928 autem
2229 1875 2390 1929 animi
2431 1878 2715 1949 aliquando
2746 1883 2799 1937 in
2835 1899 3000 1956 opere
3032 1888 3458 1956 manifestantur,

1868 1961 2154 2033 aliquando
2180 1966 2230 2019 in
2254 1967 2434 2023 habitu
2454 1969 2637 2036 latent,
2654 1973 2789 2028 sicut
2806 1977 3045 2047 martyrii
3062 1979 3227 2033 virtus
3244 1979 3463 2035 emicuit

1869 2058 2218 2128 apparuitque
2248 2061 2525 2119 tolerando
2554 2066 2830 2136 passiones
2846 2085 2858 2120 :
2874 2069 2968 2125 sed
2985 2086 3141 2141 quam
3161 2073 3313 2128 multi
3338 2081 3462 2129 sunt

1866 2149 1922 2204 in
1951 2150 2137 2206 eadem
2166 2155 2359 2210 virtute
2389 2156 2575 2225 animi,
2596 2161 2787 2230 quibus
2816 2163 3037 2219 tentatio
3064 2164 3237 2233 deest,
3256 2183 3359 2237 qua
3405 2166 3459 2223 id

1866 2242 2008 2314 quod
2036 2244 2180 2300 intus
2205 2254 2284 2302 est
2310 2248 2359 2302 in
2389 2260 2676 2319 conspectu
2705 2252 2834 2323 Dei,
2866 2254 3026 2310 etiam
3070 2256 3123 2312 in
3178 2257 3456 2316 hominum

1862 2336 2148 2406 procedat,
2179 2354 2279 2394 nec
2301 2348 2426 2395 tunc
2445 2356 2566 2397 esse
2592 2342 2829 2413 incipiat,
2854 2344 2947 2401 sed
2978 2356 3100 2403 tunc
3121 2348 3458 2405 innotescat?

1863 2426 1979 2484 Jam
2011 2430 2154 2484 enim
2186 2440 2306 2486 erat
2331 2432 2384 2487 in
2411 2432 2513 2488 Job
2538 2435 2812 2505 patientia,
2858 2454 3016 2509 quam
3045 2449 3267 2497 noverat
3292 2443 3453 2515 Deus,

1863 2529 1918 2577 et
1941 2521 2027 2576 cui
2055 2522 2421 2579 testimonium
2464 2525 2818 2595 perhibebat;
2848 2528 2942 2585 sed
2970 2531 3276 2589 hominibus
3303 2535 3456 2591 innes-

1861 2612 1965 2669 tuit
1990 2616 2293 2671 tentationis
2330 2618 2608 2683 examine;
2636 2628 2694 2677 et
2716 2620 2858 2691 quod
2884 2622 3081 2678 latebat
3107 2624 3451 2695 intrinsecus,

1861 2718 1958 2775 per
1982 2720 2043 2761 ea
2071 2722 2190 2777 quae
2212 2709 2504 2765 forinsecus
2527 2711 2667 2765 illata
2694 2722 2835 2780 sunt,
2864 2730 2969 2769 non
2997 2724 3199 2783 uatum,
3223 2718 3319 2774 sed
3339 2734 3452 2774 ma-

1859 2795 2167 2853 nifestatum
2185 2809 2265 2855 est
2286 2799 2409 2871 (Job
2448 2802 2757 2875 i).Habebat
2770 2805 2947 2877 utique
2963 2815 3016 2862 et
3032 2806 3340 2867 Timotheus
3354 2810 3456 2866 vir-

1859 2897 2032 2948 tutcm
2063 2894 2369 2949 continendi
2399 2911 2431 2950 a
2463 2897 2605 2964 vino,
2630 2913 2908 2969 quamnon
2927 2902 2975 2956 ei
2992 2902 3210 2958 abstulit
3230 2904 3448 2973 Paulus,

1858 2983 2128 3039 monendo
2152 2993 2210 3038 ut
2232 2984 2357 3041 vino
2379 2985 2592 3042 modico
2615 2996 2855 3044 uteretur
2876 3000 3092 3062 pr0pter
3114 2995 3449 3051 stomachum

1858 3082 1910 3131 et
1928 3076 2234 3147 frequentes
2255 3091 2378 3133 suas
2396 3078 2733 3138 inﬁrmitates
2755 3081 2797 3153 (l
2822 3081 2959 3137 Tim.
2978 3100 3034 3153 v,
3064 3084 3156 3156 23)
3177 3103 3191 3152 ;
3216 3088 3449 3158 alioquin

1856 3166 2161 3237 perniciose
2187 3168 2434 3236 docebat,
2459 3178 2517 3224 ut
2537 3181 2754 3242 propter
2777 3174 3001 3230 salutem
3027 3178 3269 3247 corporis
3295 3179 3450 3235 ﬁeret

1855 3255 1912 3313 in
1939 3257 2118 3312 animo
2161 3257 2415 3313 damnum
2448 3260 2697 3316 virtutis:
2725 3263 2820 3319 sed
2863 3265 2985 3334 quia
3011 3274 3219 3335 poterat
3244 3283 3303 3322 ea
3342 3268 3449 3323 vir-

1856 3353 1969 3404 tute
1998 3348 2144 3403 salva
2190 3348 2306 3404 ﬁeri
2335 3350 2477 3420 quod
2504 3353 2754 3409 monebat
2774 3394 2790 3421 ,
2834 3355 2907 3409 ita
2936 3356 3176 3412 relaxata
3205 3370 3288 3415 est
3327 3375 3449 3415 σονς

1854 3439 1974 3511 pari
2002 3439 2200 3495 utilitas
2224 3441 2481 3511 bibendi,
2525 3452 2583 3499 ut
2626 3455 2867 3503 maneret
2915 3448 2969 3503 in
3014 3450 3191 3506 animo
3234 3451 3446 3511 habitus

1856 3532 2187 3588 continendi.
2232 3533 2349 3605 Ipse
2396 3545 2479 3591 est
2522 3537 2666 3592 enim
2711 3537 2940 3608 habitus,
2969 3556 3074 3613 quo
3103 3543 3301 3615 aliquid
3328 3544 3445 3617 agi-

1854 3632 1964 3695 tur,
1985 3641 2109 3682 cum
2129 3642 2263 3698 opus
2289 3636 2399 3699 est;
2423 3644 2546 3685 cum
2575 3640 2752 3688 autem
2783 3648 2889 3689 non
2914 3635 3105 3706 agitur,
3139 3646 3313 3708 potest
3337 3640 3440 3711 agi,

1853 3719 1951 3776 sed
1980 3734 2087 3775 non
2120 3735 2253 3790 opus
2295 3730 2398 3777 est.
2424 3720 2576 3777 Hunc
2616 3724 2854 3780 habitum
2893 3728 3033 3783 circa
3058 3728 3442 3789 continentiam

1852 3826 1972 3882 qum
1989 3810 2382 3870 ﬁtaconcubitu
2410 3831 2516 3872 non
2547 3816 2746 3874 habent
2769 3820 2843 3875 illi
2860 3821 3051 3892 quibus
3075 3823 3286 3893 dicitur,
3303 3827 3364 3883 Si
3390 3844 3444 3883 se

1850 3919 1955 3959 non
1978 3906 2465 3975 continent,nubant
2495 3909 2540 3980 (l
2563 3908 2682 3965 Cor.
2702 3927 2789 3979 vn,
2816 3909 2893 3985 9).
2912 3912 3064 3971 Hunc
3092 3932 3217 3973 vero
3240 3917 3441 3976 habent

1850 3994 2044 4066 quibus
2069 3996 2263 4052 dicitur
2290 4040 2304 4067 ,
2337 3998 2437 4064 Qui
2476 4009 2634 4068 potest
2660 4019 2857 4073 capere,
2889 4008 3056 4077 capiat
3083 4006 3293 4079 (Matth.
3326 4025 3441 4079 nx,

1851 4086 1963 4159 12).
1988 4089 2076 4145 Sic
2100 4089 2181 4146 usi
2204 4097 2330 4145 sunt
2350 4091 2576 4162 perfecti
2596 4094 2931 4152 animibonis
2953 4102 3179 4156 terrenis
3208 4101 3272 4157 ad
3298 4103 3442 4160 aliud

1849 4180 2170 4235 necessariis
2214 4197 2311 4251 per
2352 4181 2495 4239 hunc
2535 4184 2771 4241 habitum
2820 4191 3196 4263 continentia},
3229 4210 3333 4265 quo
3364 4197 3443 4254 eis

1849 4285 1957 4327 non
1988 4271 2370 4343 obligarentur,
2400 4283 2453 4331 et
2479 4293 2583 4347 quo
2608 4288 2829 4348 possent
2872 4282 2952 4336 eis
2998 4286 3159 4339 etiam
3206 4302 3312 4341 non
3342 4290 3436 4357 uti,

1849 4365 1898 4422 si
1930 4380 2037 4421 non
2065 4380 2198 4435 opus
2223 4376 2385 4423 esset.
2416 4367 2525 4424 Nec
2552 4371 2832 4442 quisquam
2862 4373 2939 4429 eis
2967 4375 3102 4432 bene
3128 4379 3310 4449 utitur,
3338 4381 3441 4438 nisi

1849 4456 1941 4527 qui
1969 4462 2023 4512 et
2046 4473 2153 4513 non
2180 4458 2257 4513 uti
2288 4468 2483 4530 potest.
2516 4461 2661 4517 Multi
2694 4464 2909 4534 quidem
2938 4468 3146 4527 facilius
3174 4487 3233 4528 se
3271 4473 3441 4531 absti-

1849 4559 1979 4606 nent
2035 4558 2092 4606 ut
2141 4566 2249 4607 non
2314 4562 2569 4621 utantur,
2621 4571 2779 4626 quam
2830 4566 3133 4631 temperent
3187 4574 3243 4621 ut
3300 4567 3438 4627 bene

1848 4650 2065 4698 utantur
2100 4661 2113 4698 :
2145 4658 2304 4700 nemo
2331 4653 2505 4702 tamen
2548 4648 2626 4703 cis
2666 4658 2844 4721 potest
2884 4655 3155 4724 sapienter
3199 4661 3308 4728 uti,
3339 4663 3440 4720 nisi

1848 4734 1937 4805 qui
1994 4741 2165 4804 potest
2207 4746 2260 4790 et
2303 4738 2643 4794 continenter
2692 4756 2798 4797 non
2852 4745 2948 4799 uti.
2997 4745 3079 4802 Ex
3122 4748 3224 4807 hoc
3252 4750 3437 4811 habitu

1850 4834 1904 4879 et
1935 4823 2130 4880 Paulus
2166 4824 2396 4895 dicebat,
2426 4829 2545 4883 Scio
2589 4840 2637 4884 et
2679 4831 2938 4890 abundare
2966 4846 3012 4892 et
3037 4843 3302 4909 penuriam
3326 4848 3437 4915 pati

1848 4915 2110 4989 (Philipp.
2136 4933 2206 4986 tv,
2240 4918 2349 4991 12).
2376 4918 2659 4978 Penuriam
2683 4927 2881 4997 quippe
2902 4930 3031 4998 pati,
3053 4948 3438 5002 quorumcum-

1849 5023 1955 5080 que
1984 5008 2260 5065 hominum
2290 5020 2407 5079 est;
2436 5013 2531 5070 sed
2554 5015 2693 5072 scire
2719 5020 2994 5089 penuriam
3038 5027 3167 5095 pati,
3213 5045 3439 5102 magno-

1849 5118 1970 5160 rum
1996 5112 2097 5158 est.
2125 5103 2215 5160 Sic
2241 5114 2295 5159 et
2334 5105 2607 5164 abundare
2640 5110 2758 5180 quis
2784 5128 2889 5168 non
2919 5119 3135 5185 potest?
3164 5121 3302 5177 scire
3339 5138 3438 5179 au-

1852 5202 1961 5252 tem
1983 5205 2037 5251 et
2062 5195 2359 5268 abundare,
2385 5214 2492 5255 non
2513 5199 2618 5256 nisi
2639 5215 2824 5259 eorum
2848 5213 2933 5260 est
2960 5222 3093 5278 quos
3118 5209 3439 5271 abundantia

1850 5301 1960 5344 non
1985 5288 2298 5359 corrumpit.

1921 5380 2013 5435 26.
2054 5380 2252 5437 Verum
2298 5390 2358 5438 ut
2405 5385 2643 5455 apertius
2685 5385 3012 5462 intelligatur
3054 5397 3327 5465 quomodo
3372 5400 3444 5456 sit

1851 5471 2021 5528 virtus
2051 5472 2104 5528 in
2137 5473 2340 5543 habitu,
2375 5476 2585 5533 etiamsi
2614 5494 2722 5536 non
2754 5482 2821 5536 sit
2860 5482 2915 5539 in
2942 5499 3125 5556 opere,
3154 5488 3345 5560 loquor
3372 5490 3443 5547 de

1852 5566 2098 5637 exemplo
2138 5567 2205 5624 de
2252 5584 2359 5640 quo
2403 5571 2579 5628 nullus
2608 5573 2818 5631 dubitat
2855 5577 3243 5635 catholicorum
3281 5580 3442 5638 Chri-

1854 5659 2178 5717 stianorum.
2198 5662 2454 5721 Dominus
2475 5667 2618 5723 enim
2638 5667 2987 5725 nosterJesus
3006 5668 3272 5741 Christus,
3298 5675 3442 5745 quod

1855 5753 1911 5811 in
1936 5757 2158 5813 veritate
2185 5760 2362 5816 carnis
2388 5762 2636 5818 esurierit
2676 5776 2740 5816 ac
2783 5762 2997 5831 siticrit,
3041 5765 3420 5826 manducaveri

1855 5854 1912 5904 et
1937 5847 2151 5919 biberit,
2174 5851 2349 5908 nullus
2387 5854 2606 5924 ambigit
2631 5867 2815 5909 eorum
2844 5855 2937 5926 qui
2963 5870 3030 5914 ex
3054 5857 3169 5932 ejus
3198 5852 3416 5936 Evange

1923 5965 1944 5997 ι
1964 5966 2038 6016 sic
2056 5970 2164 6019 Ias.
2189 5974 2245 6019 At
2263 5969 2398 6033 editi,
2420 5969 2653 6035 quonde
2674 5966 2984 6027 continentes.
