3930 6368
498 490 602 557 891

500 614 579 669 lio
607 607 790 666 ﬁdeles
812 608 953 661 sunt.
980 599 1122 663 Num
1148 594 1309 672 igitur
1335 611 1443 653 non
1469 605 1584 653 erat
1612 598 1664 652 in
1693 596 1784 652 illo
1809 594 2090 651 continen-

510 706 599 761 tiae
625 704 793 759 virtus
822 713 851 752 a
881 696 1001 753 cibo
1029 702 1084 751 et
1110 700 1238 765 potu
1257 734 1272 759 ,
1302 700 1501 762 quanta
1528 698 1644 745 erat
1673 689 1726 743 in
1758 687 1963 743 Joanne
1996 685 2096 739 Ba-

502 794 698 868 ptista?
735 792 881 846 Venit
921 790 1055 845 enim
1081 787 1307 842 Joannes
1350 800 1453 839 non
1483 782 1797 837 manducans
1832 795 1991 849 neque
2019 777 2096 830 bi-

1506 474 1593 537 DE
1632 475 1811 537 BONO
1849 462 2244 542 CONJUGALI,
2287 464 2346 529 S.
2388 471 2763 536 AUGUSTINI
3629 472 3714 536 ὅθί

2207 593 2412 648 cusanti
2433 636 2448 662 ,
2489 593 2569 649 Tu
2594 608 2723 666 ergo
2749 590 2940 648 melior
2964 604 3123 663 quam
3150 588 3444 648 Abraham?
3481 591 3612 662 Quod
3647 597 3715 657 ille

2204 699 2325 741 cum
2352 686 2615 755 audierit,
2647 702 2751 743 non
2782 685 3161 757 perturbetur;
3191 701 3288 742 nec
3321 686 3504 761 audeat
3540 688 3715 761 dicere,

2208 776 2413 845 llelior,
2440 794 2540 836 nec
2565 794 2594 834 a
2626 779 2901 850 proposito
2926 778 3202 833 delabatur
3247 797 3259 833 :
3305 779 3429 834 illud
3472 786 3595 836 enim
3637 802 3714 840 nou

506 889 623 944 bens
641 904 660 953 ;
689 896 735 940 et
760 885 1026 948 dixerunt,
1055 878 1372 935 Dwmonium
1403 876 1548 931 habet
1578 892 1596 929 :
1624 875 1756 928 venit
1808 872 1970 926 Filius
2001 872 2099 924 Ιιο-
2195 886 2333 930 Vere
2359 870 2508 939 dicit,
2540 871 2642 927 hoc
2671 886 2775 927 nou
2807 880 2953 926 recte
2982 869 3129 925 facit.
3172 868 3277 925 Sed
3319 870 3489 936 dicat,
3516 872 3611 942 Ego
3634 878 3718 945 qui-

506 980 656 1034 minis
684 986 730 1033 et
756 976 1066 1031 manducans
1091 981 1136 1027 et
1165 972 1368 1035 bibens;
1398 979 1443 1024 et
1473 969 1732 1034 dixerunt,
1774 963 1908 1019 Ecce
1942 978 2100 1017 vorax

513 1082 559 1126 ct
588 1078 788 1142 potator
821 1067 923 1121 vini
947 1068 963 1098 ¹
987 1108 1003 1134 ,
1036 1065 1225 1120 amicus
1255 1061 1639 1131 publicanorum
1683 1069 1730 1113 et
1760 1066 2097 1127 peccatorum.

510 1159 775 1230 Numquid
792 1173 896 1213 non
922 1157 1043 1212 talia
1064 1156 1314 1211 dicuntur
1338 1154 1392 1207 in
1422 1151 1745 1208 domesticos
1766 1149 1900 1219 ejus,
1925 1156 2104 1218 patres

514 1262 748 1320 nostros,
781 1267 847 1307 ex
873 1250 978 1305 alio
1016 1263 1215 1320 genere
1244 1246 1429 1303 utendi
1475 1244 1704 1301 terrenis
1731 1250 1991 1314 quantum
2035 1238 2103 1294 ad

514 1344 855 1401 concubitum
882 1342 1114 1413 pertinet
1138 1359 1151 1395 :
1178 1341 1318 1396 Ecce
1344 1338 1588 1394 homines
1617 1333 1889 1391 libidinosi
1918 1342 1972 1388 et
1997 1332 2103 1387 im-

515 1436 730 1502 mundi,
761 1442 1032 1489 amatores
1076 1432 1395 1488 feminarum
1425 1437 1480 1486 et
1504 1426 1881 1484 lasciviarum?
1927 1424 1996 1479 Et
2024 1433 2106 1478 ta-

452 1526 459 1549 ’
515 1545 645 1586 men
668 1529 806 1585 sicut
832 1527 889 1583 in
912 1527 1005 1583 illo
1043 1524 1176 1580 illud
1203 1539 1314 1580 non
1342 1530 1459 1579 erat
1493 1536 1716 1587 verum;
1746 1517 1990 1591 quamvis
2016 1530 2112 1572 ve-

518 1637 641 1679 rum
691 1629 874 1689 esset,
930 1620 1073 1692 quod
1122 1634 1233 1675 non
1286 1618 1425 1674 sicut
1466 1615 1700 1672 Joannes
1747 1613 2037 1669 abstineret
2079 1625 2111 1665 a

518 1712 893 1770 manducando
924 1719 978 1767 et
1005 1709 1277 1775 bibendo;
1322 1710 1437 1778 ipse
1482 1707 1626 1761 enim
1662 1703 1997 1774 apertissime
2021 1715 2113 1757 ve-

521 1807 839 1877 rissimeque
878 1804 974 1870 ait,
1010 1802 1159 1858 Venit
1196 1801 1424 1879 Joannes
1453 1816 1556 1853 non
1594 1798 1928 1864 manducans,
1956 1811 2114 1867 neque

525 1898 728 1963 bibens;
761 1897 893 1952 venit
923 1894 1094 1950 Filius
1129 1893 1344 1948 hominis
1369 1890 1684 1958 manducans
1713 1897 1758 1942 et
1786 1888 1955 1942 bibens
1983 1902 2002 1940 :
2038 1886 2115 1941 sic

525 2004 625 2045 nec
655 1988 757 2043 hoc
793 1987 848 2042 in
874 1987 981 2041 illis
1002 1984 1250 2056 patribus
1278 1997 1462 2038 verum
1500 1990 1615 2047 est;
1644 1978 1885 2050 quamvis
1909 1976 2117 2033 venerit

527 2079 690 2135 modo
718 2078 1007 2147 Apostolus
1027 2075 1226 2133 Christi
1249 2090 1354 2130 non
1376 2072 1689 2144 conjugatus
1710 2085 1809 2126 nec
1831 2082 2114 2142 generans,

526 2187 685 2242 quem
711 2171 889 2226 dicant
916 2170 1138 2242 Pagani,
1165 2168 1345 2239 Magus
1372 2174 1524 2233 erat;
1553 2165 1759 2221 venerit
1787 2172 1965 2220 autem
1990 2172 2119 2219 tunc

524 2261 794 2332 Propheta
822 2260 1022 2316 Christi
1051 2258 1263 2330 nuptias
1306 2257 1508 2313 faciens
1542 2264 1597 2312 et
1636 2255 1774 2310 ﬁlios
1805 2267 2115 2324 procreans,

525 2368 684 2424 quem
711 2352 891 2408 dicant
915 2351 1213 2417 Manichaci,
1236 2348 1552 2404 Mulierosus
1574 2354 1691 2402 erat
1717 2364 1729 2399 :
1759 2343 1825 2398 Et
1834 2345 2121 2415 justiﬁcata

528 2454 621 2514 est,
657 2445 853 2515 inquit,
881 2444 1128 2515 sapientia
1155 2460 1187 2496 a
1214 2443 1333 2511 ﬁliis
1372 2441 1479 2495 suis
1509 2439 1722 2513 (Matth.
1755 2454 1807 2492 χι
1828 2479 1842 2505 ,
1871 2438 1939 2493 18
1958 2479 1973 2504 ,
2004 2437 2118 2508 19).

530 2533 685 2602 Quod
716 2533 973 2589 Dominus
1013 2533 1087 2588 ibi
1116 2532 1341 2602 subjecit
1365 2573 1379 2599 ,
1406 2546 1529 2587 cum
1558 2530 1627 2585 de
1651 2529 1857 2586 Joanne
1883 2544 1945 2584 ac
1969 2530 2036 2584 de
2062 2544 2121 2584 se

529 2628 619 2684 illa
646 2628 869 2683 dixisset
898 2645 909 2681 :
943 2626 1235 2696 Justi/icata
1259 2633 1365 2691 est,
1406 2624 1611 2695 inquit,
1640 2624 1889 2693 sapientia
1925 2638 1957 2675 a
2000 2621 2122 2691 ﬁliis

528 2721 654 2775 suis.
684 2720 786 2789 Qui
810 2718 995 2775 vident
1015 2718 1363 2774 continentiae
1388 2716 1641 2772 virtutem
1666 2715 1722 2770 in
1754 2714 1936 2770 habitu
1956 2712 2124 2769 animi

529 2827 744 2884 semper
767 2827 887 2868 esse
912 2812 1128 2879 debere,
1178 2811 1235 2865 in
1269 2824 1435 2880 opere
1469 2816 1647 2864 autem
1695 2823 1794 2879 pro
1835 2822 2014 2862 rerum
2059 2820 2123 2861 ac

531 2913 837 2975 temporum
893 2902 1293 2974 opportunitate
1336 2900 1665 2957 manifestari
1711 2918 1724 2952 :
1771 2899 1907 2954 sicut
1953 2898 2122 2954 virtus

524 3000 801 3069 patientia:
850 3007 1157 3055 sanctorum
1207 3005 1504 3068 martyrum
1547 2996 1603 3050 in
1648 3008 1811 3064 opere
1854 2993 2120 3065 apparuit,

530 3098 850 3147 cacterorum
879 3099 1009 3144 vero
1038 3103 1189 3159 mque
1217 3096 1525 3143 sanctorum
1548 3086 1602 3140 in
1623 3084 1808 3140 habitu
1836 3084 1952 3140 fuit.
1978 3084 2123 3151 Quo-

531 3182 673 3239 circa
700 3182 838 3237 sicut
858 3195 965 3237 non
994 3188 1079 3237 est
1106 3179 1277 3250 impar
1301 3179 1550 3233 meritum
1582 3175 1853 3248 patientia:
1883 3177 1935 3232 in
1962 3176 2124 3232 Petro

530 3272 623 3343 qui
660 3286 849 3343 passus
876 3278 991 3339 est,
1024 3277 1082 3327 et
1108 3269 1163 3325 in
1189 3268 1394 3325 Joanne
1421 3268 1510 3339 qui
1540 3282 1729 3339 passus
1758 3282 1863 3324 non
1886 3276 1969 3324 est
1999 3287 2012 3323 :
2045 3268 2125 3324 sic

531 3379 641 3421 non
669 3372 752 3420 est
778 3365 949 3435 impar
994 3363 1245 3419 meritum
1288 3361 1632 3417 continentia:
1675 3361 1731 3416 in
1776 3360 1981 3417 Joanne
2032 3360 2125 3431 qui

530 3456 703 3513 nullas
727 3464 979 3527 expertus
1017 3464 1100 3512 cst
1145 3455 1359 3525 nuptias
1386 3453 1490 3526 (a),
1518 3460 1573 3509 et
1616 3454 1670 3508 in
1716 3452 1985 3509 Abraham
2032 3452 2124 3523 qui

532 3550 671 3607 ﬁlios
697 3550 990 3622 generavit.
1015 3548 1084 3604 Et
1104 3548 1248 3604 illius
1270 3548 1412 3603 enim
1439 3546 1748 3613 caelibatus,
1769 3554 1823 3601 et
1842 3545 1983 3600 illius
2003 3560 2125 3600 con-

532 3642 756 3698 nubium
800 3656 899 3712 pro
929 3649 1230 3712 temporum
1274 3638 1650 3694 distributione
1691 3636 1903 3693 Christo
1927 3637 2123 3692 milita-

532 3743 659 3791 runt
683 3752 697 3789 :
720 3735 814 3790 sed
836 3733 1217 3790 continentiam
1241 3732 1475 3788 Joannes
1493 3738 1548 3787 et
1567 3730 1622 3785 in
1643 3744 1825 3801 opere,
1854 3728 2124 3788 Abraham

532 3842 660 3885 vero
686 3828 739 3883 in
762 3828 878 3883 solo
903 3827 1088 3883 habitu
1118 3826 1367 3881 habebat.

602 3919 828 3978 CAPUT
866 3918 1110 3976 XXII.—
1122 3918 1215 3973 27.
1247 3917 1571 3974 Continentia
1588 3916 1642 3971 in
1665 3915 1885 3987 antiquis
1910 3916 2083 3970 habitu
2105 3914 2145 3983 ,λ

532 4028 666 4067 nunc
695 4020 861 4066 autem
883 4027 1031 4082 apere
1068 4009 1301 4065 tenenda.
1332 4008 1787 4064 Jovinianistarum
1816 4008 2122 4078 percontatio

534 4102 843 4173 exploditur.
876 4101 972 4156 Illo
1012 4102 1189 4172 itaque
1219 4109 1461 4171 tempore
1485 4115 1607 4155 cum
1634 4108 1690 4155 et
1731 4099 1839 4166 lex,
1867 4098 1981 4153 dies
2020 4098 2124 4153 Pa-

536 4194 889 4250 triarcharum
930 4195 1294 4267 subsequens,
1338 4192 1680 4249 maledictum
1721 4191 1873 4258 dixit,
1902 4193 1993 4263 qui
2017 4206 2125 4248 non

534 4288 794 4345 excitaret
835 4303 1019 4345 semen
1062 4288 1117 4343 in
1158 4287 1323 4344 lsrael
1352 4286 1527 4361 (Deut.
1558 4303 1670 4342 xxv
1699 4329 1711 4353 ,
1742 4286 1923 4359 5-10),
1954 4295 2008 4343 et
2036 4286 2127 4358 qui

534 4388 744 4450 poterat
782 4396 887 4436 non
928 4380 1247 4451 promebat,
1276 4379 1372 4435 sed
1401 4389 1584 4434 tamen
1623 4380 1868 4436 habebat.
1906 4380 1991 4435 Ex
2018 4393 2126 4450 quo

533 4482 713 4531 autem
755 4475 899 4529 venit
930 4474 1205 4543 plenitudo
1233 4474 1491 4543 temporis
1520 4471 1714 4545 (Galat.
1745 4489 1818 4541 ιν,
1847 4474 1924 4543 4),
1953 4482 2012 4529 ut
2036 4473 2122 4529 di-

533 4574 765 4633 ceretur,
797 4565 897 4631 Qui
922 4574 1081 4636 potest
1104 4581 1306 4635 capere,
1334 4564 1541 4635 capiat;
1570 4579 1637 4618 ex
1672 4563 1765 4617 illo
1807 4580 1979 4635 usque
2026 4564 2125 4621 ad-

535 4656 659 4724 huc,
689 4664 742 4711 et
769 4652 1019 4725 deinceps
1044 4670 1214 4726 usque
1236 4656 1289 4707 in
1321 4655 1503 4719 ﬁnem,
1535 4654 1626 4723 qui
1658 4652 1819 4711 habet
1840 4663 2121 4724 operatur;

535 4749 627 4819 qul
654 4747 863 4817 operari
891 4746 1144 4813 noluerit,
1179 4759 1288 4799 non
1338 4759 1397 4799 se
1442 4743 1641 4799 habere
1687 4732 1992 4801 mentiatur.
2044 4748 2123 4804 Ac

532 4854 631 4910 per
654 4838 759 4893 hoc
788 4836 854 4892 ab
902 4836 981 4892 eis
1020 4836 1111 4906 qui
1157 4842 1504 4905 corrumpunt
1531 4835 1700 4891 bonos
1743 4851 1923 4893 mores
1953 4837 2125 4893 collo-

535 4932 674 5003 quiis
699 4931 854 4987 malis
896 4928 955 5002 (Ι
982 4929 1101 4985 Cor.
1134 4945 1234 4996 xv,
1268 4929 1373 5001 55)
1404 4971 1419 4996 ,
1463 4929 1606 4984 inani
1646 4939 1699 4986 et
1725 4945 1857 4987 vana
1889 4932 2124 4990 versutia

533 5024 728 5081 dicitur
773 5021 975 5079 homini
1021 5020 1313 5078 christiano
1342 5021 1637 5077 continenti
1684 5030 1739 5078 et
1778 5023 1991 5094 nuptias
2032 5038 2124 5080 re-

598 5244 613 5275 ί
635 5241 1003 5313 Antiquissimgs
1023 5237 1510 5313 SorbeiensisIeodex
1533 5250 1644 5313 cum
1672 5239 1924 5311 pigotiano
1946 5246 2052 5313 1313.,
2075 5242 2128 5292 et

531 5302 736 5356 vinaria.
760 5300 911 5354 'Editio
934 5310 1009 5351 Er.
1025 5316 1137 5353 cum
1157 5300 1402 5352 nonnullis
1422 5308 1551 5361 Mss,
1569 5305 1616 5351 et
1639 5300 1851 5352 vinarius
1873 5315 1892 5352 :
1915 5302 1975 5351 ad
1992 5300 2125 5353 mar-

567 5370 700 5440 inem
722 5378 842 5417 vero
862 5366 1031 5427 habet,
1069 5383 1094 5413 ε
1124 5364 1271 5426 Alias,
1309 5362 1588 5426 vinaurius;
1622 5379 1648 5410 ω
1692 5362 1819 5414 forte
1871 5378 1979 5428 pro,
2017 5363 2122 5417 vin-

549 5443 751 5480 manus.

593 5493 666 5555 (ιι)
699 5491 924 5555 sequitur
946 5491 1304 5554 Hieronymum,
1322 5490 1404 5553 qui
1432 5490 1484 5538 in
1510 5487 1636 5555 libro
1658 5488 1897 5555 adversus
1916 5491 2125 5542 Jovinia-

527 5550 655 5604 num
670 5550 823 5618 prinio
844 5554 1014 5603 scribit
1034 5550 1266 5602 Joannem
1301 5550 1545 5618 perpetuo
1560 5552 1805 5618 virginem
1822 5550 1976 5618 fuisse
1989 5590 2004 5613 ,
2030 5567 2125 5618 nec

529 5613 942 5667 aliam'exstitisse
957 5627 1150 5679 causam
1168 5628 1255 5679 cur
1273 5628 1300 5679 a
1323 5615 1521 5679 Domino
1547 5613 1739 5679 caeteris
1760 5613 1996 5676 Apostolis
2016 5615 2125 5677 plus

528 5687 714 5729 amatus
732 5681 812 5728 sit.
839 5678 1089 5741 virginem
1107 5677 1235 5726 enim
1258 5677 1327 5725 ah
1343 5678 1403 5724 eo
1418 5676 1747 5741 reperitum'ac
1763 5688 1894 5741 pene
1918 5676 2125 5741 puerum

528 5733 1141 5804 Hieronymuscontemi‘it,
1167 5741 1442 5804 probatque
1454 5733 1605 5804 {quia
1623 5748 1637 5795 ,
1658 5733 1842 5804 inquit,
1875 5755 1897 5784 α
1918 5733 2124 5804 ἱιιιωίΐθε

534 5820 558 5849 ι
582 5800 795 5853 stissi'me
830 5803 1011 5852 docent
1042 5800 1387 5865 ecclesiasticae
1433 5800 1643 5849 historia
1661 5835 1675 5859 ,
1695 5800 1825 5861 quod
1870 5813 2026 5865 usque
2063 5803 2126 5853 ad

535 5880 559 5911 ι
581 5866 767 5926 Trajani
790 5866 971 5914 vixerit
999 5865 1281 5926 imperium,
1297 5863 1344 5912 id
1366 5870 1442 5911 est
1460 5899 1472 5919 ,
1496 5870 1603 5924 post
1625 5865 1901 5926 passionem
1939 5863 2123 5915 Domini

534 5944 558 5975 ι
582 5924 894 5987 sexagesimo
915 5924 1232 5991 octavoanno
1256 5924 1525 5991 dgrmierit.
1544 5942 1565 5972 ι
1597 5924 1767 5977 Confer
1800 5929 2050 5991 Augustini
2073 5930 2125 5983 in

526 5986 763 6045 Joannem
786 5994 1058 6037 Tractatum
1086 5986 1189 6050 124,
1216 5999 1265 6036 n.
1290 5987 1336 6038 7.

2202 958 2329 1021 (iam
2361 978 2469 1018 non
2494 978 2611 1018 sum
2638 963 2833 1019 melior
2858 977 3015 1034 quam
3042 961 3332 1027 Abraham,
3361 962 3451 1017 sed
3473 964 3635 1019 melior
3654 976 3713 1020 est

2209 1056 2425 1114 castitas
2451 1057 2695 1113 caelibum
2733 1072 2893 1127 quam
2934 1059 3152 1113 castitas
3191 1056 3481 1128 nuptiarum
3509 1076 3522 1112 :
3546 1075 3719 1128 quarum

2210 1148 2479 1205 Abraham
2524 1164 2687 1204 unam
2728 1149 2955 1204 habebat
2998 1150 3052 1204 in
3082 1165 3214 1217 usu,
3264 1120 3439 1205 amlias
3476 1150 3525 1205 in
3566 1150 3721 1206 habita.

2211 1244 2370 1301 Caste
2407 1245 2603 1316 quippe
2642 1246 2992 1316 conjugaliter
3015 1246 3146 1301 vixit
3191 1261 3208 1301 :
3247 1260 3365 1302 esse
3399 1256 3558 1303 autem
3590 1260 3724 1303 cauus

2212 1340 2330 1396 sine
2355 1341 2601 1411 conjugio
2625 1341 2812 1411 potuit,
2841 1340 2934 1396 sed
2963 1348 3089 1395 tunc
3115 1355 3226 1395 non
3252 1341 3493 1411 oportuit.
3517 1341 3612 1411 Ego
3631 1358 3724 1399 vero

2214 1432 2421 1497 facilius
2447 1449 2555 1490 non
2584 1442 2705 1490 utor
2733 1434 2930 1505 nuptiis
2970 1434 3163 1506 quibus
3211 1443 3297 1491 est
3334 1449 3456 1490 usus
3495 1435 3725 1501 Abraham,

2214 1541 2374 1597 quam
2411 1525 2489 1581 sic
2518 1534 2637 1581 utar
2665 1526 2862 1596 nuptiis
2887 1526 3339 1597 quemadmodum
3368 1535 3447 1582 est
3469 1541 3583 1581 usus
3605 1527 3728 1582 Abra-

2217 1617 2342 1674 ham
2373 1638 2386 1674 :
2416 1629 2471 1675 et
2496 1620 2617 1675 ideo
2645 1620 2835 1675 melior
2863 1636 2983 1676 sum
3014 1621 3121 1676 illis
3145 1620 3240 1692 qui
3267 1636 3359 1691 per
3385 1623 3534 1677 animi
3557 1622 3729 1677 inconti-

2216 1714 2457 1769 nentiam
2501 1728 2609 1769 non
2639 1722 2863 1783 possunt
2889 1715 3031 1785 quod
3060 1730 3181 1786 ego,
3212 1730 3320 1770 non
3347 1716 3446 1771 illis
3469 1716 3549 1787 qui
3570 1724 3731 1785 propter

2218 1804 2477 1875 temporis
2517 1804 2871 1861 diﬁ‘erentiam
2917 1821 3025 1862 non
3055 1806 3298 1863 fecerunt
3335 1808 3471 1878 quod
3497 1823 3600 1878 ego.
3622 1807 3731 1876 Quod

2219 1898 2362 1954 enim
2392 1912 2492 1967 ego
2519 1914 2659 1954 nunc
2684 1913 2805 1968 ago,
2829 1899 3024 1955 melius
3046 1900 3121 1954 illi
3148 1900 3404 1970 egissent,
3426 1901 3468 1955 si
3488 1910 3595 1955 tunc
3617 1916 3732 1969 agen-

2220 1988 2347 2045 dum
2377 1998 2563 2045 esset:
2612 1990 2756 2060 quod
2797 1998 2980 2046 autem
3030 1991 3107 2045 illi
3151 2001 3411 2061 egerunt,
3444 1992 3514 2047 sic
3545 2007 3626 2062 ego
3657 2007 3733 2045 non

2221 2094 2457 2151 agerem,
2489 2089 2543 2136 et
2585 2081 2631 2135 si
2670 2096 2813 2137 nunc
2839 2082 3103 2153 agendum
3148 2091 3313 2139 esset.
3346 2083 3447 2138 Aut
3473 2084 3513 2138 si
3549 2083 3674 2137 talem
3693 2098 3734 2135 se

2220 2170 2325 2226 iste
2376 2172 2537 2227 sentit
2582 2179 2637 2227 et
2686 2172 2867 2239 novit,
2896 2182 2956 2228 ut
2981 2173 3128 2228 salva
3158 2183 3212 2230 et
3243 2183 3570 2246 permanente
3605 2174 3646 2228 in
3668 2172 3733 2227 ha-

2222 2262 2337 2317 bitu
2362 2264 2527 2318 animi
2555 2263 2639 2319 sui
2662 2264 2859 2320 virtute
2884 2266 3251 2334 continentiae,
3276 2269 3322 2322 si
3339 2267 3403 2322 ad
3425 2282 3561 2322 usum
3585 2266 3735 2335 nuptia-

2224 2372 2346 2411 rum
2384 2372 2451 2413 ex
2496 2356 2673 2428 aliquo
2717 2358 2991 2428 religionis
3021 2359 3201 2415 ofﬁcio
3248 2360 3616 2426 descendisset,
3654 2359 3737 2413 talis

2225 2451 2449 2505 maritus
2492 2459 2545 2506 ct
2590 2452 2711 2507 talis
2754 2460 2905 2522 pater
2933 2462 3111 2532 esset,
3151 2454 3327 2525 qualis
3372 2454 3466 2510 fuit
3500 2453 3735 2513 Abraham;

2226 2541 2421 2597 audeat
2449 2544 2607 2613 plane
2634 2544 2962 2614 respondere
3010 2546 3088 2600 illi
3133 2548 3376 2618 captioso
3419 2546 3735 2615 interrogatori,

2227 2640 2282 2687 et
2300 2631 2497 2699 dicere,
2516 2632 2633 2690 Non
2660 2649 2778 2690 sum
2808 2635 3022 2707 quidem
3049 2637 3247 2693 melior
3264 2654 3420 2709 quam
3441 2636 3681 2702 Abraham,
3702 2635 3738 2687 in

2227 2724 2332 2781 hoc
2361 2726 2620 2781 duntaxat
2646 2742 2843 2798 genere
2866 2728 3211 2784 continentia:
3239 2746 3387 2802 ,‘qua
3414 2730 3497 2785 ille
3520 2744 3608 2784 non
3629 2741 3737 2782 caret

2227 2813 2337 2882 bat,
2367 2816 2469 2872 etsi
2496 2832 2604 2874 non
2639 2818 2963 2889 apparebat;
3014 2819 3108 2876 sed
3154 2836 3279 2876 sum
3326 2821 3475 2887 talis,
3520 2836 3609 2875 non
3641 2814 3740 2871 aliud

2229 2904 2433 2963 habens
2457 2950 2472 2975 ,
2502 2908 2596 2964 sed
2624 2909 2765 2965 aliud
2794 2925 2977 2981 agens.
3010 2911 3161 2966 Dicat
3188 2912 3350 2982 plane
3375 2913 3467 2967 ista
3495 2930 3507 2966 :
3536 2911 3635 2981 quia
3654 2918 3690 2964 et
3710 2907 3741 2961 si

2228 2999 2457 3055 voluerit
2482 2994 2732 3071 gloriari,
2760 3016 2864 3057 non
2900 3002 3003 3058 erit
3046 3003 3343 3074 insipiens;
3373 3006 3618 3060 veritatem
3641 3000 3741 3058 enim

2230 3092 2377 3149 dicit.
2405 3091 2460 3148 Si
2482 3102 2661 3150 autem
2684 3094 2875 3165 parcit,
2904 3110 2973 3151 ne
2996 3095 3116 3166 quis
3141 3111 3271 3152 eum
3299 3096 3551 3153 existimet
3572 3109 3693 3165 super
3708 3089 3744 3146 id

2228 3183 2373 3254 quod
2414 3198 2536 3239 eum
2573 3184 2738 3254 videt,
2766 3194 2857 3241 aut
2882 3187 3029 3241 audit
3053 3187 3261 3259 aliquid
3285 3205 3349 3245 ex
3375 3189 3460 3245 illo
3490 3187 3551 3260 (Il
3568 3186 3662 3241 Cor.
3678 3201 3742 3244 xu.

2230 3276 2285 3347 6)
2308 3294 2322 3343 ;
2350 3278 2555 3333 auferat
2573 3294 2604 3334 a
2628 3293 2855 3350 persona
2875 3296 2968 3351 sua
2987 3280 3185 3337 nodum
3200 3283 3529 3354 quaestionis,
3544 3289 3592 3337 et
3609 3276 3744 3335 nonde

2230 3368 2447 3427 homine
2466 3412 2481 3438 ,
2515 3372 2610 3429 sed
2637 3372 2705 3428 de
2725 3389 2784 3428 re
2806 3374 2919 3444 ipsa
2944 3374 3292 3445 respondeat,
3322 3384 3376 3432 et
3398 3376 3546 3443 dicat,
3571 3373 3644 3444 qui
3665 3380 3747 3425 tan-

2231 3471 2340 3518 tum
2364 3472 2559 3533 potest,
2580 3464 2702 3521 talis
2720 3474 2801 3521 est
2821 3466 2993 3536 qualis
3015 3465 3111 3522 fuit
3132 3468 3427 3525 Abraham.
3444 3469 3602 3524 Potest
3617 3476 3747 3519 autem

2228 3557 2347 3614 ﬁeri
2386 3567 2444 3614 ut
2472 3560 2649 3615 minor
2683 3561 2754 3616 sit
2799 3561 3140 3619 continentiae
3168 3562 3343 3620 virtus
3388 3565 3437 3619 in
3485 3563 3636 3617 animo
3668 3557 3751 3627 ejus

2229 3653 2320 3723 qui
2339 3668 2443 3708 non
2470 3653 2637 3708 utitur
2656 3654 2875 3725 nuptiis,
2901 3655 3099 3725 quibus
3127 3664 3211 3711 est
3241 3673 3372 3713 usus
3399 3654 3635 3712 Abraham
3656 3668 3666 3703 :
3684 3645 3748 3703 sed

2229 3750 2408 3800 tamen
2437 3744 2607 3816 major
2634 3756 2716 3802 est
2736 3747 2777 3814 ί,
2808 3762 2966 3817 quam
2992 3748 3045 3804 in
3070 3750 3254 3806 animo
3282 3750 3397 3821 ejus
3422 3750 3506 3821 qui
3533 3752 3751 3819 propterea

2229 3838 2401 3893 tenuit
2447 3838 2679 3909 conjugii
2720 3841 3043 3909 castitatem,
3070 3840 3193 3911 quia
3227 3858 3335 3897 non
3385 3840 3547 3913 potuit
3577 3834 3751 3904 amplio-

2228 3946 2364 3995 rem.
2392 3931 2481 3987 Sic
2507 3939 2561 3986 et
2586 3930 2783 3987 femina
2812 3933 3050 4002 innupta,
3074 3948 3193 4003 quae
3220 3935 3421 4005 cogitat
3455 3949 3513 3988 ea
3544 3944 3643 4002 quae
3665 3930 3753 3982 sunt

2229 4025 2463 4091 Domini,
2503 4032 2561 4080 ut
2585 4025 2654 4079 sit
2680 4035 2863 4081 sancta
2885 4034 2939 4080 et
2959 4040 3185 4097 corpore
3208 4038 3267 4084 et
3292 4029 3477 4100 spiritu
3501 4026 3540 4097 (ι
3565 4024 3662 4081 Cor.
3685 4033 3751 4083 vlli

2230 4116 2323 4187 54)
2345 4157 2359 4182 ,
2390 4131 2513 4171 cum
2553 4116 2784 4172 audierit
2823 4116 3185 4188 impudentem
3217 4120 3366 4175 illum
3395 4123 3755 4191 percontatorem

2230 4210 2533 4278 dicentem,
2561 4210 2643 4266 Tu
2672 4227 2800 4283 ergo
2838 4213 3028 4268 melior
3056 4229 3218 4284 quam
3263 4215 3432 4272 Sara?
3472 4207 3752 4283 respondeat.

2230 4302 2344 4373 Ego
2372 4303 2561 4359 melior
2589 4319 2729 4371 sum,
2763 4303 2860 4360 sed
2890 4305 2954 4359 iis
2984 4320 3103 4376 quae
3130 4306 3331 4363 virtute
3360 4306 3510 4379 hujus
3533 4302 3751 4361 continen-

2230 4398 2317 4454 tite
2342 4407 2547 4469 carent,
2578 4398 2720 4470 quod
2750 4398 2819 4455 de
2858 4399 2989 4455 Sara
3033 4411 3141 4455 non
3183 4402 3349 4457 credo
3378 4420 3391 4456 :
3422 4401 3537 4457 fecit
3560 4410 3669 4468 ergo
3688 4391 3751 4446 illa

2230 4506 2351 4547 cum
2380 4493 2479 4547 ista
2506 4492 2701 4548 virtute
2720 4491 2865 4563 quod
2906 4492 2983 4547 illi
3024 4496 3253 4564 tempori
3279 4495 3611 4566 congruebat,
3630 4504 3654 4543 ει
3677 4496 3754 4555 quo

2230 4597 2330 4653 ego
2355 4598 2473 4638 sum
2505 4584 2779 4652 immunis,
2810 4592 2869 4640 ut
2900 4584 2951 4640 in
2981 4601 3104 4641 meo
3130 4585 3292 4644 etiam
3320 4602 3538 4658 corpore
3559 4581 3757 4653 apparet!t

2230 4674 2370 4748 quod
2403 4676 2494 4731 illa
2524 4676 2576 4731 in
2603 4677 2783 4732 animo
2803 4679 3173 4735 conservabat.

2301 4766 2526 4823 CAPUT
2543 4767 2897 4826 XXlll.—28.
2917 4769 3239 4827 Continentia
3260 4774 3439 4829 melior
3452 4770 3655 4827 castitate
3667 4778 3758 4845 cott-

2221 4858 2391 4930 jugali
2413 4875 2430 4911 :
2452 4858 2539 4913 sed
2582 4871 2790 4930 possunt
2828 4862 3086 4934 conjugati
3114 4880 3220 4918 esse
3247 4863 3602 4919 continentibus
3623 4852 3758 4912 melio-

2229 4966 2329 5005 res.
2367 4948 2675 5006 Obcdientia:
2711 4951 2895 5006 bonum
2928 4954 3094 5023 majus
3128 4970 3281 5024 quam
3317 4952 3632 5009 continentia.
3658 4944 3757 4998 Obe—

2231 5044 2448 5101 dientior
2484 5048 2755 5119 conjugata
2784 5048 2950 5102 minus
2977 5047 3226 5103 obedienti
3251 5050 3432 5121 virgini
3457 5037 3756 5118 prteponenda.

2234 5137 2530 5193 Obedientia
2559 5148 2717 5193 mater
2743 5139 2965 5194 omnium
2992 5141 3244 5195 virtutum.
3274 5141 3385 5197 Res
3427 5155 3549 5211 ergo
3582 5137 3698 5205 ipsas
3729 5123 3761 5179 si

2229 5218 2600 5301 comparemus
2623 5272 2638 5298 ,
2676 5231 2823 5287 nullo
2852 5231 3012 5287 modo
3039 5232 3387 5289 dubitandum
3417 5240 3498 5288 est
3536 5226 3758 5284 meliorem

2229 5337 2350 5380 esse
2378 5324 2673 5381 castitatem
2701 5325 3042 5381 continentia:
3071 5343 3230 5397 quam
3257 5328 3550 5383 castitatem
3595 5313 3760 5386 ηυβιί³⁴

2230 5412 2358 5486 lem,
2389 5431 2511 5473 cum
2536 5423 2716 5473 tamen
2741 5426 3023 5489 utrumque
3051 5418 3122 5474 sit
3150 5418 3348 5475 bonum
3380 5437 3393 5473 :
3427 5415 3648 5472 homines
3668 5415 3762 5459 vero

2230 5524 2350 5566 cum
2377 5525 2748 5582 comparamus
2772 5554 2787 5581 ,
2820 5513 2909 5568 ille
2930 5522 3013 5568 est
3037 5513 3224 5569 melior
3247 5514 3337 5583 qui
3359 5513 3551 5568 bonum
3578 5500 3761 5572 amplius

2230 5619 2386 5675 quam
2413 5603 2549 5660 alius
2576 5604 2755 5660 habet.
2796 5604 2965 5660 Porro
2991 5605 3083 5675 qui
3106 5605 3334 5676 amplius
3370 5600 3598 5673 ejusdem
3635 5603 3761 5665 gem?

2229 5698 2305 5753 ris
2352 5697 2547 5765 habet,
2593 5708 2646 5754 et
2675 5698 2728 5753 id
2772 5697 2914 5770 quod
2944 5700 3120 5753 minus
3148 5708 3228 5755 est
3265 5697 3425 5752 habet
3454 5713 3467 5749 :
3497 5692 3579 5765 qui
3622 5691 3761 5741 autem

2231 5790 2600 5846 tantummodo
2639 5790 2781 5862 quod
2806 5791 2982 5848 minus
3007 5799 3089 5847 est
3112 5790 3303 5858 habet,
3337 5789 3390 5844 id
3419 5783 3553 5859 quod
3576 5788 3648 5838 est
3670 5785 3760 5829 am-

2231 5931 2322 6054 ns;
2336 5928 2566 6049 Ηὲἓέδιέιιὰ
2594 5934 2705 5981 Lov.
2736 5926 3014 5995 additur,in
3045 5937 3188 6001 opere
3224 5926 3363 5995 ejus;
3402 5922 3529 5991 quod
3556 5920 3613 5974 ab
3637 5921 3700 5967 εει
3726 5910 3765 5960 ei
