3930 6368
215 436 332 508 ptius
352 442 443 485 non
472 423 644 495 utique
666 420 838 478 habet.
863 418 928 476 In
956 418 1221 491 sexaginta
1245 417 1390 474 enim
1411 424 1534 473 sunt
1556 425 1612 474 et
1635 417 1731 473 tri-

215 507 360 598 ginta,
381 533 477 578 non
500 516 552 571 in
582 515 782 584 triginta
818 519 949 568 sunt
976 520 1029 567 et
1053 510 1344 581 sexaginta.
1370 507 1486 564 Non
1515 508 1728 579 operari

212 626 355 671 autem
384 627 445 667 ex
470 624 532 666 eo
558 606 691 679 quod
712 606 909 673 habet,
951 604 1004 659 in
1030 603 1402 659 distributione
1430 601 1727 657 ofﬁciorum

207 706 396 777 positum
420 710 513 766 est,
536 713 642 753 non
668 697 719 752 in
745 702 987 766 egestate
1005 694 1259 749 virtutum
1289 693 1444 764 :quia
1462 706 1564 748 nec
1587 692 1729 749 bono

206 791 530 851 misericordia:
565 798 734 854 caret,
762 787 851 857 qui
880 800 989 842 non
1026 785 1230 841 invenit
1266 784 1493 841 miseros
1535 783 1728 855 quibus

206 886 337 958 possit
359 880 749 939 misericorditer
779 877 1084 934 subvenire.

258 975 331 1030 29.
357 973 457 1029 Huc
477 969 676 1027 accedit
692 969 815 1040 quia
840 983 947 1023 non
971 976 1117 1023 recte
1145 965 1727 1038 comparantur'bomi-

203 1081 279 1123 nes
296 1064 571 1127 hominibus
592 1077 660 1118 ex
684 1076 789 1116 uno
816 1061 995 1131 aliquo
1025 1060 1187 1114 bono.
1216 1058 1355 1114 Fieri
1380 1059 1522 1115 enim
1552 1066 1729 1129 potest

202 1169 250 1214 ut
277 1159 388 1212 alius
422 1171 525 1212 non
567 1154 756 1210 habeat
795 1152 996 1223 aliquid
1035 1150 1179 1222 quod
1216 1151 1353 1206 alius
1398 1150 1591 1216 habet,
1632 1149 1727 1205 sed

198 1250 313 1305 aliud
336 1248 509 1304 habeat
532 1246 673 1318 quod
689 1245 857 1316 pluris
876 1243 1247 1299 aestimandum
1273 1251 1375 1297 est.
1395 1242 1474 1296 Ma
1475 1244 1561 1312 jus
1583 1242 1725 1296 enim

196 1342 357 1397 bonum
378 1349 454 1395 est
467 1339 778 1394 obedientia:
798 1351 954 1407 quam
976 1334 1341 1391 continentiae.
1360 1333 1491 1388 Nam
1517 1347 1723 1388 connu-

193 1433 312 1489 binm
348 1445 591 1502 nusquam
633 1438 936 1485 nostrarum
974 1426 1370 1497 Scripturarum
1408 1425 1726 1480 auctoritate

193 1526 466 1591 damnatur,
490 1521 844 1578 inohedientia
874 1534 1001 1575 vero
1030 1532 1292 1589 nusquam
1322 1517 1634 1573 absolvitur.
1668 1515 1723 1571 Si

193 1634 296 1691 ergo
328 1626 631 1689 proponatur
655 1614 804 1685 virgo
853 1626 1199 1684 permansura
1220 1652 1235 1678 ,
1278 1610 1371 1666 sed
1415 1617 1591 1665 tamen
1645 1609 1725 1662 in-

193 1710 407 1766 obediens
424 1750 441 1778 ,
464 1718 516 1764 et
532 1707 776 1763 maritata
800 1720 916 1775 qua:
947 1704 1093 1774 virgo
1121 1715 1441 1773 permanere
1463 1716 1569 1756 non
1603 1714 1727 1770 pos-

192 1810 288 1869 set,
311 1801 397 1857 sed
422 1808 587 1855 tamen
612 1798 869 1854 obediens
887 1837 903 1864 ,
932 1810 1090 1866 quam
1118 1794 1397 1849 meliorem
1442 1791 1725 1848 dicamus?

195 1894 343 1950 linus
363 1893 656 1949 laudabilem
680 1906 846 1963 quam
887 1889 932 1944 si
968 1889 1120 1959 virgo
1144 1896 1323 1954 esset,
1357 1903 1422 1940 an
1449 1886 1729 1942 damnabi-

194 1986 286 2042 lem
305 1987 430 2041 sicut
449 1986 583 2055 virgo
600 1984 714 2040 est?
739 1983 820 2037 ita
842 1981 890 2036 si
908 1980 1156 2036 conferas
1176 1979 1443 2035 ebriosam
1464 1979 1721 2049 virginem

200 2077 374 2133 sobriae
395 2076 673 2145 conjugatae,
701 2073 822 2144 quis
847 2071 1057 2127 dubitet
1079 2069 1323 2126 eamdem
1345 2069 1486 2124 ferre
1505 2078 1724 2124 senten-

203 2168 351 2223 tiam?
382 2167 567 2237 Nuptiae
591 2168 773 2239 quippe
811 2174 868 2220 et
905 2163 1177 2235 virginitas
1219 2162 1328 2217 duo
1376 2162 1513 2216 bona
1556 2169 1721 2231 sunt,

197 2275 395 2330 quorum
430 2260 633 2314 alterum
655 2259 830 2327 majus
860 2276 873 2311 :
905 2256 1165 2311 sobrietas
1202 2264 1380 2310 autem
1406 2261 1462 2309 et
1499 2253 1724 2309 ebriosi-

191 2364 290 2422 tas,
313 2355 434 2409 sicut
453 2352 736 2409 obedientia
767 2361 825 2407 et
848 2350 1180 2405 contumacia
1202 2389 1217 2414 ,
1249 2348 1341 2403 illa
1376 2348 1515 2403 bona
1557 2354 1721 2413 sunt,

192 2447 286 2503 bac
308 2448 449 2502 mala.
491 2446 667 2501 Melius
695 2453 788 2501 est
815 2450 991 2498 autem
1029 2441 1228 2496 habere
1255 2441 1432 2496 omnia
1472 2439 1610 2495 bona
1637 2438 1726 2494 vel

192 2538 391 2604 minora,
430 2552 577 2608 quam
614 2550 875 2607 magnum
909 2534 1107 2589 bonum
1152 2548 1273 2587 cum
1314 2546 1509 2602 magno
1536 2530 1678 2585 malo
1708 2547 1723 2584 :

191 2631 289 2702 quia
323 2641 372 2687 et
407 2632 456 2686 in
494 2630 735 2701 corporis
778 2628 933 2684 bouis
960 2627 1154 2682 melius
1176 2636 1260 2681 est
1286 2624 1485 2680 habere
1511 2621 1727 2678 Zachaei

192 2732 403 2779 stamram
426 2740 537 2779 cum
563 2723 823 2787 sanitate,
853 2735 1013 2791 quam
1042 2719 1210 2776 Goliae
1235 2732 1367 2772 cum
1378 2715 1546 2772 febre.

245 2816 321 2871 '50.
344 2817 486 2872 Recte
510 2816 664 2885 plane
690 2813 956 2885 quaeritur
976 2852 992 2879 ,
1037 2825 1147 2865 non
1188 2817 1367 2865 utrum
1405 2806 1727 2863 omnimodis

196 2907 451 2962 inobediens
473 2908 615 2978 virgo
634 2906 945 2975 conjugataz
970 2901 1260 2966 obedienti,
1288 2899 1383 2955 sed
1403 2898 1581 2954 minus
1600 2898 1727 2953 obe-

195 2998 323 3053 diens
345 2999 659 3055 obedientiori
686 2995 1055 3066 comparanda
1078 2996 1166 3059 sit;
1193 2993 1317 3064 quia
1336 3000 1391 3048 et
1406 2992 1496 3046 illa
1519 2991 1729 3060 nuptia-

196 3088 251 3143 lis
275 3090 449 3145 castitas
471 3100 578 3156 cst,
608 3099 664 3146 et
694 3089 831 3144 ideo
854 3087 1051 3143 bonum
1075 3095 1192 3153 est,
1221 3084 1317 3139 sed
1356 3084 1532 3138 minor
1568 3097 1728 3154 quam

196 3183 437 3254 virginalis.
470 3184 635 3239 Tanto
674 3196 821 3253 ergo
866 3181 1042 3235 minor
1081 3180 1133 3233 in
1179 3178 1323 3234 bono
1370 3177 1724 3245 obedientia,

190 3287 353 3348 quanto
370 3279 519 3349 major
542 3280 594 3334 in
618 3279 777 3334 bono
805 3275 1096 3342 castitatis,
1132 3273 1179 3327 si
1204 3273 1370 3327 altera
1395 3271 1552 3327 alteri
1577 3286 1727 3327 com-

188 3380 399 3441 paretur,
442 3389 551 3445 quae
604 3369 978 3443 praeponenda
1019 3368 1091 3424 sit
1128 3366 1364 3437 judicat,
1416 3366 1505 3435 qui
1557 3366 1730 3435 primo

188 3465 329 3533 ipsam
364 3468 639 3522 mstitstem
684 3474 751 3521 et
797 3461 1153 3519 obedientiam
1194 3473 1509 3528 comparans
1532 3499 1547 3524 ,
1586 3457 1731 3512 videt

191 3562 391 3616 omnium
410 3562 654 3619 virtutum
680 3560 927 3633 quodam
972 3557 1133 3612 modo
1176 3566 1399 3611 matrem
1440 3568 1560 3611 esse
1596 3553 1729 3607 obe-

191 3653 424 3710 dientiam.
452 3658 517 3712 Ac
538 3672 635 3729 per
658 3658 778 3711 hoc
798 3654 918 3709 ideo
948 3659 1122 3723 potest
1136 3664 1256 3706 esse
1281 3648 1584 3704 obedientia
1614 3648 1730 3701 sine

185 3745 477 3817 virginitate,
505 3750 627 3820 quia
658 3745 949 3817 virginitas
977 3759 1043 3798 ex
1085 3742 1310 3797 consilio
1349 3749 1469 3808 est,
1512 3754 1618 3795 non
1664 3754 1732 3794 ex

188 3848 429 3907 precepto.
457 3839 838 3895 Obedientiam
870 3849 995 3890 vero
1024 3834 1168 3887 illam
1208 3832 1359 3897 dico,
1392 3845 1496 3901 qua
1530 3844 1735 3901 praece-

186 3930 267 3997 ptis
298 3931 697 4003 obtemperatur.
746 3929 978 3997 Ideoque
1018 3925 1316 3981 obedientia
1345 3931 1748 3993 praeceptorum

188 4020 277 4075 sine
293 4024 570 4095 virginitate
598 4023 829 4095 quidem
860 4028 1055 4091 potest,
1080 4018 1173 4073 sed
1203 4019 1318 4072 sine
1341 4015 1585 4071 castitate
1613 4029 1734 4070 esse

186 4125 271 4165 non
288 4124 456 4182 potest.
478 4116 561 4171 Ad
594 4115 909 4170 castitatem
937 4126 1164 4180 namque
1186 4109 1417 4179 pertinet
1438 4124 1546 4163 non
1568 4106 1734 4163 forni-

182 4206 286 4271 cari,
314 4222 407 4260 non
434 4207 724 4269 maschari,
751 4202 899 4257 nullo
929 4202 1112 4256 illicito
1130 4202 1412 4256 concubitu
1434 4198 1691 4254 maculari
1718 4216 1732 4253 :

179 4311 273 4374 quae
295 4300 371 4369 qui
396 4316 497 4355 non
523 4300 861 4359 observant,
883 4304 1065 4349 contra
1090 4303 1356 4365 praecepta
1384 4293 1477 4347 Dei
1506 4290 1730 4357 faciunt,

179 4398 223 4441 et
252 4390 310 4443 ob
333 4390 428 4445 hoc
454 4402 708 4447 extorres
740 4395 868 4441 sunt
894 4401 924 4439 a
966 4387 1161 4440 virtute
1200 4384 1534 4440 obedientia.
1562 4382 1732 4452 Virgi-

180 4479 290 4536 nitas
322 4493 488 4540 autem
534 4490 832 4553 propterea
873 4486 1047 4548 potest
1088 4491 1207 4531 esse
1246 4476 1361 4531 sine
1389 4474 1693 4531 obedientia
1719 4515 1733 4541 ,

180 4575 273 4641 quia
296 4586 460 4645 potest
503 4576 715 4630 femina
763 4572 986 4626 consilio
1019 4567 1336 4638 virginitatis
1374 4574 1593 4636 accepto
1616 4606 1633 4634 ,
1684 4573 1739 4621 et

182 4666 399 4719 custodita
436 4666 788 4735 virginitate,
840 4667 1102 4729 praecepta
1148 4666 1492 4712 contemnere
1540 4672 1554 4708 :
1602 4656 1741 4710 sicut

183 4756 339 4809 multas
364 4772 541 4811 sacras
583 4756 831 4825 virgines
857 4753 1103 4806 novimus
1138 4750 1427 4816 verbosas,
1463 4748 1737 4815 curiosas,

183 4845 411 4915 ebriosas,
449 4850 760 4920 litigioSas,
800 4860 1018 4911 avaras,
1063 4842 1353 4912 superbas;
1401 4855 1520 4910 quae
1562 4840 1740 4894 omnia

185 4950 332 4994 contra
356 4952 623 5012 przecepta
656 4946 817 5004 sunt,
863 4947 917 4991 ct
960 4938 1096 4991 sicut
1138 4936 1305 5004 ipsam
1349 4933 1513 4988 Evam
1553 4931 1741 4986 inobe-

184 5027 360 5088 dientite
404 5034 640 5089 crimine
693 5028 963 5084 occidunt.
1019 5028 1355 5097 QuaprOpter
1405 5038 1511 5078 non
1569 5022 1742 5076 solum

184 5122 402 5179 obediens
427 5122 790 5187 inobedienti,
834 5118 929 5174 sed
957 5117 1288 5173 obedientior
1327 5113 1606 5184 conjugata
1644 5111 1751 5197 mi—g

185 5226 266 5268 nus
283 5216 541 5271 obedienti
568 5213 771 5284 virgini
797 5209 1151 5281 priaponenda
1181 5216 1283 5263 est.

241 5306 321 5359 '51.
348 5309 422 5361 Ex
448 5308 549 5361 hac
577 5303 889 5360 obedientia
911 5314 1059 5372 pater
1076 5300 1171 5354 ille
1198 5299 1287 5368 qui
1308 5298 1423 5352 sine
1448 5311 1614 5351 uxore
1638 5309 1745 5351 non

187 5395 280 5461 fuit,
297 5414 405 5455 esse
424 5402 541 5455 sine
568 5400 739 5454 unico
759 5398 867 5451 ﬁlio
892 5404 944 5450 et
967 5410 1004 5450 a
1022 5410 1081 5450 se
1104 5394 1281 5448 occiso
1296 5398 1510 5463 paratus
1532 5389 1629 5443 fuit
1644 5386 1744 5461 (α).

188 5488 386 5546 Unicum
404 5495 548 5547 enim
590 5506 709 5545 non
734 5488 999 5544 immerito
1024 5486 1250 5541 dixerim
1269 5526 1284 5550 ,
1325 5484 1393 5539 de
1421 5497 1524 5553 quo
1551 5480 1751 5535 audivit

191 5594 217 5635 a
234 5580 463 5650 Domino,
485 5582 553 5637 In
572 5581 736 5637 Isaac
752 5580 1002 5636 vocabitur
1026 5579 1113 5633 tibi
1134 5594 1298 5632 semen
1320 5575 1473 5647 (Gen.
1498 5590 1607 5639 xxi,
1633 5571 1747 5642 12).

192 5674 377 5741 Quanto
402 5691 529 5747 ergo
550 5675 721 5731 citius
743 5714 758 5737 ,
784 5682 839 5726 ut
866 5673 1023 5727 etiam
1049 5673 1165 5728 sine
1192 5685 1353 5727 uxore
1380 5677 1524 5726 esset
1541 5707 1557 5733 ,
1583 5667 1629 5722 si
1648 5665 1751 5721 hoc

246 5766 313 5830 (α)
342 5773 374 5817 tl
396 5773 605 5817 necant.
630 5762 831 5826 cap.22,
855 5776 905 5811 n.
929 5761 975 5811 2.

414 5855 648 5915 Sacr.
686 5850 960 5912 Ausus'r.
1000 5848 1105 5909 Vl.

1569 306 1774 364 LIBER
1808 305 2009 365 UNUS.

3320 320 3432 380 39‘

1833 417 2110 488 juberetur
2131 457 2147 484 ,
2175 414 2418 475 audiret?
2445 417 2597 477 Unde
2620 435 2726 477 non
2755 422 2949 481 frustra
2980 440 3125 498 saepe
3164 430 3424 490 miramur

1838 510 2122 565 nonnullos
2150 510 2426 582 utriusque
2451 527 2609 568 sexus
2634 515 2701 571 ab
2742 519 2885 573 omni
2927 522 3212 579 concubitu
3240 528 3419 583 conti-

1838 610 2025 656 nentes
2044 643 2060 668 ,
2090 602 2416 673 negligenter
2440 602 2658 661 obedire
2684 611 2964 679 praeceptis
2985 653 3002 680 ,
3030 628 3152 668 cum
3180 623 3288 670 tam
3328 631 3422 672 ar-

1837 693 2024 751 denter
2048 696 2370 765 arripuerint
2391 712 2496 751 non
2524 698 2602 752 uti
2625 702 2911 756 concessis.
2944 703 3096 761 Unde
3120 708 3241 777 quis
3265 707 3426 766 dubi-

1837 792 1914 839 tat
1956 794 2011 842 et
2056 787 2387 843 excellentia:
2429 797 2731 846 sanctorum
2762 792 2973 849 illorum
3010 806 3221 865 patrum
3262 808 3426 872 atque

1833 887 2066 934 matrum
2092 878 2230 935 ﬁlios
2244 882 2606 952 generantium
2629 898 2735 940 non
2760 894 2904 942 recte
2929 892 3225 958 comparari
3245 908 3425 951 mares

1834 977 1889 1023 et
1914 969 2134 1025 feminas
2163 973 2333 1027 nostri
2362 974 2646 1044 temporis,
2673 979 2917 1046 quamvis
2957 979 3025 1034 ab
3052 983 3195 1037 omni
3218 999 3423 1042 concu-

1832 1058 1946 1113 bitu
1969 1060 2253 1129 immunes,
2277 1064 2330 1118 in
2357 1064 2552 1121 virtute
2577 1067 2892 1125 obedientia;
2913 1072 3180 1140 minores;
3209 1076 3422 1133 etiamsi

1832 1149 1936 1205 illis
1989 1151 2291 1210 hominibus
2339 1163 2393 1211 et
2430 1156 2483 1211 in
2530 1157 2713 1215 habitu
2757 1161 2918 1216 animi
2957 1163 3245 1232 defuisset,
3275 1168 3418 1237 quod

1834 1242 1887 1296 in
1920 1242 2140 1300 istorum
2192 1261 2356 1316 opere
2393 1249 2730 1306 manifestum
2782 1254 2902 1307 est?
2949 1254 3249 1325 Sequantur
3289 1272 3422 1329 ergo

1830 1336 2038 1406 Agnum
2077 1341 2227 1408 pueri
2266 1350 2540 1398 cantantes
2588 1345 2855 1400 canticum
2904 1362 3139 1415 novum,
3182 1348 3321 1404 sicut
3365 1352 3423 1405 in

1830 1431 2150 1501 Apocalypsi
2193 1435 2448 1504 scriptum
2478 1443 2594 1504 est,
2625 1438 2708 1507 qui
2751 1454 2866 1491 cum
2893 1438 3188 1495 mulieribus
3228 1458 3283 1497 se
3318 1458 3424 1497 non

1830 1527 2295 1582 contaminaverunt
2325 1529 2507 1601 (Apoc.
2533 1547 2644 1598 xiv,
2671 1532 2750 1603 4);
2775 1549 2880 1589 non
2907 1535 2975 1591 ob
3000 1536 3143 1591 aliud
3169 1537 3271 1592 nisi
3296 1538 3423 1611 quia

1829 1616 2060 1688 virgines
2088 1632 2516 1690 permanserunt.
2555 1623 2666 1679 Nec
2706 1625 2826 1681 ideo
2853 1641 2914 1682 se
2946 1628 3273 1684 arbitrentur
3299 1644 3421 1686 mo-

1829 1707 1990 1765 liorcs
2017 1726 2138 1767 esse
2163 1713 2350 1782 primis
2376 1715 2614 1784 patribus
2639 1720 2858 1788 sanctis,
2882 1720 2973 1790 qui
2993 1721 3220 1792 nuptiis,
3262 1730 3322 1777 ut
3345 1722 3421 1778 ita

1830 1802 2003 1859 dicam
2022 1846 2036 1872 ,
2067 1808 2374 1877 nuptialiter
2408 1810 2488 1865 usi
2513 1820 2636 1866 sunt
2657 1814 2697 1864 ¹.
2724 1813 2920 1869 Earum
2950 1815 3145 1885 quippe
3170 1829 3302 1870 usus
3344 1816 3421 1874 ita

1830 1910 1889 1949 se
1913 1895 2099 1965 habet,
2132 1906 2191 1952 ut
2214 1898 2259 1953 si
2284 1899 2411 1969 quid
2438 1900 2491 1956 in
2513 1901 2591 1957 eis
2616 1916 2713 1973 per
2739 1904 2915 1961 carnis
2941 1905 3379 1963 commixtionem
3396 1945 3416 1973 ,

1830 1989 1972 2059 quod
2000 1990 2222 2046 excedat
2263 1992 2557 2062 generandi
2604 1996 2973 2052 necessitatem
2992 2038 3007 2063 ,
3049 1998 3292 2067 quamvis
3324 2010 3419 2052 ve-

1830 2080 2042 2136 nialiter
2064 2082 2263 2137 factum
2283 2082 2463 2150 fuerit,
2493 2087 2871 2141 contaminatio
2900 2088 2988 2142 sit.
3019 2089 3153 2144 Nam
3177 2088 3304 2159 quid
3324 2104 3421 2144 ex-

1830 2171 1940 2240 piat
1958 2172 2111 2227 venia
2127 2214 2142 2241 ,
2174 2173 2222 2229 si
2249 2174 2466 2230 omnino
2486 2190 2595 2230 non
2620 2179 2947 2232 contaminat
2971 2179 3062 2233 illa
3089 2181 3419 2251 progressio?

1831 2265 1872 2318 A
1896 2280 1996 2334 qua
2013 2266 2465 2323 contaminatione
2484 2268 2679 2323 mirum
2706 2269 2754 2325 si
2778 2270 3042 2326 immunes
3058 2281 3239 2327 essent
3266 2271 3419 2343 pueri

1830 2365 2114 2427 sequentes
2135 2358 2365 2429 Agnum,
2394 2360 2498 2415 nisi
2522 2360 2753 2430 virgines
2781 2370 3177 2431 permanerent.

1900 2447 2124 2506 CAPUT
2145 2451 2335 2507 XXIV.
2361 2481 2435 2492 —
2456 2452 2545 2508 '52.
2570 2451 2882 2524 Nuptiarum
2902 2455 3085 2509 bonum
3105 2455 3246 2525 apud
3271 2455 3419 2510 Chri-

1830 2539 2021 2594 stianos
2050 2542 2253 2613 triplex.
2281 2541 2551 2613 Conjugati
2579 2544 2771 2614 antiqui
2791 2544 3123 2599 obedientiam
3152 2546 3208 2599 in
3231 2562 3418 2615 opere,

1833 2633 2188 2686 continentiam
2233 2634 2288 2687 in
2338 2633 2513 2688 habitu
2558 2644 2839 2691 tenuerunt.
2873 2637 3079 2691 Bonum
3125 2637 3283 2708 igitur
3321 2653 3419 2691 nu-

1830 2722 2061 2792 ptiarum
2090 2738 2187 2793 per
2217 2738 2404 2779 omnes
2428 2733 2612 2796 gentes
2653 2735 2813 2796 atque
2855 2742 3042 2782 omnes
3082 2728 3327 2784 homines
3363 2730 3419 2784 in

1832 2829 1988 2870 causa
2017 2816 2306 2887 generandi
2347 2826 2463 2886 est,
2493 2826 2548 2874 et
2588 2819 2644 2874 in
2686 2819 2791 2874 ﬁde
2818 2822 3076 2876 castitatis
3106 2839 3119 2874 :
3150 2822 3291 2892 quod
3326 2838 3422 2877 au-

1831 2913 1939 2961 tem
1964 2907 2030 2962 ad
2054 2908 2305 2979 papulum
2333 2908 2426 2963 Dei
2452 2909 2717 2979 pertinet,
2742 2912 2903 2965 etiam
2944 2912 2996 2965 in
3024 2913 3303 2968 sanctitate
3323 2912 3420 2969 Sa-

1832 2999 2090 3053 cramenti
2114 3040 2127 3064 ,
2157 3014 2253 3070 per
2279 3014 2437 3069 quam
2477 2999 2625 3055 nefas
2661 3009 2745 3056 est
2784 3002 2944 3056 etiam
2981 3004 3204 3072 repudio
3241 3003 3420 3059 disce—

1831 3089 2047 3146 dentem
2066 3092 2220 3147 alteri
2252 3091 2455 3146 nubere
2473 3132 2490 3161 ,
2515 3091 2644 3147 dum
2669 3093 2750 3147 vir
2774 3094 2891 3164 ejus
2915 3095 3080 3162 vivit,
3109 3111 3210 3151 nec
3231 3098 3420 3151 saltem

1832 3181 1948 3251 ipsa
1991 3196 2149 3237 causa
2200 3182 2472 3253 pariendi;
2526 3199 2644 3254 quae
2672 3199 2791 3239 cum
2818 3187 2930 3239 sola
2972 3187 3041 3240 sit
3080 3202 3183 3256 qua
3224 3189 3421 3258 nuptiae

1833 3272 2003 3341 fiunt,
2028 3288 2128 3328 nec
2153 3288 2217 3329 ea
2241 3288 2301 3329 re
2324 3288 2430 3328 non
2453 3274 2815 3345 subsequente
2833 3287 3053 3345 propter
3071 3292 3228 3347 quam
3250 3279 3385 3333 ﬁunt
3419 3305 3424 3311 ε

1834 3371 2058 3427 solvitur
2072 3372 2340 3427 vinculum
2365 3371 2601 3443 nuptiale
2621 3372 2725 3426 nisi
2745 3372 2984 3442 conjugis
3006 3380 3197 3427 morte.
3224 3373 3423 3441 Quem-

1833 3462 2119 3517 admodum
2139 3462 2184 3517 si
2210 3462 2303 3516 ﬁat
2328 3462 2591 3517 ordinatio
2619 3463 2745 3517 cieri
2766 3464 2831 3517 ad
2859 3463 3064 3532 plebem
3095 3478 3423 3534 congregan-

1835 3553 1991 3620 dam,
2034 3553 2241 3608 etiamsi
2271 3552 2445 3624 plebis
2483 3554 2820 3623 congregatio
2868 3568 2973 3607 non
3019 3554 3377 3625 subsequatur
3402 3596 3418 3624 ,

1835 3652 2015 3699 manet
2052 3651 2230 3698 tamen
2259 3643 2312 3698 in
2343 3644 2446 3698 illis
2487 3644 2744 3699 ordinatis
2769 3645 3169 3700 Sacramentum
3199 3646 3420 3701 ordina-

1835 3735 2034 3802 tionis;
2074 3744 2129 3790 et
2154 3734 2200 3789 si
2242 3735 2418 3805 aliqua
2443 3736 2597 3805 culpa
2622 3736 2902 3806 quisquam
2931 3737 2999 3791 ab
3026 3736 3202 3792 ofﬁcio
3239 3753 3421 3793 remo-

1837 3833 2044 3892 veatur,
2072 3824 2417 3881 Sacramento
2449 3826 2660 3880 Domini
2681 3829 2847 3883 semel
2867 3827 3117 3897 imposito
3141 3844 3247 3883 non
3268 3844 3423 3885 care-

1835 3919 1942 3985 bit,
1974 3921 2213 3989 quamvis
2242 3920 2309 3973 ad
2344 3920 2603 3989 judicium
2648 3932 3013 3990 permanente.
3052 3922 3425 3979 Generationis

1837 4009 2014 4080 itaque
2048 4026 2209 4065 causa
2239 4010 2351 4066 ﬁeri
2380 4014 2589 4082 nuptias
2610 4054 2624 4078 ,
2659 4014 2945 4082 Apostolus
2988 4015 3061 4069 ita
3103 4017 3249 4070 testis
3294 4026 3378 4072 est
3405 4032 3421 4073 :

1853 4099 1974 4154 Volo
1997 4142 2013 4168 ,
2043 4101 2249 4171 inquit,
2289 4102 2520 4171 juniores
2560 4102 2761 4157 nubere.
2786 4105 2853 4157 Et
2878 4105 3028 4175 quasi
3056 4106 3104 4160 ei
3133 4106 3421 4173 diceretur,

1839 4192 2075 4262 thuid'l
2113 4194 2366 4247 continuo
2390 4195 2644 4263 subjecit,
2673 4197 2810 4264 ﬁlios
2840 4212 3122 4266 procreare,
3152 4203 3394 4271 matresfa
3419 4230 3427 4241 -

1839 4287 2007 4341 mitias
2035 4302 2139 4340 esse
2172 4285 2215 4357 (l
2241 4284 2370 4339 Tim.
2411 4302 2477 4354 v,
2509 4287 2618 4358 14).
2659 4287 2741 4341 Ad
2767 4288 2925 4343 fidem
2962 4298 3138 4343 autem
3167 4292 3427 4345 castitatis

1840 4381 1971 4436 illud
1998 4381 2228 4451 pertinet
2259 4399 2273 4434 :
2309 4379 2452 4435 Uxor
2470 4396 2573 4433 non
2590 4378 2735 4433 habet
2764 4389 3054 4449 potestatem
3072 4384 3300 4452 corporis
3322 4390 3423 4451 sui,

1841 4473 1930 4527 sed
1949 4473 2023 4526 uir
2057 4487 2077 4526 .'
2104 4472 2334 4526 similiter
2372 4481 2417 4527 et
2450 4471 2527 4526 vir
2563 4488 2663 4525 non
2699 4471 2845 4525 habet
2884 4481 3175 4542 potestatem
3199 4477 3427 4543 corporis

1840 4565 1921 4619 sui
1946 4606 1963 4632 ,
2010 4564 2098 4618 sed
2142 4564 2339 4617 mulier.
2388 4563 2468 4617 Ad
2498 4560 2827 4619 Sacramenti
2873 4565 3205 4620 sanctitatem
3233 4567 3360 4621 illud
3408 4586 3423 4622 :

1849 4660 2071 4715 Uxorem
2109 4677 2141 4714 a
2168 4660 2272 4714 viro
2302 4676 2403 4713 non
2429 4657 2724 4725 discedere;
2748 4659 2882 4730 quod
2905 4660 2946 4714 si
2982 4660 3291 4729 discesserit,
3319 4680 3426 4717 ma-

1844 4768 1962 4807 nere
1984 4754 2284 4822 innuptam,
2314 4760 2402 4804 aut
2422 4752 2529 4804 viro
2548 4766 2639 4804 suo
2662 4750 2977 4804 reconciliari
3002 4766 3021 4804 :
3044 4761 3091 4805 et
3119 4753 3193 4805 vir
3222 4770 3428 4808 uxorem

1845 4862 1947 4899 non
1969 4845 2201 4899 dimittat.
2231 4844 2357 4898 llaec
2383 4843 2559 4897 omnia
2580 4839 2718 4896 bona
2747 4852 2904 4909 sunt,
2932 4853 3152 4913 pr0pter
3182 4861 3299 4915 qua:
3329 4862 3431 4900 nu-

1846 4939 1970 5010 ptiae
1992 4938 2144 4993 bonae
2168 4945 2291 4990 sunt
2318 4936 2373 5001 ’ς
2401 4934 2579 5005 proles
2597 4975 2612 5001 ,
2658 4933 2789 4989 ﬁdes
2808 4975 2824 5001 ,
2865 4933 3289 4991 Sacramentum.
3319 4936 3431 4993 Nec

1847 5032 2054 5103 prolem
2083 5039 2257 5084 autem
2284 5029 2551 5084 carnalem
2578 5027 2687 5098 jam
2731 5027 2832 5082 hoc
2877 5037 3115 5099 tempore
3152 5046 3428 5100 quaerere,

1848 5140 1911 5180 ac
1930 5140 2025 5195 per
2044 5124 2145 5179 hoc
2162 5123 2229 5177 ab
2256 5122 2403 5177 omni
2432 5122 2523 5177 tali
2552 5137 2712 5191 opere
2735 5122 3120 5179 immunitatem
3147 5126 3431 5195 quamdam

1850 5226 2159 5287 perpetuam
2184 5216 2418 5271 retinere
2438 5256 2452 5279 ,
2482 5223 2640 5284 atque
2666 5216 2755 5269 uni
2783 5214 2898 5269 viro
2916 5215 3128 5271 Christo
3148 5219 3435 5286 spirituali-

1852 5318 1933 5366 ter
1957 5309 2142 5375 subdi,
2175 5308 2366 5363 melius
2394 5316 2476 5361 est
2501 5308 2686 5376 utique
2711 5316 2766 5363 et
2790 5309 3023 5362 sanctius
3053 5327 3067 5361 :
3100 5310 3145 5363 si
3172 5320 3346 5365 tamen
3372 5328 3432 5365 ea

1852 5407 2127 5461 vacatione
2174 5406 2251 5459 sic
2303 5413 2518 5459 utantur
2546 5403 2827 5469 homines,
2867 5403 3134 5474 quomodo
3176 5405 3431 5472 scriptum

1853 5506 1963 5567 est,
1994 5505 2054 5552 ut
2082 5496 2317 5566 cogitent
2339 5510 2457 5566 qua:
2481 5504 2606 5551 sunt
2625 5495 2869 5562 Domini,
2897 5492 3163 5564 quomodo
3190 5494 3432 5562 placeant

1919 5637 1936 5668 ι
1961 5633 2086 5695 vid.,
2102 5644 2200 5683 non
2218 5629 2497 5696 nuptialiter
2519 5629 2597 5682 usi
2616 5636 2725 5681 sum
2745 5628 3128 5682 :reluctantibus
3160 5624 3305 5678 editis
3326 5624 3434 5677 aliis

1856 5705 1910 5753 et
1921 5706 2029 5748 MSS.

1920 5755 2493 5819 'tnuss.,bonumswu.

2762 5830 3085 5916 (Treizc./
