3930 6368
1531 337 1733 394 LIBER
1771 337 1970 396 UNUS.

3291 351 3398 412 398

197 461 330 510 ⁶⁴¹¹¹⁶³
341 455 548 546 ’⁵9⁸⁸⁸⁵⁸⁸

195 535 278 572 esse
303 525 463 586 propter
479 515 744 582 prwsemein
763 515 1127 603 necessitatem;
1150 515 1852 603 wrrterrdentipmperpetuarq
1874 515 2221 603 continenitiiam
2257 525 2454 582 prepter
2485 515 2651 571 saeculi
2687 523 2834 586 hujus
2855 515 3027 588 vitam,
3067 515 3183 578 non,
3195 515 3394 592 pratia;

195 583 352 603 f_.__‘_.-‘
375 579 670 603 ΑΑ--ιυιιιιιιι-ιι1η-ἐ
711 585 874 603 ηκτοι-ιιι
897 585 932 603 Ι*
953 579 1069 603 ..ἰ-ιιέ
1094 579 1311 603 υἷι-...μεινεηςς
1345 591 1458 603 ιιι-ῃ-
1487 593 1494 603 ι
1520 589 1544 603 ιι
1575 591 1649 603 nm
1718 587 1810 603 man
1855 587 1930 603 nm
1972 589 2094 603 Λνηη
2139 590 2224 603 nun
2256 587 2570 603 Μηιιη-ι-υιο..-
2593 595 2750 603 ,ιιι---..-
2797 600 2872 603 _-__
2931 602 2936 603 ,
2959 602 2966 603 κ
3019 589 3032 603 1
3085 591 3093 603 ι
3231 594 3239 603 ο
3283 595 3290 603 ι
3351 601 3358 603 Α

193 567 687 633 Ῐιῖιῖιτᾶωἷωὰιεοϐατὶ.
711 585 877 650 Postea
897 567 1070 628 ctu-isti
1083 567 1314 654 virgines
1331 567 1814 654 humilitatem',“gua
1971 567 2228 654 ejcellens
2255 567 2577 632 conservatur
2589 567 3396 654 eardiﬁ'Edhﬁij’mFéI-é'jﬂbéi‘,

190 654 306 708 atque
323 645 374 694 ad
391 656 492 694 earn
509 655 646 705 quam
665 642 872 690 maxime
892 639 1341 692 sectanthm’multa
1363 647 1416 690 et
1431 639 1570 704 gravi
1591 644 1695 688 orat

1804 651 1815 686 ι
1833 639 2136 690 adha‘tlttlr.
2983 639 2997 649 ’
3041 677 3054 688 -

237 763 429 826 CAPUT
463 767 730 825 PRIMUM.
763 767 913 822 --1.
953 767 1186 839 Virgines
1228 771 1524 840 conjugatos
1573 784 1694 822 san-

188 875 268 918 clas
291 875 432 932 patres
455 881 548 917 non
571 873 898 917 contemnant.
929 863 1146 922 Librum
1169 863 1235 919 de
1247 864 1400 918 Bono
1422 861 1699 934 Conjugali

189 973 317 1025 nuper
339 957 599 1024 edidimus,
629 957 678 1010 in
707 957 996 1027 quoetiam
1023 955 1222 1012 Christi
1249 957 1480 1028 virgines
1510 957 1698 1014 admo-

187 1049 352 1100 nuimus
383 1055 528 1116 alque
569 1063 871 1111 monemus,
931 1065 996 1102 ne
1053 1059 1272 1120 propter
1324 1047 1694 1103 excellentiam

183 1141 371 1192 muneris
387 1139 643 1206 amplioris
659 1138 796 1209 quod
837 1139 1090 1194 divinitus
1139 1137 1479 1210 acceperunt,
1519 1148 1702 1193 conte-

183 1237 329 1282 mnant
370 1230 414 1282 in
441 1229 515 1282 sui
564 1229 954 1300 comparatione
983 1239 1165 1300 patres
1192 1238 1248 1286 et
1277 1237 1476 1285 matres
1519 1229 1697 1300 polluti

179 1321 280 1386 Dei;
303 1319 620 1391 hominesque
645 1321 758 1375 illos
779 1337 914 1392 quos
935 1330 1185 1392 tanquam
1205 1321 1400 1376 olivam
1422 1335 1698 1376 commen-

178 1413 246 1468 dat
269 1416 540 1484 Apostolus,
588 1433 654 1470 ne
679 1417 950 1487 superbiat
991 1418 1224 1472 insertus
1251 1415 1483 1470 oleaster
1515 1413 1692 1488 (Rom.

177 1521 234 1570 ιι,
261 1507 332 1573 l7,
361 1507 464 1577 18),
489 1507 574 1578 qui
605 1517 825 1563 venturo
851 1507 1063 1563 Christo
1107 1509 1266 1563 etiam
1297 1507 1538 1582 ﬁliorum
1577 1521 1696 1578 pro-

177 1599 406 1668 pagatione
431 1602 741 1666 serviebant,
777 1602 896 1656 ideo
925 1603 1098 1657 meriti
1129 1601 1396 1657 inferioris
1417 1618 1535 1657 esse
1557 1602 1698 1656 arbi-

177 1699 366 1760 trentur,
393 1695 502 1764 quia
539 1695 658 1764 jure
710 1695 892 1748 divino
931 1696 1257 1749 continentia
1302 1695 1589 1760 connubio,
1645 1703 1699 1749 et

175 1785 332 1854 nuptiis
353 1786 426 1854 pia
457 1787 717 1856 virginitas
745 1787 1104 1856 anteponitur.
1139 1785 1196 1840 In
1239 1787 1342 1841 illis
1368 1787 1564 1858 quippe
1596 1800 1692 1855 pa-

173 1875 384 1930 rabantur
407 1885 454 1931 et
473 1878 888 1946 parturiebantur
917 1879 1113 1942 futura,
1159 1893 1278 1948 qua:
1307 1893 1449 1932 nunc
1487 1877 1697 1946 impleri

175 1967 442 2022 mirabiliter
461 1979 510 2022 et
531 1969 807 2024 efﬁcaciter
834 1969 1124 2034 cernimus,
1153 1986 1377 2038 quorum
1401 1971 1558 2024 etiam
1589 1971 1698 2024 vita

175 2059 433 2128 coniugalis
465 2061 745 2130 prophetica
791 2061 890 2114 fuit
917 2061 1091 2116 :unde
1155 2079 1258 2116 non
1315 2061 1698 2116 consuetudine

183 2149 490 2204 humanorum
535 2163 756 2206 votorum
802 2163 962 2223 atque
1009 2153 1360 2223 gaudiorum,
1409 2153 1504 2208 sed
1541 2153 1697 2208 valde

179 2241 408 2310 profundo
425 2245 621 2299 consilio
663 2245 780 2310 Dei,
811 2247 862 2300 in
896 2246 1214 2316 quibusdam
1242 2262 1426 2302 eorum
1457 2245 1697 2302 fecundi-

173 2339 242 2385 tas
266 2331 504 2402 honorari,
527 2337 572 2390 in
597 2335 918 2408 quibusdam
949 2338 1110 2392 etiam
1137 2337 1410 2392 fecundari
1439 2337 1694 2394 sterilitas

173 2428 349 2482 meruit.
373 2427 474 2484 Hoc
501 2446 618 2486 vero
666 2441 916 2502 tempore
970 2431 1161 2502 quibus
1185 2431 1385 2486 dictum
1422 2440 1527 2500 est,
1559 2429 1620 2485 Si
1645 2448 1698 2484 se

173 2535 253 2571 non
285 2523 536 2590 continent,
566 2524 760 2576 nubant
786 2521 827 2596 (Ι
854 2521 971 2578 Cor.
999 2539 1094 2586 v11,
1125 2521 1218 2595 9);
1251 2538 1358 2578 non
1395 2521 1696 2578 adhibenda

173 2621 236 2665 est
258 2611 534 2683 exhortatio,
565 2616 656 2672 sed
679 2616 1002 2671 consolatio.
1044 2616 1247 2684 Quibus
1285 2625 1461 2672 autem
1495 2617 1694 2670 dictum

173 2713 252 2770 est,
275 2705 358 2770 Qui
377 2719 519 2777 potest
543 2727 726 2779 capere
753 2711 925 2782 capiat
956 2707 1169 2784 (Matth.
1193 2726 1304 2778 XIX,
1330 2710 1468 2782 i2);
1498 2709 1692 2764 exhor-

173 2796 284 2851 tandi
305 2811 406 2854 sunt
431 2817 491 2856 ne
517 2811 857 2868 terreantur,
891 2813 943 2856 et
971 2802 1208 2858 terrendi
1256 2819 1322 2858 ne
1349 2803 1690 2858 extollantur.

173 2883 266 2940 Non
289 2891 426 2946 solum
445 2909 562 2964 ergo
583 2895 930 2966 prmdicanda
947 2905 1029 2950 est
1051 2896 1345 2966 virginitas,
1369 2904 1428 2950 ut
1451 2903 1690 2962 ametur;

175 2987 322 3031 verum
341 2982 468 3036 etiam
495 2986 790 3050 mouenda,
813 3001 879 3040 ne
910 2985 1146 3040 inﬂetur.
1207 2977 1214 2982 ’
1503 3005 1508 3016 τ

231 3065 412 3125 CAPUT
439 3074 492 3128 ll.
510 3106 578 3116 —
601 3075 655 3129 2.
697 3075 930 3146 Virginis
955 3075 1095 3144 ﬁlius
1126 3085 1172 3130 et
1203 3077 1454 3150 virginum
1482 3094 1695 3150 sponsus

171 3153 372 3217 Christus.
419 3161 632 3222 Ecclesia
665 3169 808 3223 sicut
835 3167 1026 3238 Maria,
1071 3178 1120 3223 et
1167 3181 1329 3224 mater
1350 3180 1395 3224 et
1426 3171 1564 3242 virgo
1599 3182 1691 3226 est.

169 3249 259 3304 Hoc
281 3253 366 3308 isto
389 3271 614 3316 sermone
638 3260 1030 3330 suscepimus:
1061 3259 1276 3330 adjuvet
1295 3261 1542 3319 Christus
1575 3264 1692 3318 Vir-

166 3341 272 3408 ginis
291 3343 424 3412 titius,
444 3359 492 3404 et
519 3351 792 3422 virginum
817 3365 1069 3421 sponsus,
1100 3353 1344 3424 virginali
1385 3363 1535 3408 utero
1575 3370 1694 3411 cor-

165 3435 368 3499 ponliter
399 3452 556 3510 natus,
585 3444 846 3516 virginali
886 3445 1154 3502 connubio
1181 3447 1531 3518 spiritualiter
1559 3465 1693 3504 con-

161 3523 350 3593 jugatus.
381 3531 492 3586 Cum
515 3534 628 3605 ipsa
649 3537 823 3606 igitur
873 3535 1116 3602 universa
1145 3537 1386 3591 Ecclesia
1431 3539 1580 3608 virgo
1626 3541 1694 3596 sit

164 3615 428 3685 desponsata
465 3629 544 3680 uni
601 3629 722 3683 viro
771 3627 1008 3696 Christo,
1057 3627 1194 3684 sicut
1247 3627 1376 3684 dicit
1409 3631 1695 3700 Apostolus

165 3707 222 3776 (ΙΙ
243 3708 340 3766 Cor.
365 3730 428 3782 si,
459 3717 538 3790 2);
579 3729 797 3792 quanto
822 3721 980 3790 digna
1019 3731 1147 3778 sunt
1183 3717 1398 3782 honore
1452 3724 1694 3780 membra

161 3801 266 3868 ejus,
292 3821 394 3875 quae
435 3809 526 3865 hoc
551 3813 878 3868 custodiunt
913 3815 1072 3868 etiam
1110 3815 1162 3868 in
1195 3815 1308 3884 ipsa
1333 3831 1517 3884 carne,
1548 3818 1692 3886 quod

161 3899 242 3945 tota
263 3902 458 3956 custodit
491 3907 538 3958 in
562 3905 710 3961 ﬁde?
745 3922 866 3976 qua:
891 3907 1126 3961 imitatur
1155 3918 1380 3964 matrem
1412 3909 1508 3963 viri
1533 3895 1616 3964 sui
1642 3917 1695 3965 et

159 3985 312 4045 doniini
327 3999 415 4051 sui.
431 3997 555 4053 Nam
573 4001 826 4056 Ecclesia
853 4015 1063 4071 quoque
1086 4009 1141 4056 et
1165 4012 1333 4056 mater
1354 4013 1406 4057 et
1420 4003 1566 4072 virgo
1587 4012 1692 4070 est,

161 4079 284 4148 Cujus
297 4089 416 4144 enim
439 4091 734 4162 integritati
751 4093 1098 4160 consulimus,
1120 4094 1165 4148 si
1186 4095 1334 4166 virgo
1349 4111 1455 4150 non
1476 4096 1588 4150 est?
1605 4103 1696 4150 aut

156 4173 273 4241 cujus
285 4181 460 4246 prolem
482 4185 831 4256 alloquimur,
860 4185 904 4239 si
931 4195 1100 4240 mater
1125 4201 1230 4240 non
1259 4187 1548 4242 est?.\laria
1573 4203 1693 4242 cor-

157 4269 358 4336 poraliter
375 4288 524 4347 caput
553 4281 719 4349 hujus
747 4281 986 4350 corporis
1019 4281 1221 4348 peperit
1242 4299 1254 4332 :
1274 4281 1510 4336 Ecclesia
1541 4282 1695 4350 spiri-

157 4363 319 4418 tualiter
331 4369 554 4424 membra
569 4371 722 4426 illius
741 4371 926 4440 capitis
943 4373 1100 4441 parit.
1118 4371 1172 4426 ln
1193 4382 1410 4442 utraque
1424 4374 1694 4443 virginitas

157 4449 470 4515 fecunditatem
494 4481 600 4518 non
635 4463 862 4534 impedit
889 4480 903 4516 :
935 4463 986 4518 iu
1019 4473 1240 4535 utraque
1267 4465 1559 4521 fecunditas
1585 4469 1694 4520 vir-

157 4545 374 4612 ginitatem
397 4571 498 4608 non
525 4555 744 4609 adimit.
775 4553 1004 4609 Proinde
1030 4571 1149 4609 cum
1179 4556 1418 4610 Ecclesia
1451 4558 1697 4611 universa

159 4635 208 4688 sit
225 4653 376 4696 sancta
399 4655 450 4699 et
467 4662 700 4716 corpore
719 4654 773 4699 et
797 4645 1007 4716 spiritu,
1032 4663 1130 4702 nec
1159 4656 1337 4700 tamen
1361 4648 1604 4702 universa
1631 4648 1700 4701 sit

159 4745 332 4803 corpore
348 4741 508 4810 virgo,
543 4741 642 4795 sed
675 4740 902 4810 spiritu;
934 4749 1132 4810 quanto
1159 4741 1392 4796 sanctior
1426 4749 1508 4796 est
1541 4741 1594 4796 in
1617 4742 1700 4796 his

162 4827 380 4896 membris,
403 4831 486 4885 ubi
505 4833 658 4902 virgo
685 4841 770 4888 est
793 4841 848 4886 et
869 4847 1096 4904 corpore
1110 4843 1163 4887 et
1183 4833 1413 4903 spiritu?

210 4917 398 4977 CAPUT
435 4925 520 4979 Ill.
545 4955 618 4965 —
645 4927 706 4980 5.
751 4923 993 4998 Cogitatio
1032 4925 1314 4998 spiritualis
1359 4943 1470 4980 cum
1499 4925 1698 4980 Christo

163 5012 464 5084 prapinquitati
492 5021 604 5090 ejus
631 5019 831 5072 carnali
858 5023 1217 5088 prazponenda.
1245 5021 1510 5089 Scriptum
1544 5029 1626 5074 est
1647 5021 1702 5076 in

161 5101 416 5180 Evangelia,
441 5113 586 5183 quod
609 5121 784 5168 mater
802 5121 856 5167 et
875 5113 1066 5168 fratres
1087 5113 1305 5182 Christi,
1345 5114 1444 5168 hoc
1466 5121 1548 5168 est
1565 5129 1700 5170 con-

161 5202 388 5268 sanguinei
421 5206 600 5260 carnis
631 5206 786 5274 ejus,
827 5221 948 5260 cum
977 5206 1050 5260 illi
1087 5205 1312 5260 nuntiati
1349 5205 1606 5272 fuissent,
1644 5214 1700 5261 et

1806 763 1990 834 fratres
2052 767 2189 822 mei?
2229 765 2300 822 Et
2343 771 2613 826 extendens
2668 790 2876 830 manum
2917 795 3070 848 super
3115 781 3398 854 discipulos

1802 872 1942 924 suos,
1965 857 2036 910 ait
2067 873 2087 911 :
2125 857 2198 913 Hi
2238 871 2357 916 sunt
2405 863 2587 918 fratres
2617 867 2752 932 mei;
2780 877 2827 921 et
2873 871 3172 942 quicumque
3219 877 3396 946 fecerit

1805 947 2112 1004 voluntatem
2136 949 2309 1007 Putris
2336 953 2452 1022 mei,
2477 955 2586 1026 ipse
2610 957 2734 1010 mihi
2763 959 2938 1030 frater,
2973 973 3020 1015 et
3041 973 3220 1030 mater,
3253 976 3298 1020 ct
3318 985 3401 1022 so-

1803 1053 1891 1092 ror
1909 1049 1980 1094 est
2005 1041 2217 1112 (Matth.
2241 1060 2335 1114 xn,
2365 1045 2579 1120 46-50).
2602 1047 2738 1116 Quid
2765 1049 2908 1105 aliud
2931 1069 3027 1106 nos
3050 1053 3267 1120 docens,
3295 1060 3398 1114 nisi

1803 1133 2004 1188 carnali
2033 1136 2334 1206 cognationi
2357 1154 2522 1206 genus
2545 1150 2786 1196 nostrum
2818 1145 3092 1212 spirituale
3116 1162 3396 1219 pracpone-

1805 1237 1898 1289 re;
1929 1239 2030 1280 nec
2059 1225 2184 1281 inde
2205 1228 2392 1284 beatos
2427 1247 2546 1286 esse
2576 1233 2839 1301 homines,
2867 1237 2910 1290 si
2929 1238 3091 1306 justis
3115 1251 3168 1294 et
3196 1243 3396 1300 sanctis

1802 1317 1979 1370 carnis
2007 1317 2399 1391 propinquitate
2429 1323 2745 1394 junguntur,
2777 1328 2871 1382 sed
2899 1329 2940 1382 si
2979 1345 3164 1385 eorum
3192 1333 3394 1389 doctri-

1802 1423 1886 1462 nae
1908 1425 1970 1464 ac
1991 1411 2228 1466 moribus
2244 1413 2541 1469 obcdiendo
2563 1427 2721 1486 atque
2735 1418 2989 1476 imitando
3003 1423 3395 1481 cohaerescunt?

1804 1497 2018 1556 Beatior
2061 1518 2188 1572 ergo
2227 1503 2392 1558 Maria
2437 1509 2780 1578 percipiendo
2805 1509 2962 1566 iidem
2990 1511 3208 1580 Christi,
3232 1533 3394 1586 quam

1803 1594 2156 1664 concipiendo
2176 1612 2390 1652 carnem
2420 1598 2638 1656 Christi.
2670 1602 2802 1658 Nam
2835 1617 2888 1660 et
2923 1606 3118 1664 dicenti
3155 1610 3390 1680 cuidam,

1801 1683 1988 1740 Beatus
2017 1699 2188 1743 venter
2210 1692 2298 1764 qui
2318 1702 2366 1746 te
2391 1697 2638 1762 portavit;
2659 1696 2774 1766 ipse
2801 1701 3099 1770 respondit,
3119 1702 3234 1758 Ima
3256 1706 3388 1760 beati

1799 1779 1886 1846 qui
1905 1781 2118 1834 audiunt
2143 1784 2347 1837 verbum
2363 1783 2475 1852 Dei,
2506 1798 2553 1840 et
2568 1789 2856 1844 custodiunt
2883 1789 3038 1863 (Luc.
3057 1811 3128 1860 ιι,
3149 1797 3240 1864 27,
3265 1797 3380 1868 28).

1801 1867 2042 1940 Denique
2089 1873 2339 1930 fratribus
2406 1877 2552 1946 ejus,
2607 1879 2661 1933 id
2710 1891 2792 1936 est
2840 1883 3130 1939 secundum
3177 1867 3394 1942 carnem

1800 1963 2042 2032 cognatis
2063 2005 2078 2030 ,
2110 1967 2200 2036 qui
2233 1982 2338 2020 non
2387 1969 2440 2022 in
2466 1985 2588 2024 eum
2637 1972 3013 2044 crediderunt,
3042 1977 3168 2048 quid
3197 1978 3398 2050 profuit

1801 2051 1888 2106 illa
1909 2056 2193 2124 cognatio?
2222 2057 2308 2112 Sic
2329 2067 2385 2114 et
2407 2055 2488 2113 nia
2499 2071 2644 2115 terna
2669 2065 3040 2138 propinquitas
3061 2069 3190 2124 nihil
3213 2070 3396 2126 Mariae

1803 2145 2116 2214 profuisset,
2163 2148 2266 2204 nisi
2307 2149 2514 2205 felicius
2541 2151 2810 2210 Christum
2841 2156 3006 2216 corde
3034 2175 3192 2228 quam
3230 2175 3397 2218 carne

1799 2245 2079 2304 gestasset.

1871 2326 2098 2382 CAPUT
2141 2327 2226 2382 IV.
2248 2359 2321 2368 —
2337 2329 2390 2384 4.
2431 2329 2707 2404 Virginitas
2729 2332 2916 2391 Maria:
2951 2345 3066 2392 voto
3090 2337 3262 2396 dicata
3283 2341 3393 2398 Deo

1800 2427 2069 2487 antequam
2093 2419 2158 2472 de
2175 2420 2508 2494 concipiendo
2541 2421 2746 2478 Christo
2773 2427 3015 2482 audisset.
3045 2427 3162 2500 Ipsa
3185 2447 3394 2504 quoque

1800 2509 2076 2579 virginitas
2105 2511 2221 2580 ejus
2245 2511 2365 2567 ideo
2397 2515 2596 2584 gratior
2615 2527 2668 2569 et
2689 2520 2977 2588 acceptior,
3001 2523 3122 2591 quia
3145 2538 3252 2578 non
3274 2541 3392 2580 eam

1799 2605 2086 2672 conceptus
2121 2603 2370 2660 Christus
2405 2605 2520 2660 viro
2563 2607 2824 2661 violatur-0
2854 2626 3012 2680 quam
3047 2627 3396 2671 conservaret

1799 2689 1914 2761 ipse
1945 2695 2236 2764 praeripuit,
2267 2695 2362 2751 sed
2389 2697 2698 2768 priusquam
2733 2701 3108 2772 conciperetur
3136 2703 3248 2774 jam
3281 2706 3392 2762 Deo

1799 2781 2026 2837 dicatam
2057 2783 2124 2839 de
2143 2801 2246 2857 qua
2275 2795 2584 2842 nasceretur
2613 2791 2789 2862 elegit.
2824 2793 2937 2850 Hoc
2963 2795 3203 2852 iudicant
3221 2797 3384 2854 verba

1799 2891 1918 2944 qua:
1962 2875 2064 2930 sibi
2095 2875 2261 2932 fetum
2306 2881 2640 2934 annuntianti
2685 2884 2874 2952 angelo
2921 2885 3086 2941 Maria
3133 2888 3388 2944 reddidit.

1803 2967 2089 3036 Quomodo,
2143 2971 2335 3042 inquit,
2368 2973 2456 3042 ﬁet
2485 2973 2640 3041 istud,
2674 2977 2912 3044 quoniam
2943 2980 3103 3032 virum
3155 2997 3259 3036 non
3299 2997 3390 3036 co—

1797 3077 1984 3132 gnosco
2016 3061 2169 3133 (Luc.
2216 3080 2255 3131 ι,
2282 3065 2414 3136 5i)?
2443 3067 2598 3134 Quod
2631 3069 2868 3138 profecto
2895 3089 3002 3128 non
3029 3073 3255 3142 diceret,
3287 3075 3390 3131 nisi

1799 3151 1910 3205 Deo
1935 3151 2194 3222 virginem
2215 3169 2274 3209 se
2295 3165 2419 3210 ante
2444 3159 2698 3214 vovisset.
2721 3160 2829 3218 Sed
2850 3163 2973 3234 quia
3001 3164 3104 3219 hoc
3127 3165 3392 3220 israelita-

1799 3259 1918 3300 rum
1969 3260 2150 3302 mores
2189 3247 2364 3303 adhuc
2401 3251 2753 3318 recusabant,
2803 3255 3123 3324 desponsata
3177 3266 3258 3313 est
3279 3261 3394 3314 viro

1793 3340 1960 3410 justo,
1993 3356 2102 3395 non
2127 3341 2390 3398 violenter
2417 3343 2680 3410 ablaturo,
2729 3349 2821 3402 sed
2850 3349 3024 3418 potius
3053 3358 3238 3404 contra
3267 3351 3382 3406 vio-

1801 3431 1976 3489 lentos
2004 3435 2339 3491 custodituro
2378 3437 2522 3508 quod
2553 3440 2638 3493 illa
2673 3439 2784 3510 jam
2817 3451 3050 3498 voverat.
3077 3443 3390 3515 Quanquam

1798 3525 2009 3580 etiarnsi
2035 3525 2136 3580 hoc
2178 3527 2350 3581 soluat
2380 3528 2622 3594 dixisset,
2655 3531 2916 3596 Quomodo
2944 3535 3028 3602 ﬁet
3069 3535 3245 3592 istud?
3291 3551 3392 3594 nec

1798 3615 2108 3683 addidisset,
2140 3619 2379 3687 quoniam
2405 3621 2566 3674 virum
2588 3639 2686 3675 non
2713 3639 2996 3694 cognosco;
3029 3641 3136 3680 non
3164 3629 3390 3696 quwsis-

1799 3719 1881 3763 set
1910 3709 2109 3779 utique,
2141 3715 2461 3781 promissum
2485 3715 2582 3768 sibi
2607 3714 2772 3770 tilium
2795 3719 3062 3787 quomodo
3087 3718 3282 3774 femina
3297 3734 3391 3791 pa-

1801 3799 1964 3854 ritura
2016 3811 2178 3870 esset,
2235 3805 2279 3858 si
2333 3805 2678 3860 concubitura
2729 3809 3018 3878 nupsisset.
3067 3809 3288 3868 Poterat
3337 3821 3392 3869 et

1795 3883 1972 3960 juberi
2011 3894 2157 3964 virgo
2205 3911 2547 3968 permanere,
2585 3898 2640 3952 in
2679 3917 2779 3970 qua
2811 3901 2904 3955 Dei
2951 3901 3118 3958 Filius
3163 3903 3390 3960 formam

1799 3985 1938 4038 servi
1990 3989 2304 4058 congruenti
2349 3989 2607 4044 miraculo
2651 3993 2963 4062 acciperet:
3007 3995 3104 4048 sed
3143 4000 3391 4068 exemplo

1800 4079 1997 4132 sanctis
2023 4077 2200 4135 futura
2221 4083 2533 4150 virginibus,
2562 4100 2626 4138 ne
2653 4095 2932 4154 putaretur
2956 4089 3072 4142 sola
3101 4089 3249 4158 virgo
3269 4105 3390 4146 esse

1799 4172 2073 4240 debuisse,
2102 4191 2220 4244 quae
2249 4174 2452 4242 prolem
2480 4177 2640 4228 etiam
2663 4178 2778 4230 sine
2797 4178 3081 4236 concubitu
3109 4182 3393 4252 concipere

1801 4264 2108 4330 meruisset,
2138 4264 2495 4334 virginitatem
2543 4267 2650 4320 Deo
2676 4267 2890 4334 dicavit,
2918 4284 3041 4324 cum
3071 4271 3246 4325 adhuc
3267 4273 3392 4340 quid

1801 4361 1945 4409 esset
1987 4365 2312 4424 conceptura
2362 4357 2612 4424 nesciret,
2658 4368 2714 4412 ut
2751 4357 2808 4412 iu'
2829 4369 3040 4414 terreno
3075 4363 3392 4432 mortalique

1801 4459 2030 4514 corpore
2073 4447 2310 4502 ccelestis
2341 4449 2462 4502 vitae
2510 4449 2735 4504 imitatio
2761 4461 2886 4504 voto
2919 4451 3092 4518 ﬁeret,
3121 4468 3230 4506 non
3253 4469 3390 4522 pra:-

1801 4545 1988 4607 cepto;
2013 4554 2196 4594 arnore
2237 4539 2491 4610 eligendi,
2527 4556 2631 4594 non
2663 4541 2979 4596 necessitate
3001 4545 3286 4600 serviendi.
3317 4545 3394 4600 ita

1802 4629 2050 4686 Christus
2091 4631 2359 4686 nascendo
2389 4631 2457 4686 de
2493 4631 2715 4701 virgine,
2755 4649 2875 4702 qua:
2913 4641 3196 4703 antequam
3233 4636 3398 4690 sciret

1803 4721 1926 4790 quis
1951 4721 2019 4777 de
2048 4723 2132 4776 illa
2161 4721 2334 4776 fuerat
2361 4721 2682 4786 nasciturus,
2719 4724 2868 4792 virgo
2906 4734 3163 4780 statuerat
3183 4743 3396 4798 perma-

1805 4825 1961 4880 nere,
1987 4813 2342 4883 virginitatem
2375 4823 2614 4866 sanctarn
2661 4815 2961 4884 approbare
2991 4817 3203 4880 maluit,
3234 4833 3394 4888 quam

1806 4906 2095 4978 imperare.
2129 4907 2207 4961 Ac
2233 4907 2310 4960 sic
2335 4907 2492 4960 etiam
2524 4907 2574 4960 in
2609 4907 2718 4975 ipsa
2743 4907 2938 4963 femina
2962 4910 3011 4962 in
3035 4927 3138 4980 qua
3169 4911 3394 4967 formam

1805 5001 1950 5056 servi
1969 4999 2196 5070 accepit,
2220 4999 2574 5070 virginitatem
2597 5015 2714 5054 esse
2743 5001 2964 5056 liberam
2991 5004 3178 5057 Voluit.

1879 5113 2106 5172 CAPUT
2145 5113 2211 5170 V.
2239 5143 2312 5154 ——
2425 5111 2690 5184 Virginum
2715 5114 2936 5167 omnium
2967 5115 3117 5169 decus
3147 5127 3218 5170 est
3246 5119 3396 5172 unius

1816 5207 2041 5282 Virginis
2062 5219 2258 5278 partus.
2298 5207 2526 5279 Virgines
2556 5217 2602 5259 et
2629 5207 2754 5275 ipsa:
2780 5209 2959 5276 spiritu
2985 5221 3170 5263 matres
3191 5210 3398 5264 Christi.

161 5285 658 5365 forisexspectarent.
703 5299 822 5368 quia
851 5311 959 5352 non
1001 5307 1221 5368 possent
1241 5314 1362 5352 eum
1401 5298 1549 5352 adire
1595 5313 1704 5368 prie
1807 5297 1928 5356 Non
1969 5309 2052 5356 est
2090 5314 2218 5368 ergo
2247 5314 2343 5352 cur
2387 5297 2478 5352 Dei
2522 5298 2748 5367 virgines
2789 5300 3206 5384 contristentur,
3256 5303 3400 5371 quod

163 5381 296 5448 uuis,
321 5385 404 5442 ille
423 5388 741 5458 reSpondit:
773 5388 900 5454 Qua:
915 5397 990 5442 est
1017 5397 1178 5442 mater
1197 5405 1328 5456 mea,
1353 5399 1439 5441 aut
1471 5389 1557 5462 qui
1586 5397 1704 5442 sunt
1810 5394 1972 5448 etiam
2003 5393 2130 5462 ipsa:
2157 5389 2457 5458 virginitate
2481 5397 2688 5442 servata
2719 5397 2918 5444 matres
2944 5381 3118 5446 carnis
3145 5407 3400 5448 essenon

1299 5517 1586 5558 ADIONI'I'IO
1621 5518 1706 5556 PP.
1745 5517 2228 5562 BENEDICTINORUII.

213 5585 378 5676 Erum
669 5591 1352 5676 “Nemausenses.
1365 5593 2388 5676 ,ξιξι,,ςρέιξεδξιίξξεε.ῐ,θι
3341 5595 3406 5676 at

167 5645 436 5730 Eigctianum,
459 5645 844 5730 Ρηπιιεξὶιιέιιρξξὶιιἲ
866 5655 1222 5724 uichaelinum,
1263 5655 1662 5728 Cisterciensem,
1882 5645 2409 5730 itcmensisfcclesim',
2446 5655 2505 5703 ad
2530 5653 2695 5730 alium
2713 5651 3322 5730 ﬁgulff‘tiﬁ‘laltt‘lltﬂtEHSis,
3343 5657 3406 5705 ad

171 5710 376 5761 τεὶωιιω
393 5710 630 5776 quatuor;
655 5715 716 5764 ad
738 5710 976 5766 lectiones
995 5710 1236 5767 variantes
1255 5719 1620 5768 Lovaniensimn
1645 5710 1710 5768 ex
1733 5720 1892 5768 tribus
1921 5719 2126 5783 Belgicis
2145 5725 2275 5780 Mss,
2303 5727 2354 5768 et
2377 5710 2574 5766 demum
2591 5715 2650 5762 ad
2670 5715 2911 5762 editiones
2936 5719 3008 5760 tir.
3035 5721 3086 5762 et
3105 5719 3144 5760 1.(
3155 5727 3210 5762 ιν.

233 5793 712 5880 Comparavimus
741 5811 1028 5885 prwterea
1063 5822 1158 5864 eas
1211 5823 1414 5864 omnes
1451 5804 1749 5868 editiones
1777 5803 1967 5866 initio
1999 5805 2170 5864 ltetr.
2194 5809 2250 5860 et
2280 5801 2564 5863 Confess.
2603 5805 2645 5856 t.
2675 5797 3148 5872 1,.mcmoratas.
3239 5801 3321 5862 Μ.
