3930 6368
522 363 630 421 399

522 484 767 549 possunt.
796 474 945 529 Illum
972 470 1114 527 enim
1143 468 1312 523 solum
1339 466 1616 536 virginitas
1643 466 1898 520 decenter
1922 476 2110 533 parere

524 578 728 639 posset,
750 566 841 637 qui
864 565 916 619 in
938 578 1031 618 sua
1060 560 1337 615 nativitate
1361 573 1539 628 parem
1562 556 1760 612 habere
1781 570 1887 609 non
1912 561 2109 624 posset.

524 658 906 713 Verumtamen
930 654 1018 709 ille
1033 653 1188 708 unius
1205 659 1405 706 sancta:
1421 648 1653 719 Virginis
1673 657 1859 717 partus
1875 646 2113 701 omnium

520 758 826 803 sanctarum
876 745 1141 814 virginum
1179 750 1262 798 est
1288 741 1473 797 decus.
1516 740 1585 795 Et
1611 739 1742 809 ipsae
1783 753 1905 792 cum
1953 736 2115 791 Maria

523 850 721 894 matres
750 837 946 894 Christi
989 846 1139 901 sunt,
1182 835 1225 888 si
1257 831 1431 888 Patris
1468 831 1585 901 ejus
1631 830 1831 885 faciunt
1868 829 2115 883 volunta-

524 942 651 987 tem.
698 931 833 985 Hinc
867 930 1012 985 enim
1054 936 1107 983 et
1151 926 1313 981 Maria
1353 924 1665 979 laudabilius
1705 931 1865 992 atque
1911 921 2116 975 beatius

521 1025 721 1080 Christi
752 1032 921 1078 mater
955 1032 1067 1088 est,
1112 1019 1402 1076 secundum
1433 1033 1595 1088 supra
1625 1025 1972 1073 memoratam
2000 1015 2116 1084 ejus

522 1115 887 1171 sententiam:
939 1112 1252 1182 Quicumque
1290 1109 1413 1180 facit
1453 1109 1758 1162 uoluntatem
1804 1104 1977 1158 Patris
2021 1104 2118 1157 mei

524 1208 609 1277 qui
634 1208 688 1260 in
716 1206 852 1261 cretis
880 1215 975 1271 est,
1006 1206 1114 1276 ipse
1140 1204 1264 1257 mihi
1295 1207 1475 1275 frater,
1502 1212 1549 1257 et
1575 1219 1735 1267 soror,
1766 1209 1810 1255 et
1837 1210 1997 1255 mater
2024 1209 2114 1253 est.

523 1300 632 1355 Has
658 1300 756 1354 sibi
783 1314 970 1356 omnes
998 1297 1439 1368 propinquitates,
1472 1295 1526 1350 in
1554 1296 1752 1365 populo
1778 1310 1934 1363 quem
1961 1293 2119 1347 rede-

528 1396 654 1460 mit,
684 1392 1031 1464 Spiritualiter
1070 1391 1285 1446 exhibet
1316 1408 1329 1444 :
1374 1391 1565 1443 fratres
1604 1399 1658 1443 et
1698 1402 1917 1443 sorores
1960 1385 2121 1439 habet

524 1495 743 1541 sanctos
769 1486 914 1540 viros
944 1493 999 1539 et
1025 1491 1234 1539 sanctas
1262 1483 1486 1538 feminas
1506 1523 1521 1548 ,
1542 1481 1792 1552 quoniam
1817 1487 1942 1534 sunt
1961 1479 2035 1532 illi
2064 1477 2119 1531 in

448 1610 455 1626 ι
524 1576 730 1632 coelesti
775 1576 1087 1631 haereditate
1128 1574 1459 1630 cohazredes.
1508 1574 1675 1629 Mater
1714 1572 1831 1643 ejus
1875 1581 1957 1627 est
2010 1578 2119 1625 tota

443 1689 453 1724 ;
524 1669 797 1737 Ecclesia,
829 1670 953 1738 quia
980 1668 1222 1723 membra
1251 1667 1369 1736 ejus
1387 1706 1401 1731 ,
1437 1665 1487 1719 id
1513 1673 1631 1731 est,
1674 1665 1857 1718 ﬁdeles
1885 1664 1999 1732 ejus
2025 1677 2122 1733 per

525 1760 622 1815 Dei
652 1762 875 1831 gratiam
918 1761 1033 1830 ipsa
1082 1762 1267 1829 utique
1302 1760 1460 1829 parit.
1503 1758 1635 1813 Item
1668 1766 1840 1812 mater
1877 1757 1993 1825 ejus
2041 1761 2123 1809 est

526 1853 703 1907 omnis
729 1853 904 1907 anima
934 1853 1052 1922 pia,
1083 1851 1284 1906 faciens
1313 1851 1639 1905 voluntatem
1683 1848 1854 1904 Patris
1883 1848 1999 1917 ejus
2042 1845 2121 1900 fe-

527 1944 855 2003 cundissima
900 1943 1161 1999 charitate
1181 1985 1196 2010 ,
1229 1944 1284 1997 in
1316 1944 1380 1996 iis
1419 1958 1553 2012 quos
1583 1942 1840 2011 parturit,
1870 1940 2042 1994 donec
2072 1937 2125 1990 in

526 2035 607 2091 eis
634 2035 752 2106 ipse
788 2033 1048 2090 formetur
1076 2031 1272 2109 (Galat.
1304 2048 1360 2087 1v
1380 2072 1395 2099 ,
1429 2032 1542 2105 19).
1574 2031 1737 2086 Maria
1766 2046 1896 2101 ergo
1921 2029 2125 2084 faciens

526 2129 854 2183 voluntatem
879 2127 1003 2194 Dei,
1028 2126 1377 2196 corporaliter
1397 2125 1596 2180 Christi
1620 2121 1988 2179 tantummodo
2014 2137 2127 2176 ma-

527 2226 614 2275 ter
643 2228 760 2285 est,
791 2217 1141 2290 spiritualiter
1166 2226 1346 2272 autem
1372 2226 1427 2271 et
1449 2230 1602 2271 soror
1630 2226 1685 2270 et
1715 2225 1903 2270 mater.

598 2309 825 2365 CAPUT
858 2309 1029 2365 VL—
1042 2308 1095 2365 6.
1123 2308 1251 2363 Sola
1272 2307 1445 2361 Maria
1464 2324 1673 2378 corpore
1692 2322 1752 2359 ac
1771 2306 1955 2375 spiritu
1975 2305 2129 2359 simul

527 2404 669 2473 virgo
694 2411 739 2455 et
761 2412 941 2457 mater.
973 2403 1051 2457 Ac
1080 2417 1179 2471 per
1206 2403 1307 2455 hoc
1336 2402 1425 2455 illa
1452 2417 1556 2455 una
1581 2400 1799 2465 femina,
1828 2415 1934 2454 non
1956 2401 2129 2453 solum

528 2495 755 2563 spiritu,
780 2508 972 2547 verum
1002 2494 1162 2547 etiam
1194 2506 1421 2559 corpore
1440 2533 1453 2556 ,
1486 2500 1540 2545 et
1568 2500 1738 2548 mater
1764 2499 1846 2545 est
1873 2499 1923 2546 ct
1955 2491 2125 2560 virgo.

534 2586 604 2642 Et
632 2593 804 2640 mater
827 2585 1040 2655 quidem
1068 2583 1279 2652 spiritu,
1310 2598 1418 2638 non
1444 2584 1632 2653 capitis
1658 2584 1850 2649 nostri,
1881 2584 2023 2653 quod
2051 2593 2134 2639 est

530 2677 649 2745 ipse
673 2675 936 2739 Salvator,
960 2690 1025 2729 ex
1052 2688 1160 2743 quo
1185 2674 1353 2742 magis
1384 2674 1471 2727 illa
1499 2674 1844 2743 spiritualiter
1865 2684 1986 2728 nata
2014 2684 2128 2739 est;

532 2767 658 2836 quia
688 2780 879 2821 omnes
906 2766 994 2835 qui
1026 2766 1078 2818 in
1105 2780 1232 2820 eum
1259 2765 1607 2830 crediderint,
1637 2766 1689 2819 in
1715 2766 1905 2835 quibus
1935 2774 1989 2821 et
2019 2768 2134 2837 ipsa

533 2866 638 2923 est,
663 2865 806 2911 recte
830 2857 923 2913 ﬁlii
949 2856 1131 2926 Sponsi
1156 2856 1492 2926 appellantur
1518 2856 1732 2925 (Matth.
1763 2873 1837 2924 ix,
1872 2857 1961 2930 15)
1990 2876 2002 2912 :
2036 2858 2132 2914 sed

536 2947 697 3017 plane
723 2956 895 3002 mater
915 2947 1279 3001 membrorum
1306 2947 1443 3016 ejus,
1474 2947 1618 3018 quod
1646 2962 1745 3002 nos
1768 2964 1979 3014 sumus;
2011 2950 2134 3019 quia

532 3050 818 3110 cooperata
846 3048 927 3094 est
953 3040 1242 3107 charitate,
1275 3050 1333 3094 ut
1360 3039 1546 3096 ﬁdeles
1574 3042 1629 3095 in
1661 3040 1900 3096 Ecclesia
1939 3056 2132 3096 nasce-

533 3140 742 3199 rentur,
772 3148 890 3203 qute
915 3132 1057 3188 illius
1082 3134 1271 3203 capitis
1301 3135 1543 3190 membra
1568 3143 1727 3189 sunt:
1755 3151 1983 3205 corpore
2006 3152 2134 3193 vero

533 3224 703 3293 ipsius
730 3226 920 3294 capitis
954 3234 1145 3280 mater.
1188 3224 1479 3294 Oportebat
1505 3227 1648 3281 enim
1688 3236 1848 3296 caput
1889 3236 2133 3283 nostrum

534 3325 755 3387 propter
775 3317 981 3386 insigne
1005 3316 1318 3370 miraculum
1342 3316 1638 3371 secundum
1659 3331 1875 3371 carnem
1899 3318 2044 3371 nasci
2067 3316 2136 3372 de

534 3410 742 3480 virgine
760 3450 775 3476 ,
801 3424 908 3480 quo
934 3408 1263 3479 signiﬁcaret
1296 3409 1538 3464 membra
1566 3423 1661 3463 sua
1692 3409 1758 3464 de
1784 3410 1987 3478 virgine
2030 3409 2135 3463 Ec-

536 3505 699 3559 clesia
730 3502 1024 3558 secundum
1054 3502 1299 3571 spiritum
1326 3503 1619 3556 nascitura.
1662 3502 1785 3556 Sola
1815 3517 1941 3571 ergo
1972 3502 2135 3556 Maria

535 3605 591 3653 et
617 3596 806 3665 spiritu
826 3604 882 3650 et
902 3609 1128 3664 corpore
1148 3604 1321 3649 mater
1345 3602 1401 3649 et
1426 3596 1605 3665 virgo;
1638 3603 1694 3651 et
1717 3604 1890 3650 mater
1915 3582 2133 3661 Christi,

537 3694 593 3739 et
617 3683 767 3753 virgo
792 3681 1027 3738 Christi:
1059 3685 1295 3740 Ecclesia
1323 3699 1451 3739 vero
1477 3684 1531 3737 in
1562 3684 1761 3739 sanctis
1788 3701 2010 3755 regnum
2041 3686 2137 3740 Dei

534 3775 889 3845 possessuris,
937 3774 1127 3843 spiritu
1172 3774 1386 3843 quidem
1424 3760 1533 3829 tota
1582 3785 1754 3829 mater
1796 3776 1993 3831 Christi
2030 3785 2133 3844 est,

534 3876 651 3922 tota
674 3867 826 3936 virgo
867 3865 1098 3929 Christi;
1127 3881 1354 3935 corpore
1393 3874 1571 3922 autem
1622 3882 1729 3921 non
1767 3876 1875 3922 tota
1899 3910 1912 3933 ,
1959 3869 2053 3924 sed
2082 3870 2134 3924 in

537 3956 856 4027 quibusdam
896 3956 1046 4025 virgo
1086 3956 1313 4024 Christi,
1347 3956 1400 4010 in
1427 3957 1741 4026 quibusdam
1790 3970 1993 4025 mater,
2040 3961 2135 4016 sed

537 4062 644 4102 non
670 4047 890 4102 Christi.
930 4046 999 4102 Et
1039 4047 1335 4118 conjugatae
1373 4048 1571 4119 quippe
1610 4049 1793 4105 fideles
1833 4050 2045 4105 feminae
2082 4061 2140 4107 et

536 4139 769 4210 virgines
814 4140 925 4195 Deo
952 4140 1170 4205 dicatae,
1203 4141 1402 4195 sanctis
1434 4142 1673 4196 moribus
1701 4150 1754 4196 et
1780 4142 2042 4197 charitate
2069 4143 2138 4198 de

536 4231 701 4289 corde
721 4247 853 4302 puro
874 4242 927 4287 et
946 4233 1270 4287 conscientia
1294 4235 1429 4290 bona
1453 4242 1508 4290 et
1529 4234 1634 4290 ﬁde
1656 4250 1760 4290 non
1786 4236 1903 4291 ﬁcta
1932 4235 1975 4307 (l
2001 4235 2133 4293 Tim.

534 4340 561 4381 Ι
580 4366 594 4391 ,
621 4326 700 4396 5),
724 4326 851 4396 quia
876 4325 1204 4381 voluntatem
1225 4326 1400 4382 Patris
1421 4326 1642 4395 faciunt,
1666 4328 1867 4383 Christi
1888 4330 2139 4400 spiritua-

534 4415 662 4471 liter
686 4426 885 4472 matres
914 4427 1060 4472 sunt.
1087 4418 1217 4485 Quae
1242 4427 1424 4474 autem
1450 4421 1718 4491 conjugali
1749 4420 1856 4477 vita
1880 4438 2138 4492 corpora-

533 4507 661 4563 liter
686 4508 928 4577 pariunt,
970 4524 1078 4563 non
1122 4507 1394 4564 Christum
1414 4552 1428 4576 ,
1459 4511 1553 4565 sed
1582 4511 1750 4565 Adam
1786 4514 2000 4581 pariunt
2020 4556 2035 4579 ,
2084 4522 2138 4569 et

536 4597 662 4652 ideo
684 4607 905 4652 currunt
932 4599 947 4629 ί
978 4607 1037 4652 ut
1060 4599 1423 4655 Sacramentis
1449 4600 1635 4653 imbuti
1661 4599 1859 4655 Christi
1896 4604 2137 4658 membra

538 4686 673 4742 ﬁant
695 4697 880 4758 partus
904 4704 1090 4744 earum
1108 4733 1123 4758 ,
1152 4692 1402 4761 quoniam
1428 4692 1554 4761 quid
1584 4695 1889 4762 pepererint
1916 4706 2132 4752 norunt.

610 4775 838 4837 CAPUT
877 4781 988 4835 Vll.
1020 4812 1092 4822 —
1118 4783 1169 4836 7.
1212 4783 1502 4853 Virginitati
1531 4785 1676 4839 nulla
1701 4790 1981 4858 fecunditas
2010 4806 2136 4844 con-

534 4869 733 4944 iugalis
761 4874 1125 4942 comparanda.
1156 4874 1269 4929 Hoc
1295 4875 1425 4943 dixi,
1459 4892 1527 4931 ne
1555 4875 1692 4933 forte
1721 4880 1916 4936 audeat
1950 4882 2134 4937 fecun-

542 4962 683 5018 ditas
708 4963 1001 5033 conjugalis
1029 4980 1153 5019 cum
1181 4966 1423 5037 virginali
1448 4967 1752 5037 integritate
1783 4973 2133 5040 contendere,

542 5065 704 5124 atque
730 5055 900 5127 ipsam
927 5056 1143 5111 Mariam
1171 5072 1490 5127 proponere,
1518 5075 1582 5115 ac
1610 5061 1901 5129 virginibus
1931 5065 2022 5119 Dei
2054 5065 2137 5119 di-

542 5161 708 5202 cere:
754 5146 845 5201 llla
888 5147 943 5202 in
986 5163 1211 5217 corpore
1254 5149 1387 5205 duas
1418 5167 1504 5206 res
1547 5152 1731 5209 habuit
1769 5153 2133 5226 honorandas,

540 5238 898 5308 virginitatem
919 5248 974 5294 et
998 5238 1397 5307 fecunditatem,
1426 5243 1547 5313 quia
1575 5254 1629 5298 et
1652 5245 1855 5316 integra
1880 5263 2132 5316 perman-

539 5329 612 5384 sit
639 5338 695 5385 et
718 5331 926 5400 peperit
951 5350 965 5387 :
990 5331 1129 5389 hanc
1158 5332 1465 5389 felicitatem
1492 5338 1743 5406 quoniam
1772 5348 1935 5395 totam
1967 5350 2131 5397 utrae-

540 5440 646 5493 que
667 5424 864 5480 habere
889 5441 993 5480 non
1022 5428 1308 5495 potuimus,
1340 5429 1547 5499 partita:
1576 5447 1780 5499 sumus,
1814 5444 1872 5488 ut
1895 5450 1991 5490 vos
2016 5436 2131 5491 sitis

538 5515 796 5586 virgines,
838 5532 937 5573 nos
984 5518 1151 5573 simus
1189 5528 1419 5587 matres;
1463 5522 1617 5576 vobis
1660 5524 1799 5594 quod
1847 5524 1978 5581 deﬁt
2018 5530 2039 5559 ²
2076 5528 2129 5583 in

538 5606 712 5677 prole,
738 5608 1042 5665 consoletur
1061 5620 1269 5667 servata
1295 5611 1591 5682 virginitas,
1614 5614 1771 5671 nobis
1801 5617 1963 5686 prolis
1984 5619 2129 5676 lucro

605 5722 621 5751 ί
650 5721 867 5783 Nonnulli
889 5730 1015 5783 Mss,
1040 5729 1230 5774 curant.

540 5782 782 5905 “23:113..
798 5783 939 5835 desit.
978 5782 1031 5835 At
1052 5793 1181 5848 Μαι,
1204 5784 1334 5865 .deﬁt
1361 5800 1496 5852 :quo
1518 5790 1674 5841 verbo
1705 5804 1838 5855 srepe
1859 5793 2011 5845 utitur
2037 5801 2127 5846 Au-

1452 354 1535 408 us
1572 350 1836 408 SANCTA
1879 345 2347 415 VlRGlNlTATE,
2387 316 2445 403 ὲ.
2486 345 2853 405 AUGUSTINI
3674 357 3755 416 ιοο

2219 461 2412 517 amissa
2438 472 2815 532 compensetur
2835 460 3127 531 integritas.
3154 459 3280 517 Haec
3296 476 3396 518 vox
3417 462 3635 523 ﬁdelium
3652 483 3755 527 eon-

2217 552 2514 624 jugatarum
2537 555 2604 610 ad
2630 570 2811 610 sacras
2834 555 3065 626 virgines
3086 565 3371 627 utcumque
3396 557 3601 615 ferenda
3621 574 3752 633 esset,

2222 645 2269 700 si
2316 646 2636 701 christianos
2676 662 2899 717 corpore
2943 656 3227 717 parerent;
3272 658 3328 704 ut
3365 649 3467 705 hoc
3502 654 3609 708 solo
3646 667 3757 713 esset

2221 736 2400 792 Maria:
2430 737 2729 793 fecunditas
2762 739 2940 793 carnis
2972 748 3191 812 excepta
3223 740 3518 811 virginitate
3540 756 3756 813 pnestan-

2222 827 2347 894 tior,
2377 828 2519 898 quod
2550 829 2637 884 illa
2667 830 2839 899 ipsum
2867 838 3025 901 caput
3064 828 3254 885 horum
3295 832 3635 889 membrorum
3656 876 3670 901 ,
3693 836 3756 894 hic

2225 928 2401 973 autem
2438 922 2676 976 membra
2703 916 2844 976 illius
2866 922 3051 990 capitis
3082 932 3421 991 procrearent
3453 941 3467 979 :
3514 940 3638 982 nunc
3660 944 3755 984 vero

2224 1012 2431 1066 etiamsi
2461 1013 2593 1067 tales
2617 1012 2717 1067 hac
2738 1028 2869 1068 voce
2890 1013 3231 1080 contendant,
3256 1030 3373 1085 quae
3395 1015 3464 1069 ob
3482 1015 3577 1071 hoc
3595 1024 3755 1075 tantum

2224 1105 2353 1159 viris
2377 1106 2671 1174 junguntur
2708 1114 2868 1176 atque
2906 1106 3231 1172 miscentur,
3278 1115 3337 1161 ut
3364 1107 3500 1162 ﬁlios
3540 1108 3755 1177 habeant,

2226 1195 2464 1266 nihilque
2507 1197 2651 1251 aliud
2677 1198 2743 1252 de
2784 1197 2905 1252 ﬁliis
2942 1199 3195 1268 cogitant,
3236 1199 3339 1253 nisi
3376 1207 3435 1254 ut
3472 1215 3558 1254 eos
3592 1201 3758 1257 Christo

2227 1287 2519 1352 lucrentur,
2561 1298 2720 1359 atque
2762 1288 2815 1343 id
2858 1303 2980 1344 mox
3027 1299 3083 1344 ut
3117 1290 3387 1358 potuerint
3427 1289 3646 1358 faciunt;
3679 1309 3757 1349 non

2226 1386 2403 1433 tamen
2426 1378 2697 1434 christiani
2718 1397 2781 1436 ex
2799 1396 2983 1435 earum
3005 1396 3169 1436 carne
3189 1389 3503 1448 nascuntur,
3520 1383 3604 1437 sed
3617 1394 3759 1455 postea

2228 1470 2379 1537 ﬁunt,
2431 1470 2669 1527 Ecclesia
2718 1471 2954 1541 pariente
2993 1488 3089 1542 per
3126 1472 3229 1528 hoc
3269 1473 3413 1544 quod
3460 1475 3759 1531 membrorum

2227 1561 2421 1618 Christi
2452 1563 2797 1632 spiritualiter
2821 1574 2992 1619 mater
3020 1572 3134 1633 est,
3165 1566 3319 1635 cujus
3345 1567 3500 1621 etiam
3525 1569 3761 1638 spirituali-

2229 1665 2311 1711 ter
2330 1657 2479 1726 virgo
2502 1665 2606 1712 est.
2632 1657 2726 1713 Cui
2751 1666 2938 1712 sancto
2959 1659 3131 1728 partui
3154 1667 3509 1729 cooperantur
3527 1668 3576 1715 et
3591 1670 3758 1726 matres,

2228 1762 2347 1817 quae
2368 1761 2471 1801 non
2494 1746 2813 1801 christianos
2835 1762 3059 1817 corpore
3085 1756 3429 1819 pepererunt,
3455 1757 3512 1804 ut
3535 1748 3761 1819 ﬁantquod

2229 1855 2289 1895 se
2330 1855 2555 1909 corpore
2592 1856 2782 1910 parere
2821 1856 2926 1895 non
2969 1843 3203 1911 potuisse
3242 1852 3547 1898 noverunt:
3578 1858 3657 1912 per
3691 1842 3762 1897 hoc

2230 1939 2411 1985 tamen
2437 1940 2794 2000 cooperantur
2814 1971 2829 1997 ,
2874 1931 2965 1985 ubi
3000 1939 3054 1986 et
3084 1932 3213 2000 ipsae
3253 1932 3488 2002 virgines
3520 1941 3762 2000 matresque

2230 2021 2427 2077 Christi
2456 2030 2581 2077 sunt
2610 2020 2686 2093 (a)
2708 2064 2724 2089 ,
2766 2020 2820 2076 in
2853 2021 2957 2077 ﬁde
2984 2022 3187 2077 scilicet
3213 2038 3339 2093 quae
3372 2039 3467 2093 per
3489 2023 3761 2079 dilectionem

2231 2122 2483 2183 operatur
2508 2111 2703 2183 (Galat.
2733 2128 2783 2179 v,
2821 2111 2900 2183 6).

2304 2204 2530 2261 CAPUT
2572 2204 2705 2260 VIII.
2732 2234 2804 2247 —
2830 2205 2885 2260 8.
2937 2204 3208 2276 Virginitas
3242 2206 3368 2261 inde
3396 2207 3651 2272 honorata,
3682 2207 3762 2277 quia

2234 2294 2341 2349 Deo
2368 2296 2556 2351 dicata.
2584 2295 2738 2351 Nulla
2763 2311 2892 2366 ergo
2914 2297 3091 2352 carnis
3117 2296 3420 2353 fecunditas
3449 2308 3627 2354 sanctae
3651 2298 3763 2367 virgi-

2233 2388 2387 2442 nitati
2415 2387 2574 2441 etiam
2614 2388 2792 2442 carnis
2831 2389 3131 2458 comparari
3170 2398 3372 2458 potest.
3404 2391 3573 2461 Neque
3599 2389 3764 2445 enimet

2235 2480 2349 2551 ipsa
2375 2480 2496 2549 quia
2526 2479 2801 2549 virginitas
2821 2489 2922 2548 est,
2948 2480 3039 2535 sed
3068 2480 3190 2551 quia
3218 2482 3337 2538 Deo
3359 2483 3525 2539 dicata
3548 2492 3620 2541 est
3639 2483 3762 2537 hono-

2236 2579 2405 2637 ratur,
2428 2586 2545 2642 quae
2576 2572 2699 2626 licet
2728 2572 2780 2625 in
2805 2588 2965 2627 carne
2991 2583 3252 2640 servetur,
3282 2574 3508 2644 spiritus
3537 2584 3685 2629 tamen
3704 2588 3763 2627 re-

2238 2663 2433 2732 ligione
2473 2678 2536 2718 ac
2564 2663 2848 2719 devotione
2890 2674 3152 2719 servatur.
3186 2667 3263 2721 Ac
3288 2682 3392 2736 per
3418 2666 3516 2721 hoc
3541 2665 3765 2737 spiritualis

2238 2764 2320 2808 est
2347 2754 2508 2808 etiam
2532 2742 2806 2824 virginitas
2832 2756 3107 2825 corporis,
3140 2773 3300 2827 quam
3335 2767 3488 2813 vovet
3517 2759 3532 2791 ί
3559 2767 3607 2813 et
3639 2764 3764 2813 servat

2238 2848 2563 2902 continentia
2592 2849 2823 2918 pictatis.
2854 2850 3003 2904 Sicut
3028 2851 3167 2905 enim
3191 2867 3357 2907 nemo
3378 2853 3625 2923 impudice
3648 2852 3763 2905 utitur

2239 2952 2482 3009 corpore,
2506 2942 2606 2994 nisi
2629 2942 2814 3011 spiritu
2838 2944 2983 3011 prius
3003 2951 3259 3014 concepta
3282 2947 3515 3016 nequitia
3540 2964 3553 3012 ;
3574 2947 3633 2999 ita
3652 2956 3764 2999 nemo

2238 3032 2546 3100 pudicitiam
2575 3041 2755 3088 servat
2781 3034 2834 3088 in
2871 3049 3128 3104 corpore,
3160 3036 3261 3089 nisi
3287 3039 3481 3108 Spiritu
3508 3039 3638 3107 prius
3656 3035 3766 3089 insita

2239 3126 2502 3181 castitate.
2528 3127 2695 3181 Porro
2714 3136 2892 3182 autem
2914 3128 2958 3182 si
2980 3129 3231 3197 pudicitia
3253 3132 3563 3201 conjugalis,
3585 3126 3766 3200 quamvis

2239 3218 2573 3272 custodiatur
2595 3218 2647 3272 in
2680 3233 2863 3285 carne,
2894 3219 3073 3272 animo
3104 3228 3306 3287 tamen,
3342 3239 3444 3276 non
3469 3221 3605 3278 carni
3631 3216 3766 3274 trlbui-

2242 3316 2344 3374 tur,
2370 3324 2475 3377 quo
2496 3308 2724 3378 praeside
2747 3318 2907 3380 atque
2931 3320 3159 3375 rectore,
3184 3312 3323 3367 nulli
3349 3322 3539 3383 praeter
3556 3310 3766 3383 pr0prium

2240 3401 2543 3470 conjugium
2570 3417 2695 3456 caro
2725 3403 2835 3472 ipsa
2864 3404 3150 3471 miscetur;
3180 3416 3387 3476 quanto
3411 3408 3569 3477 magis
3594 3412 3766 3476 quanta

2202 3510 2207 3513 ν
2240 3507 2343 3562 que
2372 3492 2680 3549 honoratius
2709 3495 2760 3549 in
2792 3496 2955 3549 animi
2982 3496 3137 3551 bonis
3164 3497 3253 3550 illa
3282 3498 3599 3553 continentia
3628 3506 3767 3550 nume-

2241 3586 2406 3640 randa
2440 3597 2555 3655 est,
2582 3602 2685 3657 qua
2726 3588 3000 3658 integritas
3026 3590 3202 3645 carnis
3242 3591 3347 3660 ipsi
3375 3591 3603 3649 Creatori
3626 3588 3769 3644 anime

2241 3688 2295 3733 et
2319 3679 2496 3733 carnis
2522 3688 2765 3746 vovetur,
2797 3691 3166 3747 consecratur,
3197 3683 3482 3738 servatur?

2314 3769 2537 3824 CAPUT
2576 3769 2668 3824 1X.
2712 3801 2782 3811 —
2820 3771 2873 3825 9.
2927 3770 3200 3843 Virginitas
3244 3775 3438 3829 amissa
3484 3773 3614 3827 nulla
3648 3768 3769 3823 carnis

2242 3860 2547 3931 fecunditate
2581 3872 2956 3933 compensatur.
3004 3864 3115 3918 Nec
3144 3865 3356 3920 illarum
3388 3881 3512 3935 ergo
3538 3860 3769 3919 fecunditas

2242 3954 2437 4017 carnis,
2464 3970 2579 4024 qua:
2605 3953 2707 4009 hoc
2730 3964 2968 4026 tempore
2993 3956 3121 4010 nihil
3150 3956 3296 4011 aliud
3323 3958 3379 4012 in
3406 3956 3635 4028 conjugio
3655 3963 3769 4022 quam

2242 4044 2448 4114 prolem
2501 4046 2811 4115 requirunt,
2868 4064 3027 4118 quam
3078 4050 3388 4119 mancipent
3432 4048 3661 4113 Christo,
3701 4052 3770 4111 pro

2241 4138 2435 4191 amissa
2483 4138 2785 4208 virginitate
2824 4142 3162 4211 compensari
3208 4157 3371 4211 posse
3416 4138 3662 4199 credenda
3698 4140 3768 4190 est.

2241 4229 2516 4285 Prioribus
2544 4232 2740 4301 quippe
2769 4235 3098 4304 temporibus
3137 4243 3366 4291 venturo
3396 4233 3666 4291 secundum
3688 4242 3772 4283 car-

2241 4337 2364 4377 nem
2392 4323 2605 4378 Christo
2634 4324 2805 4394 ipsum
2832 4342 2998 4395 genus
3028 4327 3207 4382 carnis
3237 4326 3292 4381 in
3322 4328 3497 4398 ampla
3522 4323 3717 4397 quadam
3736 4324 3773 4371 et

2243 4413 2552 4482 prOphetica
2588 4428 2747 4485 gente
2778 4419 3135 4473 necessarium
3166 4418 3297 4474 fuit:
3329 4436 3469 4476 nunc
3493 4428 3652 4474 autem
3684 4423 3771 4468 cum

2243 4520 2305 4559 ex
2328 4506 2471 4560 omni
2501 4508 2773 4561 hominum
2801 4524 3017 4578 genere,
3046 4519 3205 4580 atque
3231 4513 3479 4567 omnibus
3499 4507 3712 4582 gentibus
3727 4497 3772 4554 ad

2242 4600 2495 4667 pepulum
2540 4600 2633 4654 Dei
2678 4610 2731 4655 et
2770 4602 3038 4658 civitatem
3087 4605 3237 4674 regni
3284 4606 3540 4661 caelorum
3586 4597 3773 4657 memhta

2241 4690 2438 4746 Christi
2465 4692 2639 4762 colligi
2668 4695 2890 4763 possint,
2922 4710 3127 4750 sacram
3156 4697 3511 4766 virginitatem
3540 4694 3620 4764 qui
3635 4690 3775 4763 polest

2241 4796 2433 4852 capere
2452 4825 2467 4851 ,
2496 4786 2669 4852 capiat
2700 4785 2913 4855 (Matth.
2944 4804 3055 4855 xu,
3085 4788 3206 4857 12);
3235 4799 3287 4844 et
3312 4806 3373 4844 ea
3396 4798 3591 4843 tantum
3616 4797 3712 4855 qum
3734 4792 3775 4829 se

2242 4876 2350 4929 non
2371 4877 2625 4941 continet,
2653 4878 2815 4933 nubat
2838 4879 2880 4951 (l
2903 4878 3021 4935 Cor.
3045 4897 3117 4936 vn
3133 4923 3148 4949 ,
3173 4881 3253 4954 9).
3271 4881 3410 4949 Quid
3431 4882 3566 4937 enim
3585 4878 3626 4932 si
3642 4872 3776 4939 aliqua

2240 4971 2433 5025 mulier
2460 4972 2609 5027 dives
2638 4974 2859 5028 multam
2905 4975 3184 5044 pecuniam
3220 4975 3343 5030 huic
3383 4975 3525 5030 bono
3547 4968 3675 5041 operi
3704 4964 3776 5018 im-

2242 5062 2466 5131 pendat,
2510 5073 2567 5117 ut
2613 5075 2755 5120 emat
2792 5080 2853 5120 ex
2905 5066 3129 5122 diversis
3173 5067 3417 5138 gentibus
3468 5078 3638 5121 servos
3676 5061 3776 5127 αυοε

2240 5152 2399 5209 faciat
2431 5154 2787 5222 christianos;
2824 5173 3001 5213 nonne
3031 5158 3249 5213 uberius
3287 5166 3445 5228 atque
3491 5145 3773 5210 numerosius

2240 5261 2399 5315 quam
2431 5248 2565 5302 uteri
2590 5249 2917 5318 quantalibet
2943 5249 3218 5305 feracitate
3243 5249 3443 5306 Christi
3474 5244 3687 5302 membra
3714 5233 3774 5304 si;

2237 5340 2446 5410 gnenda
2469 5342 2707 5396 curabit?
2727 5341 2836 5398 Nec
2859 5342 2978 5398 ideo
3001 5353 3177 5398 tamen
3200 5344 3478 5414 pecuniam
3503 5352 3641 5395 suam
3661 5342 3775 5385 com-

2238 5449 2427 5503 parare
2445 5435 2650 5491 muneri
2672 5449 2838 5490 sacrae
2858 5436 3176 5506 virginitatis
3198 5435 3431 5492 audebit.
3452 5435 3520 5487 At
3539 5431 3580 5487 si
3601 5429 3776 5500 ριόριθτ

2236 5526 2511 5584 faciendos
2541 5529 2630 5599 qui
2661 5529 2771 5583 nati
2798 5528 2996 5584 fuerint
3020 5528 3358 5593 christianos,
3390 5521 3669 5581 fecunditas
3688 5525 3775 5568 car-

2236 5618 2318 5672 nis
2365 5634 2464 5688 pro
2508 5619 2705 5673 amissa
2756 5619 3061 5689 virginitate
3110 5620 3304 5676 merito
3349 5608 3775 5685 compensabitur.

2298 5732 2313 5793 ξ
2337 5729 2441 5779 Sola
2468 5730 2619 5793 editio
2641 5737 2773 5791 Lov.,
2793 5730 2934 5793 fovet.

2293 5791 2367 5855 (a)
2399 5790 2568 5843 Melius
2602 5789 2766 5853 forte,
2793 5789 2976 5843 Matres
3038 5789 3218 5845 Christi
3271 5796 3411 5850 sunt;
3443 5789 3666 5851 expunet:
3693 5789 3759 5842 Ρδτ

2233 5855 2397 5918 mh,
2421 5866 2528 5919 que.
