3930 6368
191 405 290 466 ωλ

214 522 527 580 fructuosius
555 521 669 577 erit
712 520 831 577 hoc
871 512 1183 593 negotium,
1227 522 1271 576 si
1309 535 1501 592 magno
1530 521 1835 591 pecuniaria

226 616 385 690 pretio
420 614 714 686 virginitas
747 615 1069 681 amittatur,
1109 630 1212 684 quo
1245 614 1395 683 pueri
1435 612 1656 667 faciendi
1694 612 1837 667 chri-

232 708 381 765 stiani
400 708 571 762 multo
598 706 792 776 plures
816 716 1090 772 amantur,
1119 720 1277 775 quam
1300 705 1452 761 unius
1476 713 1626 759 utero
1652 719 1836 774 quam-

235 802 355 855 libet
378 797 540 854 fertili
565 806 957 852 nascerentur.

302 892 521 948 CAPUT
561 890 637 946 Χ.
666 921 739 931 -
772 890 887 945 Nec
931 890 1209 961 virginitati
1251 890 1610 959 conferendum
1650 889 1833 960 conju-

238 990 366 1057 gium
402 988 525 1056 quia
553 986 776 1055 virgines
807 985 961 1053 parit.
1003 983 1152 1052 Quod
1191 982 1235 1037 si
1276 982 1588 1037 stultissime
1616 981 1830 1050 dicitur,

238 1083 459 1135 habeant
497 1079 690 1133 ﬁdeles
734 1088 915 1147 nuptae
956 1078 1149 1131 bonum
1181 1091 1356 1141 suum,
1395 1075 1461 1130 de
1504 1075 1687 1144 quoin
1726 1073 1833 1129 alio

237 1172 503 1224 volumine
543 1178 807 1239 quantum
835 1168 1006 1221 visum
1044 1176 1125 1222 est
1149 1164 1534 1229 disseruimus;
1577 1173 1631 1219 et
1656 1164 1830 1218 hono-

236 1272 353 1314 rent
383 1260 621 1328 amplius
640 1260 778 1313 sicut
807 1257 1102 1313 rectissime
1132 1262 1548 1322 consueverunt,
1577 1254 1632 1308 in
1660 1255 1828 1310 sacris

233 1353 530 1421 virginibus
557 1352 753 1406 melius
782 1365 967 1405 earum
988 1389 1007 1415 ,
1037 1348 1103 1404 de
1122 1362 1226 1419 quo
1255 1348 1355 1403 isto
1384 1361 1631 1403 sermone
1657 1346 1830 1401 disse-

230 1449 417 1499 rimus.

299 1535 388 1590 10.
432 1534 571 1587 Nam
598 1549 667 1588 ne
703 1533 793 1587 illo
820 1531 1032 1601 quidem
1070 1531 1265 1586 debent
1300 1530 1683 1585 continentium
1713 1543 1827 1584 me-

224 1630 343 1683 ritis
376 1644 437 1682 se
479 1626 731 1682 conferre
756 1625 998 1694 conjugia
1019 1666 1033 1690 ,
1061 1624 1201 1694 quod
1231 1639 1296 1679 ex
1333 1625 1410 1679 eis
1442 1623 1672 1693 virgines
1696 1638 1828 1693 pro-

224 1729 521 1774 creantur:
568 1719 670 1772 hoc
717 1717 858 1771 enim
907 1732 1013 1770 non
1056 1716 1285 1786 conjugii
1334 1716 1529 1769 bonum
1578 1724 1679 1780 est,
1734 1715 1828 1770 sed

222 1822 471 1875 naturai;
496 1826 617 1879 qua:
644 1810 719 1863 sic
747 1809 997 1862 divinitus
1027 1808 1262 1861 instituta
1287 1815 1390 1869 est,
1421 1816 1476 1859 ut
1498 1822 1561 1859 ex
1592 1806 1829 1875 quolibet

225 1903 475 1956 humano
510 1903 789 1970 utriusque
825 1916 983 1953 sexus
1013 1900 1295 1954 concubitu
1315 1938 1331 1966 ,
1362 1900 1474 1953 sive
1501 1899 1745 1953 ordinato
1773 1907 1828 1953 et

222 1994 490 2057 honesto,
519 1995 629 2048 sive
656 1996 793 2061 turpi
824 2006 877 2046 et
903 1993 1085 2047 illicito
1104 2033 1118 2057 ,
1154 1993 1294 2047 nulla
1321 1992 1516 2047 femina
1548 1993 1649 2047 nisi
1679 1992 1825 2062 virgo

225 2094 521 2150 nascatur,
554 2086 693 2138 nulla
720 2094 890 2139 tamen
923 2098 1075 2138 sacra
1106 2084 1256 2153 virgo
1282 2084 1554 2138 nascitur:
1587 2084 1657 2137 ita
1684 2083 1741 2137 fit
1771 2092 1827 2139 ut

232 2178 399 2246 virgo
420 2186 669 2231 nascatur
692 2178 839 2231 etiam
864 2176 933 2231 de
956 2184 1162 2246 stupro,
1188 2190 1339 2232 sacra
1360 2184 1536 2231 autem
1560 2176 1707 2245 virgo
1728 2189 1825 2230 nec

228 2271 307 2326 de
331 2272 609 2339 conjugio.

299 2359 539 2416 CAPUT
580 2360 668 2415 XI.
694 2390 763 2400 —
787 2362 873 2415 il.
915 2359 1144 2431 Virgines
1168 2361 1279 2415 ideo
1301 2362 1541 2429 laudatae,
1572 2365 1689 2435 quia
1716 2364 1824 2419 Deo

219 2453 427 2507 dicata.
462 2452 574 2508 Nec
602 2468 700 2507 nos
728 2452 829 2508 hoc
864 2455 920 2508 in
947 2453 1237 2525 virginibus
1265 2457 1649 2526 praedicamus,
1681 2460 1823 2529 quod

225 2544 460 2613 virgines
482 2554 638 2609 sunt;
661 2545 753 2599 sed
775 2545 915 2615 quod
939 2547 1046 2600 Deo
1066 2546 1250 2601 dicata:
1273 2548 1355 2617 pia
1378 2549 1699 2603 continentia
1720 2551 1825 2604 vir-

226 2638 393 2707 gines.
425 2637 563 2691 Nam
586 2680 602 2704 ,
633 2638 777 2708 quod
808 2654 915 2692 non
945 2648 1144 2694 temere
1172 2639 1425 2706 dixerim,
1461 2639 1664 2695 felicior
1693 2642 1824 2698 mihi

228 2730 440 2783 videtur
484 2739 653 2799 nupta
697 2732 891 2785 mulier
940 2748 1098 2801 quam
1148 2733 1295 2803 virgo
1346 2742 1616 2803 nuptura:
1664 2735 1825 2791 habet

227 2824 364 2876 enim
410 2823 525 2892 jam
557 2824 649 2877 illa
694 2824 834 2893 quod
866 2824 965 2879 ista
1013 2825 1185 2881 adhuc
1232 2827 1394 2895 cupit,
1438 2828 1732 2896 praesertim
1776 2828 1821 2883 si

231 2914 461 2967 nondum
487 2914 573 2967 vel
600 2929 797 2983 sponsa
824 2915 1134 2985 cujusquam
1163 2916 1249 2972 sit.
1280 2917 1366 2971 Illa
1395 2918 1485 2971 uni
1506 2921 1681 2973 studet
1708 2919 1820 2988 pla-

228 3019 369 3069 cere,
398 3006 482 3059 cui
505 3005 629 3061 data
656 3015 777 3060 est:
810 3006 924 3061 hare
948 3008 1143 3073 multis,
1169 3010 1363 3064 incerta
1395 3011 1479 3065 cui
1506 3011 1677 3066 danda
1698 3020 1818 3079 est;

228 3096 325 3151 hoc
375 3112 483 3151 uno
537 3097 849 3165 pudicitiam
905 3100 1238 3169 cogitationis
1282 3100 1519 3156 defendit
1563 3118 1593 3156 a
1646 3102 1815 3169 turba,

227 3192 366 3259 quod
394 3208 498 3245 non
540 3192 844 3248 adulterum
865 3234 881 3260 ,
915 3195 1009 3249 sed
1047 3196 1295 3252 maritum
1342 3199 1532 3266 quierit
1562 3200 1614 3253 in
1647 3201 1817 3255 turba.

228 3284 315 3338 Illa
348 3285 508 3354 igitur
540 3287 693 3355 virgo
722 3288 1020 3357 conjugatae
1064 3290 1257 3345 merito
1300 3292 1657 3361 praeponitur,
1701 3308 1821 3362 quae

222 3391 318 3429 nec
348 3376 683 3429 multitudini
714 3392 775 3430 se
803 3377 1086 3433 amandam
1116 3382 1365 3450 pr0pouit
1384 3421 1401 3448 ,
1431 3396 1552 3436 cum
1583 3398 1821 3437 amorem

223 3471 377 3523 unius
404 3486 474 3524 ex
503 3471 845 3526 multitudine
869 3472 1114 3541 inquirit;
1147 3489 1245 3528 nec
1269 3490 1327 3530 se
1359 3476 1447 3529 uni
1472 3476 1583 3545 jam
1604 3492 1823 3546 compo-

226 3562 304 3614 nit
329 3563 573 3627 invento,
605 3564 847 3633 cogitans
874 3580 993 3633 qua:
1024 3574 1149 3619 sunt
1177 3568 1382 3633 mundi,
1414 3570 1679 3637 quomodo
1710 3572 1825 3639 pla-

226 3661 346 3704 ceat
362 3653 482 3704 viro
501 3652 542 3723 (l
560 3651 675 3707 Cor.
698 3670 789 3719 vn,
810 3655 902 3724 54)
919 3672 933 3719 ;
953 3655 1046 3709 sed
1074 3657 1371 3725 speciosum
1390 3657 1559 3713 forma
1579 3676 1685 3729 prae
1704 3662 1822 3717 liliis

224 3740 510 3794 hominum
547 3740 709 3813 (Prol.
752 3760 908 3809 XLIV,
941 3744 996 3815 5)
1044 3746 1120 3800 sic
1156 3748 1386 3812 amavit,
1433 3757 1489 3802 ut
1531 3752 1653 3819 quia
1697 3766 1820 3805 eum

219 3834 357 3887 sicut
386 3834 559 3887 Maria
583 3836 867 3905 concipere
892 3852 1053 3893 carne
1072 3854 1177 3893 non
1204 3848 1405 3909 posset,
1432 3842 1479 3896 ei
1506 3843 1669 3898 corde
1693 3858 1824 3899 con-

221 3937 374 3995 cepto
400 3928 568 3981 ctiam
596 3944 813 3982 carnem
845 3930 1101 4000 integram
1130 3934 1437 3989 custodiret.

289 4020 527 4074 CAPUT
559 4020 676 4074 XII.
705 4051 776 4062 -ο
811 4020 1043 4091 Virgines
1071 4041 1229 4079 sacra:
1257 4042 1357 4079 non
1399 4028 1687 4095 corporali,
1734 4030 1822 4082 sed

224 4115 477 4180 spirituali
526 4115 831 4182 fecunditate
861 4116 1101 4171 Ecclesia:
1129 4129 1424 4173 nascuntur.
1462 4120 1663 4174 Bonum
1700 4138 1820 4175 con-

211 4208 346 4276 jugii
378 4223 535 4274 quam
558 4208 770 4276 inferius
796 4207 924 4261 bono
956 4220 1145 4263 sancta:
1168 4212 1483 4280 virginitatis.
1515 4212 1625 4267 Hoc
1654 4229 1822 4283 genus

220 4302 492 4367 virginum
517 4300 662 4352 nulla
686 4302 977 4370 corporalis
1003 4301 1296 4358 fecunditas
1322 4306 1539 4374 protulit
1567 4324 1579 4359 :
1607 4322 1713 4361 non
1740 4316 1822 4362 est

219 4390 337 4442 lucc
382 4390 567 4457 proles
601 4392 776 4445 carnis
815 4400 869 4446 et
909 4394 1198 4463 sanguinis.
1241 4395 1297 4450 Si
1338 4396 1523 4451 harum
1567 4401 1822 4467 quaeritur

220 4491 420 4542 mater,
472 4480 709 4535 Ecclesia
752 4492 851 4537 est.
893 4482 1010 4538 Non
1053 4486 1188 4553 parit
1236 4486 1466 4557 virgines
1501 4502 1682 4544 sacras
1720 4488 1820 4542 nisi

221 4576 379 4643 virgo
420 4589 576 4627 sacra
598 4617 612 4640 ,
646 4575 732 4629 illa
762 4593 878 4645 qua:
920 4578 1238 4648 chponsata
1268 4587 1351 4635 est
1392 4581 1479 4634 uni
1515 4582 1630 4639 viro
1675 4590 1819 4636 casta

222 4667 473 4720 exhiberi
505 4665 717 4721 Christo
745 4668 809 4740 (ll
834 4668 951 4725 Cor.
986 4687 1040 4725 ιι
1058 4712 1072 4737 ,
1102 4671 1182 4741 2).
1207 4673 1286 4727 Ex
1312 4673 1399 4727 illa
1427 4688 1529 4728 non
1564 4683 1669 4729 tota
1696 4689 1819 4729 cor-

225 4772 382 4825 pore,
412 4756 509 4811 sed
551 4766 658 4812 tota
686 4759 887 4829 virgine
912 4762 1133 4831 spiritu,
1166 4774 1459 4820 nascuntur
1484 4774 1683 4821 sancta:
1710 4766 1819 4820 vir-

227 4848 377 4915 gines
403 4857 459 4902 et
487 4862 713 4918 corpore
739 4859 791 4904 et
818 4851 1025 4920 spiritu.

300 4938 388 4991 η.
419 4938 667 4995 Habeant
693 4942 937 5012 conjugia
963 4942 1161 4999 bonum
1185 4961 1362 5014 suum,
1394 4962 1500 5002 non
1526 4948 1649 5018 quia
1681 4948 1817 5005 filios

233 5038 534 5096 procreant,
559 5031 653 5085 sed
680 5034 800 5101 quia
818 5034 1064 5102 honeste,
1098 5038 1219 5107 quia
1247 5039 1412 5105 licite,
1446 5040 1567 5110 quia
1588 5041 1778 5110 pudice
1798 5083 1814 5110 ,

233 5122 349 5188 quia
374 5122 669 5188 socialiter,
698 5136 1000 5193 procreant,
1034 5136 1090 5182 et
1131 5139 1437 5197 procreatos
1488 5132 1705 5201 pariter,
1734 5146 1820 5188 sa-

234 5209 480 5277 lubritcr,
509 5214 771 5270 instanter
798 5216 1046 5285 educant,
1075 5221 1193 5289 quia
1226 5221 1364 5277 thori
1394 5222 1551 5277 ﬁdem
1592 5224 1820 5280 invicem

233 5315 469 5371 servant,
500 5309 621 5377 quia
645 5320 1037 5365 sacramentum
1066 5315 1317 5369 connubii
1347 5331 1452 5370 non
1478 5316 1697 5371 violant.

298 5396 529 5453 CAPUT
559 5398 698 5453 Xlll.
720 5428 791 5440 —-
818 5400 883 5455 In
922 5418 1005 5457 eos
1029 5405 1114 5473 qui
1136 5414 1315 5473 putant
1334 5407 1691 5460 continentiam
1719 5425 1820 5462 non

231 5490 472 5555 prodesse
497 5491 597 5544 nisi
618 5491 686 5543 ad
714 5502 1009 5561 praesentem
1046 5498 1217 5550 vitam.
1263 5497 1389 5552 Haec
1419 5508 1595 5554 tamen
1641 5500 1818 5554 omnia

231 5579 450 5636 humani
479 5581 643 5638 officii
669 5595 795 5639 sunt
821 5602 1043 5641 munera
1070 5607 1081 5642 :
1112 5590 1386 5659 virginalis
1416 5604 1591 5648 autem
1613 5595 1823 5664 integri-

239 5681 332 5739 tas,
360 5685 418 5729 ct
446 5691 539 5743 per
563 5676 703 5746 piam
724 5679 1112 5734 continentiam
1150 5682 1217 5736 ab
1243 5685 1386 5737 omni
1417 5686 1700 5741 concubitu
1723 5704 1822 5741 im-

239 5768 467 5821 mnnitas
494 5770 736 5838 angelica
761 5771 939 5840 portio
979 5780 1078 5836 est,
1109 5783 1161 5827 et
1190 5774 1242 5828 in
1282 5790 1441 5831 carne
1489 5780 1820 5848 corruptibili

241 5856 653 5930 iucorruplionis
676 5871 954 5933 perpetua:
983 5864 1271 5923 meditatio.
1298 5868 1464 5927 Cedat
1500 5869 1623 5929 huic
1648 5872 1824 5928 omnis

1663 404 1867 463 LIBER
1900 404 2098 464 UNUS.

3426 430 3529 486 409

1946 518 2242 579 fecunditas
2291 527 2503 594 carnis,
2554 530 2729 585 omnis
2776 530 3024 600 pudicitia
3073 536 3363 609 conjugalis
3392 555 3406 593 :
3434 524 3546 597 illa-

1945 627 2050 667 non
2071 615 2219 668 estin
2251 624 2535 686 potestate,
2588 620 2674 675 illa
2722 636 2827 677 non
2867 634 2948 679 est
2984 626 3037 680 in
3085 630 3411 685 mternitate:
3450 631 3526 687 fe-

1943 704 2266 760 cunditatem
2296 709 2561 764 carnalem
2589 726 2692 765 non
2721 712 2879 768 habet
2923 716 3147 772 liberum
3198 721 3474 777 arbitrium
3504 764 3521 791 ,

1942 794 2249 863 pudicitiam
2278 800 2613 870 conjugalem
2643 818 2748 857 non
2797 805 2958 861 habet
3012 810 3224 865 caelum.
3278 812 3523 872 Profecto

1941 885 2213 944 habebunt
2277 906 2524 962 magnum
2580 895 2777 965 aliquid
2824 908 3020 966 praeter
3056 913 3278 959 cancros
3324 908 3377 961 in
3435 910 3523 965 illa

1940 981 2207 1034 communi
2234 982 2632 1042 immortalitate
2651 1027 2668 1055 ,
2690 987 2779 1057 qui
2827 988 3025 1045 habent
3051 993 3250 1064 aliquid
3276 996 3385 1066 jam
3411 1014 3521 1055 non

1938 1084 2113 1125 carnis
2142 1088 2195 1127 In
2215 1087 2397 1130 carne.
3048 1124 3051 1129 .

2014 1164 2099 1218 15.
2120 1163 2272 1221 Unde
2310 1168 2622 1225 mirabiliter
2658 1172 2946 1243 desipiunt,
2993 1179 3083 1247 qui
3126 1187 3315 1248 putant
3363 1181 3520 1251 hujus

1936 1255 2279 1311 continentia:
2327 1259 2523 1314 bonum
2566 1278 2671 1317 non
2727 1278 2850 1320 esse
2893 1270 3253 1324 necessarium
3305 1282 3521 1343 propter

1936 1360 2157 1415 regnum
2186 1350 2475 1417 caelorum,
2526 1354 2619 1408 sed
2666 1367 2880 1425 propter
2927 1375 3162 1428 prmsens
3217 1366 3515 1432 saeculum;

1936 1437 2077 1506 quod
2109 1440 2311 1495 scilicet
2337 1444 2583 1513 conjugia
2606 1448 2835 1503 terrenis
2880 1451 3023 1503 curis
3073 1452 3310 1520 pluribus
3358 1464 3520 1525 atque

1934 1528 2251 1585 arctioribns
2298 1532 2692 1603 distenduntur,
2752 1554 2853 1607 qua
2904 1542 3147 1598 molestia
3193 1545 3426 1615 virgines
3466 1558 3520 1603 et

1936 1620 2273 1675 continentes
2301 1628 2695 1695 carentzquasi
2722 1628 2789 1681 ob
2829 1628 2931 1683 hoc
2971 1639 3175 1687 tantum
3225 1636 3417 1691 melius
3450 1638 3520 1692 sit

1935 1711 2357 1781 nonconjugari,
2389 1723 2446 1767 ut
2489 1714 2649 1783 hujus
2696 1720 2949 1788 temporis
2996 1723 3305 1779 relaxentur
3348 1741 3517 1796 angu-

1934 1802 2070 1869 stia),
2115 1819 2217 1856 non
2238 1806 2378 1871 quod
2426 1807 2479 1859 in
2508 1806 2745 1862 futurum
2786 1812 3037 1866 sarculum
3092 1814 3291 1884 aliquid
3326 1820 3514 1885 prosit.

1933 1891 2078 1946 Hanc
2105 1910 2290 1948 vanam
2335 1899 2651 1953 sententiam
2678 1916 2746 1954 ne
2772 1902 2949 1957 cordis
3001 1908 3201 1974 proprii
3233 1908 3247 1937 ί
3284 1911 3516 1966 vanitate

1933 1985 2221 2054 protulisse
2245 1987 2551 2055 videantur,
2585 1992 2841 2046 adhibent
2870 2010 2935 2048 ex
2970 1998 3228 2065 Apostolo
3278 2000 3521 2056 testimo-

1932 2079 2075 2132 nium
2104 2080 2193 2134 ubi
2223 2081 2297 2134 ait
2331 2081 2441 2135 :De
2464 2084 2744 2153 virginibus
2775 2096 2944 2141 autem
2973 2100 3279 2159 prwceptum
3308 2092 3520 2147 Domini

1932 2186 2034 2224 non
2062 2172 2238 2239 habeo,
2270 2174 2535 2226 consilium
2590 2184 2757 2227 autem
2809 2177 2895 2242 do,
2957 2186 3199 2247 tanquam
3226 2183 3516 2237 misericor-

1932 2264 2067 2317 diam
2088 2275 2381 2319 consecutus
2402 2284 2432 2320 a
2458 2267 2587 2334 Deo,
2613 2279 2667 2321 ut
2690 2270 2857 2338 ﬁdelis
2885 2287 3062 2325 essem.
3114 2273 3365 2328 Existimo
3414 2276 3518 2328 ita-

1932 2375 2029 2429 que
2058 2360 2152 2412 Itoc
2183 2360 2365 2413 bonum
2396 2378 2501 2415 esse
2551 2372 2754 2432 propter
2790 2374 3087 2432 praesentem
3136 2368 3480 2421 necessitatem
3499 2410 3516 2436 ,

1929 2451 2049 2520 quia
2076 2448 2261 2503 bonum
2287 2459 2360 2505 est
2386 2450 2576 2504 homini
2601 2452 2673 2505 sic
2703 2470 2807 2506 esse
2858 2455 2912 2522 (Ι
2942 2454 3060 2508 Cor.
3084 2470 3156 2509 vn
3179 2496 3195 2521 ,
3241 2457 3329 2523 25,
3385 2456 3456 2511 26

1929 2541 2089 2609 Ecce,
2110 2542 2371 2612 inquiunt,
2398 2544 2485 2597 ubi
2510 2545 2812 2599 manifestat
2841 2546 3129 2614 Apostolus
3174 2547 3277 2601 hoc
3297 2559 3518 2617 pr0pter

1929 2644 2247 2703 prmsentem
2292 2637 2663 2691 necessitatem
2711 2638 2909 2692 bonum
2952 2655 3091 2706 esse,
3148 2655 3259 2694 non
3299 2651 3519 2711 propter

1928 2724 2159 2779 futuram
2189 2729 2563 2782 aeternitatem.
2586 2730 2748 2797 Quasi
2772 2733 3051 2799 praesentis
3084 2734 3415 2788 necessitatis
3436 2750 3522 2789 ra-

1928 2818 2129 2872 tionem
2156 2819 2700 2890 haberetApostolus,
2734 2823 2835 2877 nisi
2869 2824 3153 2893 providens
3175 2828 3194 2856 '
3221 2835 3275 2882 et
3315 2842 3514 2883 consu-

1926 2913 2044 2966 lens
2070 2913 2122 2966 in
2149 2912 2405 2980 futurum;
2434 2930 2557 2970 cum
2585 2917 2759 2971 omnis
2782 2917 2897 2987 ejus
2924 2918 3254 2989 dispensatio
3279 2934 3389 2977 non
3415 2922 3521 2979 nisi

1928 3004 1993 3060 ad
2015 3006 2173 3059 vitam
2193 3015 2447 3061 mternam
2474 3019 2647 3063 vocet.

1997 3097 2223 3153 CAPUT
2242 3098 2543 3155 XlV.—-M.
2560 3099 2834 3173 Virginitas
2858 3120 2959 3157 non
2986 3106 3363 3175 pracepto,sed
3391 3124 3517 3162 con-

1926 3190 2039 3244 silio
2088 3194 2432 3246 commendata
2468 3195 2534 3246 ad
2564 3197 2945 3263 promerendam
2968 3198 3277 3269 singularem
3301 3201 3519 3272 gloriam

1926 3284 2107 3337 invita
2146 3286 2335 3353 futura.
2387 3286 2631 3341 Praesens
2687 3304 2816 3356 ergo
2865 3298 2947 3342 est
3000 3291 3213 3345 vitanda
3272 3293 3516 3348 necessi-

1928 3382 2030 3441 tas,
2062 3375 2155 3429 scd
2184 3386 2357 3430 tamen
2382 3392 2498 3445 qua:
2528 3377 2724 3446 aliquid
2752 3378 3013 3433 bonorum
3056 3382 3277 3450 impedit
3306 3382 3515 3436 futuro-

1926 3481 2046 3519 rum
2078 3484 2089 3521 :
2118 3482 2219 3536 qua
2253 3469 2569 3523 necessitate
2586 3470 2689 3522 vita
2716 3470 2924 3539 cogitur
2962 3471 3253 3541 conjugalis
3280 3474 3517 3542 cogitare

1928 3573 2047 3627 quae
2076 3559 2416 3626 mundisunt,
2438 3560 2707 3629 quomodo
2737 3562 2941 3630 placeat
2971 3563 3049 3616 vir
3065 3563 3240 3629 uxori,
3272 3564 3355 3616 vel
3383 3579 3519 3618 uxor

1927 3650 2061 3704 viro.
2094 3650 2206 3704 Non
2238 3650 2379 3719 quod
2410 3667 2471 3705 ea
2502 3662 2752 3723 separent
2778 3669 2807 3707 a
2840 3670 3004 3721 regno
3048 3656 3178 3721 Dei,
3211 3657 3349 3711 sicut
3395 3666 3519 3712 sunt

1928 3752 2166 3814 peccata,
2200 3761 2318 3815 quae
2338 3744 2457 3799 ideo
2493 3753 2905 3815 pr:eccpto,non
2927 3748 3151 3801 consilio
3176 3748 3515 3816 cohibentur,

1928 3836 2049 3905 quia
2069 3837 2295 3890 Domino
2331 3837 2661 3907 prmeipienti
2694 3854 2797 3893 non
2826 3838 3043 3893 obedire
3068 3839 3367 3894 damnabile
3387 3850 3468 3895 est
3500 3859 3515 3895 :

1928 3926 2023 3980 sed
2052 3927 2182 3981 illud
2211 3928 2352 3997 quod
2383 3928 2434 3981 in
2466 3930 2583 3997 ipso
2607 3930 2702 3983 Dei
2734 3945 2897 3999 regno
2922 3932 3148 4001 amplius
3170 3930 3356 3987 haberi
3387 3946 3517 4001 pos-

1928 4025 2009 4070 set
2034 4017 2079 4070 si
2101 4019 2327 4087 amplius
2349 4019 2671 4087 cogitaretur
2699 4021 2968 4089 quomodo
3016 4022 3329 4091 placendum
3376 4030 3522 4077 esset

1929 4109 2058 4172 Deo,
2092 4112 2267 4165 minus
2294 4111 2398 4165 crit
2428 4112 2608 4181 utique
2640 4128 2764 4166 cum
2797 4113 2897 4167 hoc
2926 4114 3096 4182 ipsum
3124 4114 3302 4170 minus
3330 4116 3519 4184 conju-

1927 4203 1997 4271 gii
2024 4202 2344 4256 necessitate
2372 4200 2653 4272 cogitatur.
2682 4203 2829 4271 Ideo,
2860 4205 2939 4258 De
2963 4207 3239 4275 virginibus
3261 4246 3276 4270 ,
3310 4206 3517 4275 inquit,

1928 4306 2235 4365 praeceptum
2273 4294 2477 4348 Domini
2525 4312 2624 4348 non
2669 4296 2845 4349 habeo.
2880 4297 3154 4366 Praecepto
3181 4298 3323 4352 enim
3369 4298 3521 4365 quis-

1928 4386 2045 4455 quis
2074 4401 2177 4440 non
2232 4385 2608 4455 obtemperat,
2666 4402 2789 4440 reus
2839 4396 2922 4441 est
2974 4397 3027 4441 et
3077 4388 3283 4441 debitor
3312 4402 3515 4456 poenze.

1928 4478 2159 4533 Proinde
2183 4478 2302 4547 quia
2347 4493 2568 4532 uxorem
2620 4478 2817 4533 ducere
2858 4480 2944 4533 vel
2988 4479 3189 4533 nubere
3239 4486 3517 4548 peccatum

1928 4587 2033 4626 non
2060 4582 2163 4638 est,
2196 4572 2239 4625 si
2267 4580 2443 4626 autem
2474 4582 2746 4641 peccatum
2802 4582 2965 4638 esset,
2996 4582 3263 4643 prmcepto
3311 4580 3519 4627 vetare-

1930 4674 2043 4732 tur;
2074 4673 2355 4735 propterea
2381 4674 2707 4735 pracceptum
2741 4665 2950 4719 Domini
2974 4666 3040 4720 de
3065 4664 3359 4735 virginibus
3393 4665 3517 4719 nul-

1928 4757 2037 4811 lum
2066 4764 2166 4811 est.
2199 4756 2306 4810 Sed
2330 4756 2578 4826 quoniam
2599 4755 2846 4811 devitatis
2888 4757 3195 4811 remissisve
3236 4756 3470 4826 peccatis
3499 4798 3516 4822 ,

1928 4849 2171 4905 adeunda
2202 4858 2283 4905 cst
2306 4851 2411 4904 vita
2440 4859 2662 4917 aeterna,
2689 4851 2742 4905 in
2773 4866 2874 4921 qua
2905 4860 2987 4906 est
3011 4852 3255 4921 quaedam
3304 4853 3517 4923 egregia

1926 4942 2111 5013 gloria,
2142 4957 2245 4997 non
2273 4942 2520 4996 omnibus
2547 4943 2598 4996 in
2628 4953 2890 4997 mternum
2908 4943 3148 5009 victuris,
3170 4944 3262 4998 sed
3288 4944 3517 5014 quibus-

1927 5035 2050 5089 dam
2078 5035 2148 5088 ibi
2181 5034 2476 5099 tribuenda,
2505 5034 2589 5089 cui
2638 5035 3024 5105 consequendte
3056 5051 3243 5105 parum
3272 5044 3356 5091 est
3381 5035 3518 5090 libe-

1928 5135 2098 5180 ratum
2124 5142 2242 5181 esse
2266 5142 2296 5179 a
2323 5127 2572 5195 peccatis,
2602 5126 2702 5180 nisi
2728 5126 2926 5195 aliquid
2957 5126 3055 5195 ipsi
3091 5126 3363 5181 liberatori
3413 5141 3508 5180 vo-

1926 5230 2131 5287 veatur,
2159 5222 2297 5291 quod
2326 5236 2432 5275 non
2453 5222 2522 5275 sit
2540 5220 2777 5274 criminis
2808 5236 2913 5274 non
2937 5220 3170 5284 vovisse,
3187 5218 3281 5274 sed
3304 5218 3517 5275 vovisse

1928 5332 1990 5372 ac
2014 5315 2310 5371 reddidisse
2335 5318 2404 5369 sit
2432 5314 2601 5369 laudis
2634 5330 2647 5366 :
2677 5313 2954 5367 Consilium
2984 5355 2999 5380 ,
3024 5313 3213 5383 inquit,
3243 5312 3308 5367 do
3335 5353 3351 5379 ,
3401 5320 3517 5367 tan-

1927 5427 2077 5483 quam
2092 5409 2484 5463 misericordiam
2502 5415 2793 5462 consecutus
2820 5425 2853 5460 a
2878 5406 3005 5473 Deo,
3042 5415 3096 5459 ut
3126 5405 3294 5476 ﬁdelis
3328 5420 3517 5483 essent.

1927 5503 2108 5573 Neque
2133 5501 2274 5556 enim
2306 5500 2539 5555 invidere
2560 5499 2731 5554 debeo
2755 5499 2912 5554 fidele
2939 5498 3224 5554 consilium
3248 5538 3262 5562 ,
3295 5498 3382 5567 qui
3408 5512 3517 5553 non

1928 5596 2064 5649 meis
2088 5593 2310 5656 meritis,
2344 5592 2436 5647 sed
2477 5592 2569 5646 Dei
2609 5591 2972 5645 misericordia
3023 5605 3138 5643 sum
3166 5588 3355 5641 ﬁdelis.
3388 5587 3520 5641 Exi-

1927 5702 2075 5741 δηιηο
2102 5687 2270 5754 itaque
2298 5685 2391 5738 hoc
2422 5684 2603 5738 bonum
2626 5699 2731 5737 esse
2750 5690 2954 5751 propter
2982 5685 3278 5750 praesentem
3293 5678 3513 5733 necessi-

1996 5822 2012 5853 ι
2037 5821 2110 5883 Sic
2128 5817 2311 5880 aliquot
2330 5823 2439 5883 Mss=
2459 5815 2578 5883 editi
2603 5826 2739 5873 vero,
2760 5810 2977 5883 propria.
3052 5870 3061 5879 _

1997 5885 2015 5913 ³
2038 5882 2173 5940 Editi,
2191 5871 2284 5931 non
2305 5877 2577 5942 providens.
2595 5884 2651 5927 At
2673 5871 2800 5937 nasi,
2818 5871 2913 5927 nisi
2928 5871 3200 5937 providens.
