3930 6368
535 393 642 452 ΚΒ

537 523 707 568 tatem.
735 511 871 579 Hoc,
893 509 1085 581 inquit,
1116 507 1257 564 unde
1287 515 1611 577 praeceptum
1646 502 1857 559 Domini
1889 516 1995 556 non
2024 500 2119 553 ba-

537 603 773 673 beo,sed
799 601 1079 657 consilium
1104 600 1194 665 do,
1219 598 1322 654 hoc
1348 606 1431 654 est
1474 598 1542 653 de
1579 595 1871 665 virginibus
1888 636 1902 661 ,
1935 591 2119 646 existi-

535 714 627 754 mo
672 696 870 752 bonum
914 710 1038 751 esse
1083 703 1301 765 propter
1354 700 1673 764 praesentem
1722 690 2115 745 necessitatem.

534 789 667 845 Novi
689 790 829 845 enim
860 787 986 860 quid
1015 787 1291 859 praesentis
1319 785 1593 855 temporis,
1621 783 1706 837 cui
1737 780 1980 851 conjugia
2007 793 2122 833 ser-

532 881 700 945 viunt,
729 880 1018 935 necessitas
1046 886 1221 948 cogat,
1255 887 1311 930 ut
1356 892 1420 933 ea
1462 892 1580 946 qua:
1634 876 1727 927 Dei
1777 880 1902 927 sunt
1942 870 2119 925 minus

532 976 853 1047 cogitentur,
876 990 1033 1045 quam
1057 972 1253 1027 sufficit
1273 970 1630 1041 adipiscendae
1659 968 1733 1024 illi
1756 967 1940 1038 gloria:
1958 1008 1972 1033 ,
2000 979 2118 1035 quae

532 1084 640 1122 non
668 1067 768 1121 erit
791 1067 1052 1132 omnium,
1078 1064 1319 1134 quamvis
1360 1064 1409 1116 in
1456 1071 1654 1116 aeterna
1693 1060 1801 1114 vita
1842 1073 1906 1112 ac
1948 1052 2117 1113 salute

532 1160 880 1215 manentium.
912 1157 1078 1214 Stella
1102 1158 1235 1210 enim
1260 1155 1322 1208 ab
1345 1154 1491 1208 stella
1529 1151 1701 1219 differt
1748 1151 1805 1204 in
1844 1151 2072 1203 claritate
2098 1164 2113 1213 ;

530 1251 603 1305 sic
622 1260 669 1305 st
696 1251 991 1305 resurrectio
1014 1257 1326 1301 mortuorum
1348 1247 1392 1317 (l
1409 1245 1526 1301 Cor.
1555 1260 1647 1311 xv,
1664 1244 1755 1311 41,
1784 1240 1895 1313 42).
1917 1240 2117 1295 Bonum
2168 1289 2171 1292 ἠ

529 1353 603 1397 est
626 1358 755 1412 ergo
787 1343 977 1395 homini
1007 1342 1083 1394 sic
1102 1356 1227 1394 esse.

602 1433 828 1491 CAPUT
854 1432 1139 1488 XV.—l‘5.
1157 1430 1435 1486 Consilium
1458 1431 1609 1485 datur
1625 1446 1729 1485 non
1753 1426 1991 1495 nubendi,
2014 1443 2116 1482 non

530 1536 859 1601 prtecepmm.
904 1528 1107 1583 Deinde
1161 1526 1401 1597 adiungit
1450 1524 1590 1579 idem
1638 1523 1910 1595 apostolus
1936 1531 1992 1577 et
2035 1520 2117 1575 di-

533 1624 607 1677 cit
636 1639 649 1675 :
682 1622 939 1693 Alligatus
963 1638 1013 1675 es
1041 1621 1211 1687 umori,
1246 1636 1308 1673 ne
1330 1619 1585 1690 quasieris
1608 1617 1906 1671 solutionem
1930 1630 1947 1680 ;
1978 1614 2115 1668 solu-

528 1726 610 1770 tus
635 1732 691 1769 es
712 1713 775 1769 ab
804 1731 983 1783 uxore,
1003 1731 1063 1767 ne
1093 1713 1350 1784 qutesieris
1388 1728 1614 1766 uxorem.
1646 1709 1843 1763 Horum
1889 1707 2114 1764 duorum

524 1808 671 1879 quod
704 1810 851 1878 prius
877 1808 1075 1879 posuit,
1127 1807 1191 1861 ad
1249 1815 1575 1876 przcceptum
1618 1804 1887 1875 pertinet,
1932 1812 2115 1857 contra

528 1900 671 1968 quod
701 1914 805 1955 non
825 1899 949 1953 licet
974 1896 1304 1952 i‘acere.Non
1336 1897 1477 1952 enim
1501 1896 1624 1950 licet
1671 1894 1938 1949 dimittere
1982 1907 2113 1946 uxo-

526 2009 665 2059 rem,
696 1993 797 2047 nisi
824 2006 1066 2047 excausa
1096 1991 1461 2045 fornicationis
1486 2033 1499 2055 ,
1549 1990 1684 2044 sicut
1728 1990 1780 2043 in
1828 1986 2114 2057 Evangelia

526 2083 643 2155 ipse
675 2085 927 2138 Dominus
956 2084 1081 2138 dicit
1113 2082 1330 2154 (Matth.
1362 2097 1475 2146 χιχ,
1504 2078 1581 2153 9).
1612 2080 1745 2135 illud
1773 2091 1947 2135 autem
1973 2078 2114 2150 quod

525 2176 748 2239 addidit,
779 2175 992 2231 Solutus
1021 2192 1072 2228 cs
1102 2176 1161 2227 ab
1184 2173 1359 2241 uxore,
1391 2190 1452 2227 ne
1469 2174 1725 2246 qutesieris
1743 2188 1966 2237 uxorem,
1987 2188 2114 2226 con-

524 2268 628 2323 silii
660 2266 921 2321 sententia
953 2274 1054 2329 est,
1088 2282 1192 2319 non
1222 2265 1473 2336 prrecepti
1495 2282 1507 2317 :
1528 2264 1655 2318 licet
1695 2263 1869 2334 itaque
1897 2262 2111 2329 facere,

523 2359 618 2416 sed
640 2361 833 2415 melius
862 2369 945 2413 est
960 2374 1063 2413 non
1097 2355 1555 2427 facere.1)enique
1581 2358 1835 2411 continuo
1864 2354 2110 2425 subjecit:

524 2444 658 2508 Etsi
686 2453 945 2522 acceperis
992 2466 1221 2517 uxorem,
1280 2467 1380 2503 non
1410 2449 1665 2521 peccasti;
1714 2457 1760 2502 et
1807 2447 1852 2502 si
1889 2446 2116 2517 nupserit

522 2547 684 2618 virgo,
716 2562 815 2600 non
834 2553 1026 2616 peccat.
1054 2542 1188 2597 illud
1214 2552 1391 2597 autem
1417 2543 1565 2611 prius
1589 2556 1709 2595 cum
1736 2539 1991 2606 dixisset,
2018 2538 2083 2593 Al
2093 2570 2112 2579 ο

524 2634 709 2710 ligatus
729 2653 781 2691 es
803 2637 978 2700 uxori;
1000 2653 1063 2690 ne
1089 2635 1345 2704 qutzsieris
1367 2633 1705 2699 solutionem;
1737 2630 1995 2702 numquid
2021 2631 2115 2685 ad-

522 2730 676 2798 didit,
701 2731 767 2786 Et
794 2731 837 2785 si
861 2730 1107 2792 solveris,
1139 2744 1244 2783 non
1278 2728 1544 2798 peccasti?
1593 2727 1708 2783 Jam
1753 2726 1893 2781 enim
1952 2741 2111 2797 supra

522 2820 757 2886 dixerat,
792 2820 889 2876 His
916 2831 1079 2875 autem
1108 2822 1192 2891 qui
1217 2831 1332 2875 sunt
1358 2821 1412 2874 in
1439 2820 1678 2892 conjugio
1703 2819 1942 2889 prtecipio
1966 2860 1981 2883 ,
2010 2834 2112 2871 non

523 2932 635 2987 ego,
660 2914 747 2969 sed
766 2913 1036 2977 Dominus,
1064 2930 1274 2967 uxorem
1297 2929 1328 2966 a
1352 2913 1457 2966 viro
1500 2929 1600 2965 non
1630 2911 1884 2966 discedere
1911 2927 1931 2977 ;
1976 2911 2113 2982 quod

522 3010 565 3062 si
596 3008 911 3073 discesserit,
943 3023 1145 3061 manere
1170 3009 1435 3078 innuptam
1458 3051 1472 3075 ,
1504 3017 1590 3061 aut
1615 3008 1721 3061 viro
1750 3022 1843 3061 suo
1881 3007 2109 3059 reconci-

510 3099 641 3153 vliari
668 3116 688 3153 :
718 3098 831 3154 ﬁeri
863 3099 1005 3154 enim
1032 3109 1209 3169 potest
1229 3108 1409 3154 utnon
1452 3115 1547 3154 sua
1575 3100 1753 3170 culpa,
1785 3099 1880 3153 sed
1934 3100 2107 3154 mariti

520 3188 780 3246 discedat.
812 3190 1016 3248 Deinde
1040 3192 1136 3257 ait,
1166 3191 1233 3244 Et
1256 3190 1332 3246 vir
1352 3207 1560 3247 uxorem
1586 3208 1648 3247 ne
1670 3193 1889 3246 dimittat
1922 3191 1962 3263 (l
1987 3189 2106 3247 Cor.

519 3294 614 3349 vn,
645 3281 849 3351 27,28,
882 3280 1082 3355 10,“)
1107 3300 1121 3349 ;
1151 3283 1291 3354 quod
1343 3285 1687 3339 nihilominus
1734 3300 1799 3339 ex
1838 3291 2109 3356 praecepto

519 3370 737 3429 Domini
761 3373 957 3444 posuit,
992 3389 1092 3429 nec
1118 3375 1188 3431 ibi
1218 3375 1439 3442 addidit,
1488 3377 1557 3431 Et
1604 3377 1650 3430 si
1692 3375 1972 3442 dimiserit,
2003 3390 2107 3430 non

518 3473 723 3535 peccat.
743 3465 1077 3536 Prmeeptum
1104 3475 1187 3522 est
1224 3467 1365 3521 enim
1408 3468 1510 3523 hoc
1536 3509 1552 3533 ,
1611 3468 1695 3523 cui
1745 3484 1850 3523 non
1893 3465 2109 3524 obedire

516 3566 795 3627 peccatum
822 3568 935 3626 est;
959 3572 1064 3614 non
1094 3560 1373 3614 consilium
1402 3602 1417 3627 ,
1462 3576 1568 3630 quo
1615 3560 1661 3615 si
1713 3562 1785 3615 uti
1828 3559 2065 3616 nolueris
2088 3601 2104 3628 ,

516 3649 696 3703 minus
724 3650 850 3705 boni
877 3650 1209 3721 adipisceris,
1230 3666 1336 3706 non
1366 3648 1491 3706 mali
1526 3651 1725 3721 aliquid
1752 3652 2101 3723 perpetrabis.

519 3741 810 3811 Propterea
838 3743 1217 3812 cumdixisset.
1252 3744 1463 3799 Solutus
1490 3759 1542 3797 es
1579 3743 1642 3796 ab
1668 3759 1845 3807 uxore,
1872 3760 1934 3796 ne
1961 3759 2103 3813 qutu-

520 3832 666 3887 sieris
686 3850 932 3902 uxorem;
960 3837 1081 3906 quia
1106 3852 1211 3890 non
1243 3833 1583 3905 praecipiebat
1607 3848 1673 3887 ne
1703 3833 1901 3887 malum
1932 3834 2102 3900 iieret,

521 3926 617 3980 sed
643 3927 953 3982 consulebat
979 3937 1037 3983 ut
1062 3928 1252 3983 melius
1274 3926 1444 3991 ﬁeret;
1460 3926 1713 3980 continuo
1727 3924 2019 3994 subjunxit,
2038 3923 2110 3979 Et

520 4017 565 4072 si
593 4018 848 4089 acceperis
876 4034 1086 4075 uxorem
1105 4061 1121 4088 ,
1152 4035 1252 4073 non
1278 4017 1536 4090 peccasti;
1564 4015 1665 4073 etsi
1688 4020 1915 4087 nupserit
1940 4017 2101 4089 virgo,

518 4126 621 4164 non
652 4122 842 4181 peccat.

587 4202 673 4258 CA
683 4198 819 4262 ΗΠ*
834 4202 1438 4262 XVi.—16.Tribulatio
1454 4202 1621 4260 carnis
1635 4206 1689 4260 in
1709 4206 1970 4277 confugio,
1993 4219 2108 4277 quae

514 4299 600 4353 sit.
628 4298 849 4354 Addidit
876 4309 1075 4365 tamen,
1122 4296 1519 4353 Tribulationem
1562 4306 1729 4354 autem
1754 4302 1921 4353 carnis
1948 4297 2106 4353 habe-

516 4390 639 4443 bunt
665 4388 960 4461 hujusmodi
987 4429 1001 4453 ,
1050 4404 1141 4459 ego
1180 4396 1348 4442 autem
1398 4388 1534 4444 vobis
1565 4406 1718 4458 parco
1748 4407 1768 4445 :
1793 4388 1895 4447 hoc
1944 4390 2105 4446 modo

516 4483 807 4538 exhortans
818 4482 883 4537 ad
901 4481 1256 4552 virginitatem
1272 4483 1758 4555 continentiamque
1771 4494 2101 4556 perpetuam,

519 4587 577 4629 ut
601 4572 992 4645 aliquantulum
1018 4588 1048 4628 a
1076 4576 1273 4646 nuptiis
1289 4577 1446 4631 etiam
1476 4576 1777 4633 deterreret
1801 4618 1815 4642 ,
1863 4578 2104 4633 modeste

518 4682 667 4733 sane,
688 4683 791 4720 non
815 4677 1066 4737 tanquam
1091 4680 1123 4722 a
1147 4683 1208 4724 re
1238 4668 1375 4722 mala
1398 4679 1452 4724 et
1476 4666 1676 4736 illicita,
1710 4668 1807 4723 sed
1853 4676 2099 4739 tanquam

517 4759 585 4811 al)
613 4770 839 4814 onerosa
867 4771 931 4812 ac
986 4757 1234 4813 molesta.
1287 4758 1444 4813 Aliud
1488 4769 1571 4814 est
1616 4760 1758 4816 enim
1818 4760 2100 4816 admittere

515 4844 691 4906 carnis
724 4850 1126 4921 turpitudinem,
1156 4851 1302 4907 aliud
1343 4852 1541 4907 habere
1587 4852 1765 4908 carnis
1796 4850 2099 4908 tribulatio-

520 4928 642 4997 nem
669 4942 833 4999 :iilud
854 4954 937 4999 est
963 4936 1202 5000 criminis
1233 4944 1427 5011 facere,
1461 4943 1562 4999 hoc
1601 4944 1799 4999 laboris
1840 4954 1922 5000 est
1948 4947 2051 5015 pati
2082 4989 2096 5013 ,

513 5049 670 5105 quem
689 5033 1003 5106 plerumque
1028 5035 1270 5092 homines
1293 5037 1453 5091 etiam
1485 5052 1581 5107 pro
1608 5035 1801 5093 ofﬁciis
1830 5037 2098 5094 honestis-

512 5128 664 5184 simis
689 5145 795 5184 non
822 5140 1089 5185 recusant.
1127 5131 1230 5187 Sed
1282 5146 1379 5202 pro
1422 5130 1665 5188 habendo
1690 5133 1936 5203 conjugio
1988 5133 2095 5203 jam

510 5216 617 5277 hoc
639 5229 899 5292 tempore,
929 5237 1035 5293 quo
1061 5238 1167 5278 non
1188 5239 1280 5293 per
1300 5224 1479 5278 carnis
1497 5226 1843 5295 propaginem
1875 5236 2096 5283 venturo

509 5312 723 5369 Christo
750 5315 918 5385 ipsius
938 5315 1102 5384 prolis
1129 5317 1512 5387 propagatione
1536 5318 1784 5385 servitur,
1818 5318 1972 5374 istam
1998 5320 2095 5375 tri-

406 5424 468 5503 ἲ,
511 5402 837 5461 bulationem
869 5408 1066 5495 carnis,
1090 5423 1247 5478 quam
1266 5411 1509 5480 nupturis
1528 5412 1765 5482 prmdicit
1784 5414 2091 5484 Apostolus,

510 5496 785 5567 suscipere
810 5494 1136 5554 tolerandam
1167 5502 1483 5571 perstultum
1513 5516 1675 5572 esset,
1698 5505 1798 5561 nisi
1829 5521 2095 5566 metuere-

511 5598 596 5644 tur
643 5590 1118 5656 incontinentibus,
1149 5606 1217 5646 ne
1249 5601 1486 5649 tentante
1537 5605 1721 5651 satana
1774 5599 1825 5651 in
1878 5611 2091 5669 peccata

508 5681 1165 5738 damnabilialaberentur.
1194 5682 1347 5751 Quod
1378 5694 1555 5740 autem
1596 5702 1653 5743 se
1674 5688 1800 5743 dicit
1844 5692 1921 5747 eis
1969 5709 2093 5766 par-

507 5785 652 5838 cere,
682 5788 816 5841 quos
849 5774 923 5827 ait
946 5775 1344 5832 tribulationem
1371 5777 1549 5833 carnis
1596 5777 1906 5848 habituros,
1958 5786 2090 5840 nihil

509 5862 640 5919 mihi
685 5864 897 5920 interim
931 5868 1112 5923 sanius
1155 5869 1421 5938 occurrit,
1480 5887 1639 5943 quam
1683 5891 1802 5931 eum
1854 5880 2089 5940 noluisse

1481 384 1568 441 DE
1603 380 1867 440 sane“
1907 375 2367 448 VlRGlNlTA'm,
2405 381 2463 437 s.
2503 382 2869 443 AUGUSTlNl
3386 400 3389 401 ί
3660 406 3740 463 m

2231 499 2442 567 aperire
2469 510 2523 556 et
2546 502 2816 573 explicare
2841 489 3016 561 verbis
3041 509 3283 565 eamdem
3306 511 3467 582 ipsam
3493 519 3647 575 cautis
3662 524 3736 577 pi.

2228 590 2567 660 bulationem,
2616 611 2776 665 quam
2817 601 3187 668 praenuntiavit
3220 602 3300 658 eis
3335 606 3421 674 qui
3448 607 3627 679 eligunt
3658 629 3736 669 nu-

2228 686 2383 755 ptias,
2414 687 2465 741 in
2483 689 2879 759 suSpicionibus
2898 694 2998 749 zeli
3021 694 3330 765 coniugalis,
3372 698 3422 754 in
3446 706 3735 769 procreandis

2227 775 2347 832 ﬁliis
2373 786 2531 848 atque
2561 783 2874 850 nutriendis,
2906 784 2957 838 in
2988 786 3267 843 timoribus
3293 796 3347 843 et
3371 794 3657 851 meroribus
3678 813 3736 853 or-

2224 867 2424 925 hitatis.
2448 872 2659 940 Quotus
2683 877 2825 932 enim
2844 877 3087 949 quisque,
3112 894 3231 934 cum
3259 896 3318 936 se
3339 884 3571 940 countibii
3592 889 3737 944 vincu-

2224 960 2290 1015 lis
2314 961 2625 1033 alligaverit,
2646 982 2751 1021 non
2783 968 2898 1023 istis
2921 969 3158 1025 trahatur
3175 981 3334 1043 atque
3353 975 3735 1045 agitetural’t‘ecti-

2223 1052 2347 1107 bus?
2358 1054 2504 1124 Quos
2526 1075 2699 1130 neque
2720 1077 2816 1116 nos
2836 1078 3157 1134 exaggerare
3172 1064 3441 1133 debemus,
3461 1084 3524 1124 ne
3540 1071 3735 1140 ipsisnon

2225 1161 2536 1214 parcamus,
2564 1153 2755 1220 quibus
2784 1156 3104 1222 parcendum
3140 1159 3457 1215 existimavit
3481 1164 3733 1233 Apostolus.

2292 1238 2518 1296 CAPUT
2540 1241 2864 1300 XVll.—l7.
2884 1245 2951 1301 In
2975 1264 3059 1301 eos
3084 1249 3172 1321 qui
3194 1249 3255 1303 ab
3272 1251 3504 1321 Apostolu
3523 1256 3736 1313 damnatas

2220 1332 2292 1385 ibi
2315 1336 2517 1404 nuptias
2540 1344 2737 1407 putant.
2770 1338 3053 1410 Scriptum
3099 1344 3315 1415 aliquod
3351 1349 3637 1403 mendacium
3671 1354 3739 1405 tri.

2222 1424 2371 1476 buere
2411 1440 2561 1493 quam
2609 1429 2963 1494 perniciosum.
2991 1432 3217 1488 Tantum
3264 1452 3359 1506 per
3389 1438 3483 1493 hoc
3508 1442 3628 1511 quod
3649 1442 3740 1497 bre-

2220 1516 2359 1570 viter
2404 1519 2577 1587 posui,
2605 1531 2818 1576 cautum
2868 1524 2979 1579 ﬁeri
3026 1526 3280 1582 lectorem
3330 1534 3553 1599 oportuit
3591 1535 3765 1589 adver»

2221 1621 2313 1661 sus
2341 1624 2434 1663 eos
2466 1611 2555 1681 qui
2580 1612 2632 1666 in
2662 1612 2763 1667 hoc
2783 1616 2928 1684 quod
2948 1618 3207 1688 scriptum
3259 1633 3342 1677 est
3361 1665 3375 1688 ,
3406 1621 3737 1680 Tribulationem

2220 1709 2386 1752 autem
2408 1703 2578 1756 carnis
2605 1704 2854 1761 habebunt
2879 1708 3192 1778 hujusmodi,
3222 1730 3314 1784 ego
3338 1723 3495 1769 autem
3519 1717 3634 1771 vobis
3652 1735 3739 1789 par-

2219 1800 2299 1857 to,
2330 1793 2527 1861 nuptiis
2552 1795 2962 1865 calumniantur,
2993 1801 3134 1871 quod
3177 1818 3272 1858 eas
3297 1820 3359 1859 ex
3410 1806 3604 1877 obliquo
3646 1822 3737 1863 sen-

2221 1883 2385 1935 tentia
2415 1883 2511 1937 ista
2541 1884 2891 1955 damnaverit;
2924 1892 3063 1947 velut
3094 1895 3265 1962 ipsam
3291 1895 3653 1955 damnationem
3669 1915 3736 1953 no-

2220 1973 2379 2029 luerit
2403 1976 2600 2043 dicere,
2627 1992 2748 2033 cum
2780 1981 2871 2047 ait,
2902 1982 3015 2053 Ego
3040 1996 3207 2039 autem
3232 1987 3372 2041 vobis
3411 2006 3553 2059 parco
3576 2006 3593 2043 :
3614 1999 3659 2044 ut
3682 1991 3738 2045 vi-

2219 2064 2413 2122 delicet
2437 2083 2558 2123 cum
2586 2069 2702 2125 istis
2723 2074 2906 2141 parcit,
2938 2075 3130 2129 animus
3161 2091 3278 2132 sua:
3323 2092 3425 2131 non
3464 2082 3734 2150 pepercerit,

2218 2159 2262 2212 si
2291 2160 2598 2215 mentiendo
2618 2162 2751 2217 dixit
2778 2204 2794 2232 ,
2827 2164 2896 2218 Et
2923 2166 2967 2220 si
2993 2169 3252 2237 acceperis
3282 2184 3512 2237 uxorem,
3547 2186 3631 2224 non
3654 2186 3736 2240 ραι

2218 2254 2382 2319 casti;
2412 2266 2456 2307 et
2484 2255 2528 2308 si
2571 2258 2797 2327 nupserit
2845 2259 3013 2330 virgo,
3051 2276 3149 2314 non
3192 2273 3383 2332 peccat.
3432 2263 3577 2330 Quod
3603 2264 3672 2333 qui
3691 2263 3737 2317 de

2218 2357 2398 2400 sancta
2432 2348 2702 2418 Scriptura
2732 2352 2959 2407 credunt
3002 2355 3083 2409 vel
3113 2356 3263 2411 credi
3307 2357 3516 2424 volunt,
3544 2363 3734 2425 tanquam

2219 2437 2357 2491 via-tn
2387 2438 2487 2495 sibi
2520 2441 2771 2496 muniunt
2802 2444 2870 2498 ad
2918 2447 3205 2501 mentiendi
3255 2448 3544 2517 licentiam,
3588 2450 3658 2504 rei
3689 2446 3736 2502 ad

2217 2528 2583 2586 defensionem
2637 2546 2749 2588 sum
2797 2548 3065 2606 perversa:
3130 2539 3440 2608 Opinionis,
3482 2541 3736 2608 ubicumque

2218 2622 2359 2678 aliud
2389 2626 2629 2681 sentiunt
2649 2643 2806 2698 quam
2834 2647 2961 2686 sana
3003 2634 3250 2690 doctrina
3311 2637 3548 2706 postulat.
3575 2636 3622 2692 Si
3645 2634 3735 2706 quid

2218 2717 2359 2771 enim
2388 2720 2725 2776 manifestum
2755 2722 2823 2779 de
2859 2724 3054 2781 divinis
3079 2726 3261 2784 Libris
3312 2730 3560 2802 prolatum
3587 2728 3734 2793 fuerit,

2216 2822 2325 2878 quo
2377 2825 2562 2865 eorum
2600 2812 2945 2869 confutentur
2966 2832 3197 2884 errores,
3233 2819 3339 2875 hoc
3367 2821 3435 2875 ad
3460 2835 3646 2875 manum
3667 2819 3734 2871 ha-

2217 2897 2345 2953 bent
2367 2902 2510 2955 velut
2542 2911 2897 2976 scutum,quo
2934 2922 2993 2963 se
3033 2909 3297 2966 adversus
3330 2912 3588 2968 veritatem
3625 2907 3735 2980 quisi

2218 2998 2429 3045 tuentes
2478 2994 2683 3050 nudent
2706 3011 2735 3051 a
2757 2998 2972 3054 diabolo
3010 3002 3390 3071 vulnerandos,
3419 3015 3471 3059 ut
3494 3004 3645 3059 dicant
3666 3004 3736 3055 huc

2215 3093 2488 3139 auctorem
2519 3085 2640 3141 libri
2671 3103 2775 3142 non
2819 3102 3003 3145 verum
3047 3092 3249 3148 dixisse
3270 3137 3285 3162 ,
3327 3096 3454 3150 alias
3481 3105 3531 3149 ut
3565 3093 3735 3148 inﬁrmis

2215 3181 2479 3245 parceret,
2508 3178 2645 3233 alias
2665 3188 2724 3235 ut
2741 3192 3138 3253 contemptores
3168 3192 3428 3253 terreret;
3450 3188 3572 3242 sicut
3592 3200 3736 3241 occur-

2214 3268 2346 3322 rerit
2373 3282 2555 3337 causa,
2581 3285 2683 3340 qua
2713 3286 2897 3327 eorum
2931 3286 3181 3344 perversa
3227 3280 3496 3334 sententia
3535 3276 3738 3334 delenda-

2213 3368 2337 3414 tur:
2371 3372 2531 3434 atque
2579 3367 2655 3421 ita
2689 3365 2818 3421 dum
2866 3382 2928 3424 ea
2970 3384 3090 3440 quae
3141 3374 3478 3443 opinantur,
3519 3372 3747 3430 defendere

2213 3468 2381 3524 quam
2399 3460 2670 3529 corrigere
2699 3462 2922 3527 malunt,
2948 3462 3238 3534 Scriptura:
3275 3477 3486 3524 sancta:
3516 3464 3743 3522 auctorita-

2211 3557 2321 3603 tem
2347 3550 2590 3623 frangere
2629 3565 2908 3623 conantur,
2936 3573 3036 3628 qua
3064 3575 3169 3616 una
3207 3578 3410 3622 omnes
3455 3564 3660 3621 cervices
3680 3574 3744 3615 su-

2211 3640 2390 3711 perbae
2415 3642 2670 3715 duraeque
2690 3644 3025 3718 franguntur.
3286 3702 3294 3707 ,

2282 3740 2509 3797 CAPUT
2529 3742 2693 3799 XVIII
2702 3744 2817 3804 .-—i
2826 3747 2880 3803 8.
2899 3748 3171 3821 Virginitas
3183 3753 3255 3806 sic
3286 3758 3593 3828 praeferatur,
3606 3762 3651 3807 ut
3668 3766 3741 3804 non

2211 3832 2405 3902 nuptias
2450 3832 2770 3890 damnentur.
2825 3839 2975 3895 Unde
3045 3852 3347 3902 sectatores
3397 3857 3450 3903 et
3491 3844 3741 3902 sectatrices

2211 3931 2482 3992 perpetuae
2500 3927 2843 3985 continentiae
2871 3940 2924 3985 et
2952 3946 3119 3989 sacrae
3139 3936 3463 4007 virginitatis
3485 3937 3708 3994 admoneo
3728 3974 3755 4009 ,ν

2210 4022 2269 4070 ut
2294 4015 2492 4072 bonum
2521 4028 2683 4075 suum‘
2704 4022 2777 4078 ita
2804 4025 3088 4094 praeferant
3113 4030 3338 4100 nuptiis,
3370 4049 3437 4088 ne
3486 4032 3661 4088 malum
3681 4028 3742 4097 ju-

2210 4108 2390 4164 dicent
2416 4114 2628 4182 nuptias
2658 4132 2672 4166 :
2700 4130 2876 4186 neque
2901 4119 3177 4190 fallaciter,
3209 4125 3309 4179 sed
3340 4127 3491 4195 plane
3533 4122 3743 4180 veraciter

2211 4203 2278 4256 ab
2308 4203 2565 4272 Apostolo
2584 4206 2785 4262 dictum
2808 4211 3071 4278 noverint,
3123 4213 3225 4281 Qui
3271 4218 3366 4272 dat
3416 4213 3747 4288 anputme

2211 4295 2371 4365 facit;
2393 4308 2440 4351 et
2458 4299 2545 4367 qui
2569 4316 2669 4355 non
2691 4303 2779 4356 dat
2806 4314 3036 4374 nuptum,
3087 4308 3264 4364 melius
3287 4313 3433 4384 facit.
3483 4310 3610 4367 Etsi
3633 4322 3742 4362 acce-

2212 4387 2345 4456 peris
2367 4404 2576 4444 uxorem
2598 4433 2613 4459 ,
2641 4409 2753 4447 non
2783 4398 3036 4473 peccasti;
3066 4406 3113 4452 et
3141 4399 3186 4454 si
3207 4406 3437 4472 nupserit
3482 4404 3623 4474 virga,
3669 4412 3742 4451 non

2211 4490 2403 4548 peccat.
2436 4483 2503 4537 Et
2528 4485 2686 4554 paulo
2713 4497 2867 4555 post:
2892 4481 3098 4545 Beatior
3126 4502 3295 4547 autem
3351 4497 3462 4559 erit,
3489 4497 3532 4551 si
3570 4495 3632 4550 sic
3654 4506 3743 4565 per-

2208 4575 2470 4639 ntanserit,
2495 4579 2769 4632 secundum
2799 4597 2960 4635 meam
3006 4588 3327 4641 sententiam.
3372 4589 3439 4643 Et
3468 4604 3533 4644 ne
3557 4587 3742 4642 humana

2210 4668 2475 4721 sententia
2525 4678 2818 4738 putaretur,
2870 4668 3146 4747 adjuugit:
3179 4676 3314 4734 Puto
3363 4690 3549 4747 autem,
3598 4686 3637 4733 et
3675 4690 3742 4744 ego

2209 4756 2469 4826 Spiritum»
2490 4756 2585 4814 Dei
2605 4760 2785 4820 habeo.
2813 4762 2937 4821 Ηωο
2960 4768 3248 4837 dominica,
3301 4774 3417 4829 haec
3467 4771 3741 4844 apostolica.

2207 4847 2321 4902 haec
2345 4865 2489 4916 vera,
2517 4852 2631 4908 haec
2653 4871 2782 4910 sana
2807 4857 3046 4915 doctrina
3064 4870 3166 4923 est.
3189 4864 3267 4919 sic
3295 4866 3491 4938 eligere
3516 4865 3639 4920 dona
3657 4874 3744 4918 tua.

2199 4941 2340 5012 jora,
2380 4958 2447 5000 ne
2472 4946 2685 5004 minora
2701 4948 3039 5008 damnentur.
3072 4954 3259 5012 Melior
3294 4969 3379 5013 est
3434 4960 3486 5014 in
3513 4958 3739 5026 Scriptura

2204 5036 2299 5090 Dei
2327 5038 2521 5094 veritas
2552 5038 2666 5109 Dei,
2698 5058 2855 5113 quam
2886 5045 2936 5100 in
2968 5048 3278 5121 cujusquam
3310 5065 3490 5109 mente
3515 5063 3598 5107 aut
3615 5062 3743 5105 carne

2202 5132 2479 5200 virginitas
2505 5134 2754 5193 hominis.
2794 5139 2945 5208 Quod
2990 5154 3192 5199 castum
3233 5157 3314 5203 est
3354 5149 3433 5203 sic
3467 5157 3671 5209 ametur,
3700 5149 3746 5195 ιιι

2201 5227 2343 5295 quod
2375 5242 2557 5283 verum
2602 5239 2685 5286 est
2736 5248 2841 5288 non
2893 5247 3130 5308 negetur.
3175 5240 3305 5296 Nam
3358 5242 3482 5316 quid
3528 5241 3639 5297 mali
3661 5252 3764 5321 non.

2202 5330 2427 5388 possunt
2454 5322 2613 5377 etiam
2645 5323 2711 5379 de
2758 5340 2851 5382 sua
2897 5344 3057 5389 carne
3106 5337 3373 5404 cOgitare,
3431 5336 3519 5409 qui
3557 5333 3744 5391 credunt

2200 5413 2545 5479 apostolicam
2579 5415 2810 5487 linguam
2832 5419 2882 5474 in
2913 5438 2978 5476 eo
3002 5422 3116 5494 ipso
3151 5426 3270 5482 loco
3302 5424 3391 5483 ubi
3428 5410 3773 5507 virginitatem;

2200 5505 2440 5572 corporis
2456 5504 2881 5578 commendabat,
2915 5528 2944 5567 a
2965 5519 3307 5587 corruptione
3330 5518 3589 5573 mendacii
3609 5504 3771 5583 virgir':

2200 5610 2319 5650 nem
2348 5612 2453 5651 non
2487 5598 2687 5655 fuisse?
2717 5601 2967 5660 Primitus
2997 5622 3124 5677 ergo
3164 5626 3226 5665 ac
3267 5610 3516 5676 maxime,
3548 5609 3629 5679 qui
3667 5605 3744 5659 b0-

2199 5703 2324 5742 num
2358 5690 2673 5760 virginitatis
2702 5694 2943 5767 eligunt,
2976 5699 3277 5772 Scripturas
3303 5713 3513 5757 sanctas
3539 5696 3744 5756 ﬁrmissi-

2199 5800 2285 5839 me
2316 5793 2531 5842 teneant
2552 5787 2685 5843 nihil
2709 5806 2828 5847 esse
2856 5794 3136 5861 mentitas;
3166 5813 3227 5852 ac
3274 5812 3369 5868 per
3399 5798 3500 5852 hoc
3527 5798 3669 5851 etiam
3695 5789 3738 5843 il-

2201 5877 2289 5935 lud
2313 5895 2493 5936 verum
2519 5897 2639 5940 esse
2670 5884 2813 5955 quod
2841 5885 3043 5943 dictum
3066 5897 3168 5961 est,
3198 5888 3265 5945 Et
3288 5887 3332 5946 si
3369 5888 3614 5961 acceperis
3637 5895 3721 5938 tu?
