3930 6368
460 358 564 415 407

453 486 561 530 tem
593 473 848 530 caelorum
887 479 1048 541 atque
1074 470 1125 526 in
1156 468 1335 525 futuro
1363 469 1561 526 saeculo
1581 482 1739 539 pares
1765 467 1867 523 sint
1898 483 1911 519 :
1942 478 2042 520 nec

452 565 584 620 illud
610 565 694 621 ubi
711 564 786 618 ait
802 562 870 619 de
889 561 1230 630 nubentibus,
1260 559 1656 616 Tribulationem
1680 569 1847 614 autem
1873 556 2041 612 carnis

451 656 701 710 habebunt
728 654 1043 725 hujusmodi,
1072 669 1164 726 ego
1189 661 1355 707 autem
1379 652 1517 708 vobis
1544 669 1698 722 parco
1720 651 1763 722 (ι
1787 650 1907 706 Cor.
1939 664 2036 716 vn,

451 748 543 815 58,
571 746 668 813 26,
696 746 789 819 28)
812 788 827 814 ,
870 748 942 802 ita
972 746 1404 817 intelligendum,
1450 754 1701 816 tanquam
1734 744 2038 813 nuptiarum

449 850 728 911 peccatum
755 848 811 895 et
849 840 1245 896 damnationem
1274 839 1522 894 maluerit
1548 848 1723 893 tacere
1765 851 1923 907 quam
1951 835 2036 890 di-

447 948 592 988 cere.
625 933 824 987 Harum
869 932 1065 1002 quippe
1090 931 1315 987 duarum
1342 931 1726 987 sententiarum
1762 926 2032 997 singulas,

448 1025 557 1079 duo
599 1039 814 1079 errores
856 1024 1072 1079 sibimet
1114 1023 1369 1079 contrarii
1402 1037 1509 1079 non
1560 1036 1651 1077 eas
1693 1020 2037 1089 intelligendo

446 1126 752 1172 tenuerunt.
781 1116 924 1172 Illam
951 1117 1091 1172 enim
1120 1116 1187 1172 de
1211 1116 1457 1187 prtesenti
1492 1113 1808 1173 necessitate
1837 1112 1911 1167 illi
1942 1126 2035 1181 pro

445 1223 506 1263 se
560 1208 1018 1278 interpretantur,
1074 1209 1165 1278 qui
1231 1207 1491 1263 nubentes
1550 1221 1655 1260 non
1716 1203 2036 1259 nubentibus

443 1315 659 1370 azquare
688 1300 1020 1356 contendunt
1051 1317 1064 1353 :
1117 1300 1253 1356 hanc
1280 1314 1408 1354 vero
1436 1299 1521 1354 ubi
1553 1298 1749 1353 dictum
1780 1306 1890 1363 est,
1924 1293 2035 1367 Ego

445 1401 617 1446 autem
642 1392 780 1446 vobis
811 1410 985 1462 parco,
1018 1392 1089 1446 illi
1122 1392 1211 1463 qui
1250 1393 1513 1447 nubentes
1540 1390 1801 1445 damnare
1826 1391 2043 1459 pressu-4,

440 1494 615 1537 munt.
669 1483 778 1538 Nos
816 1493 996 1538 autem
1039 1484 1333 1538 secundum
1378 1482 1773 1552 Scripturarum
1821 1478 2042 1565 sanctao:E

440 1590 563 1630 rum
595 1574 751 1630 ﬁdem
790 1589 1083 1645 sanamque
1110 1575 1405 1630 doctrinam
1426 1615 1441 1642 ,
1481 1589 1581 1629 nec
1608 1581 1884 1645 peccatum
1914 1586 2033 1626 esse

442 1666 673 1722 dicimus
708 1668 919 1737 nuptias
937 1709 952 1735 ,
982 1674 1038 1722 et
1066 1682 1251 1723 earum
1280 1675 1457 1721 tamen
1486 1666 1687 1721 bonum
1726 1679 1835 1719 non
1857 1663 2031 1718 solum

436 1756 573 1812 infra
590 1758 919 1828 virginalem,
938 1774 1121 1814 verum
1143 1759 1305 1815 etiam
1326 1756 1461 1812 infra
1475 1756 1741 1811 vidualem
1756 1756 2037 1837 mntinen-I

437 1848 569 1902 tiam
593 1850 1002 1915 constituimus;
1030 1858 1451 1919 praesentemque
1476 1846 1845 1903 necessitatem
1857 1847 2035 1916 conju-

436 1948 702 2008 gatorum,
730 1955 837 1995 non
864 1940 1077 2010 quidem
1098 1941 1164 1995 ad
1194 1940 1354 1994 vitam
1370 1948 1645 2007 (sternam,
1668 1949 2031 1995 verumtamen

435 2033 505 2088 ad
530 2034 877 2089 excellentem
905 2035 1125 2104 gloriam
1152 2042 1205 2088 et
1228 2034 1483 2089 honorem
1503 2034 1591 2104 qui
1611 2042 1879 2103 perpetuae
1899 2034 2029 2089 cen-

435 2127 672 2181 tinentiae
690 2137 1009 2191 reservatur,
1027 2126 1284 2195 impedire
1299 2141 1481 2181 eorum
1498 2126 1743 2180 meritum
1762 2125 1988 2180 dicimus
2010 2141 2028 2193 ;

432 2236 610 2289 neque
636 2220 736 2275 hoc
764 2228 1006 2290 tempore
1031 2220 1134 2273 nisi
1174 2219 1251 2273 eis
1281 2218 1370 2288 qui
1398 2234 1456 2273 se
1486 2233 1591 2273 non
1622 2221 1899 2273 continent
1931 2234 2032 2272 nu-

433 2311 577 2382 ptias
615 2311 867 2381 expedire
897 2353 913 2376 ,
962 2310 1467 2379 tribulationemque
1510 2311 1687 2365 carnis
1728 2325 1792 2364 ex
1836 2309 2027 2364 affectu

431 2403 632 2458 carnali
670 2401 1004 2467 venientem,
1043 2402 1157 2455 sine
1202 2416 1309 2470 quo
1352 2401 1549 2469 nuptizn
1580 2400 2026 2455 incontinentinm

435 2507 557 2549 esse
602 2510 708 2547 non
754 2500 1014 2562 possunt,
1063 2507 1165 2547 nec
1213 2500 1393 2547 tacere
1430 2491 1662 2545 voluisse
1710 2491 2025 2560 Apostolum

429 2599 559 2641 vera
588 2594 1003 2654 prmmonentem
1029 2626 1043 2647 ,
1084 2598 1182 2639 nec
1218 2582 1428 2654 plenius
1452 2583 1719 2653 explicare
1747 2581 2023 2638 hominum

430 2675 723 2730 inﬁrmitati
749 2687 1079 2746 parcentem.

498 2765 726 2823 CAPUT
764 2765 1128 2822 XXII.—2‘2.
1181 2766 1459 2839 Virginitas
1496 2784 1597 2821 non
1640 2777 1845 2838 propter
1891 2769 2022 2823 hanc

428 2858 601 2925 vitam,
625 2858 715 2913 sed
736 2869 943 2929 propter
973 2863 1197 2931 futuram
1222 2859 1479 2931 diligenda
1499 2860 1780 2914 ostenditur
1806 2876 1869 2914 ea:
1890 2861 2021 2931 Apo—

428 2948 581 3004 stolo.
633 2948 785 3004 Nunc
817 2950 927 3019 jam
973 2949 1368 3021 Scripturarum
1406 2950 1706 3006 divinarum
1732 2953 2021 3009 evidentis-

426 3040 582 3096 simis
607 3041 949 3109 testimoniis,
984 3060 1102 3114 quae
1144 3060 1243 3115 pro
1271 3054 1469 3100 nostra:
1499 3047 1772 3101 memoriae
1800 3048 2016 3104 modulo

422 3131 697 3187 recordari
729 3133 1078 3200 valuerimus,
1123 3134 1321 3191 clarius
1364 3147 1618 3206 appareat
1652 3153 1758 3193 non
1799 3149 2017 3211 propter

423 3232 743 3295 praesentem
779 3225 938 3295 hujus
975 3226 1157 3282 saeculi
1182 3228 1376 3295 vitam,
1410 3230 1505 3285 sed
1546 3240 1762 3301 propter
1786 3230 2014 3289 futuram

422 3332 545 3388 quae
572 3319 626 3372 in
658 3334 826 3388 regno
851 3320 1111 3375 caelorum
1140 3322 1466 3388 promittitur
1485 3364 1501 3390 ,
1531 3333 1841 3394 perpetuam
1880 3340 2012 3380 con-

421 3411 702 3468 tinentiam
729 3412 1051 3483 diligentiam
1080 3414 1119 3467 ί.
1153 3414 1283 3482 Quis
1309 3423 1489 3471 autem
1514 3417 1617 3471 hoc
1638 3432 1744 3471 non
1772 3417 2011 3473 advertat

417 3502 475 3560 in
513 3518 581 3559 eo
607 3504 749 3574 quod
782 3505 939 3575 paulo
978 3514 1099 3576 post
1142 3506 1283 3563 idem
1311 3509 1584 3579 apostolus
1627 3510 1701 3565 ait
1733 3527 1746 3563 :
1779 3510 1878 3576 Qui
1903 3512 2011 3566 sine

416 3611 580 3653 mre
600 3606 694 3664 est,
720 3600 901 3668 cogitat
924 3615 983 3653 ea
1000 3616 1115 3670 qua!
1139 3611 1252 3656 sunt
1280 3601 1509 3667 Domini,
1535 3604 1787 3673 quomodo
1808 3604 2010 3675 placeat

418 3684 687 3753 Domino;
715 3690 799 3759 qui
828 3699 999 3745 autem
1023 3694 1345 3747 matrimonio
1369 3694 1581 3763 junctus
1601 3704 1673 3748 est
1693 3736 1708 3759 ,
1737 3696 1923 3765 cogitat
1948 3712 2010 3750 ea

417 3792 535 3846 qua:
557 3786 677 3831 sunt
712 3780 916 3845 mundi,
954 3782 1205 3851 quomodo
1234 3782 1431 3852 placeat
1457 3784 1626 3837 uxori.
1658 3782 1728 3837 Et
1756 3786 1916 3839 divisa
1935 3794 2007 3840 est

416 3870 599 3925 mulier
634 3872 847 3943 innupta
887 3883 932 3927 et
973 3875 1108 3944 virgo
1143 3891 1164 3929 :
1198 3891 1312 3944 quis
1349 3876 1563 3946 innupta
1596 3886 1669 3930 est
1693 3879 1746 3943 ³,
1786 3880 2006 3935 sollicita

417 3971 492 4016 est
514 3978 629 4033 qua
650 3971 767 4017 sunt
788 3962 1013 4030 Domini,
1041 3969 1096 4019 ut
1120 3966 1184 4019 sit
1202 3975 1379 4020 sancta
1403 3975 1449 4020 et
1473 3983 1686 4037 corpore
1711 3978 1760 4023 et
1786 3971 2004 4040 spiritu;

414 4066 530 4121 quat
552 4062 721 4107 autem
748 4066 907 4123 nupta
932 4064 1024 4123 est,
1051 4056 1271 4110 sollicita
1292 4066 1366 4111 est
1391 4074 1505 4127 quae
1528 4069 1644 4113 sunt
1664 4061 1860 4127 mundi,
1888 4079 2004 4131 quo-

413 4145 567 4198 modo
606 4146 799 4215 placeat
826 4150 932 4202 viro
963 4146 1006 4217 (ι
1023 4147 1141 4202 Cor.
1164 4164 1259 4215 vn,
1284 4150 1485 4221 δεδι.)
1507 4152 1528 4205 ?
1548 4151 1664 4207 Non
1683 4153 1861 4224 utique
1897 4156 1998 4223 ait,

412 4235 624 4307 Cogitat
646 4252 709 4292 ea
733 4254 852 4308 quae
876 4240 1176 4295 securitatis
1209 4248 1333 4295 sunt
1354 4244 1409 4296 in
1436 4242 1537 4297 hoc
1560 4245 1778 4310 saeculo,
1808 4254 1865 4300 ut
1886 4247 2002 4301 sine

410 4328 746 4396 gravioribus
781 4330 1040 4386 molestiis
1088 4340 1301 4401 tempus
1354 4334 1610 4406 transigat
1651 4353 1665 4403 ;
1709 4352 1885 4408 neque
1934 4339 2000 4395 ad

412 4419 515 4475 hoc
552 4420 777 4477 divisam
818 4422 945 4477 dicit
974 4422 1248 4493 innuptam
1278 4432 1334 4478 et
1369 4425 1627 4496 virginem
1672 4429 1740 4484 ab
1771 4445 1833 4485 ea
1879 4446 2001 4501 quae

411 4521 574 4582 nupta
595 4521 711 4580 est,
744 4514 796 4570 id
836 4523 918 4571 est
946 4515 1252 4571 distinctam
1291 4525 1450 4588 atque
1478 4518 1794 4588 discretam,
1828 4530 1885 4577 ut
1912 4524 1999 4577 in-

412 4610 575 4672 nupta
605 4605 658 4658 in
688 4604 789 4659 hac
826 4606 936 4660 vita
960 4621 1147 4661 secura
1178 4608 1250 4662 sit
1279 4618 1495 4678 propter
1520 4613 1845 4681 temporales
1881 4628 1998 4669 mo-

410 4694 593 4751 lestias
632 4695 933 4761 evitandas,
979 4697 1173 4766 quibus
1202 4692 1365 4769 nupta
1394 4719 1500 4757 non
1528 4712 1678 4759 caret
1706 4723 1718 4759 :
1750 4705 1865 4772 sed,
1894 4706 1996 4763 Co-

408 4788 553 4857 gitat,
584 4787 792 4857 inquit,
832 4804 945 4854 qua:
970 4798 1086 4845 sunt
1116 4790 1354 4859 Domini,
1385 4796 1635 4864 quomodo
1663 4798 1858 4868 placeat
1882 4798 1997 4853 Do~

409 4880 567 4945 mino,
600 4889 648 4934 et
685 4879 903 4935 sollicita
940 4890 1012 4936 est
1035 4899 1148 4953 quia
1183 4896 1299 4939 sunt
1334 4884 1537 4940 Domini
1567 4888 1610 4955 ³,
1639 4898 1693 4941 ut
1731 4889 1793 4943 sit
1818 4899 1996 4945 sancta

408 4978 455 5023 et
483 4986 693 5041 corpore
733 4980 781 5025 et
816 4973 1015 5043 spiritu.
1048 4972 1161 5029 Nisi
1200 4974 1337 5031 forte
1379 4992 1549 5048 usque
1594 4977 1727 5033 adeo
1769 4980 1994 5051 quisque

407 5061 723 5133 insipienter
767 5066 1128 5122 contentiosus
1177 5076 1290 5133 est,
1338 5078 1395 5123 ut
1434 5060 1656 5124 conetur
1709 5085 1988 5144 asserere,

406 5166 513 5209 non
554 5162 773 5225 propter
794 5171 1014 5227 regnum
1041 5158 1301 5214 caelorum
1322 5199 1339 5225 ,
1379 5159 1473 5215 sed
1510 5170 1725 5231 propter
1752 5177 1987 5233 prtesens

467 5330 584 5398 f§ic
616 5329 827 5398 editi.__At
846 5340 972 5393 Mss.,
997 5332 1308 5398 diligptdmn.

466 5392 489 5465 ξ
512 5391 877 5465 Er.,..1§t_divisa
897 5391 967 5444 est
1006 5391 1180 5465 mulier
1215 5400 1391 5465 nupta,
1431 5402 1477 5465 e_t
1508 5397 1640 5463 virgo
1661 5412 1770 5465 qua
1790 5401 1905 5465 innu

401 5456 475 5502 est
503 5465 521 5503 :
543 5453 748 5504 sollicita
769 5462 840 5506 est
864 5468 973 5515 quae
995 5463 1106 5506 sunt
1142 5453 1347 5508 Domini.
1374 5453 1517 5510 Multo
1539 5453 1818 5513 mendosius
1840 5453 1988 5516 editio

401 5520 666 5588 bouqiost,
705 5516 891 5587 placeat
918 5517 1104 5588 uxori,‘
1123 5523 1432 5588 prosequitur
1459 5525 1529 5572 sic
1567 5538 1580 5573 :
1613 5530 1659 5575 et
1683 5523 1864 5588 diuisus
1896 5533 1984 5578 est.

400 5556 1425 5646 ᾗιῖἱιίὲῖἓὶξωῖι’τιῆἷι⁹ιὶᾷ›ι’ἆ”ἓὸὶὶῇέέὶανὶἓὶ¹ἷιίῖῖἑ
1441 5556 1549 5634 sibi:
1567 5556 1984 5638 ὀὶἶιὲἕιέῗὲἒᾶίῖἒ

400 5638 778 5713 ξἫᾳμιιιιιοιίυε
793 5638 888 5713 ope
912 5638 1353 5713 vetustissimorum
1385 5646 1616 5711 codicum,
1644 5649 1723 5699 hic
1747 5654 1797 5698 et
1819 5662 1982 5713 supra,

400 5696 448 5746 in
462 5696 593 5766 libro
615 5700 677 5747 de
702 5696 1105 5766 Bono'ttonjugali,
1122 5718 1227 5766 cap.
1250 5706 1325 5757 10.

468 5720 593 5745 ιωιύ
615 5720 677 5747 ut:
704 5720 828 5749 bono
844 5720 1105 5766 (nulugatl,
1122 5720 1174 5754 C3
1216 5742 1227 5753 .
1250 5720 1325 5757 ‘IU.

466 5760 685 5835 flnyss.
710 5764 963 5835 emittitur,
989 5720 1224 5829 quammib
1260 5768 1448 5834 placeat
1472 5770 1689 5835 Domino,
1713 5780 1759 5825 et
1779 5771 1987 5828 sollicita

399 5824 470 5869 est
484 5830 596 5881 qua
616 5828 725 5870 sunt
750 5824 955 5876 Domini.

1391 353 1479 411 DE
1515 350 1783 413 SANCTA
1822 348 2284 418 VIRGINITATE,
2328 351 2387 408 S.
2429 351 2798 410 AUGUSTINI

3632 364 3744 421 408

2149 463 2404 520 steculum
2458 465 2682 521 Domino
2726 465 2939 537 placere
2988 472 3087 523 nos
3138 468 3278 525 velle
3297 511 3314 539 ,
3376 480 3468 528 aut
3521 487 3745 546 prOpter

2143 555 2308 610 'vitam
2340 556 2515 622 istam,
2557 572 2665 612 non
2710 567 2927 628 propter
2954 567 3210 616 teter-nam
3265 577 3387 618 esse
3430 574 3649 622 sanctas
3691 578 3747 626 et

2146 660 2369 716 corpore
2396 656 2450 703 et
2468 648 2678 719 spiritu.
2724 648 2838 704 Hoc
2876 650 3128 719 credere,
3161 652 3287 723 quid
3309 663 3393 710 est
3420 656 3600 724 aliud,
3640 661 3745 717 nisi

2146 737 2587 794 miserabiliorem
2628 753 2749 795 esse
2788 741 3037 795 omnibus
3072 740 3378 800 hominibus
3405 744 3431 798 ἲ
3462 746 3553 801 Sic
3594 750 3743 806 enim

2144 828 2431 897 Apostolus
2475 831 2552 885 ait
2580 848 2594 885 :
2624 830 2687 886 Si
2731 832 2785 884 in
2814 831 2909 885 hac
2935 833 3037 887 vita
3073 843 3269 888 tantum
3308 837 3362 890 in
3390 836 3598 893 Christo
3627 858 3745 911 spe-

2143 927 2311 973 rantes
2337 936 2539 989 sumus,
2569 922 2953 978 miserabiliores
2979 940 3154 978 sumus
3189 928 3417 981 omnibus
3447 930 3743 987 hominibus

2145 1008 2202 1081 (I
2254 1008 2375 1065 Cor.
2428 1027 2528 1079 xv,
2582 1011 2704 1083 l9).
2756 1015 2837 1068 An
2866 1030 2994 1069 vero
3021 1017 3111 1085 qui
3137 1014 3333 1088 frangit
3361 1034 3557 1088 panem
3579 1036 3742 1078 suum

2143 1100 2432 1168 esurienti,
2466 1103 2512 1157 si
2538 1110 2744 1158 tantum
2769 1115 2985 1176 propter
3010 1106 3148 1161 hanc
3176 1109 3338 1164 vitam
3362 1109 3508 1177 facit,
3539 1113 3742 1171 stultus

2142 1199 2225 1246 est
2255 1209 2270 1258 ;
2298 1199 2353 1248 et
2392 1193 2481 1247 ille
2510 1195 2611 1249 erit
2649 1195 2918 1265 prudens,
2963 1198 3057 1267 qui
3096 1199 3320 1272 castigat
3346 1216 3547 1273 corpus
3577 1218 3741 1261 suum

2142 1296 2309 1353 usque
2328 1284 2395 1339 ad
2432 1286 2815 1341 continentiam
2838 1330 2853 1355 ,
2880 1303 2983 1359 qua
3011 1304 3110 1344 nec
3134 1291 3381 1363 coniugio
3405 1294 3740 1364 misceatur,

2140 1373 2187 1428 si
2210 1375 2259 1430 ei
2286 1375 2418 1430 nihil
2446 1376 2687 1447 proderit
2713 1378 2770 1432 in
2788 1393 2954 1449 regno
2974 1381 3231 1436 caelorum
3259 1384 3283 1437 ‘i

2210 1486 2437 1544 CAPUT
2473 1488 2662 1545 XXIII.
2685 1491 2863 1548 —2'5.
2912 1492 3150 1564 Idipsum
3193 1496 3435 1566 probatur
3471 1514 3538 1552 es;
3574 1502 3745 1555 verbis

2139 1577 2365 1634 Domini.
2389 1580 2669 1638 Postremo
2689 1584 2860 1654 ipsum
2889 1586 3172 1642 Dominum
3200 1588 3481 1645 audiamus
3507 1592 3741 1648 eviden-

2139 1671 2394 1727 tissimam
2418 1674 2555 1729 hanc
2583 1677 2899 1731 sententiam
2926 1678 3305 1748 proferentem.
3331 1681 3463 1738 Nam
3499 1700 3637 1740 cum
3669 1687 3734 1743 de

2138 1762 2449 1832 conjugibus
2496 1779 2603 1819 non
2658 1768 2969 1836 separandis
3018 1769 3119 1823 nisi
3160 1784 3321 1827 causa
3354 1771 3742 1831 fornicationis

2138 1852 2315 1911 divine
2352 1870 2416 1911 ac
2459 1857 2768 1913 terribiliter
2812 1860 3152 1930 loqueretur,
3190 1865 3439 1920 dixerunt
3472 1870 3525 1921 ei
3572 1868 3743 1922 disci-

2138 1946 2291 2016 puli:
2325 1946 2387 2003 Si
2414 1948 2529 2002 talis
2559 1959 2632 2004 est
2673 1967 2829 2005 causa
2872 1969 2986 2006 cum
3021 1970 3209 2023 uxore,
3257 1973 3358 2011 non
3399 1960 3615 2028 expedit
3650 1978 3743 2013 nu-

2136 2036 2267 2092 bere.
2300 2037 2503 2105 Quibus
2532 2040 2619 2096 ille
2652 2058 2665 2095 :
2699 2040 2820 2096 Non
2845 2060 3037 2111 omnes,
3063 2045 3255 2115 inquit,
3287 2048 3496 2118 capiunt
3523 2051 3740 2105 verbum

2136 2128 2248 2182 hoc.
2274 2128 2409 2184 Sunt
2437 2131 2569 2185 enim
2587 2133 2835 2203 spadones
2858 2136 2943 2204 qui
2970 2136 3042 2189 ita
3074 2138 3180 2191 nati
3208 2147 3328 2192 sunt
3356 2155 3379 2204 ;
3411 2151 3528 2194 sunt
3558 2152 3740 2196 autem

2133 2222 2226 2276 alii
2260 2224 2347 2293 qui
2380 2224 2442 2277 ab
2471 2225 2753 2279 hominibus
2782 2228 2901 2297 facti
2926 2238 3040 2282 sunt
3066 2245 3086 2294 ;
3125 2239 3172 2283 et
3196 2240 3312 2284 sunt
3348 2232 3615 2302 spadones
3658 2237 3741 2304 qui

2133 2332 2186 2368 se
2208 2316 2342 2386 ipsos
2365 2328 2709 2372 castraverunt
2738 2331 2942 2390 propter
2967 2335 3173 2388 regnum
3202 2322 3441 2378 caelorum
3465 2341 3485 2379 :
3514 2328 3616 2397 qui
3651 2340 3740 2397 pa-

2134 2414 2224 2459 test
2253 2424 2448 2477 capere,
2477 2412 2642 2479 capiat
2671 2408 2881 2481 (Matth.
2911 2428 3016 2478 XIX,
3050 2413 3259 2487 10-12).
3288 2415 3424 2483 Quid
3452 2420 3735 2483 veracius,

2130 2499 2255 2568 quid
2312 2500 2534 2555 lucidius
2581 2502 2685 2556 dici
2748 2503 2976 2572 potuit?
3021 2504 3264 2561 Christus
3305 2507 3467 2575 dicit,
3510 2507 3737 2567 Veritas

2130 2591 2279 2659 dicit,
2314 2594 2494 2649 Virtus
2519 2604 2569 2650 et
2598 2594 2868 2666 Sapientia
2899 2597 2993 2653 Dei
3022 2598 3184 2666 dicit,
3216 2614 3313 2655 eos
3339 2602 3430 2670 qui
3474 2602 3570 2671 pio
3604 2618 3737 2672 pro-

2128 2687 2302 2754 posito
2330 2688 2398 2742 ab
2438 2704 2602 2744 uxore
2640 2689 2881 2745 ducenda
2924 2707 2983 2745 se
3024 2692 3387 2747 continuerint
3414 2735 3428 2758 ,
3479 2705 3736 2752 castrare

2126 2794 2187 2835 se
2206 2781 2351 2849 ipsos
2374 2791 2590 2851 pr0pter
2614 2797 2833 2853 regnum
2860 2784 3119 2839 caelorum
3149 2802 3165 2851 ;
3194 2793 3251 2840 et
3272 2794 3458 2841 contra
3483 2786 3734 2843 humana

2124 2873 2330 2927 vanitas
2376 2872 2536 2943 impia
2589 2875 2886 2931 temeritate
2928 2876 3227 2944 contendit,
3259 2892 3353 2933 eos
3382 2879 3473 2948 qui
3502 2879 3620 2935 hoc
3661 2882 3735 2937 fa-

2124 2964 2300 3032 ciunt,
2345 2974 2664 3035 praesentem
2696 2969 3067 3025 tantummodo
3110 2972 3483 3027 necessitatem
3531 2975 3725 3030 mole-

2122 3059 2343 3113 stiarum
2373 3060 2730 3131 conjugalium
2756 3060 3013 3128 devitarc,
3052 3063 3104 3117 in
3135 3078 3297 3133 regno
3323 3073 3501 3120 autem
3549 3066 3732 3125 ρειὶο-

2120 3165 2239 3205 rum
2259 3151 2487 3220 amplius
2511 3151 2797 3222 quidquam
2822 3153 3030 3208 caeteris
3058 3168 3166 3209 non
3197 3154 3437 3211 habere?

2190 3260 2415 3318 CAPUT
2452 3261 2643 3317 XXIV.
2682 3292 2756 3304 —
2789 3263 2880 3318 24.
2922 3264 3055 3319 Item
3093 3282 3156 3321 ea:
3191 3268 3350 3322 verbis
3388 3265 3576 3322 Isaiae.
3613 3270 3731 3325 Ec.

2119 3352 2272 3406 clesia
2300 3369 2511 3423 regnum
2542 3354 2783 3409 caelorum
2826 3371 2920 3409 cur
2958 3357 3234 3427 appellata.
3282 3358 3359 3413 De
3383 3359 3593 3430 quibus
3626 3378 3728 3419 au-

2119 3450 2225 3497 tem
2254 3444 2581 3513 spadonibus
2603 3445 2837 3516 loquitur
2865 3448 3007 3503 Deus
3026 3464 3125 3518 per
3154 3450 3339 3506 Isaiam
3367 3453 3729 3525 prophetam,

2116 3535 2309 3605 quibus
2338 3551 2396 3591 se
2436 3535 2565 3592 dicit
2593 3537 2840 3594 daturum
2870 3540 2924 3594 in
2950 3541 3110 3596 domo
3137 3557 3231 3596 sua
3261 3552 3317 3599 et
3340 3544 3392 3598 in
3421 3559 3591 3600 muro
3626 3562 3729 3603 suo

2117 3625 2290 3681 locum
2339 3628 2690 3696 nominatum,
2728 3631 3003 3686 meliorem
3051 3634 3218 3688 multo
3264 3650 3420 3705 quam
3472 3636 3730 3693 ﬁliorum

2113 3725 2272 3786 atque
2298 3718 2544 3786 liliarum,
2582 3720 2683 3774 nisi
2714 3720 2782 3775 de
2808 3721 2890 3777 his
2915 3724 3005 3793 qui
3036 3739 3096 3779 se
3123 3726 3266 3795 ipsos
3307 3736 3554 3783 castraut
3585 3745 3725 3801 pro—

2113 3815 2233 3877 pter
2262 3822 2482 3878 regnum
2509 3810 2810 3867 cmlorum?
2837 3812 2971 3867 Nam
2999 3815 3102 3871 illis
3129 3817 3320 3886 quibus
3348 3819 3524 3889 ipsum
3558 3823 3727 3880 virile

2111 3898 2409 3953 membrum
2440 3900 2765 3970 debilitatur,
2796 3914 2852 3959 ut
2878 3920 3136 3975 generare
3165 3923 3277 3963 non
3303 3911 3532 3979 possint,
3571 3914 3724 3970 sicut

2110 3997 2235 4043 sunt
2262 3990 2491 4045 eunuchi
2521 3992 2745 4048 divitum
2784 4003 2839 4049 et
2892 4012 3075 4067 regum
3097 4040 3111 4065 ,
3146 3998 3342 4055 sufﬁcit
3367 4001 3553 4071 utique
3587 4020 3722 4061 cum

2111 4079 2386 4136 christiani
2420 4085 2568 4149 ﬁunt,
2599 4095 2652 4140 et
2672 4086 2767 4141 Dei
2790 4098 3055 4160 praecepta
3078 4092 3403 4159 custodiunt,
3426 4110 3494 4150 eo
3522 4106 3721 4154 tamen

2112 4174 2385 4243 proposito
2422 4185 2565 4243 sunt,
2595 4186 2654 4231 nt
2692 4180 2945 4250 conjuges
2992 4182 3039 4236 si
3078 4184 3375 4252 potuissent
3413 4186 3716 4258 baberent,

2107 4266 2318 4319 caneris
2348 4267 2400 4320 in
2443 4266 2604 4323 domo
2632 4268 2729 4324 Dei
2770 4273 3066 4343 conjugatis
3111 4273 3359 4333 ﬁdelibus
3401 4279 3713 4353 adaequari,

2106 4356 2195 4425 qui
2228 4357 2430 4425 prolem
2457 4358 2601 4415 licite
2626 4360 2923 4432 pudiceque
2948 4376 3247 4436 susceptam
3291 4370 3343 4423 in
3370 4370 3463 4425 Dei
3497 4372 3715 4433 timore

2107 4447 2375 4513 nutriunt,
2407 4448 2666 4506 ducentes
2694 4453 2830 4508 ﬁlios
2853 4470 2979 4511 suos
3010 4465 3067 4510 ut
3098 4471 3295 4527 ponant
3324 4461 3377 4515 in
3402 4463 3514 4519 Deo
3545 4481 3715 4537 spem

2104 4550 2284 4603 suam;
2330 4553 2435 4594 non
2474 4549 2650 4597 autem
2700 4545 2946 4615 accipere
2993 4548 3268 4605 meliorem
3317 4552 3495 4609 locum
3535 4574 3715 4626 quam

2104 4638 2186 4683 est
2212 4628 2442 4685 ﬁliorum
2463 4641 2623 4703 atque
2652 4634 2899 4691 ﬁliarum.
2922 4637 3104 4710 Neque
3132 4642 3273 4696 enim
3300 4659 3496 4701 uxores
3524 4651 3711 4708 animi

2102 4720 2319 4789 virtute,
2344 4722 2438 4777 sed
2466 4726 2645 4780 carnis
2668 4729 2986 4785 necessitate
3010 4746 3116 4787 non
3140 4732 3355 4790 ducunt.
3387 4737 3711 4799 Contendat

2100 4826 2230 4867 sane
2257 4814 2347 4883 qui
2376 4815 2605 4871 voluerit
2632 4818 2697 4873 de
2729 4820 2809 4874 his
2853 4821 3175 4892 Prophetam
3220 4827 3551 4897 spadonibus
3595 4833 3709 4890 hoc

2100 4906 2506 4976 prmnuntiasse,
2537 4911 2626 4980 qui
2653 4925 2879 4982 corpore
2907 4916 3101 4971 abscisi
3130 4928 3254 4973 sunt
3287 4937 3300 4974 :
3329 4920 3430 4976 iste
3472 4939 3705 4997 quoque

2099 5009 2252 5052 error
2301 5012 2477 5055 causae
2523 5018 2682 5074 quam
2735 5007 3065 5078 suscepimus
3108 5011 3447 5084 suffragatur.
3502 5017 3705 5090 Neque

2099 5090 2239 5144 enim
2270 5092 2534 5162 spadones
2564 5096 2694 5152 istos
2722 5099 2803 5154 eis
2829 5100 2918 5170 qui
2943 5102 2995 5155 in
3026 5102 3182 5159 domo
3211 5106 3326 5176 cjus
3355 5109 3565 5165 nullum
3596 5111 3704 5167 ha-

2096 5181 2225 5237 bent
2255 5184 2431 5240 locum
2462 5190 2695 5257 praetulit
2722 5190 2884 5259 Deus,
2920 5194 3013 5250 sed
3044 5196 3121 5251 eis
3150 5199 3332 5270 utique
3356 5202 3447 5272 qui
3473 5202 3528 5257 in
3562 5206 3701 5263 ﬁliis

2096 5278 2411 5345 generandis
2453 5281 2744 5353 conjugalis
2786 5286 2908 5341 vitae
2964 5290 3211 5346 meritum
3261 5304 3495 5349 servant.
3546 5296 3693 5354 Nam

2096 5380 2217 5420 cum
2245 5368 2392 5438 dicit,
2412 5369 2557 5426 Dabo
2575 5374 2646 5428 eis
2674 5376 2838 5430 locum
2866 5380 3022 5434 multo
3047 5382 3331 5451 meliorem;
3365 5389 3605 5446 ostendit
3632 5403 3699 5449 et

2093 5460 2387 5531 conjugatis
2416 5462 2551 5532 dari,
2583 5466 2677 5521 sed
2722 5470 2890 5525 multo
2929 5471 3255 5531 inferiorem.
3297 5476 3364 5534 Ut
3393 5494 3523 5550 ergo
3553 5498 3697 5538 con-

2092 5550 2345 5607 cedamus
2385 5554 2441 5608 in
2480 5555 2641 5611 domo
2686 5559 2782 5615 Dei
2826 5563 3108 5631 prtedictos
3157 5567 3359 5624 futuros
3398 5574 3695 5632 eunuchos

2091 5644 2382 5699 secundum
2412 5662 2650 5713 carnem,
2681 5652 2767 5721 qui
2799 5654 2849 5707 in
2875 5657 3073 5725 popqu
3098 5657 3264 5715 Israel
3291 5677 3395 5717 non
3426 5663 3689 5734 fuerunt;

2090 5737 2212 5805 quia
2257 5746 2309 5791 et
2342 5740 2485 5806 ipsos
2514 5741 2752 5798 videmus
2781 5762 2904 5801 cum
2948 5749 3116 5804 Judaei
3161 5768 3266 5809 non
3313 5756 3460 5822 ﬁant,
3494 5766 3691 5819 tamen

2092 5828 2207 5885 ﬁeri
2233 5829 2582 5903 christianos;
2628 5852 2725 5893 nec
2748 5838 2814 5894 de
2844 5840 2947 5899 illis
2972 5842 3179 5903 dixisse
3208 5847 3549 5923 Prophetam,
3579 5859 3683 5926 qui
