3930 6368
180 394 268 454 ιω

192 513 451 589 proposito
495 513 883 571 continentia:
934 515 1182 588 coniugia
1226 530 1334 573 non
1375 523 1679 589 quat-entes
1698 556 1715 583 ,
1763 530 1823 572 se

206 616 334 688 ipsos
356 620 603 668 castraut
628 621 871 683 propter
910 627 1137 684 regnum
1165 612 1425 668 calorum
1454 630 1468 667 :
1497 612 1643 667 itane
1671 619 1820 667 tanta

217 708 466 766 dementia
519 706 822 777 quisquam
880 716 967 761 est
1012 706 1313 761 contrarius
1363 705 1603 770 veritati,
1646 713 1706 758 ut
1761 704 1818 760 in

218 816 363 859 carne
380 798 555 855 factos
574 797 869 853 eunuchos
890 799 1171 853 meliorem
1192 812 1352 868 quam
1373 797 1716 868 conjugatos‘
1739 797 1820 852 lo-

224 908 328 949 cum
365 893 419 945 in
464 891 637 946 domo
680 890 782 945 Dei
825 889 1030 945 habere
1071 889 1274 957 credat,
1307 897 1360 947 et
1405 890 1495 959 pio
1541 889 1818 959 proposito

218 986 563 1050 continentes,
590 998 798 1053 corpus
826 998 995 1053 usque
1018 982 1086 1038 ad
1110 992 1444 1052 contemptas
1479 983 1694 1053 nuptias
1730 997 1820 1038 ca-

216 1079 487 1148 stigantes,
516 1091 580 1131 se
620 1076 773 1146 ipsos
819 1090 927 1130 non
965 1076 1017 1129 in
1056 1089 1301 1144 corpore,
1331 1074 1426 1130 sed
1458 1075 1511 1128 in
1551 1074 1665 1143 ipsa
1691 1089 1820 1130 con-

212 1170 558 1239 cupiscentiae
584 1166 774 1224 radice
801 1176 1115 1233 castrantes,
1147 1166 1421 1221 caelestem
1446 1174 1500 1220 et
1524 1165 1817 1236 angelicam

1640 388 1848 450 LIBER
1884 391 2086 451 UNUS.

3414 418 3522 477 ΗΟ

1928 531 2055 573 men
2091 518 2293 617 dictum
2326 532 2430 596 est,
2464 527 2607 598 quod
2635 543 2729 588 eos
2754 533 2945 604 quibus
2978 536 3153 607 datur,
3183 540 3459 617 distinguit
3485 563 3515 603 a

1929 612 2160 668 caeteris.

1999 701 2226 761 CAPUT
2263 706 2453 765 XXVI.
2476 740 2549 751 —
2572 711 2663 768 26.
2698 712 2925 786 Objectio
2951 720 3013 773 de
3039 722 3248 779 denario
3278 729 3511 785 omnibus

1926 796 2205 866 reddendo,
2238 810 2416 856 contra
2456 803 2791 861 diversitatem
2836 814 3180 881 prwmiorum.
3228 818 3365 887 Quid
3412 823 3515 879 sibi

1928 900 2057 957 ergo
2079 889 2211 956 vult,
2230 891 2492 962 inquiunt,
2512 897 2599 952 ille
2615 897 2879 967 denarius,
2902 905 2992 972 qui
3017 921 3179 975 opere
3208 910 3375 966 vineae
3405 922 3515 969 ter-

1930 978 2134 1034 minato
2160 985 2435 1051 arqualiter
2458 989 2701 1045 omnibus
2736 991 3004 1059 redditur;
3047 997 3158 1052 sive
3208 1000 3271 1053 iis
3314 1006 3402 1071 qui
3447 1022 3515 1061 ex

1930 1071 2101 1140 prima
2126 1074 2278 1144 hora,
2298 1078 2411 1133 sive
2433 1080 2498 1136 iis
2519 1082 2609 1151 qui
2635 1099 2736 1137 una
2765 1084 2894 1139 hora
2916 1092 3121 1156 operati
3148 1101 3271 1147 sunt
3298 1094 3509 1163 (Matth.

1928 1175 2019 1227 xx,
2048 1162 2140 1233 9)?
2168 1164 2302 1233 Quid
2332 1170 2530 1240 utique,
2562 1172 2663 1227 nisi
2690 1175 2886 1245 aliquid
2915 1178 3197 1248 significat,
3221 1162 3361 1253 quad
3392 1200 3511 1258 om.-

211 1263 374 1317 vitam
414 1262 469 1315 in
513 1272 735 1316 terrena
762 1258 1085 1314 mortalitate
1122 1257 1463 1325 meditantes,
1504 1257 1818 1329 conjugato-

206 1370 326 1408 rum
370 1353 586 1408 meritis
640 1366 800 1421 pares
832 1364 951 1406 esse
977 1349 1299 1416 contendat;
1343 1357 1398 1405 et
1442 1348 1655 1406 Christo
1705 1351 1821 1405 lau-

205 1444 356 1498 danti
383 1457 483 1498 eos
508 1442 604 1513 qui
635 1456 696 1497 se
722 1442 867 1511 ipsos
889 1448 1276 1504 castraverunt,
1306 1455 1413 1495 non
1454 1451 1674 1511 propter
1716 1441 1820 1496 hoc

202 1535 495 1600 saeculum,
534 1532 636 1588 sed
678 1539 897 1603 propter
922 1547 1148 1601 regnum
1189 1531 1471 1599 cmlorum,
1498 1531 1820 1588 cbristianus

203 1624 571 1690 contradicat,
603 1623 881 1679 afﬁrmans
921 1623 1023 1679 hoc
1055 1624 1177 1678 vitae
1224 1625 1473 1692 praesenti
1508 1639 1628 1679 esse
1665 1624 1816 1693 utile,

200 1731 313 1771 non
362 1715 606 1770 tutum?
634 1714 776 1782 Quid
824 1714 968 1769 aliud
1018 1715 1133 1769 istis
1172 1724 1357 1781 restat,
1402 1714 1505 1770 nisi
1549 1725 1609 1769 ut
1647 1717 1819 1786 ipsum

199 1822 440 1877 regnum
472 1807 741 1863 ccelorum
768 1804 838 1859 ad
864 1805 1005 1860 hanc
1029 1806 1380 1875 temporalem
1409 1806 1594 1875 vitam,
1628 1808 1680 1862 in
1716 1824 1820 1878 qua

199 1914 361 1954 nunc
380 1912 594 1963 sumus,
622 1907 866 1952 asserant
899 1896 1207 1968 pertinere?
1232 1896 1341 1953 Cur
1368 1898 1512 1954 enim
1548 1914 1654 1953 non
1685 1908 1739 1955 et
1765 1901 1821 1957 in

198 1990 360 2046 hanc
397 1989 666 2043 insaniam
704 1987 1082 2059 progrediatur
1129 2002 1268 2044 caeca
1317 1992 1705 2061 prmsumptio?
1752 1991 1823 2048 Et

206 2083 359 2153 quid
411 2082 518 2137 hac
575 2083 861 2137 assertione
914 2081 1204 2138 furiosius?
1257 2081 1392 2138 Nam
1448 2085 1552 2139 etsi
1597 2101 1820 2155 regnum

1928 1268 2026 1310 nes
2050 1260 2404 1316 communiter
2424 1263 2715 1334 habebunt,
2737 1268 2892 1323 sicuti
2915 1280 2997 1324 est
3020 1272 3133 1342 ipsa
3158 1275 3261 1328 vita
3290 1287 3508 1346 aeterna,

1928 1344 2101 1415 ipsum
2128 1364 2357 1419 regnum
2382 1354 2662 1422 ccelorum,
2688 1358 2776 1412 ubi
2816 1370 2971 1415 erunt
2995 1378 3183 1418 omnes
3210 1380 3343 1435 quos
3378 1344 3518 1423 Deus

1928 1437 2350 1509 praedestinavit,
2370 1446 2599 1511 vocavit,
2618 1446 2951 1517 justiﬁeavit,
2970 1454 3320 1522 glorifteavit?
3349 1456 3517 1528 Opor-

1930 1534 1996 1581 tet
2035 1531 2167 1583 enim
2210 1535 2536 1605 corruptibile
2581 1538 2673 1592 hoc
2718 1541 2927 1597 induere
2970 1545 3427 1617 incorruptionem,
3472 1562 3521 1607 et

1928 1622 2143 1677 mortale
2182 1624 2276 1679 hoc
2324 1626 2533 1683 induere
2575 1631 3003 1691 immortalitatem
3028 1655 3046 1691 :
3074 1640 3161 1696 hic
3190 1653 3272 1696 est
3302 1645 3392 1698 ille
3420 1647 3518 1700 de-

1928 1714 2129 1779 narius,
2161 1730 2369 1772 merces
2394 1722 2653 1776 omnium.
2690 1723 2856 1779 Stella
2884 1716 3062 1783 tamen
3081 1731 3143 1784 ab
3175 1734 3318 1786 stella
3347 1735 3519 1802 (li/fert

1927 1803 1981 1856 in
2008 1805 2210 1874 gloria;
2244 1809 2318 1861 sic
2343 1820 2387 1863 et
2411 1816 2706 1868 resurrectio
2731 1828 3044 1873 mortuorum
3062 1838 3081 1875 :
3110 1823 3225 1878 haec
3250 1837 3375 1879 sunt
3407 1843 3519 1883 tne-

1928 1896 2027 1951 rita
2054 1899 2263 1955 diversa
2290 1916 2615 1962 sanctorum.
2642 1908 2697 1963 Si
2724 1913 2865 1964 enim
2907 1914 3104 1969 cmlum
3130 1918 3521 1987 signiﬁcaretur

1928 1988 2021 2045 illo
2060 1992 2298 2059 denario,
2342 2012 2520 2053 nonne
2559 2000 2613 2054 in
2660 2003 2797 2057 coalo
2835 2020 2954 2060 esse
2982 2010 3228 2063 omnibus
3258 2021 3339 2064 est
3367 2028 3518 2067 com-

1928 2095 2091 2137 mune
2134 2083 2435 2140 sideribus?
2482 2089 2551 2143 Et
2581 2098 2757 2145 tamen
2789 2096 2891 2147 alia
2918 2106 2988 2149 est
3035 2099 3201 2168 gloria
3229 2102 3370 2167 solis,
3415 2104 3521 2159 alia

213 2176 498 2231 caelorum
537 2174 813 2245 aliquando
842 2174 1087 2231 Ecclesia
1116 2177 1276 2231 etiam
1303 2192 1422 2248 quae
1451 2177 1554 2233 hoc
1580 2189 1822 2250 tempore

213 2275 329 2334 est,
360 2266 696 2336 appellatur;
741 2266 804 2321 ad
852 2268 955 2322 hoc
998 2267 1180 2337 utique
1222 2270 1301 2323 sic
1348 2270 1664 2340 appellatur,
1699 2275 1822 2343 quia

217 2357 413 2414 futurae
445 2360 571 2413 vita:
610 2361 1056 2431 sempimrnaaque
1094 2360 1379 2431 colligitur.
1413 2363 1666 2431 Quamvis
1693 2381 1822 2437 ergo

217 2455 638 2525 promissionem
663 2454 857 2509 habeat
876 2455 999 2510 vitae
1022 2456 1303 2526 praesentis
1323 2464 1377 2510 et
1395 2455 1586 2512 futura:
1604 2458 1655 2525 (Ι
1682 2456 1818 2514 Tim.

220 2564 285 2612 tv,
312 2549 403 2619 8);
440 2548 497 2602 in
545 2547 803 2602 omnibus
844 2555 1023 2602 tamen
1064 2547 1219 2603 bonis
1264 2550 1518 2619 operibus
1558 2549 1670 2605 suis
1712 2566 1823 2607 non

218 2640 429 2709 reSpicit
455 2654 576 2709 qua
598 2639 856 2707 videntur,
880 2638 970 2694 sed
992 2654 1106 2710 quae
1132 2656 1235 2694 non
1254 2641 1505 2694 videntur.
1534 2640 1660 2705 Quae
1688 2644 1821 2697 enim

219 2731 466 2799 ridentur,
509 2733 824 2802 temporalia
869 2740 1024 2799 sunt;
1065 2748 1179 2804 quae
1218 2742 1387 2789 autem
1428 2751 1531 2789 non
1567 2734 1818 2806 videntur,

220 2836 398 2880 eterna
430 2825 511 2897 (Il
545 2824 672 2879 Cor.
705 2841 779 2891 tv,
809 2825 924 2897 18).

283 2919 511 2976 CAPUT
568 2919 745 2974 XXV.
796 2950 867 2961 —-
914 2919 1008 2975 25.
1060 2918 1257 2976 Isaiam
1322 2920 1459 2993 loqui
1506 2923 1570 2977 de
1633 2932 1820 2981 aeterno

206 3012 423 3081 prande
449 3010 774 3081 spadonibus
817 3011 1080 3081 promisso.
1121 3010 1232 3067 Nec
1276 3026 1407 3068 sane
1443 3012 1671 3083 Spiritus
1698 3030 1823 3070 san-

219 3110 324 3156 ctus
352 3102 523 3157 tacuit
554 3100 707 3172 quod
742 3109 927 3157 contra
970 3102 1100 3157 istos
1141 3103 1603 3173 impudentissime
1638 3119 1701 3161 ac
1725 3106 1822 3161 de-

224 3195 554 3248 mentissime
603 3193 916 3263 pervicaces
955 3202 1201 3263 apertum
1241 3202 1400 3263 atque
1446 3194 1820 3251 inconcussum

220 3288 438 3351 valeret,
468 3300 776 3355 eorumque
818 3285 1108 3341 belluinum
1160 3285 1416 3357 impetum
1458 3288 1525 3342 ab
1566 3289 1691 3343 ovili
1723 3304 1822 3344 suo

216 3377 624 3451 inexpugnabili
653 3378 951 3434 munitione
978 3380 1289 3449 repelleret.
1320 3380 1455 3435 Cum
1485 3383 1629 3436 enim
1658 3382 1824 3438 dixis-

216 3484 285 3530 set
309 3475 385 3529 de
420 3472 780 3543 Spadonibus,
826 3470 966 3526 Dabo
994 3473 1063 3527 eis
1090 3475 1143 3527 in
1170 3473 1318 3528 domo
1358 3491 1470 3528 mea
1499 3484 1544 3529 et
1578 3476 1630 3528 in
1674 3468 1822 3532 muro

220 3584 324 3621 meo
362 3568 539 3620 locum
577 3566 916 3631 nominatum,
948 3565 1205 3619 meliorem
1240 3566 1399 3620 multo
1424 3583 1574 3637 quant
1600 3568 1823 3635 ﬁliorum

219 3667 373 3730 atque
416 3657 679 3726 ﬁliarum;
718 3672 787 3711 ne
811 3655 930 3726 quis
968 3655 1191 3710 nimium
1228 3657 1458 3712 carnalis
1493 3659 1824 3715 existimaret

213 3748 427 3819 aliquid
460 3749 515 3802 in
550 3748 631 3802 his
658 3747 842 3803 verbis
872 3750 1165 3818 temporale
1191 3750 1536 3820 sperandum,
1570 3754 1825 3809 continuo

212 3842 472 3911 subjecit,
499 3838 706 3895 Nomen
728 3848 973 3895 «ternum
1006 3840 1135 3895 dabo
1175 3842 1266 3908 eis,
1292 3859 1381 3897 nec
1418 3860 1641 3914 unquam
1666 3845 1823 3900 deerit

216 3933 366 4004 (lui.
395 3948 511 3995 va,
542 3933 598 3999 4,
630 3931 685 4003 5)
714 3951 729 3987 :
758 3941 1008 4002 tanquam
1038 3932 1262 4000 diceret,
1292 3933 1429 4000 Quid
1459 3936 1823 4004 tergiversaris

218 4026 379 4097 impia
426 4024 689 4080 caecitas?
733 4026 859 4096 quid
912 4026 1317 4096 tergiversaris?
1360 4027 1496 4095 Quid
1546 4031 1824 4086 serenitati

221 4120 465 4175 veritatis
494 4118 722 4173 nebulas
763 4126 867 4172 tua:
905 4120 1269 4188 perversitatis
1295 4118 1565 4174 offundis?
1604 4122 1728 4191 quid
1770 4123 1824 4177 in

222 4220 368 4266 tanta
394 4211 801 4281 Scripturarum
826 4211 947 4265 luce
986 4212 1231 4267 tenebras
1259 4212 1401 4268 unde
1437 4213 1706 4269 insidieris
1740 4216 1823 4269 in-

224 4304 393 4373 quiris
409 4303 435 4355 ?
464 4301 605 4368 Quid
627 4302 975 4370 temporalem
999 4303 1368 4358 tantummodo
1390 4304 1673 4359 utilitatem
1701 4321 1825 4375 pro-

227 4395 395 4448 mittis
438 4393 835 4449 continentibus
882 4393 1120 4449 sanctis?
1162 4392 1367 4449 Nomen
1405 4405 1648 4451 internum
1694 4397 1824 4453 dabo

230 4490 314 4541 eis.
345 4485 493 4555 Quid
520 4486 589 4540 ab
623 4487 768 4540 omni
799 4486 1083 4541 concubitu
1120 4486 1405 4554 immunes,
1438 4497 1492 4544 et
1519 4504 1584 4545 eo
1612 4505 1825 4560 quoque

233 4579 343 4648 ipso
368 4593 479 4649 quo
500 4578 623 4632 hinc
648 4592 769 4633 sese
794 4577 1080 4644 abstinent,
1113 4594 1175 4634 ea
1196 4595 1315 4650 quae
1339 4589 1463 4635 sunt
1492 4581 1703 4636 Domini
1729 4597 1823 4637 co-

236 4673 479 4741 gitantes,
529 4671 795 4741 quomodo
852 4674 1093 4742 placeant
1141 4674 1388 4741 Domino,
1437 4675 1504 4729 ad
1558 4685 1825 4731 terrenam

239 4763 668 4819 commoditatem
698 4763 897 4820 referre
919 4766 1167 4821 conaris?
1196 4764 1397 4821 Nomen
1426 4777 1667 4822 wternum
1695 4769 1825 4824 dabo

242 4856 323 4909 eis.
354 4855 493 4922 Quid
542 4871 766 4927 regnum
805 4857 1084 4923 etelorum,
1127 4866 1347 4928 propter
1388 4859 1530 4929 quod
1577 4875 1635 4915 se
1681 4862 1825 4930 ipsos

243 4958 601 5003 castraverunt
649 4950 815 5004 sancti
842 4950 1126 5020 spadones,
1158 4951 1210 5005 in
1241 4948 1340 5007 hac
1371 4962 1574 5008 tantum
1605 4953 1711 5007 vita
1741 4956 1824 5009 in-

245 5040 577 5110 telligendum
626 5055 745 5095 esse
788 5042 1106 5096 contendis?
1154 5041 1357 5097 Nomen
1407 5056 1652 5099 internum
1695 5046 1825 5101 dabo

248 5133 328 5185 eis.
366 5132 436 5187 Et
476 5133 522 5187 si
574 5131 712 5188 forte
764 5132 851 5187 hic
902 5135 1076 5204 ipsum
1120 5144 1380 5190 aeternum
1426 5152 1526 5207 pro
1573 5137 1825 5193 diuturno

245 5227 444 5280 conaris
493 5226 756 5295 accipere,
788 5226 946 5293 addo,
977 5228 1274 5294 accumula,
1308 5230 1540 5295 inculco,
1576 5228 1686 5283 Nec
1729 5248 1826 5285 un-

245 5334 384 5386 quam
427 5319 606 5372 deerit.
653 5318 787 5386 Quid
830 5320 1025 5390 quaeris
1060 5321 1328 5391 amplius?
1357 5322 1483 5392 quid
1528 5322 1660 5377 dicis
1706 5330 1824 5378 am-

245 5412 407 5480 plius?
461 5410 750 5467 Eternum
806 5411 911 5467 hoc
960 5428 1179 5481 nomen,
1226 5415 1482 5485 quidquid
1537 5416 1664 5470 illud
1720 5424 1823 5483 est,

245 5503 559 5571 spadonibus
621 5503 757 5569 Dei,
818 5503 962 5574 quod
1026 5505 1205 5577 utique
1267 5507 1490 5577 gloriam
1541 5507 1826 5579 quamdam

245 5600 507 5669 propriam
550 5600 1009 5671 excellentemque
1056 5600 1347 5670 significat,
1385 5616 1489 5656 non
1531 5600 1632 5656 erit
1678 5616 1827 5656 com-

243 5706 397 5745 mune
440 5706 563 5746 cum
616 5690 818 5757 multis,
863 5692 1104 5761 quamvis
1146 5691 1202 5746 in
1244 5691 1433 5748 eodem
1476 5707 1642 5762 regno
1672 5701 1727 5748 et
1770 5693 1825 5748 in

242 5783 422 5839 eadem
447 5782 614 5838 domo
646 5784 971 5840 constitutis.
1002 5783 1136 5841 Nam
1181 5783 1301 5842 ideo
1349 5784 1593 5843 fortassis
1631 5793 1684 5843 et
1723 5801 1825 5843 no-

307 5898 989 5963 ’ωιηυωεαυκιωι

1929 2172 2092 2241 gloria
2120 2172 2273 2241 lunre,
2304 2176 2407 2229 alia
2433 2177 2696 2233 stellarum
2726 2182 2777 2251 (l
2810 2184 2928 2238 Cor.
2960 2203 3053 2251 xv,
3082 2190 3172 2253 55,
3208 2192 3299 2257 41,
3324 2191 3435 2263 42).
3460 2193 3519 2250 Si

1928 2260 2179 2318 denarius
2208 2266 2297 2321 ille
2331 2283 2426 2336 pro
2456 2270 2683 2326 sanitate
2721 2277 2963 2343 corporis
3005 2291 3311 2347 poneretur,
3343 2260 3521 2341 nonne

1928 2370 2048 2411 cum
2090 2368 2237 2414 recte
2266 2360 2525 2428 valemus,
2551 2365 2799 2419 omnibus
2826 2369 3082 2423 membris
3108 2374 3407 2427 communis
3437 2383 3522 2430 est

1928 2450 2150 2515 sanitas,
2172 2458 2227 2505 et
2248 2451 2360 2520 ipsa
2396 2453 2439 2506 si
2473 2470 2639 2523 usque
2664 2455 2730 2509 ad
2759 2468 2985 2513 mortem
3018 2475 3346 2529 permaneat,
3377 2466 3519 2533 pari-

1928 2547 2013 2594 ter
2033 2549 2088 2596 et
2114 2543 2390 2613 aequaliter
2410 2547 2659 2601 omnibus
2689 2548 2863 2604 inest?
2893 2551 2962 2606 Et
2986 2562 3162 2609 tamen
3185 2558 3353 2624 posuit
3378 2558 3519 2613 Deus

1927 2632 2170 2697 membra,
2217 2635 2475 2705 singulum
2521 2638 2755 2708 quodque
2799 2657 2973 2695 eorum
3015 2644 3068 2696 in
3121 2661 3331 2715 corpore
3371 2658 3523 2715 prout

1927 2722 2082 2775 uoluit
2116 2723 2227 2795 (Id.
2254 2742 2351 2790 xu,
2379 2728 2494 2800 18),
2524 2736 2583 2783 ιιι
2618 2745 2718 2784 nec
2756 2738 2925 2787 totum
2973 2736 3044 2789 sit
3070 2737 3277 2804 oculus,
3310 2755 3409 2795 nec
3440 2749 3523 2796 to-

1928 2821 2039 2868 tum
2079 2816 2310 2883 auditus,
2341 2834 2441 2873 nec
2488 2829 2657 2874 totum
2698 2822 2987 2891 odoratus;
3037 2834 3093 2881 et
3138 2829 3393 2899 quidquid
3439 2842 3524 2889 est

1927 2906 2094 2976 aliud,
2126 2908 2286 2965 habet
2328 2926 2477 2965 suam
2521 2915 2926 2984 proprietatem,
2966 2920 3209 2988 quamvis
3238 2924 3523 2991 aequaliter

1927 2999 2121 3057 habeat
2162 3016 2283 3057 cum
2326 3005 2574 3061 omnibus
2621 3008 2926 3065 sanitatem.
2975 3009 3051 3065 Ita
3100 3014 3220 3081 quia
3270 3014 3381 3083 ipsa
3415 3017 3521 3071 vita

1928 3104 2130 3149 aeterna
2157 3097 2358 3165 pariter
2379 3098 2481 3151 erit
2506 3098 2753 3154 omnibus
2785 3103 3004 3167 sanctis,
3026 3105 3246 3173 aequalis
3266 3106 3519 3163 denarius

1928 3186 2176 3241 omnibus
2199 3187 2488 3241 attributus
2514 3199 2628 3254 est;
2663 3190 2784 3260 quia
2811 3208 2938 3246 vero
2968 3194 3022 3247 in
3050 3194 3162 3263 ipsa
3185 3196 3289 3250 vita
3317 3208 3522 3254 aeterna

1928 3275 2178 3331 distincte
2209 3275 2485 3346 fulgebunt
2516 3279 2719 3333 lumina
2764 3284 3104 3348 meritorum,
3140 3287 3319 3340 multa:
3364 3303 3521 3342 man-

1927 3367 2109 3423 siones
2132 3377 2258 3423 sunt
2284 3369 2425 3438 apud
2463 3371 2676 3426 Patrem
2708 3372 2886 3445 (Joan.
2921 3391 3033 3444 xw,
3072 3376 3129 3447 2)
3161 3395 3173 3431 :
3204 3392 3267 3432 ac
3292 3393 3388 3447 per
3417 3380 3522 3436 hoc

1929 3458 1984 3512 in
2016 3458 2236 3513 denario
2259 3459 2472 3528 quidem
2515 3476 2623 3516 non
2672 3463 2883 3532 impari,
2924 3480 3029 3520 non
3074 3468 3202 3521 vivit
3227 3468 3366 3524 alius
3412 3470 3519 3526 alio

1926 3550 2219 3621 prolixius;
2278 3551 2331 3605 in
2382 3552 2565 3607 multis
2609 3562 2791 3610 autem
2831 3557 3197 3615 mansionibus
3226 3559 3522 3619 honoratur

1928 3643 2065 3698 alius
2090 3644 2198 3697 alio
2227 3644 2444 3700 clarius.

1998 3733 2225 3791 CAPUT
2266 3734 2482 3790 XXVII.
2506 3768 2576 3777 —-
2600 3738 2691 3792 27.
2730 3738 2996 3811 Virginum
3024 3742 3190 3813 gloria
3209 3746 3383 3814 futura
3408 3761 3520 3799 ma-

1920 3828 2010 3899 jor
2029 3837 2076 3881 et
2113 3830 2322 3899 propria
2349 3832 2582 3901 quaedam
2614 3834 2667 3886 in
2704 3834 2841 3888 caelis
2879 3835 3085 3904 gaudia.
3134 3835 3291 3907 Sequi
3316 3838 3521 3909 Agnum

1930 3934 2244 3989 quocumque
2268 3922 2383 3975 ierit
2412 3924 2677 3993 proprium
2701 3935 2773 3979 est
2795 3927 3066 3997 virginum.
3088 3927 3299 3998 Pergite
3319 3930 3517 3999 itaque,

1931 4014 2101 4068 sancti
2129 4013 2242 4080 Dei,
2278 4016 2431 4084 pueri
2470 4031 2534 4071 ac
2580 4018 2791 4086 puellae,
2816 4034 2992 4075 mares
3022 4035 3086 4075 ac
3115 4020 3347 4089 feminae,
3377 4022 3523 4078 earli-

1930 4105 2025 4161 bes
2067 4115 2121 4161 et
2166 4108 2473 4177 innuptaa‘;
2523 4110 2728 4181 pergite
2781 4122 3187 4181 perseveranter
3234 4114 3286 4169 in
3336 4114 3520 4171 linem.

1930 4198 2166 4254 Laudate
2210 4201 2494 4255 Dominum
2536 4201 2767 4269 dulcius,
2800 4219 2959 4273 quem
2999 4206 3243 4274 cogitatis
3270 4207 3518 4274 uberius;

1931 4300 2142 4361 sperate
2164 4291 2391 4358 felicius,
2415 4292 2501 4347 cui
2528 4294 2740 4348 servitis
2766 4294 3083 4361 instantius;
3127 4307 3301 4351 amate
3328 4298 3522 4353 arden-

1933 4382 2058 4450 tius,
2100 4384 2186 4438 cui
2217 4384 2434 4453 placetis
2463 4386 2736 4439 attentius.
2788 4386 3009 4441 Lumbis
3061 4388 3313 4442 accinctis
3358 4396 3413 4443 et
3439 4389 3523 4444 lu-

1932 4474 2107 4530 cernis
2153 4475 2465 4530 ardentibus
2492 4484 2797 4545 exspectate
2839 4476 3145 4543 Dominum,
3175 4477 3386 4548 quando
3431 4493 3523 4535 ve-

1932 4567 2043 4622 niat
2081 4583 2110 4621 a
2156 4568 2356 4637 nuptiis
2396 4566 2544 4637 (Luc.
2599 4583 2693 4633 xu,
2739 4568 2829 4635 55,
2870 4568 2982 4639 56).
3018 4568 3128 4623 Vos
3171 4569 3408 4625 atl‘eretis
3451 4571 3521 4627 ad

1931 4661 2143 4730 nuptias
2192 4660 2329 4730 Agni
2370 4660 2638 4714 canticum
2682 4674 2898 4727 novum,
2941 4660 3083 4731 quod
3134 4662 3415 4717 cantabitis
3464 4664 3520 4718 in

1931 4752 2151 4808 citharis
2189 4754 2439 4807 vestris”.
2483 4751 2601 4807 Non
2638 4752 2819 4822 utique
2850 4753 2953 4807 tale
2997 4755 3153 4822 quale
3179 4763 3357 4810 cantat
3399 4756 3521 4811 uni-

1932 4861 2086 4902 versa
2133 4854 2295 4911 terra,
2344 4847 2428 4901 cui
2480 4846 2694 4913 dicitur,
2746 4846 2957 4901 Caritate
2998 4846 3220 4903 Domino
3266 4850 3529 4925 canticum

1932 4954 2148 5002 novum;
2173 4945 2372 4991 cantate
2401 4936 2642 5003 Domino,
2665 4938 2900 4992 universa
2928 4948 3063 4993 terra
3089 4937 3260 5010 (Psal.
3283 4940 3517 5008 xcv,1);

1932 5029 2029 5084 sed
2058 5029 2164 5083 tale
2192 5028 2349 5097 quale
2378 5044 2538 5084 nemo
2566 5030 2760 5098 poterit
2788 5029 2967 5087 dicere
2993 5031 3094 5085 nisi
3124 5046 3239 5087 vos.
3264 5032 3353 5088 Sic
3378 5033 3521 5088 enim

1933 5134 2027 5174 vos
2054 5120 2185 5175 vidit
2208 5120 2259 5174 in
2290 5121 2610 5191 Apocalypsi
2639 5121 2854 5191 quidam
2891 5138 3001 5193 pra:
3041 5126 3252 5179 castoris
3293 5124 3521 5180 dilectus

1933 5213 2001 5267 ab
2028 5214 2181 5284 Agno
2211 5213 2301 5283 qui
2348 5213 2685 5269 discumbere
2732 5230 2894 5283 super
2941 5224 3127 5285 pectus
3169 5216 3285 5284 ejus
3333 5216 3522 5271 solitus

1932 5315 2066 5371 erat,
2094 5303 2156 5361 et'
2186 5306 2398 5360 bibebat
2427 5314 2480 5360 et
2523 5306 2872 5362 eructuabat‘
2918 5307 3176 5363 mirabilia
3208 5324 3372 5379 super
3407 5322 3521 5364 cm-

1934 5398 2087 5453 lestia
2115 5398 2349 5453 Verbum
2376 5397 2490 5453 Dei.
2516 5398 2636 5468 Ipse
2676 5414 2775 5453 vos
2805 5399 2935 5454 vidit
2959 5399 3247 5456 duodecies
3275 5401 3520 5455 duodena

1932 5491 2101 5547 millia
2140 5500 2443 5547 sanctorum
2484 5491 2908 5548 citharoedorum
2947 5493 3163 5548 illibatae
3199 5493 3520 5563 virginitatis

1935 5583 1989 5640 in
2017 5598 2263 5655 corpore,
2292 5583 2558 5640 inviolata:
2582 5585 2825 5641 veritatis
2854 5585 2908 5640 in
2946 5584 3144 5640 corde:
3184 5593 3237 5640 et
3271 5584 3393 5655 quia
3432 5598 3520 5641 se-

1999 5721 2017 5751 ί
2036 5718 2140 5769 sola
2166 5718 2313 5767 editio
2334 5725 2466 5778 Ima,
2489 5722 2537 5768 et
2553 5722 2729 5778 nuptae.

1998 5783 2019 5813 ¹
2044 5790 2145 5831 Duo
2166 5781 2376 5830 vaticani
2398 5775 2505 5829 Mss.
2546 5775 2741 5837 addunt,
2768 5775 2856 5825 hoc
2890 5783 2959 5826 est
2992 5776 3043 5827 in
3080 5779 3307 5832 cordibus
3347 5778 3522 5835 dicam

1939 5842 2178 5896 laudibus.
2201 5845 2452 5891 Vaticanus
2470 5842 2608 5895 alius,
2635 5839 2721 5887 hoc
2744 5844 2813 5887 est
2832 5837 2884 5887 in
2908 5837 3131 5892 cordibus
3146 5844 3331 5897 vestris.

2005 5906 2029 5942 ⁸
2044 5903 2149 5960 sola
2171 5903 2320 5958 editio
2335 5910 2465 5967 tom,
2490 5909 2536 5957 et
2550 5900 2731 5957 biberat
2752 5907 2797 5953 et
2820 5901 3084 5955 eructum.
