3930 6368
519 495 744 571 quimini
774 496 982 568 Agnum
1010 504 1346 564 quocumque
1374 488 1517 554 ierit,
1545 485 1760 558 scripsit
1785 483 1876 538 ille
1903 480 1970 536 de
2008 494 2105 534 vo-

521 594 604 648 bis
631 592 812 664 (Apoc.
841 603 952 655 xw,
983 586 1124 657 2-4).
1155 584 1270 651 Quo
1296 583 1374 637 ire
1415 592 1661 652 putamus
1702 579 1842 632 hunc
1873 578 2102 647 Agnum,

521 699 626 752 quo
657 695 812 736 nemo
854 693 976 734 eum
1006 677 1154 747 sequi
1186 675 1270 731 vel
1296 673 1489 738 audeat
1514 671 1600 728 vel
1635 671 1810 726 valeat
1836 669 1937 722 nisi
1967 667 2098 722 vos?

520 775 635 842 Quo
664 784 912 846 putamus
936 789 1058 830 eum
1088 772 1204 828 ire?
1245 771 1297 826 in
1336 784 1471 840 quos
1499 768 1665 824 saltus
1691 773 1746 822 et
1771 762 1958 835 prata?
1999 759 2104 817 Ubi

520 865 680 920 credo
729 875 851 920 sunt
897 866 1134 936 gramina
1193 861 1452 934 gaudia‘;
1499 876 1602 914 non
1667 857 1856 928 gaudia
1924 852 2104 910 saeculi

521 956 678 1026 hujus
703 955 1157 1022 vana,etinsani:e
1177 953 1477 1016 mendaces,
1508 967 1606 1004 nec
1633 949 1821 1020 gaudia
1852 947 2023 1017 qualia
2054 946 2104 998 in

522 1047 637 1116 ipso
668 1063 834 1112 regno
876 1048 967 1102 Dei
1011 1048 1218 1102 caneris
1251 1062 1354 1100 non
1395 1042 1693 1113 virginibus
1731 1051 1908 1105 erunt,
1943 1039 2035 1093 sed
2076 1055 2105 1092 a

521 1147 842 1193 earterorum
878 1139 1114 1194 omnium
1143 1139 1453 1209 gaudiorum
1491 1145 1636 1191 sorte
1660 1135 1930 1188 distincta.
1969 1132 2110 1188 Gau-

522 1227 668 1282 dium
707 1229 967 1300 virginum
999 1229 1225 1296 Christi,
1254 1230 1319 1282 de
1359 1227 1593 1293 Christo,
1636 1226 1686 1279 in
1717 1224 1952 1289 Christo,
1984 1237 2104 1276 cum

522 1319 756 1387 Christo,
789 1330 909 1390 post
934 1320 1222 1387 Christum,
1256 1336 1348 1390 per
1391 1319 1682 1384 Christum,
1712 1327 1930 1388 propter
1957 1315 2111 1370 Chri-

522 1419 684 1465 stum.
724 1410 924 1466 Gaudia
955 1413 1168 1484 prepria
1200 1412 1458 1482 virginum
1490 1410 1707 1477 Christi,
1738 1424 1842 1463 non
1872 1416 1996 1463 sunt
2019 1422 2110 1461 ea-

523 1502 645 1557 dem
678 1519 782 1556 non
823 1503 1108 1572 virginum,
1136 1505 1377 1573 quamvis
1406 1503 1628 1559 Christi.
1667 1501 1800 1556 Nam
1831 1512 1956 1556 sunt
1989 1499 2108 1554 aliis

521 1593 645 1658 alia,
677 1594 771 1649 sed
813 1596 974 1650 nullis
1006 1597 1149 1651 talia.
1193 1595 1266 1651 Ite
1296 1597 1348 1651 in
1389 1597 1523 1659 haec,
1553 1594 1836 1665 sequimini
1878 1597 2102 1664 Agnutn,

520 1685 642 1754 quia
669 1695 721 1740 et
748 1689 869 1757 agni
915 1703 1039 1742 caro
1071 1689 1250 1758 utique
1278 1689 1448 1758 virgo.
1483 1688 1595 1742 Hoc
1634 1687 1777 1742 enim
1809 1686 1862 1740 in
1895 1701 1954 1740 se
1978 1685 2106 1740 reti-

519 1775 636 1830 nuit
673 1787 882 1844 auctus,
933 1780 1075 1849 quud
1116 1780 1270 1834 matri
1315 1795 1418 1834 non
1469 1779 1686 1834 abstulit
1731 1787 2018 1848 conceptus
2057 1786 2111 1832 et

521 1855 717 1924 natus.
750 1870 936 1927 Merito
985 1887 1106 1926 eum
1157 1873 1446 1941 sequimini
1492 1873 1794 1942 virginitate
1837 1872 2014 1928 cordis
2055 1879 2110 1927 et

521 1964 716 2026 carnis,
745 1981 1081 2035 quocumque
1120 1967 1260 2022 ierit.
1304 1966 1440 2034 Quid
1480 1975 1563 2021 est
1605 1967 1744 2020 enim
1786 1968 1959 2034 sequi,
2006 1966 2108 2020 nisi

520 2055 756 2116 imitari?
798 2059 929 2126 Quia
963 2059 1206 2114 Christus
1250 2077 1346 2129 pro
1386 2060 1540 2114 nobis
1581 2075 1770 2130 passus
1811 2069 1911 2122 est,
1947 2060 2111 2115 relin-

518 2162 690 2216 quens
733 2149 885 2201 nobis
914 2151 1240 2219 exetnplnm,
1274 2153 1410 2206 sicut
1451 2152 1524 2205 ait
1569 2152 1843 2220 apostolus
1896 2153 2104 2222 Petrus,

518 2248 572 2289 ut
592 2255 860 2307 sequamur
887 2241 1091 2310 uestigia
1117 2243 1227 2310 ejus
1260 2241 1309 2310 (Ι
1344 2241 1485 2296 Petr.
1527 2259 1584 2309 ιι,
1627 2241 1741 2308 21).
1782 2244 1929 2296 Hunc
1961 2244 2011 2297 in
2042 2259 2107 2298 eo

517 2329 740 2398 quisque
783 2333 1041 2399 sequitur,
1067 2333 1120 2385 in
1149 2348 1253 2402 quo
1297 2333 1534 2387 imitatur
1567 2353 1579 2388 :
1611 2350 1714 2388 non
1763 2335 1814 2388 in
1850 2344 2104 2403 quantum

517 2419 609 2474 ille
641 2420 803 2475 Filius
835 2422 926 2476 Dei
958 2435 1038 2477 est
1066 2440 1222 2491 unus,
1253 2441 1346 2494 per
1384 2441 1542 2494 quem
1575 2427 1708 2479 facta
1742 2435 1866 2480 sunt
1895 2426 2102 2491 omnia;

517 2512 612 2565 sed
643 2513 693 2566 in
724 2523 976 2583 quantum
1021 2516 1160 2569 ﬁlius
1192 2516 1443 2584 hominis,
1474 2534 1591 2587 qua:
1621 2520 1920 2586 oportebat,
1967 2521 2016 2572 in
2048 2534 2105 2574 se

516 2605 743 2673 praebuit
789 2607 1087 2663 imitanda:
1131 2619 1185 2664 et
1224 2612 1386 2664 multa
1440 2611 1498 2665 in
1542 2611 1634 2665 illo
1672 2611 1740 2667 ad
1793 2613 2103 2667 imitandum

517 2694 764 2753 omnibus
795 2708 1196 2770 preponuntur;
1246 2703 1522 2773 virginitas
1559 2715 1736 2759 autem
1781 2707 1960 2760 carnis
1996 2721 2102 2760 non

516 2789 794 2855 omnibus;
841 2807 948 2845 non
985 2790 1130 2848 enim
1180 2794 1380 2852 habent
1420 2795 1546 2866 quid
1592 2795 1790 2852 faciant
1838 2807 1896 2852 ut
1941 2800 2103 2869 virgi-

516 2894 613 2931 nes
643 2879 768 2946 sint,
808 2880 862 2940 in
905 2883 1096 2953 quibus
1133 2883 1246 2955 jam
1278 2884 1474 2941 factum
1517 2895 1601 2942 est
1630 2899 1686 2942 ut
1716 2887 1948 2958 virgines
1994 2905 2103 2944 non

516 2970 640 3023 sint.
1912 3044 1919 3049 _

585 3060 810 3116 CAPUT
841 3063 1078 3120 XXVIII.
1098 3097 1168 3107 —
1188 3067 1278 3124 28.
1311 3068 1581 3141 Quousque
1604 3074 1744 3142 sequi
1768 3073 1974 3143 Agnum
1997 3091 2104 3128 ont-

515 3168 602 3205 ues
638 3163 862 3221 possunt.
896 3156 1198 3227 Sequantur
1241 3162 1417 3232 itaque
1460 3165 1668 3234 Agnum
1709 3169 1889 3222 caeteri
1921 3167 2105 3224 ﬁdeles

514 3243 604 3312 qui
634 3245 992 3314 virginitatem
1024 3253 1265 3319 corporis
1298 3254 1615 3323 amiserunt,
1637 3274 1740 3312 non
1769 3275 2104 3331 quocumque

513 3335 606 3391 ille
629 3337 767 3405 ierit,
795 3340 889 3394 sed
917 3357 1192 3413 quousque
1220 3346 1318 3414 ipsi
1351 3351 1640 3417 potuerint.
1671 3352 1899 3407 Possunt
1926 3365 2101 3409 autem

512 3426 728 3497 ubique,
777 3440 972 3499 prmter
1010 3451 1128 3489 eum
1177 3438 1230 3491 in
1274 3438 1471 3496 decore
1517 3443 1833 3512 virginitatis
1879 3446 2100 3500 incedit.

513 3517 660 3574 Beati
698 3540 946 3591 pauperes
987 3528 1209 3597 spiritu;
1249 3532 1530 3589 imitamini
1572 3552 1714 3601 eum,
1746 3540 1835 3607 qui
1887 3549 2104 3608 propter

512 3625 610 3664 vos
641 3629 838 3681 pauper
869 3617 1037 3672 factus
1060 3629 1160 3685 est,
1180 3637 1298 3676 cum
1323 3624 1474 3679 dives
1494 3637 1636 3680 esset
1661 3628 1680 3698 (
1695 3627 1733 3681 lI
1753 3628 1871 3682 Cor.
1890 3646 2000 3694 VIII,
2023 3631 2099 3702 9).

512 3702 661 3757 Beati
706 3708 885 3773 mites;
933 3710 1211 3767 imitamini
1254 3731 1373 3770 etnn
1414 3720 1503 3786 qni
1550 3719 1700 3784 dixit,
1747 3721 1938 3776 Discite
1969 3741 1998 3775 a
2027 3741 2104 3778 me

511 3797 751 3864 quoniam
798 3801 932 3854 mitis
970 3821 1082 3858 sum
1123 3817 1169 3858 et
1213 3808 1420 3863 humilis
1446 3809 1596 3863 corde
1628 3810 1840 3878 (Matth.
1882 3830 1953 3878 xl,
1985 3814 2097 3886 ‘29).

513 3886 661 3943 Beati
699 3891 960 3961 lugentes;
995 3895 1276 3953 imitamini
1317 3916 1438 3956 eum
1465 3903 1552 3971 qui
1585 3901 1731 3958 ﬂevit
1758 3920 1920 3974 super
1947 3909 2102 3964 Jeru-

510 3986 675 4042 salem
707 3986 857 4057 (Luc.
896 4006 1004 4054 XIX,
1035 3990 1146 4064 4i).
1190 3993 1336 4047 Beati
1362 3997 1450 4066 qui
1478 3999 1702 4051 esuriant
1731 4009 1776 4051 et
1809 4001 1982 4055 sitiunt
2003 4004 2100 4073 ju~

509 4078 735 4145 stitiam;
782 4081 1060 4164 imitamini
1102 4100 1224 4139 eum
1266 4087 1355 4154 qui
1388 4086 1538 4152 dixit,
1574 4088 1721 4143 Meus
1763 4092 1904 4146 cilius
1935 4105 2008 4147 est
2049 4105 2102 4149 ut

511 4173 698 4242 faciam
737 4175 1038 4247 voluntatem
1073 4179 1182 4248 ejus
1229 4180 1314 4247 qui
1364 4181 1498 4236 misit
1539 4199 1618 4236 me
1657 4182 1835 4253 (Joan.
1872 4201 1948 4250 IV,
1984 4187 2096 4260 54).

507 4264 654 4320 Beati
685 4267 1066 4335 misericordes;
1113 4271 1554 4330 imitamini'eum
1603 4277 1694 4346 qui
1745 4278 2023 4335 vulnerato
2068 4296 2097 4333 a

508 4357 806 4416 latronibus
848 4371 902 4417 et
939 4363 989 4417 in
1022 4364 1102 4418 via
1149 4364 1347 4433 jacenti
1400 4369 1658 4424 semivivo
1711 4371 2097 4444 desperatoque

509 4451 758 4510 subvenit
786 4453 934 4523 (Luc.
971 4473 1026 4522 Χ,
1064 4457 1278 4528 50—55).
1317 4459 1462 4514 Beati
1501 4463 1887 4529 mundicordes;
1917 4466 2097 4521 imita-

507 4544 636 4596 mini
654 4562 778 4598 eum
799 4548 884 4614 qui
905 4558 1162 4615 peccatum
1191 4567 1288 4605 non
1319 4551 1454 4620 fecit,
1483 4570 1571 4606 nec
1596 4555 1825 4608 inventus
1854 4567 1924 4608 est
1946 4557 2097 4612 dolus

505 4635 558 4689 in
587 4653 674 4689 ore
700 4639 807 4708 ejus
841 4639 892 4706 (I
930 4639 1064 4693 Petr.
1105 4659 1160 4704 ιι,
1196 4643 1314 4709 εξ).
1343 4643 1491 4698 Beati
1528 4647 1769 4715 paciﬁci;
1816 4648 2094 4704 imitamini
2127 4682 2135 4691 -

507 4741 631 4780 eum
663 4728 750 4795 qui
782 4744 876 4796 pro
905 4731 1015 4782 suis
1046 4734 1472 4798 persecutoribus
1503 4735 1655 4801 dlxit,
1687 4735 1862 4800 Pater,
1894 4740 2096 4808 ignosce

504 4816 628 4881 illis,
666 4819 783 4886 quia
813 4821 1035 4874 nesciunt
1060 4824 1180 4892 quid
1207 4823 1400 4892 faciunt
1428 4823 1576 4892 (Luc.
1611 4845 1764 4894 tum,
1799 4830 1912 4888 56).
1948 4831 2095 4888 Beati

507 4911 594 4978 qui
621 4912 1012 4980 persecutionem
1028 4916 1287 4982 patiuntur
1307 4927 1512 4987 propter
1533 4920 1780 4992 iustitiam
1800 4923 2011 4996 (Matth.
2036 4945 2090 4995 v,

503 5004 694 5075 3-10);
730 5006 1008 5060 imitamini
1048 5023 1168 5062 eum
1199 5011 1286 5078 qui
1317 5027 1408 5080 pro
1435 5011 1575 5066 vobis
1609 5031 1792 5085 passus
1821 5027 1911 5084 est,
1936 5021 2093 5075 relin-

501 5113 656 5166 quens
677 5098 814 5151 vobis
832 5100 1134 5166 exemplum,
1151 5111 1203 5154 ut
1222 5104 1504 5171 sequamini
1519 5107 1725 5177 vestigia
1747 5110 1858 5180 ejus
1875 5111 1892 5181 (
1909 5112 1924 5164 Ι
1949 5111 2088 5168 Petr.

502 5206 558 5252 ιι,
587 5189 700 5258 ‘21.).
736 5190 861 5247 Ilaec
898 5191 986 5261 qui
1029 5193 1320 5260 imitantur,
1371 5196 1422 5250 in
1457 5196 1538 5252 his
1593 5199 1808 5269 Agnum
1853 5217 2089 5273 sequun-

500 5292 606 5336 tur.
637 5282 741 5338 Sed
767 5294 911 5340 certe
940 5287 1099 5343 etiam
1144 5286 1412 5360 conjugali-
1453 5302 1676 5359 possunt
1721 5293 1799 5348 ire
1850 5311 1942 5364 per
1990 5298 2087 5352 ista

500 5377 742 5447 vestigia,
773 5379 871 5433 etsi
903 5395 1008 5434 non
1045 5379 1280 5451 perfecte
1308 5383 1359 5436 in
1393 5382 1580 5438 eadem
1611 5383 1778 5440 forma
1825 5399 2088 5456 ponentes

501 5470 710 5537 pedem,
743 5483 1106 5530 verumtamen
1138 5475 1192 5529 in
1221 5475 1422 5531 eisdem
1453 5478 1659 5533 semitis
1687 5480 2008 5549 gradientes.

569 5563 796 5622 CAPUT
834 5567 1026 5622 XXIX.
1046 5598 1114 5607 —-
1131 5569 1221 5624 39.
1267 5569 1378 5636 Quo
1402 5588 1515 5626 eum
1537 5584 1812 5643 sequuntur
1839 5576 1962 5628 solre
1985 5577 2086 5630 uir—-

499 5655 654 5723 gines.
688 5653 969 5711 Invidentia
1003 5661 1055 5712 in
1080 5661 1216 5714 caelis
1245 5672 1448 5732 prepter
1476 5666 1804 5734 prazmiorum
1839 5665 2082 5732 (li/Tereus

565 5807 588 5886 ξ
608 5808 887 5886 ριιιίυμιν.
913 5825 1022 5876 pro,
1040 5813 1290 5879 gramina,
1317 5815 1487 5882 habet,
1509 5820 1719 5884 grandia
1747 5833 1764 5872 .'
1787 5820 2084 5886 refraganti-

496 5867 592 5922 bus
611 5877 718 5921 Mss.
744 5877 798 5922 et
815 5877 893 5924 Er.

1403 369 1490 426 DE
1528 365 1794 424 SANCTA
1836 356 2300 430 VIRGINITATE,
2336 359 2396 418 8.
2435 359 2807 420 AUGUSTINI
3640 379 3722 438 ιη

2223 478 2344 532 tiam
2365 480 2530 534 nulla.
2556 479 2662 537 Sed
2691 495 2818 537 ecce
2846 480 2933 537 ille
2961 481 3143 555 Agnus
3164 484 3393 554 graditur
3410 487 3578 548 itinere
3599 494 3724 567 virgi.

2217 573 2352 638 nali;
2377 573 2646 644 quomodo
2672 584 2792 643 post
2807 591 2928 629 eum
2946 576 3095 632 ibunt
3109 576 3196 646 qui
3213 577 3309 634 hoc
3332 581 3596 638 amiserunt
3612 589 3722 656 quod

2217 665 2362 722 nullo
2401 664 2566 721 modo
2609 661 2907 738 recipiunt?
2940 666 3047 722 Vos
3078 682 3226 738 ergo,
3256 684 3347 724 vos
3390 672 3458 728 ite
3485 683 3589 742 post
3612 692 3724 744 eum,

2216 758 2446 827 virgines
2474 759 2618 829 ejus;
2651 775 2746 814 vos
2773 770 2828 817 et
2849 761 2973 815 illuc
3000 760 3072 817 ite
3109 771 3229 830 post
3252 778 3391 826 eum,
3419 765 3533 834 quia
3556 780 3726 838 promer

2217 852 2319 906 hoc
2341 867 2501 907 unum
2521 854 2535 884 ί
2559 868 2892 924 quocumque
2914 853 3034 908 ierit
3064 855 3343 924 sequimini
3361 871 3474 910 eum
3493 875 3506 911 :
3522 859 3578 912 ad
3597 861 3725 927 quod-

2217 941 2348 995 libet
2386 943 2527 996 enim
2558 943 2699 997 aliud
2731 945 3026 999 sanctitatis
3060 943 3256 999 donum
3281 961 3382 1015 quo
3411 963 3522 1014 eum
3546 964 3726 1019 sequan-

2219 1041 2324 1097 tur,
2356 1034 2556 1087 hortari
2585 1049 2875 1104 possumus
2915 1034 3246 1105 conjugatos,
3281 1046 3464 1104 praeter
3496 1037 3584 1092 hoc
3621 1040 3726 1108 quod

2218 1124 2635 1193 irreparabiliter
2674 1125 2983 1180 amiserunt.
3021 1126 3124 1178 Vos
3152 1126 3324 1195 itaque
3353 1127 3608 1196 sequimini
3639 1145 3728 1183 eum

2220 1217 2450 1272 tenendo
2473 1228 2874 1286 perseveranter
2898 1218 3036 1288 quod
3068 1218 3286 1273 vovistis
3307 1219 3559 1274 ardenter.
3588 1219 3726 1276 Facite

2217 1324 2338 1363 cum
2373 1311 2614 1379 potestis,
2657 1325 2722 1364 ne
2764 1309 3081 1380 virginitatis
3131 1311 3327 1364 bonum
3353 1326 3381 1364 a
3408 1310 3545 1365 vobis
3569 1323 3727 1381 pereat,

2216 1401 2302 1456 cui
2331 1401 2503 1456 facere
2532 1402 2660 1456 nihil
2689 1402 2910 1472 potestis
2934 1410 2991 1456 ut
3020 1401 3220 1458 redeat.
3255 1401 3458 1456 Videbit
3478 1418 3562 1458 vos
3583 1414 3728 1456 cetera

2216 1494 2499 1548 multitudo
2528 1494 2782 1559 ﬁdelium,
2805 1511 2924 1564 qua:
2953 1497 3154 1564 Agnum
3180 1495 3246 1548 ad
3275 1493 3376 1548 hoc
3401 1495 3535 1563 sequi
3556 1510 3644 1549 non
3661 1512 3729 1565 po-

2217 1593 2352 1640 test:
2383 1585 2602 1652 videbit,
2626 1602 2723 1641 nec
2745 1585 3033 1652 invidebit;
3051 1595 3107 1641 et
3129 1585 3443 1640 collartando
3463 1587 3610 1650 vobis,
3625 1587 3728 1656 quod

2215 1677 2266 1732 in
2296 1694 2480 1733 senon
2508 1679 2682 1742 habet,
2719 1679 2933 1734 habebit
2957 1679 3009 1734 in
3033 1679 3203 1732 vobis.
3226 1677 3360 1732 Nam
3388 1686 3440 1732 et
3464 1676 3575 1733 illud
3599 1680 3728 1732 canti-

2213 1787 2334 1826 cum
2360 1787 2559 1827 novum
2582 1773 2852 1842 proprium
2872 1783 3107 1826 vestrum
3136 1771 3313 1826 dicere
3334 1785 3435 1825 non
3453 1770 3728 1840 poterimu-

2213 1863 2327 1918 dire
2355 1873 2532 1918 autem
2567 1865 2777 1933 poterit,
2805 1873 2860 1917 et
2878 1863 3129 1917 delectari
3166 1873 3346 1917 vestro
3376 1869 3482 1917 tam
3503 1861 3728 1917 excellenti

2212 1957 2374 2012 bono.
2407 1957 2512 2013 Sed
2542 1971 2640 2012 vos
2665 1957 2753 2027 qui
2782 1965 2837 2010 et
2877 1955 3066 2010 dicetis
3089 1963 3143 2009 et
3168 1954 3414 2021 audietis,
3451 1953 3558 2024 quia
3592 1961 3634 2006 et
3655 1953 3727 2006 hoc

2211 2047 2351 2117 quod
2379 2047 2569 2105 dicetis
2599 2062 2628 2101 a
2655 2046 2806 2103 vobis
2831 2044 3086 2116 audietis,
3107 2044 3316 2098 felicius
3344 2042 3723 2112 exsultabitisju-

2213 2139 2546 2210 cundiusque
2572 2138 2879 2208 regnabitis.
2911 2138 2985 2191 De
3016 2136 3218 2205 majore
3250 2145 3422 2189 tamen
3451 2144 3606 2189 vestro
3630 2149 3725 2202 gau-

2212 2234 2301 2288 dio
2327 2233 2503 2288 nullus
2530 2248 2730 2287 mceror
2759 2233 2861 2286 erit
2899 2232 3091 2300 quibus
3117 2230 3222 2284 hoc
3252 2229 3440 2284 deerit.
3483 2229 3638 2300 Agnus
3665 2226 3727 2280 ille

2211 2327 2425 2396 quippe,
2455 2341 2612 2394 quem
2643 2340 2738 2379 vos
2764 2339 3098 2394 quocumque
3120 2323 3244 2377 ierit
3275 2321 3730 2392 sequiminimeceos

2211 2419 2423 2474 deseret
2451 2419 2538 2488 qui
2567 2433 2688 2472 eum
2716 2432 2820 2486 quo
2848 2432 2942 2471 vos
2973 2432 3075 2470 non
3103 2416 3298 2470 valent
3337 2414 3500 2485 sequi.
3538 2411 3732 2480 Omnipo-

2211 2520 2406 2565 tcntetn
2438 2514 2642 2579 Agnum
2671 2509 2957 2579 loquimur.
2984 2509 3050 2564 Et
3085 2508 3234 2562 vobis
3278 2507 3494 2576 pl‘J‘lbIl,
3531 2516 3575 2560 et
3608 2504 3660 2557 ab
3680 2503 3733 2556 eis

2211 2618 2314 2658 non
2345 2603 2529 2665 abibit,
2562 2617 2682 2656 cum
2710 2602 2810 2656 erit
2838 2603 2976 2655 Deus
3006 2602 3184 2656 omnia
3217 2601 3283 2654 in
3329 2599 3558 2653 omnibus
3580 2594 3622 2668 (Ι
3646 2592 3730 2648 Cor.

2208 2711 2300 2758 xv,
2328 2695 2442 2765 28).
2473 2695 2540 2749 Et
2560 2695 2647 2765 qui
2671 2694 2848 2750 minus
2868 2692 3156 2757 habebunt,
3182 2707 3211 2745 a
3234 2692 3396 2746 vobis
3420 2706 3514 2745 non
3539 2688 3732 2743 abhorre-

2207 2787 2359 2840 bunt.
2393 2786 2490 2841 Ubi
2521 2786 2663 2840 enim
2695 2785 2832 2840 nulla
2866 2793 2947 2838 est
2977 2783 3301 2847 invidentia,
3334 2796 3543 2837 concors
3565 2787 3633 2834 est
3659 2775 3732 2831 dii-

2207 2878 2452 2934 ferentia.
2488 2878 2798 2932 Praesumite
2843 2877 3044 2946 itaque,
3092 2875 3238 2930 ﬁdite
3264 2917 3276 2938 ,
3308 2872 3623 2936 roboramini,
3646 2883 3730 2938 per-

2207 2980 2439 3036 manete,
2480 2971 2570 3041 qui
2601 2969 2803 3025 vovctis
2843 2977 2899 3023 et
2938 2967 3161 3023 redditis
3206 2967 3442 3022 Domino
3471 2965 3566 3020 Deo
3605 2970 3734 3017 vestro

2208 3075 2326 3117 vota
2375 3061 2548 3132 (Psal.
2598 3077 2761 3128 Lxxv,
2807 3059 2896 3131 I2)
2943 3071 3219 3131 perpetuae
3280 3055 3618 3124 continentia,
3658 3068 3732 3108 non

2208 3164 2426 3224 prepter
2453 3169 2690 3225 praesens
2716 3154 2994 3220 saeculum,
3035 3151 3131 3208 sed
3161 3161 3394 3226 propter
3428 3163 3624 3222 regnum
3654 3160 3731 3202 cm-

2208 3245 2506 3391 lorCIXPUT
2544 3333 2714 3391 XXX.
2737 3364 2808 3375 —
2829 3334 2922 3390 50.
2967 3333 3217 3388 Hortatur
3273 3335 3344 3389 ad
3376 3333 3668 3406 virginitatem
3695 3335 3734 3380 ut

2206 3427 2275 3480 ad
2298 3445 2423 3498 opus
2447 3429 2927 3499 supererogationis,
2955 3445 3053 3481 non
3082 3428 3356 3498 prmeepti.
3390 3427 3490 3482 Vos
3516 3425 3650 3481 etiam
3671 3419 3733 3490 qui

2209 3521 2311 3575 hoc
2363 3520 2596 3575 nondmn
2643 3521 2894 3588 vovistis,
2949 3521 3038 3590 qui
3091 3521 3329 3590 potestis
3371 3533 3566 3591 capere,
3608 3513 3735 3582 capite

2209 3610 2424 3684 (Matth.
2469 3630 2578 3677 χιιι,
2613 3614 2735 3686 12);
2783 3623 3190 3684 perseveranter
3215 3614 3444 3678 currite,
3471 3621 3522 3666 ut
3546 3621 3734 3677 compre-

2207 3703 2451 3759 hendatis
2479 3704 2522 3777 (I
2547 3704 2665 3759 (lor.
2694 3721 2773 3772 ix,
2799 3704 2916 3776 24).
2949 3704 3140 3760 Tollite
3168 3704 3236 3757 ho
3253 3705 3380 3759 stias
3408 3704 3606 3774 quisque
3629 3709 3733 3758 suis.

2207 3808 2261 3852 et
2291 3798 2502 3858 inti-cite
2536 3799 2587 3852 in
2615 3800 2747 3853 atria
2779 3798 2986 3853 Domini
3011 3797 3182 3868 (Psal.
3213 3814 3349 3865 xcv,
3377 3798 3452 3868 8),
3480 3811 3574 3851 non
3596 3809 3650 3848 ex
3671 3803 3738 3844 ne-

2205 3893 2475 3951 cessitate.
2508 3900 2822 3961 potestatem
2858 3891 3116 3946 habentes
3142 3907 3233 3945 ves
3251 3902 3348 3946 trae
3372 3886 3646 3945 voluntatis.
3667 3880 3738 3936 Ne-

2205 3999 2307 4053 que
2333 3983 2474 4036 euim
2502 3986 2661 4050 sicut,
2697 3981 2816 4036 Non
2847 3982 3191 4049 tuaac/laberis,
3225 3982 3358 4037 Non
3387 3980 3570 4036 occides
3588 3973 3736 4049 (Exod-

2202 4093 2302 4141 xx,
2333 4077 2418 4140 15,
2446 4076 2550 4145 14),
2580 4076 2648 4128 ita
2671 4074 2774 4129 dici
2794 4083 2989 4144 potest,
3008 4073 3121 4128 Non
3151 4074 3348 4130 nubes.
3381 4074 3466 4128 IIIa
3489 4071 3732 4140 exiguntur,

2204 4169 2302 4222 ista
2331 4169 2644 4222 oITeruntur.
2668 4166 2723 4221 Si
2755 4166 2882 4220 ﬁant
2909 4167 3027 4231 ista,
3056 4166 3378 4221 laudantur:
3403 4165 3498 4220 nisi
3529 4157 3734 4219 ﬁantilla,

2201 4257 2541 4312 damnantur.
2570 4257 2624 4310 In
2657 4257 2756 4311 illis
2786 4257 3043 4312 Dominus
3069 4256 3311 4312 debitum
3343 4258 3557 4327 imperat
3590 4249 3734 4304 vobis:

2201 4353 2254 4408 in
2292 4353 2372 4407 his
2401 4361 2576 4407 autem
2623 4351 2665 4406 si
2712 4350 2836 4428 quid
2881 4351 3112 4420 amplius
3153 4346 3660 4422 supererogaveritis,
3699 4341 3735 4392 in

2200 4443 2475 4499 redeundo
2504 4442 2694 4498 reddet
2736 4442 2886 4497 vobis
2914 4441 3061 4513 (Luc.
3092 4457 3144 4506 ιι,
3181 4443 3296 4512 55).
3330 4442 3587 4511 Cogitate,
3621 4430 3737 4504 quid-

2200 4534 2326 4604 quid
2350 4535 2476 4588 iIlud
2504 4544 2608 4602 est,
2633 4537 2683 4588 in
2708 4550 2860 4588 muro
2883 4534 2999 4603 ejus
3022 4533 3194 4589 locum
3231 4537 3557 4590 nominatum
3585 4527 3735 4584 melio-

2200 4641 2313 4680 rem
2346 4626 2515 4681 multo
2544 4642 2702 4697 quam
2735 4625 2963 4680 ﬁliorum
2987 4637 3147 4697 atque
3178 4613 3427 4684 ﬁliarum.
3458 4625 3668 4695 Cogitate
3687 4617 3734 4670 il-

2200 4717 2269 4773 lic
2317 4735 2510 4773 nomen
2567 4728 2824 4774 aeternum
2881 4717 3035 4790 '(lsai.
3091 4736 3197 4785 LVI,
3247 4722 3328 4790 5).
3378 4720 3505 4790 Quis
3554 4712 3739 4784 explicat

2199 4811 2358 4881 quale
2410 4827 2601 4866 nomen
2651 4812 2787 4866 erit?
2835 4811 3104 4882 Quidquid
3156 4824 3333 4868 tamen
3379 4817 3497 4878 erit,
3527 4816 3736 4865 alternum

2198 4904 2319 4958 erit.
2356 4904 2464 4958 Iloe
2495 4906 2762 4960 credendo
2801 4917 2854 4960 et
2900 4906 3164 4975 sperando
3209 4916 3264 4961 et
3317 4905 3560 4967 amando,
3601 4893 3738 4971 potui-

2197 4995 2292 5049 stis
2320 4997 2565 5066 conjugia
2602 5015 2705 5050 non
2746 4997 2987 5053 devitarc
3016 4999 3307 5070 prohibita,
3341 5000 3434 5055 sed
3461 4993 3738 5053 transvolare

2196 5102 2447 5142 concessa
2459 5128 2471 5140 .

2265 5177 2490 5235 CAPUT
2532 5178 2723 5233 XXXI.
2743 5209 2814 5220 -—
2835 5180 2924 5233 51.
2959 5179 3234 5235 Ilumilitas
3266 5183 3484 5236 niaxime
3510 5173 3738 5248 virginibus

2193 5271 2611 5326 connuendanda.
2651 5268 2968 5325 llumilitatis
3011 5288 3246 5327 mensura
3295 5274 3472 5344 cuique
3499 5272 3625 5326 data.
3655 5265 3737 5320 Stt-

2193 5361 2367 5433 perbiu
2393 5372 2554 5416 mater
2597 5362 2904 5416 invidentiaz.
2936 5363 3089 5419 Unde
3119 5364 3278 5435 hujus
3311 5366 3542 5419 muneris
3567 5355 3711 5427 magni

2194 5453 2342 5519 tudo,
2375 5453 2439 5507 ad
2485 5453 2625 5523 quod
2656 5455 3042 5524 capessendum
3073 5471 3170 5526 pro
3198 5459 3396 5512 nostris
3424 5456 3611 5511 viribus
3633 5451 3708 5504 hor

2192 5547 2282 5600 tati
2330 5562 2535 5610 sumus,
2582 5557 2782 5617 quanto
2824 5555 2906 5603 est
2949 5549 3297 5604 excellentius
3326 5558 3484 5619 atque
3523 5541 3718 5601 divinius

2191 5647 2338 5694 tanto
2387 5640 2553 5706 magis
2600 5639 2852 5694 admonet
2899 5641 3308 5704 sollicitudinem
3355 5652 3600 5702 nostram,
3646 5645 3710 5686 ηα

2187 5733 2362 5787 Solum
2390 5731 2456 5785 de
2485 5730 2862 5801 gloriosissima
2897 5734 3158 5799 castitate,
3189 5748 3381 5788 verum
3413 5733 3565 5789 etiam
3583 5728 3643 5783 de
3663 5733 3718 5778 ιιι

2253 5884 3419 5955 ⁸8ι11ιὶ,ὸοηωηωιιυη.ωεει,ωηιι,ι-
