3930 6368
197 377 290 435 M3

209 497 398 554 tissima
426 496 760 556 humilitate
785 499 1003 570 aliquid
1033 499 1193 570 loqui.
1227 498 1362 555 Cum
1392 513 1520 570 ergo
1561 507 1831 569 perpetua:

221 591 556 648 continentia
588 590 954 658 professores
1003 608 1063 652 se
1109 591 1404 661 conjugatis
1435 601 1828 661 comparantes,

229 685 504 742 secundum
531 682 865 753 Scripturas
901 685 1264 753 compererint
1298 701 1392 740 eos
1431 684 1570 739 inl‘ra
1604 700 1744 750 esse,
1779 697 1832 740 et

229 794 378 848 opere
401 787 458 833 et
487 777 782 842 Intercede,
803 787 862 832 et
886 787 1013 830 voto
1047 785 1102 830 et
1133 778 1380 845 praemio;
1427 779 1608 834 Statim
1653 777 1829 830 veniat

232 875 282 930 in
318 881 548 927 mentem
592 870 748 940 quod
795 870 1053 938 scriptum
1095 878 1210 924 est:
1243 863 1443 935 Quanto
1488 886 1702 939 magnus
1753 886 1825 935 es,

230 976 359 1020 tanta
383 965 606 1018 humilia
633 978 684 1017 te
709 964 764 1017 in
786 963 1038 1028 omnibus,
1065 973 1112 1016 et
1135 980 1306 1016 coram
1331 962 1440 1016 Deo
1465 963 1683 1015 invenies
1708 979 1827 1034 gra-

226 1060 340 1109 tisne
383 1055 576 1125 (Επεὶ.
627 1071 709 1121 ιιι,
755 1055 871 1128 20).
911 1056 1153 1110 Mensura
1185 1055 1501 1108 humilitatis
1541 1055 1730 1124 cuique
1762 1071 1826 1108 ex

223 1163 467 1201 mensura
499 1147 677 1216 ipsius
696 1147 1080 1218 magnitudinis
1099 1147 1224 1200 data
1253 1155 1337 1201 est
1357 1165 1368 1200 :
1389 1147 1476 1201 cui
1509 1155 1590 1200 est
1621 1149 1826 1215 pericu-

217 1239 334 1294 Iosa
375 1239 659 1308 superbia,
693 1254 813 1308 quae
858 1239 1086 1307 amplius
1133 1238 1480 1307 amplioribus
1523 1239 1824 1292 insidiatur.

215 1334 366 1388 lianc
393 1335 646 1403 sequitur
691 1333 1003 1398 invidentia,
1035 1341 1285 1402 tauquam
1314 1331 1420 1387 ﬁlia
1463 1333 1774 1403 pedisscqua
1807 1351 1822 1386 :

210 1442 332 1480 eam
359 1426 565 1494 quippe
605 1426 859 1495 superbia
888 1427 1140 1480 continuo
1167 1426 1322 1494 parit,
1359 1440 1459 1480 nec
1485 1441 1716 1494 unquam
1741 1434 1824 1479 est

208 1518 328 1570 sine
362 1518 458 1570 tali
495 1518 648 1586 prole
695 1526 856 1585 atque
895 1519 1112 1572 comite.
1141 1517 1344 1586 Quibus
1388 1518 1598 1572 duobus
1643 1519 1816 1583 malis,

205 1611 313 1665 hoc
341 1619 427 1666 est
456 1609 715 1679 superbia
743 1618 797 1664 et
823 1609 1135 1676 invidentia,
1180 1610 1423 1665 diabolus
1453 1621 1534 1664 est
1554 1613 1592 1664 ¹.
1641 1611 1821 1681 Itaque

203 1715 399 1758 contra
431 1704 752 1773 superbiam.
773 1714 995 1758 matrem
1026 1705 1328 1760 invidentia:
1363 1708 1603 1761 maxime
1630 1707 1822 1762 militat

200 1799 465 1851 universa
497 1797 782 1865 disciplina
805 1798 1114 1852 christiana.
1139 1799 1264 1853 ﬂare
1293 1802 1432 1853 enim
1464 1801 1622 1855 docet
1647 1801 1821 1856 humi-

203 1890 450 1954 litatem,
475 1905 582 1960 qua
609 1900 658 1943 et
686 1891 926 1959 acquirat
955 1901 1010 1943 et
1045 1892 1310 1945 custodiat
1356 1894 1670 1948 charitatem
1703 1913 1716 1950 :
1753 1896 1818 1950 de

203 1997 324 2050 qua
353 1995 482 2033 cum
511 1981 713 2034 dictum
739 1991 900 2048 esset,
931 1980 1163 2036 Charitas
1205 2001 1306 2037 non
1333 1986 1634 2050 tantulatur;
1675 1987 1819 2042 velut

207 2076 260 2127 si
291 2088 522 2127 causam
557 2089 929 2143 quarreremus,
976 2077 1114 2130 unde
1143 2077 1233 2131 ﬁat
1264 2087 1321 2132 ut
1364 2095 1467 2133 non
1516 2081 1813 2149 tumuletur,

210 2166 492 2220 Continuo
522 2165 770 2226 subdidit.
798 2165 917 2221 Non
959 2170 1166 2236 inﬂatur
1207 2169 1246 2240 (I
1272 2168 1389 2223 Cor.
1421 2188 1533 2233 xm,
1561 2173 1616 2240 4)
1646 2189 1659 2226 :
1695 2183 1813 2226 lan-

208 2272 386 2326 quam
416 2255 643 2322 diceret,
676 2258 792 2311 Ideo
821 2275 924 2311 non
956 2259 1115 2313 habet
1153 2261 1520 2328 invidentiam,
1565 2264 1684 2332 quia
1717 2278 1816 2320 nec

214 2351 548 2418 superbiam.
584 2350 782 2405 Doctor
811 2351 987 2422 itaque
1018 2352 1328 2408 humilitatis
1358 2355 1602 2410 Christus
1641 2357 1815 2426 primo

211 2445 540 2513 semetipsum
569 2446 844 2498 exinnnivit
874 2449 1090 2516 formam
1117 2450 1247 2523 servi
1271 2449 1546 2517 accipiens,
1587 2450 1640 2504 in
1673 2450 1814 2504 simi-

215 2536 426 2590 litudine
459 2539 732 2590 hominum
772 2543 956 2608 factus,
992 2551 1040 2593 et
1076 2541 1248 2594 habitu
1285 2542 1515 2596 inventus
1543 2553 1599 2595 ut
1627 2543 1812 2609 homo;

214 2629 494 2683 hirtith
523 2631 871 2699 semetipsum,
919 2632 1082 2701 factus
1125 2634 1359 2688 obediens
1398 2651 1554 2704 usque
1581 2635 1650 2689 ad
1677 2653 1816 2690 mor-

215 2729 320 2784 teut,
353 2731 576 2775 mortem
598 2731 772 2774 autem
802 2725 966 2776 crucis
987 2723 1243 2794 (Philipp.
1273 2742 1331 2791 ιι,
1361 2727 1414 2793 7,
1439 2726 1516 2798 8).
1546 2727 1658 2797 Ipsa
1686 2745 1813 2784 vero

215 2811 447 2870 doctrina
478 2815 630 2884 ejus,
662 2831 826 2884 quam
856 2826 1055 2871 attente
1083 2819 1314 2873 insinuet
1344 2819 1702 2875 humilitatem
1733 2832 1813 2876 at-

206 2921 311 2975 que
337 2908 462 2962 huic
502 2907 890 2978 precipiendaa
928 2909 1276 2965 vehementer
1305 2912 1531 2979 insistat,
1563 2915 1686 2984 quis
1714 2929 1812 2970 ex-

201 2999 405 3066 plicare
435 3000 600 3055 facile
634 2999 828 3069 possit,
858 3009 1017 3069 atque
1047 3003 1096 3055 in
1128 3003 1265 3057 hanc
1291 3020 1404 3058 rem
1433 3005 1812 3061 demonstran-

207 3087 322 3142 dum
347 3091 672 3144 testimonia
693 3101 882 3144 cuncta
903 3095 1228 3158 congerere?
1257 3094 1368 3149 IIoc
1390 3093 1566 3150 facere
1591 3107 1812 3153 conetur

217 3181 292 3234 vel
334 3185 512 3241 iaciat.
564 3183 814 3252 quisquis
859 3198 1101 3237 seorsum
1145 3184 1213 3238 de
1256 3184 1554 3240 humilitate
1583 3188 1814 3243 voluerit

215 3275 480 3332 scribere:
505 3275 674 3346 hujus
722 3285 900 3331 autem
941 3277 1120 3346 operis
1163 3276 1308 3332 aliud
1349 3280 1678 3350 propositum
1708 3289 1811 3350 est,

215 3371 343 3439 qud
375 3373 450 3424 de
483 3382 599 3422 tam
633 3386 821 3438 magna
853 3386 909 3423 re
936 3380 1238 3438 susceptum
1267 3380 1369 3436 est,
1413 3380 1470 3423 ut
1508 3374 1555 3424 ci
1584 3375 1814 3427 maxime

213 3462 268 3516 sit
292 3463 549 3515 cavenda
576 3461 844 3529 superbia.

273 3555 518 3611 CAPUT
560 3554 778 3610 XXXII.
799 3585 869 3594 --
887 3555 975 3610 5‘2.
1018 3554 1100 3609 De
1125 3557 1407 3611 humilitate
1437 3565 1686 3628 pracepta
1708 3557 1818 3611 Dav

217 3651 344 3703 mini
380 3660 430 3703 et
467 3650 714 3720 exenrpla.
747 3649 979 3704 Proinde
1010 3665 1173 3720 pauca
1205 3652 1526 3716 testimonia,
1559 3667 1678 3720 qme
1716 3652 1818 3704 Do-

213 3743 398 3796 minus
427 3741 484 3795 in
516 3749 745 3796 mentem
777 3741 906 3797 dare
930 3742 1197 3812 dignatur,
1241 3757 1305 3797 cx
1353 3743 1592 3798 doctrina
1619 3739 1816 3796 Christi

211 3833 264 3889 de
307 3834 625 3888 humilitate
654 3849 1038 3897 commemoro,
1080 3850 1196 3903 quae
1226 3834 1291 3887 ad
1333 3834 1383 3888 id
1423 3835 1563 3904 quod
1614 3832 1818 3888 intendi

217 3927 456 3981 inruisse
502 3927 793 3980 sufﬁciant.
844 3925 1035 3980 Sermo
1073 3926 1208 3995 ejus,
1247 3927 1409 3996 quem
1436 3928 1662 3995 primum
1690 3937 1819 3994 pro-

217 4017 468 4072 liaiorem
503 4017 571 4070 ad
599 4016 888 4086 discipulos
921 4017 1120 4082 habuit,
1151 4017 1270 4071 inde
1293 4019 1473 4086 οωρίῑ,
1508 4016 1653 4069 Beati
1684 4033 1816 4085 pau-

223 4125 362 4177 peres
412 4110 622 4177 spiritu,
658 4109 897 4177 quoniam
941 4109 1166 4177 ipsorum
1213 4119 1284 4162 est
1327 4126 1534 4179 regnum
1580 4109 1822 4161 cat-lorum

223 4201 439 4270 (Matth.
474 4215 531 4262 ν,
557 4200 612 4269 3)
637 4217 650 4250 :
685 4213 818 4269 quos
845 4201 959 4254 sine
993 4201 1096 4254 ulla
1122 4203 1482 4255 controversia
1509 4201 1733 4254 humiles
1751 4202 1826 4253 in-

224 4294 538 4361 telligimus.
583 4291 768 4346 Fidem
817 4293 1156 4346 Ccnturionis
1208 4293 1349 4347 illius
1393 4293 1512 4347 ideo
1555 4293 1820 4362 pratcipue

226 4384 486 4446 laudavit,
519 4399 620 4439 nec
634 4401 692 4438 se
711 4384 977 4438 invenisse
995 4385 1046 4438 in
1067 4385 1230 4439 Israel
1256 4385 1389 4439 dixit
1415 4393 1610 4438 tantam
1635 4384 1818 4450 ﬁdem,

231 4477 346 4545 quia
377 4476 470 4530 ille
497 4487 604 4529 tam
634 4469 905 4530 humiliter
934 4476 1180 4544 credidit,
1214 4487 1271 4531 ut
1296 4477 1517 4542 diceret,
1554 4476 1674 4530 Non
1707 4494 1819 4530 sum

234 4575 417 4645 lignus
441 4581 497 4625 ut
525 4569 616 4626 sub
644 4579 826 4625 tectum
853 4586 1015 4623 meum
1041 4571 1194 4624 intres
1221 4568 1326 4640 (Id.
1349 4588 1458 4638 vm,
1478 4569 1652 4642 5-10).
1671 4568 1826 4627 Unde

243 4679 340 4720 nec
366 4663 652 4718 Matthazus
700 4661 770 4716 ob
809 4660 953 4715 aliud
1004 4676 1124 4716 eum
1157 4659 1288 4715 dixit
1319 4662 1610 4718 accessisse
1639 4661 1705 4716 ad
1731 4661 1824 4717 Je-

246 4772 383 4825 surn,
433 4771 557 4810 cum
603 4753 940 4824 apertissime
983 4751 1154 4807 Lucas
1200 4753 1432 4807 insinuet
1456 4753 1595 4822 quod
1627 4769 1730 4806 non
1757 4752 1822 4807 ad

242 4864 356 4906 eum
391 4853 505 4921 ipse
536 4849 762 4916 venerit,
786 4849 879 4905 sed
914 4848 1115 4904 amicos
1159 4863 1285 4902 suos
1315 4849 1521 4903 miserit
1547 4846 1700 4915 (Luc.
1730 4861 1823 4911 vn,

246 4943 292 5008 6,
321 4947 394 5012 7),
425 4944 528 4997 nisi
549 4943 671 5013 quia
700 4941 1008 4997 fidelissima
1052 4939 1349 4997 humilitate
1397 4943 1566 5012 magis
1597 4943 1709 5012 ipse
1733 4959 1819 4995 ac-

247 5039 418 5100 cessit,
451 5052 612 5108 quam
644 5036 716 5091 illi
743 5053 877 5108 quos
919 5037 1081 5092 misit.
1115 5035 1267 5093 Unde
1308 5044 1361 5092 et
1391 5037 1516 5091 illud
1549 5035 1825 5106 pr0pheti«

249 5143 357 5183 eum
387 5139 488 5191 est,
536 5129 778 5184 Excelsus
823 5139 894 5183 est
936 5127 1204 5196 Dominus,
1253 5139 1299 5184 et
1342 5129 1550 5182 humilia
1592 5128 1828 5195 respicit;

249 5224 431 5276 acelsa
455 5233 625 5276 autem
650 5223 848 5294 alonge
872 5224 1124 5293 cngnoscit
1150 5220 1317 5294 (Psal.
1345 5237 1580 5282 cxxxvn,
1615 5219 1672 5288 6)
1695 5239 1705 5271 :
1731 5220 1825 5273 uti.

248 5332 340 5384 que
364 5327 616 5386 tanquam
649 5329 753 5370 non
780 5315 1106 5370 accedentia.
1139 5313 1271 5369 Hinc
1297 5313 1666 5370 etillimulieri
1689 5313 1826 5367 Cha-

250 5425 438 5462 ninmm
469 5410 621 5475 dicit,
655 5409 699 5462 0
729 5410 927 5470 mulier,
968 5425 1152 5478 magna
1192 5417 1263 5461 est
1305 5406 1430 5474 ﬁdes
1465 5403 1583 5458 tua!
1624 5405 1711 5472 ﬁat
1741 5403 1828 5456 tibi

247 5502 362 5553 sicut
386 5501 458 5554 vis
495 5517 512 5555 :
551 5517 712 5571 quam
751 5501 996 5570 superius
1025 5516 1214 5554 canem
1239 5498 1617 5568 appellaverat,
1650 5509 1748 5549 nec
1777 5496 1826 5550 ei

249 5608 432 5662 panem
467 5595 698 5648 tiliorum
723 5593 1108 5666 projiciendum
1139 5608 1259 5648 esse
1288 5589 1654 5661 responderat.
1675 5588 1828 5656 Quod

309 5850 326 5882 ι
349 5847 426 5897 sic
447 5849 555 5894 mss.
580 5853 631 5894 At
653 5849 748 5900 ετ..
787 5840 1016 5904 superbia
1032 5847 1077 5904 et
1099 5835 1360 5904 inridenti“
1396 5834 1616 5888 diabolus
1639 5839 1839 5904 praeest.

309 5855 326 5882 ⁸
349 5855 426 5897 Sic
447 5855 555 5894 MSS.
580 5855 631 5894 At
653 5855 748 5900 ετ..
787 5856 828 5892 ετ
939 5855 1016 5891 ma
1032 5855 1077 5891 et
1099 5855 1360 5890 manentia
1396 5855 1443 5888 nt

250 5916 374 5973 ωιτη
398 5907 637 5975 superbire
656 5914 703 5958 et
725 5855 1002 5958 utng
1015 5902 1236 5955 diabolus
1249 5908 1443 5966 praeest.

1664 381 1874 440 LIBER
1907 382 2110 446 HNUS.

1939 500 2028 554 illa
2070 502 2340 563 humiliter
2369 509 2637 579 accipiens
2659 512 2886 582 dixerat,
2917 516 3026 586 Ita,
3053 520 3301 589 Romula;
3325 541 3444 580 nam
3471 536 3519 581 et

1937 610 2085 650 canes
2110 598 2264 653 edunt
2305 600 2368 656 de
2392 603 2533 658 micis
2555 621 2668 671 qua
2690 607 2874 662 cadunt
2910 611 2975 665 de
3001 629 3172 668 mensa
3199 615 3518 674 dominorum

1936 706 2158 780 suorum.
2184 696 2261 747 At:
2282 695 2360 749 sic
2388 696 2525 766 quod
2550 699 2764 754 assiduo
2783 702 3018 758 clamore
3041 723 3146 761 non
3174 709 3514 780 impetrabat,

1936 779 2120 875 humili
2169 784 2506 842 confessione
2553 793 2848 859 promeruit
2894 793 3104 865 (Matth.
3151 815 3245 865 xv,
3295 801 3513 875 22-28).

1934 870 2070 927 Hinc
2092 875 2245 929 etilli
2269 875 2376 932 duo
2406 892 2770 949 proponuntur
2799 897 3014 941 orantes
3042 889 3094 942 in
3124 893 3344 961 templo,
3379 870 3518 950 unus

1934 963 2246 1032 pharisaeus,
2293 977 2344 1022 ct
2371 971 2504 1025 alter
2528 974 2862 1041 publicanus,
2898 989 3114 1048 propter
3149 996 3243 1036 eos
3285 987 3370 1052 qui
3413 985 3510 1043 sibi

1927 1060 2054 1126 justi
2097 1061 2359 1126 videntur,
2403 1073 2456 1119 et
2481 1078 2739 1134 spernunt
2773 1079 3018 1133 catenas,
3049 1083 3100 1127 et
3129 1078 3510 1132 enumerationi

1930 1151 2242 1206 meritorum
2293 1156 2572 1224 praefertur
2609 1159 2878 1216 confessio
2920 1174 3277 1231 peccatorum.
3312 1167 3381 1220 Et
3412 1170 3511 1221 uti-

1928 1260 2031 1313 que
2061 1245 2166 1298 Deo
2193 1249 2388 1315 gratias
2409 1251 2592 1318 agebat
2621 1252 2913 1320 phzn-iswus
2939 1270 3000 1308 ex
3026 1255 3108 1309 his
3129 1257 3180 1309 in
3203 1258 3394 1326 quibus
3415 1259 3510 1316 sibi

1928 1336 2151 1392 inultum
2195 1339 2462 1406 placebat:
2499 1341 2720 1406 Gratias,
2755 1345 2940 1413 inquit,
2975 1346 3060 1399 tibi
3103 1364 3219 1418 ago,
3266 1350 3387 1419 quia
3411 1366 3513 1402 non

1926 1445 2038 1483 sum
2063 1431 2192 1483 sicut
2219 1434 2382 1486 cwtcri
2408 1433 2652 1500 homines,
2675 1438 2871 1506 injusti,
2891 1449 3134 1508 raptores,
3153 1440 3394 1508 adulteri,
3415 1443 3512 1496 sic-

1924 1530 1982 1574 ut
2031 1531 2076 1575 et
2115 1523 2412 1593 publicanus
2438 1527 2547 1580 iste.
2575 1527 2764 1599 Jejuno
2785 1531 2857 1584 bis
2878 1533 2929 1585 in
2958 1531 3183 1599 sabbato,
3207 1535 3425 1588 decimas
3446 1535 3512 1588 do

1923 1616 2148 1668 omnium
2177 1634 2496 1688 qnmcumque
2518 1622 2766 1691 possideo.
2790 1623 3102 1678 Publicnnus
3123 1638 3290 1679 autem
3317 1628 3378 1680 de
3399 1629 3509 1681 lon-

1922 1708 2107 1778 ginqua
2129 1709 2311 1775 stabat,
2336 1727 2425 1763 nec
2445 1713 2616 1766 oculos
2637 1714 2705 1767 ad
2739 1716 2916 1768 caelum
2956 1717 3171 1770 audebat
3209 1721 3392 1782 levare,
3419 1719 3509 1772 sed

1924 1802 2228 1869 prrcuticbat
2259 1814 2431 1872 pectus
2461 1822 2631 1868 suum,
2681 1807 3068 1874 dicens:Deus,
3115 1811 3366 1879 propitius
3403 1821 3509 1865 esto

1922 1896 2044 1947 mihi
2072 1899 2340 1965 percntari.
2373 1897 2624 1968 Sequitur
2639 1911 2814 1956 autem
2835 1901 3011 1956 divina
3030 1905 3292 1958 sententia
3317 1923 3328 1959 :
3351 1905 3508 1958 Amen

1919 1985 2033 2039 dico
2066 1988 2217 2048 vobis,
2253 1989 2506 2042 descendit
2529 1992 2842 2062 justi/icatus
2885 1995 2946 2047 de
2984 1995 3168 2063 templo
3210 1994 3509 2066 publicanus

1920 2079 2082 2148 magis
2111 2093 2264 2143 quam
2289 2081 2378 2134 ille
2404 2082 2699 2148 pharisams.
2750 2085 2950 2139 Deinde
2988 2101 3144 2139 causa
3185 2087 3504 2152 ostenditur,

1919 2185 2013 2223 cur
2040 2169 2142 2225 hoc
2168 2171 2361 2239 justum
2403 2173 2470 2225 sit
2492 2190 2502 2224 :
2536 2174 2785 2237 Quoniam
2808 2176 2850 2226 is
2873 2177 3029 2246 quise
3050 2176 3238 2229 exultat
3264 2177 3504 2229 humilia-

1918 2261 2069 2324 bitur,
2096 2274 2141 2316 rt
2166 2265 2251 2332 qui
2276 2282 2328 2318 se
2355 2265 2586 2318 humilia!
2615 2266 2918 2319 exaltabitur
2940 2266 3089 2337 (Luc.
3115 2283 3262 2330 XVIII,
3291 2268 3502 2337 10-14).

1917 2357 2060 2412 Fieri
2089 2373 2215 2428 ergo
2237 2370 2412 2430 potest
2442 2369 2498 2413 ut
2525 2361 2749 2430 quisque
2781 2369 2833 2414 et
2863 2361 2997 2414 mala
3028 2377 3149 2414 vera
3194 2361 3415 2425 devitet,
3449 2368 3510 2415 et-

1918 2462 2044 2501 vera
2073 2448 2208 2504 bona
2236 2449 2290 2504 in
2317 2463 2378 2506 se
2403 2452 2728 2520 consideret,
2756 2461 2810 2508 et
2839 2453 2907 2507 de
2938 2452 3023 2507 his
3048 2453 3190 2517 Patri
3238 2454 3501 2508 luminum

1917 2541 2118 2610 gratias
2143 2551 2284 2611 agat,
2315 2559 2347 2600 a
2373 2559 2478 2613 quo
2505 2544 2782 2600 descendit
2825 2560 2983 2600 omne
3008 2545 3188 2599 datum
3217 2549 3500 2616 Optimum,

1916 2641 1970 2687 et
1996 2647 2154 2688 omne
2183 2636 2379 2688 donum
2422 2635 2716 2706 perfectum
2764 2634 2966 2707 (Jacobi
2996 2654 3031 2701 I,
3065 2636 3186 2706 i7);
3227 2648 3280 2691 et
3324 2644 3510 2691 tamen.

1915 2725 2164 2781 elationis
2193 2727 2321 2780 vitio
2350 2727 2686 2796 rcprobetnr,
2720 2729 2760 2779 si
2788 2727 2906 2781 aliis
2938 2723 3505 2796 peccatoribus’maxi-

1916 2833 2109 2884 ineque
2143 2830 2355 2889 peccata
2386 2820 2434 2872 in
2463 2819 2704 2872 oratione
2725 2818 3122 2881 conﬁtentibus,
3153 2818 3238 2872 vel
3265 2817 3376 2870 sola
3403 2830 3502 2872 co-

1913 2911 2168 2981 gitatione
2198 2927 2316 2981 quae
2342 2927 2521 2965 coram
2556 2913 2666 2965 Deo
2692 2920 2794 2978 est,
2829 2912 3088 2981 superbus
3117 2911 3356 2975 insultet,
3379 2908 3508 2980 qui».

1914 3004 2013 3060 bus
2035 3018 2142 3059 non
2163 3005 2479 3074 exprobatio
2502 3020 2632 3060 cum-
2656 3005 2947 3068 inﬂat-ioue,
2983 3005 3076 3059 sed
3101 3004 3372 3058 miseratio
3388 3003 3505 3058 sine

1915 3098 2288 3168 desperatione
2310 3098 2553 3153 debetur.
2593 3098 2730 3166 Quid
2780 3098 2907 3154 illud
2951 3097 3094 3167 quod
3144 3095 3506 3168 quaerentibus

1917 3191 2057 3247 inter
2084 3206 2142 3244 se
2169 3190 2441 3260 discipulis
2477 3190 2721 3259 quisnam
2751 3204 2938 3244 eorum
2966 3189 3140 3257 major
3176 3196 3339 3250 esset,
3370 3201 3507 3256 pue-

1913 3298 2034 3338 rum
2061 3283 2343 3354 parvulum
2371 3282 2652 3338 constituit
2678 3287 2802 3336 ante
2831 3282 3013 3335 oculos
3035 3295 3244 3347 eorum,
3278 3277 3504 3333 dicens:

1916 3374 2038 3432 Nisi
2066 3377 2264 3449 fueritis
2299 3376 2428 3453 sicut
2455 3391 2581 3444 puer
2617 3375 2728 3436 iste,
2775 3391 2874 3428 non
2913 3373 3163 3426 inn-abitis
3202 3373 3254 3425 in
3295 3383 3507 3440 regnant

1887 3467 2160 3522 'coclorum
2185 3465 2402 3537 (Matth.
2435 3480 2586 3527 xvm,
2619 3466 2771 3535 1-5)?
2799 3480 2975 3519 nonne
3005 3462 3355 3517 humilitatem
3386 3475 3504 3515 ma-

1919 3558 2060 3613 xime
2089 3557 2500 3621 commendavit,
2547 3563 2602 3611 et
2633 3557 2681 3609 in
2729 3571 2790 3610 ea
2835 3555 3082 3609 meritum
3127 3550 3512 3622 magnitudinis

1919 3651 2134 3724 posuit?
2157 3651 2250 3705 Vel
2295 3667 2417 3704 cum
2459 3647 2579 3704 ﬁliis
2605 3647 2852 3702 Zebed-:ci
2886 3648 3046 3701 latera
3073 3645 3189 3714 ejus
3218 3645 3271 3698 in
3303 3643 3514 3698 aedium

1920 3747 2245 3802 sublimitate
2276 3743 2798 3813 concupiscentibus,
2847 3743 2914 3795 ita
2947 3739 3242 3808 respondit,
3293 3746 3347 3792 ut
3384 3750 3512 3808 pas-

1922 3839 2087 3895 sionis
2118 3838 2230 3907 ejus
2261 3838 2480 3892 calicem
2515 3835 2800 3891 bibendum
2852 3835 3027 3904 potius
3070 3834 3363 3901 cogitarent
3393 3829 3509 3900 (Id'.

1923 3948 2019 3999 xx,
2048 3929 2140 4000 2-1,
2176 3931 2292 4002 22),
2326 3931 2376 3984 in
2404 3944 2510 3998 quo
2538 3944 2595 3983 se
2624 3928 2922 3982 humiliavit
2965 3940 3132 3996 usque
3162 3925 3226 3979 ad
3257 3931 3508 3987 mortem,

1922 4037 2146 4083 mortem
2174 4034 2352 4080 autem
2379 4027 2552 4078 crucis
2584 4021 2839 4092 (Philipp.
2877 4036 2929 4083 ιι,
2971 4020 3046 4088 8),
3081 4033 3236 4087 quam
3278 4013 3512 4084 superbo

1925 4119 2160 4188 appetitu
2205 4115 2440 4184 pra-ferri
2474 4114 2682 4168 caeteris
2709 4111 3067 4181 postularent;
3097 4107 3224 4178 quid
3253 4105 3508 4171 ostendit,

1925 4213 2030 4267 nisi
2070 4211 2147 4266 eis
2191 4227 2248 4263 se
2295 4211 2521 4262 futurum
2569 4204 2860 4260 altitudinis
2904 4201 3232 4271 largitorem,
3270 4199 3358 4268 qtti
3390 4212 3513 4252 eum

1925 4305 2200 4360 doctorem
2233 4301 2549 4356 humilitatis
2591 4308 2743 4351 antea
2785 4294 3168 4364 sequerentur?
3211 4292 3327 4344 Jam
3381 4299 3517 4342 vero

1927 4397 2071 4467 quod
2116 4395 2358 4449 exiturus
2402 4392 2465 4445 ad
2520 4391 2818 4460 passionem
2865 4388 2991 4441 lavit
3025 4385 3186 4452 pedes
3218 4381 3512 4448 discipulis,

1929 4487 2240 4555 monuitque
2285 4482 2618 4553 apertissime
2646 4489 2702 4533 ut
2742 4477 2844 4532 hoc
2876 4477 3106 4530 Γεισθιίιιῑ
3138 4471 3516 4538 cnttdiSripttlis

1927 4590 2086 4650 atque
2105 4575 2400 4642 conservis,
2423 4573 2564 4645 quod
2583 4574 2661 4628 eis
2687 4571 2900 4626 fecisset
2919 4569 3169 4638 Magister
3184 4575 3237 4622 et
3258 4564 3518 4618 Dominus

1929 4673 2107 4745 (Joan.
2141 4689 2253 4737 xm,
2288 4667 2480 4740 l-l'l);
2529 4675 2781 4736 quantum
2819 4659 3213 4718 commendavit
3243 4655 3517 4711 humilita-

1930 4765 2072 4822 tem?
2098 4765 2192 4820 Cui
2222 4759 2658 4820 commendandte
2697 4758 2856 4812 etiam
2905 4764 3115 4824 tempus
3160 4751 3287 4805 illud
3334 4749 3515 4820 elegit,

1928 4875 2034 4930 quo
2071 4873 2192 4913 eum
2242 4855 2481 4926 proxime
2519 4851 2834 4906 moriturum
2878 4861 2998 4902 cum
3029 4858 3224 4914 magno
3251 4841 3519 4897 desiderio

1929 4952 2348 5012 COttlItcliantttt‘;
2381 4945 2482 5000 hoc
2513 4945 2692 5014 utique
2727 4941 2991 5012 pra‘ciptte
3041 4936 3296 4990 memoria
3331 4939 3514 4987 reten-

1930 5045 2055 5110 turi,
2073 5041 2213 5112 quod
2245 5039 2490 5106 Magister
2511 5035 2796 5090 imitandus
2813 5033 3054 5087 ultimum
3075 5029 3513 5084 demonstrasset.

1931 5137 1998 5190 At
2030 5135 2117 5188 ille
2144 5133 2244 5187 hoc.
2274 5129 2397 5185 fecit
2429 5129 2518 5183 illo
2547 5136 2807 5197 tempore,
2839 5123 2979 5194 quod
3029 5123 3208 5191 utique
3247 5119 3418 5190 potuit
3466 5124 3518 5171 et

1930 5229 2050 5282 aliis
2077 5236 2199 5280 ante
2221 5225 2428 5289 diebus,
2460 5221 2655 5293 quibus
2682 5234 2804 5274 cum
2835 5218 2912 5272 eis
2941 5215 3114 5269 fuerat
3143 5217 3516 5266 conversatus:

1931 5320 2143 5394 quando
2183 5319 2227 5373 si
2278 5318 2446 5380 ﬁeret,
2489 5313 2589 5368 hoc
2615 5315 2786 5383 ipsum
2815 5311 3025 5381 quidem
3074 5305 3394 5368 traderetur,
3425 5300 3524 5355 sed-

1933 5419 2114 5484 ulique
2144 5430 2248 5466 non
2279 5413 2355 5464 sic
2387 5409 2736 5478 acciperetur.

2001 5505 2227 5565 CAPUT
2258 5501 2498 5558 XXXIII.
2520 5530 2588 5540 ——
2635 5496 2722 5553 53.
2763 5493 3037 5549 Humililas
3080 5487 3400 5551 Christianis,
3433 5484 3521 5537 sed

1933 5605 2152 5660 maxime
2180 5597 2454 5669 virginibus
2475 5590 2820 5647 custodienda.
2847 5587 2978 5641 Cum
3025 5599 3152 5652 ergo
3202 5578 3520 5669 Christianis

1933 5694 2182 5751 onmibus
2203 5667 2549 5746 custodienda
2577 5681 2645 5736 sit
2673 5679 2940 5734 humilitas
2962 5714 2980 5737 ,
3032 5667 3456 5742 quandoquidem
3493 5684 3523 5722 a

1933 5787 2153 5844 Christo
2198 5777 2483 5838 Christiani
2543 5773 2912 5844 appellantur,
2963 5766 3114 5836 cnjm
3171 5763 3518 5834 Evangelium

1937 5895 2098 5941 nemo
2122 5877 2404 5946 diligenter
2427 5870 2660 5928 intuetur
2682 5903 2699 5935 ,
2730 5863 2819 5934 qui
2847 5875 2958 5919 non
2985 5874 3109 5924 eum
3134 5853 3524 5918 doctor-enthu-
