3844 6478
444 438 549 495 415

444 545 684 602 militatis
712 542 977 607 inveniat;
1006 548 1116 595 tum
1164 538 1399 595 maxime
1426 538 1636 593 virtutis
1666 536 1825 607 hujus
1852 543 2029 590 secta-

447 649 591 693 tores
615 646 670 692 et
699 642 1108 691 conservatores
1136 647 1228 687 eos
1257 646 1377 686 esse
1405 630 1691 695 convenit,
1720 630 1809 700 qui
1842 641 2032 698 magno

445 730 624 798 aliquo
655 728 794 781 bono
820 724 1031 781 caeteris
1060 724 1329 787 eminent,
1378 731 1436 777 ut
1479 736 1804 791 magnopere
1847 727 2035 775 curent

446 818 573 872 illud
614 818 754 888 quod
794 816 1037 887 primilus
1067 815 1219 885 posui
1250 832 1261 867 :
1295 814 1495 882 Quanto
1520 830 1732 883 magnus
1770 829 1852 879 es,
1896 820 2033 865 tanto

446 914 655 967 humilia
679 921 725 965 te
753 912 805 964 in
835 911 1063 964 omnibus
1083 949 1099 974 ,
1141 915 1187 962 et
1215 924 1385 962 coram
1432 906 1538 960 Deo
1572 908 1792 959 invenies
1816 905 2035 976 gratiam

446 1003 631 1073 (Eccli.
661 1018 751 1068 ιιι,
796 1001 914 1072 20).
943 1000 1171 1055 Proinde
1210 1000 1333 1070 quia
1376 1008 1627 1068 perpetua
1677 997 2027 1063 continentia,

447 1096 782 1164 maximeque
812 1094 1119 1163 virginitas,
1145 1105 1391 1161 magnum
1419 1090 1619 1144 bonum
1650 1097 1732 1143 est
1758 1090 1809 1142 in
1836 1088 2036 1144 sanctis

449 1190 575 1255 Dei,
607 1189 1009 1258 vigilantissime
1053 1186 1350 1242 cavendum
1392 1193 1475 1240 est
1524 1199 1591 1239 ne
1632 1182 1881 1254 superbia
1912 1195 2034 1236 cor-

452 1288 750 1349 rumpatur.

519 1371 608 1424 54.
654 1368 902 1423 Curiosas
947 1376 1001 1423 et
1047 1367 1299 1422 verbosas
1328 1364 1495 1420 malas
1540 1364 1791 1434 innuptas
1839 1364 2032 1419 Paulus

452 1463 725 1531 apostolus
755 1468 938 1526 notat,
971 1469 1023 1514 et
1062 1459 1165 1513 hoc
1194 1458 1375 1512 vitium
1404 1456 1587 1511 venire
1628 1456 1756 1510 dicit
1784 1472 1850 1511 ex
1900 1456 2029 1510 otio.

448 1554 617 1605 Simul
644 1562 811 1604 autem
835 1591 851 1617 ,
887 1551 1093 1621 inquit,
1125 1559 1171 1602 et
1198 1549 1371 1602 otiosa:
1403 1548 1603 1601 discunt
1629 1548 1888 1600 circumire
1937 1547 2032 1599 do-

448 1660 554 1695 mos
581 1644 595 1674 ¹
623 1659 636 1705 ;
672 1659 771 1695 non
792 1643 955 1695 solum
981 1650 1143 1693 autem
1195 1640 1393 1703 otiosaa,
1428 1654 1595 1691 verum
1648 1638 1793 1690 etiam
1821 1638 2034 1690 curiosa:

445 1742 489 1784 et
517 1734 732 1786 verbosa:
752 1774 765 1796 ,
799 1734 1053 1801 loquentes
1081 1746 1193 1798 (μιαί
1221 1746 1321 1783 non
1343 1737 1555 1799 oportet.
1588 1729 1660 1783 De
1681 1728 1763 1781 his
1792 1730 2032 1797 superius

444 1822 678 1884 dixerat,
712 1822 950 1876 Iuniores
976 1831 1143 1874 autem
1164 1821 1343 1874 viduas
1364 1820 1512 1879 evita.
1541 1818 1665 1872 Cum
1686 1819 1817 1871 enim
1842 1820 1894 1871 in
1941 1818 2029 1871 de-

451 1917 580 1969 liciis
597 1917 818 1985 egerint,
844 1918 899 1968 in
924 1914 1122 1967 Christo
1148 1914 1330 1966 nubere
1347 1912 1555 1974 volunt;
1578 1911 1812 1964 habentes
1832 1910 2034 1963 damna-

445 2008 657 2071 tionem,
685 2008 922 2077 quoniam
954 2008 1167 2076 primam
1220 2005 1375 2071 ﬁdem
1425 2004 1616 2056 irritam
1662 2003 1883 2071 fecerunt
1920 2018 1939 2056 :
1979 2002 2031 2057 id

443 2110 524 2155 est
545 2143 559 2165 ,
601 2101 653 2154 in
688 2116 753 2154 eo
773 2100 913 2169 quod
945 2101 1115 2169 primo
1144 2107 1430 2160 voverant,
1466 2113 1569 2152 non
1602 2104 1881 2151 steterunt.

514 2193 738 2247 CAPUT
767 2192 1005 2248 XXXIV.
1034 2222 1104 2230 —
1124 2190 1376 2261 Innuptas
1403 2191 1620 2244 viventes
1640 2201 1819 2243 contra
1844 2206 2033 2261 prapo-

445 2284 595 2335 situm
635 2299 734 2336 non
779 2291 971 2352 spectat
1016 2298 1235 2351 praesens
1264 2282 1551 2335 adhortatio
1585 2282 1653 2333 ad
1678 2282 2029 2336 humilitatem.

442 2373 549 2427 Nec
582 2383 757 2428 tamen
807 2374 918 2439 ait,
952 2374 1191 2436 nubunt;
1250 2372 1343 2427 sed
1369 2413 1382 2436 ,
1414 2372 1598 2427 nubere
1626 2372 1816 2426 volunt.
1845 2372 2033 2427 Multas

443 2466 585 2519 enim
616 2480 798 2518 earum
822 2473 1036 2519 revocat
1063 2479 1092 2517 a
1128 2464 1411 2529 nubendo,
1462 2478 1568 2517 non
1613 2478 1766 2516 amor
1793 2462 2033 2531 praeclari

444 2556 734 2626 propositi,
790 2556 882 2610 scd
934 2556 1103 2625 aperti
1142 2555 1421 2609 dedecoris
1467 2556 1652 2620 timor,
1704 2555 1925 2609 veniens
1968 2563 2024 2610 et

444 2648 558 2718 ipse
610 2646 678 2701 de
726 2646 999 2716 superbia,
1030 2660 1131 2714 qua
1179 2644 1491 2701 formidatur
1518 2646 1685 2714 magis
1731 2644 2034 2702 hominibus

446 2739 727 2808 displicere
748 2780 762 2805 ,
786 2753 945 2807 quam
970 2738 1098 2791 Deo.
1129 2737 1222 2791 Hae
1254 2737 1413 2806 igitur
1440 2752 1559 2807 quae
1586 2736 1787 2792 nubere
1808 2738 2028 2805 volunt,

448 2839 502 2884 et
526 2831 644 2884 ideo
686 2844 795 2884 non
826 2829 1028 2883 nubunt
1057 2828 1181 2898 quia
1230 2829 1447 2899 impune
1495 2844 1598 2883 non
1629 2837 1879 2898 possunt,
1910 2843 2033 2899 quae

445 2922 637 2976 melius
664 2922 926 2976 nuberent
952 2935 1111 2990 quam
1139 2929 1423 2975 urerentur
1441 2962 1457 2987 ,
1489 2919 1543 2974 id
1594 2928 1707 2986 est,
1749 2935 1909 2989 quam
1932 2935 2030 2976 oc-

450 3014 591 3067 culta
610 3013 819 3067 ﬂamma
848 3013 1295 3083 concupiscentia:
1322 3014 1374 3067 in
1400 3014 1512 3083 ipsa
1537 3014 1899 3069 conscientia'
1930 3029 2023 3069 va-

446 3113 742 3172 starentur,
775 3119 908 3175 quas
940 3105 1161 3174 poenitet
1212 3105 1590 3175 professionis,
1623 3114 1677 3161 et
1721 3108 1861 3175 piget
1901 3120 2033 3161 con-

445 3194 728 3259 fessionis;
760 3195 861 3249 nisi
886 3203 1192 3249 correctum
1223 3209 1317 3249 cor
1343 3194 1604 3264 dirigant,
1636 3204 1691 3249 et
1720 3195 1810 3250 Dei
1842 3196 2032 3252 timore

442 3302 631 3341 rursus
652 3287 926 3340 libidinem
954 3288 1186 3352 vincant,
1218 3287 1269 3341 in
1296 3288 1520 3341 mortuis
1542 3286 1858 3356 deputandaa
1875 3297 2023 3356 sunt,

442 3378 556 3432 sive
586 3378 638 3432 in
668 3377 873 3432 deliciis
897 3387 1088 3448 agant;
1118 3378 1257 3433 unde
1285 3377 1413 3433 dicit
1442 3379 1729 3447 Apostolus
1750 3420 1764 3445 ,
1790 3378 1918 3446 Quae
1936 3396 2030 3431 au-

444 3479 539 3524 tem
565 3471 617 3523 in
645 3470 838 3524 deliciis
863 3471 969 3540 agit
993 3511 1007 3533 ,
1035 3471 1202 3524 vivens
1245 3481 1445 3523 mortua
1484 3481 1557 3525 est
1584 3471 1629 3540 (l
1659 3470 1793 3524 Tim.
1814 3487 1844 3524 v
1864 3512 1878 3535 ,
1926 3472 2027 3539 1‘5,

442 3562 503 3616 11
541 3603 555 3627 ,
587 3560 693 3627 12,
725 3559 814 3632 6);
853 3562 963 3615 sive
990 3561 1040 3614 in
1066 3560 1336 3615 laboribus
1375 3569 1536 3630 atque
1582 3560 1802 3630 jejuniis
1825 3601 1840 3626 ,
1885 3560 2030 3615 nulla

442 3653 620 3709 cordis
647 3655 983 3709 correctione
1022 3653 1305 3723 superﬂuis
1328 3695 1345 3721 ,
1395 3663 1450 3708 et
1478 3654 1646 3723 magis
1689 3656 2031 3711 ostentationi

442 3760 602 3815 quam
628 3743 985 3798 emendationi
1014 3744 1034 3775 ³
1060 3744 1434 3799 servientibus.
1458 3745 1571 3799 Non
1587 3761 1684 3815 ego
1712 3747 1901 3801 talibus
1919 3762 2031 3802 ma-

444 3850 600 3905 gnam
631 3849 812 3887 curam
863 3835 1175 3889 humilitatis
1204 3836 1419 3905 iugero,
1464 3836 1517 3889 in
1558 3836 1751 3905 quibus
1780 3838 2029 3905 superbia

445 3927 558 3996 ipsa
587 3925 958 3993 confunditur,
987 3934 1042 3981 et
1061 3926 1407 3980 conscientia}
1431 3927 1651 3981 vulnere
1691 3938 2026 3986 cruentatur.

445 4018 553 4073 Nec
573 4018 797 4073 ebriosis
816 4060 831 4085 ,
861 4030 952 4073 aut
993 4019 1167 4073 avaris
1185 4058 1199 4083 ,
1224 4027 1315 4073 aut
1354 4018 1461 4074 alio
1484 4018 1722 4089 quolibet
1751 4021 2029 4077 damnabi-

444 4109 512 4167 lis
536 4109 705 4164 morbi
735 4108 963 4180 genere‘
988 4110 1309 4179 jacentibus,
1340 4126 1459 4165 cum
1478 4109 1709 4166 habeant
1737 4114 2030 4183 corporalis

450 4203 792 4257 continentia:
836 4201 1258 4272 professionem,
1302 4202 1645 4271 moribusque
1690 4204 1954 4272 perversis
1996 4219 2029 4261 a

446 4307 544 4347 suo
574 4292 787 4347 nomine
812 4292 1120 4357 dissonent,
1158 4292 1295 4348 hanc
1332 4308 1577 4363 magnam
1615 4294 2028 4352 sollicitudinem

444 4387 547 4456 piae
575 4386 891 4442 humilitatis
916 4388 1132 4457 impono
1162 4404 1174 4439 :
1206 4387 1305 4441 nisi
1326 4385 1464 4442 forte
1487 4387 1538 4441 in
1570 4386 1655 4441 his
1686 4389 1841 4444 malis
1866 4390 2027 4444 etiam

444 4488 712 4535 ostentare
732 4495 789 4534 se
815 4480 1105 4547 audebunt,
1124 4480 1315 4550 quibus
1334 4495 1437 4535 non
1467 4481 1661 4536 sufficit
1679 4482 1819 4552 quod
1842 4497 2028 4538 eorum

446 4571 699 4639 supplicia
742 4571 1079 4626 differuntur.
1106 4571 1217 4626 Nec
1263 4572 1333 4627 de
1378 4572 1459 4626 his
1498 4588 1598 4643 ago
1651 4574 1703 4628 in
1727 4574 1920 4642 quibus
1946 4582 2029 4630 est

447 4660 656 4729 quidam
688 4660 932 4728 placendi
983 4664 1287 4730 appetitus,
1332 4672 1423 4715 aut
1465 4663 1787 4731 elegantiore
1834 4665 2027 4720 vestitu

445 4766 603 4821 quam
632 4759 790 4804 tantze
813 4752 1155 4820 professionis
1182 4752 1473 4806 necessitas
1516 4752 1776 4820 postulat,
1805 4764 1897 4807 aut
1939 4770 2029 4809 ca-

448 4842 568 4909 pitis
599 4841 885 4909 ligamento
911 4841 1162 4905 notabili,
1194 4842 1306 4895 sive
1347 4841 1676 4911 prmiumidis
1709 4842 2026 4901 umbonibus

446 4931 755 5001 capillorum
778 4972 792 4995 ,
820 4932 931 4985 sive
956 4932 1272 5001 tegminibus
1299 4932 1369 4985 ita
1400 4932 1601 4987 teneris
1632 4932 1653 4963 ⁸
1678 4972 1695 4998 ,
1737 4940 1794 4985 ut
1839 4935 2026 4991 retiola

445 5024 627 5079 subter
649 5022 817 5091 posita
846 5032 1137 5091 appareant
1168 5040 1180 5075 :
1212 5022 1294 5077 bis
1326 5021 1561 5076 nondum
1590 5023 1658 5077 de
1686 5023 1979 5079 humilitate
2004 5066 2021 5093 ,

445 5116 537 5171 sed
565 5116 633 5172 de
668 5115 781 5184 ipsa
828 5116 1071 5169 castitate
1101 5114 1183 5168 vel
1234 5113 1534 5183 integritate
1562 5114 1827 5183 pudicitiae
1852 5115 2023 5170 danda

447 5216 707 5278 pra-cepta
734 5213 877 5262 sunt.
900 5205 976 5259 Da
1003 5204 1133 5258 mihi
1162 5204 1497 5274 profitentem
1523 5213 1829 5274 perpetuam
1856 5207 2025 5260 conti-

444 5300 715 5366 nentiam,
762 5306 920 5367 atque
948 5296 1031 5351 his
1059 5305 1113 5351 et
1139 5295 1443 5365 huiusmodi
1470 5296 1717 5351 omnibus
1750 5306 2022 5352 carentem

444 5393 583 5448 vitiis
610 5399 664 5446 et
687 5390 907 5446 maculis
935 5404 1141 5443 morum
1166 5406 1181 5454 ;
1214 5388 1337 5443 huic
1367 5388 1672 5458 superbiam
1695 5390 1877 5454 timeo,
1899 5390 2024 5445 huic

452 5496 564 5542 tam
592 5500 783 5557 magno
826 5482 969 5538 bono
992 5496 1059 5537 ex
1101 5480 1347 5538 elationis
1384 5490 1590 5536 tumore
1633 5481 1877 5537 formido.
1906 5482 2022 5548 Quo

508 5667 524 5696 ι
550 5672 676 5725 Mss,
696 5659 899 5725 curiosa
918 5672 1019 5711 esse
1043 5657 1533 5725 dsscurtt,_circumire
1558 5659 1738 5725 domos.

506 5728 526 5757 ι
546 5699 1018 5785 salsam:
1032 5699 1772 5785 maximastipszm.

510 5788 531 5818 ³
555 5782 740 5847 Aliquot
754 5784 1128 5847 Mss._omit_tunt,
1155 5782 1299 5847 quam
1322 5782 1659 5847 emendationi.

508 5847 529 5908 ξ
561 5844 667 5894 Mss.
687 5845 941 5908 ,_quolibet
972 5844 1232 5895 dmrmabili
1266 5844 1419 5894 morbi
1450 5857 1640 5908 genere.

508 5906 663 5956 ιιωιιι
702 5905 770 5959 ita
792 5906 967 5959 timeris
997 5914 1208 5959 utuntur.
1236 5910 1400 5964 Abest,
1435 5905 1649 5969 utuntur,
1675 5919 1703 5957 a
1725 5914 1831 5960 Mss.

1396 425 1484 482 DE
1520 423 1791 482 SANCTA
1828 418 2295 491 VIRGINITATE,
2334 420 2396 479 S.
2434 419 2804 479 AUGUSTINI

3605 422 3703 479 HG

2134 537 2301 606 magis
2328 535 2467 591 inest
2490 536 2633 592 unde
2650 537 2749 591 sibi
2778 536 3014 607 placeat,
3032 550 3099 593 eo
3116 536 3285 606 magis
3309 550 3498 592 vereor
3514 552 3586 591 ne
3611 538 3710 596 sibi

2138 626 2394 695 placendo
2423 627 2501 682 illi
2536 627 2832 697 displiceat,
2849 627 2939 697 qui
2966 626 3192 699 superbis
3216 626 3421 694 resistit,
3439 626 3711 683 humilibus

2137 727 2302 772 autem
2339 719 2426 772 dat
2455 720 2670 789 gratiam
2699 718 2901 789 (Jacobi
2928 734 2981 773 tv
3004 759 3019 783 ,
3045 716 3125 791 6).

2208 808 2434 865 CAPUT
2461 809 2678 865 XXXV.
2712 840 2783 850 —
2819 810 2906 865 35.
2940 808 3289 863 Humilitatem
3326 808 3562 864 Christus
3605 827 3636 864 a
3665 828 3712 867 se

2138 904 2263 956 disci
2272 902 2436 971 jubet.
2458 902 2617 957 Certe
2639 904 2963 972 praecipuum
2990 902 3350 972 magisterium
3367 911 3421 957 et
3444 902 3711 971 virginalis

2139 995 2453 1064 integritatis
2477 995 2777 1064 exemplum
2836 995 2891 1048 in
2940 993 3055 1063 ipso
3101 992 3316 1047 Christo
3358 992 3711 1047 contuendum

2137 1094 2236 1140 est.
2277 1084 2413 1150 Quid
2440 1099 2567 1155 ergo
2609 1085 2839 1154 amplius
2880 1083 3277 1139 continentibus
3323 1083 3393 1138 de
3421 1084 3712 1139 humilitate

2139 1178 2438 1247 praecipiam
2466 1218 2479 1241 ,
2503 1192 2660 1246 quam
2683 1176 2824 1247 quod
2851 1176 2939 1231 ille
2959 1176 3048 1246 qui
3068 1175 3316 1230 omnibus
3338 1175 3502 1242 dicit,
3533 1174 3713 1229 Discite

2136 1284 2167 1322 a
2196 1285 2273 1321 me
2300 1268 2539 1337 quoniam
2566 1269 2700 1321 mitis
2728 1284 2839 1321 sum
2868 1277 2912 1321 et
2956 1267 3161 1320 humilis
3197 1267 3347 1321 corde
3373 1267 3399 1319 7
3448 1281 3574 1321 cum
3600 1282 3713 1320 ma-

2138 1359 2466 1429 gnitudinem
2498 1374 2646 1413 suam
2672 1374 2831 1429 supra
2857 1368 3369 1424 commemorasset;
3410 1366 3469 1413 et
3494 1358 3714 1428 idipsum

2136 1454 2321 1509 volens
2347 1454 2628 1508 ostendere
2656 1454 2673 1485 ¹
2696 1495 2713 1521 ,
2762 1461 2990 1523 quantus
3020 1461 3238 1524 propter
3290 1467 3388 1507 nos
3432 1452 3713 1522 quantillus

2136 1544 2355 1599 cll‘ectus
2380 1552 2462 1599 est
2490 1561 2504 1598 :
2534 1542 2789 1614 Conﬁteor
2810 1584 2826 1610 ,
2854 1544 3056 1613 inquit,
3082 1543 3170 1597 tibi
3192 1583 3208 1609 ,
3238 1542 3395 1597 Pater
3423 1544 3447 1574 ¹
3466 1585 3483 1610 ,
3512 1540 3716 1596 Domine

2136 1638 2247 1690 caeli
2272 1648 2317 1690 et
2338 1647 2515 1704 terrm,
2548 1638 2788 1705 quoniam
2817 1635 3123 1689 abscondisti
3148 1635 3255 1688 haec
3278 1652 3309 1687 a
3330 1634 3643 1703 sapientibus
3669 1642 3710 1687 et

2136 1727 2463 1797 prudentibus
2487 1745 2503 1793 ,‘
2534 1736 2579 1779 et
2603 1725 2833 1779 revelasti
2861 1742 2920 1779 ea
2936 1725 3180 1796 parvulis.
3213 1724 3298 1778 Ita
3320 1766 3336 1793 ,
3365 1722 3533 1778 Pater
3556 1768 3571 1791 ,
3602 1740 3713 1792 quo-
3737 1762 3744 1771 .

2135 1818 2273 1871 niam
2322 1818 2394 1871 sic
2434 1816 2676 1886 placitum
2716 1825 2786 1871 est
2816 1833 2986 1869 coram
3029 1824 3095 1869 te.
3129 1814 3315 1868 Omnia
3358 1815 3492 1868 mihi
3544 1816 3717 1867 tradita

2135 1921 2251 1965 sunt
2295 1929 2325 1965 a
2376 1910 2533 1964 Patre
2562 1927 2669 1964 meo
2702 1952 2715 1977 ,
2750 1920 2795 1963 et
2837 1927 2983 1964 nemo
3033 1910 3286 1980 cognoscit
3342 1908 3548 1963 Filium
3575 1952 3589 1974 ,
3630 1910 3717 1964 nisi

2138 2004 2334 2068 Pater;
2359 2015 2403 2057 et
2433 2022 2576 2059 nemo
2600 2005 2851 2074 cognoscit
2884 2003 3091 2057 Patrem
3116 2044 3130 2067 ,
3183 2004 3282 2057 nisi
3311 2001 3359 2056 F
3358 2001 3487 2057 ilius
3513 2045 3528 2067 ,
3578 2012 3621 2056 et
3646 2004 3715 2055 cui

2135 2096 2344 2150 voluerit
2368 2094 2535 2149 Filius
2564 2096 2801 2149 revelare.
2829 2093 3003 2149 Venite
3027 2094 3094 2147 ad
3123 2110 3202 2148 me
3223 2134 3240 2161 ,
3271 2110 3445 2147 omnes
3480 2096 3569 2163 qui
3592 2094 3713 2148 labo-

2136 2190 2259 2243 ratis
2289 2198 2331 2240 et
2352 2189 2553 2241 onerati
2581 2189 2695 2241 estis
2719 2228 2735 2252 ,
2764 2196 2809 2242 et
2838 2204 2929 2258 ego
2955 2203 3040 2241 vos
3068 2187 3315 2254 reﬁciam.
3336 2184 3537 2240 Tollite
3548 2188 3717 2258 juguin

2137 2298 2299 2333 meum
2326 2298 2477 2351 super
2495 2296 2581 2333 vos
2604 2321 2619 2344 ,
2648 2289 2694 2333 et
2732 2280 2906 2334 discite
2933 2296 2965 2332 a
2994 2296 3074 2332 me
3098 2279 3335 2346 quoniam
3364 2280 3510 2332 mitis
3537 2296 3645 2332 sum
3677 2288 3717 2332 et

2140 2373 2343 2426 humilis
2374 2372 2523 2426 corde
2551 2370 2761 2444 (Matth.
2788 2387 2872 2436 χι,
2902 2371 3119 2439 25-29).
3157 2370 3280 2436 llle,
3314 2370 3403 2425 ille
3433 2372 3528 2424 cui
3554 2371 3714 2425 omnia

2139 2464 2349 2518 tradidit
2367 2464 2543 2527 Pater,
2564 2472 2784 2533 etquem
2807 2478 2963 2519 nemo
2982 2463 3218 2531 agnoscit
3239 2461 3342 2517 nisi
3360 2462 3548 2529 Pater,
3567 2474 3617 2519 et
3638 2464 3714 2533 qui

2137 2556 2350 2612 Patrem
2380 2558 2525 2611 solus
2570 2555 2836 2626 agnoscit,
2863 2563 2917 2610 et
2942 2554 3027 2610 cui
3056 2556 3287 2609 voluerit
3310 2556 3563 2610 revelare
3582 2598 3597 2623 ,
3624 2570 3715 2611 non

2136 2646 2296 2712 dicit,
2329 2646 2528 2701 Discite
2550 2661 2579 2700 a
2608 2662 2695 2700 me
2737 2645 2992 2700 mundum
3018 2644 3312 2712 fabricare,
3344 2654 3441 2699 aut
3493 2656 3715 2701 mortuos

2136 2738 2424 2805 suscitare;
2454 2738 2574 2803 sed,
2598 2739 2718 2806 quia
2743 2738 2877 2792 mitis
2914 2754 3025 2790 sum
3051 2746 3097 2791 et
3136 2736 3340 2791 humilis
3358 2738 3538 2792 corde.
3569 2737 3612 2793 Ο
3629 2737 3715 2791 do-

2136 2831 2361 2885 ctrinam
2386 2830 2673 2886 salutarem
2691 2831 2705 2885 l
2737 2844 2770 2884 ο
2785 2829 3093 2899 Magistrum
3112 2828 3513 2899 Dominumque
3529 2839 3714 2885 morta-

2136 2921 2264 2975 lium
2286 2963 2301 2988 ,
2325 2921 2519 2991 quibus
2555 2936 2699 2976 mors
2724 2920 2914 2990 poculo
2949 2920 3214 2989 superbia:
3244 2922 3533 2991 pr0pinata
3575 2931 3716 2991 atque

2136 3011 2401 3067 transfusa
2432 3014 2546 3068 est!
2598 3012 2777 3067 Noluit
2824 3012 3020 3067 docere
3061 3011 3204 3082 quod
3246 3012 3363 3081 ipse
3409 3028 3521 3067 non
3550 3024 3715 3079 esset,

2137 3105 2307 3160 noluit
2327 3104 2518 3173 jubere
2544 3104 2685 3175 quod
2717 3105 2829 3173 ipse
2863 3117 2967 3158 non
3010 3102 3234 3159 faceret.
3263 3102 3437 3158 Video
3466 3114 3523 3160 te
3546 3146 3562 3171 ,
3589 3106 3716 3161 bone

2135 3197 2291 3263 Jesu,
2321 3196 2490 3252 oculis
2518 3196 2672 3261 ﬁdei,
2707 3210 2840 3265 quos
2891 3196 3148 3264 aperuisti
3199 3193 3329 3249 mihi
3370 3204 3627 3266 tanquam
3667 3199 3717 3257 in

2136 3289 2394 3344 concione
2422 3287 2636 3359 generis
2661 3287 2879 3341 humani
2923 3287 3239 3367 clamantem
3295 3302 3359 3343 ac
3407 3288 3673 3345 dicentem
3695 3330 3711 3357 ,

2150 3381 2324 3435 Venite
2350 3382 2415 3434 ad
2451 3398 2529 3435 me
2553 3423 2567 3448 ,
2596 3391 2642 3435 et
2671 3382 2845 3435 discite
2868 3399 2900 3434 α
2936 3398 3031 3434 me.
3055 3381 3189 3449 Quid
3209 3423 3223 3446 ,
3256 3381 3488 3437 obsecro
3532 3390 3601 3449 te,
3633 3397 3718 3453 per

2134 3490 2291 3544 quem
2327 3472 2463 3529 facta
2495 3483 2618 3529 sunt
2637 3475 2843 3537 omnia,
2868 3474 2966 3529 Fili
3016 3474 3149 3540 Dei,
3180 3483 3236 3529 et
3261 3474 3408 3530 idem
3433 3476 3526 3544 qui
3552 3476 3713 3529 factus

2135 3580 2194 3619 es
2222 3566 2360 3619 inter
2385 3565 2562 3620 omnia
2586 3607 2600 3632 ,
2636 3564 2733 3619 Fili
2764 3565 3024 3632 hominis;
3053 3565 3180 3635 quid
3209 3574 3268 3620 ut
3287 3565 3563 3622 discamus
3582 3576 3707 3632 ate,

2132 3658 2373 3712 venimus
2398 3657 2465 3711 ad
2492 3658 2578 3712 te?
2596 3656 2849 3723 Quoniam
2874 3658 3007 3711 mitis
3030 3674 3143 3712 sum
3161 3699 3178 3723 ,
3203 3657 3411 3727 inquit,
3441 3668 3493 3712 et
3520 3660 3716 3713 humilis

2134 3748 2301 3802 corde.
2333 3748 2563 3803 Huccine
2590 3748 2791 3803 redacti
2823 3756 2946 3803 sunt
2972 3763 3159 3803 omnes
3182 3748 3415 3804 thesauri
3448 3750 3721 3821 sapientia

2133 3850 2185 3896 et
2212 3840 2447 3895 scientia:
2471 3840 2765 3895 absconditi
2788 3841 2841 3894 in
2869 3850 2919 3894 te
2953 3838 3168 3911 (Coloss.
3195 3856 3229 3894 ιι
3247 3882 3261 3902 ,
3290 3841 3346 3909 5)
3365 3882 3380 3905 ,
3412 3850 3471 3895 ιιι
3498 3844 3604 3897 hoc
3632 3858 3719 3911 pro

2134 3948 2326 4004 magno
2354 3933 2623 3987 discamus
2648 3949 2677 3986 a
2710 3941 2761 3987 te
2785 3975 2798 3999 ,
2828 3933 3079 4001 quoniam
3130 3933 3275 3987 mitis
3322 3947 3382 3988 es
3408 3942 3465 3988 et
3512 3934 3720 3990 humilis

2132 4023 2327 4078 corde?
2354 4024 2498 4078 Itane
2522 4038 2766 4093 magnum
2797 4031 2880 4077 est
2906 4037 3027 4077 esse
3057 4037 3276 4092 parvum
3300 4063 3314 4087 ,
3347 4031 3404 4076 ut
3435 4024 3542 4079 nisi
3592 4040 3621 4078 a
3673 4034 3719 4079 ω

2133 4115 2221 4185 qui
2241 4123 2344 4168 tam
2376 4130 2599 4183 magnus
2629 4129 2688 4168 es
2729 4114 2911 4180 fieret,
2940 4113 3071 4169 disci
3092 4116 3311 4169 omnino
3358 4130 3469 4169 non
3501 4116 3719 4186 posset?

2134 4205 2208 4262 lta
2235 4207 2411 4277 plane.
2442 4206 2557 4259 Non
2586 4206 2727 4260 enim
2751 4207 2906 4260 aliter
2934 4208 3200 4261 invenitur
3224 4209 3439 4277 requies
3478 4212 3675 4266 anima:
3701 4251 3714 4275 ,

2133 4300 2236 4352 nisi
2266 4297 2503 4367 inquieto
2532 4306 2736 4351 tumore
2766 4297 2973 4367 digesto
2996 4337 3012 4363 ,
3036 4312 3143 4368 quo
3190 4313 3381 4369 magna
3408 4300 3516 4355 sibi
3562 4310 3717 4371 erat,

2132 4389 2344 4461 quando
2369 4389 2459 4443 tibi
2482 4404 2609 4442 sana
2644 4404 2749 4443 non
2779 4398 2915 4443 erat.

2203 4477 2426 4535 CAPUT
2446 4478 2691 4533 XXXVI.
2720 4508 2794 4519 —
2813 4479 2901 4535 56.
2934 4478 3255 4534 Humilitatis
3303 4480 3541 4537 doctrina
3573 4483 3723 4554 facile

2131 4572 2305 4626 audita
2330 4588 2361 4624 a
2391 4572 2749 4641 peccatoribus.
2778 4570 3065 4642 Virginibus
3090 4573 3246 4626 multo
3264 4574 3425 4643 magis
3442 4574 3718 4627 audienda.

2131 4664 2363 4720 Audiant
2392 4671 2442 4717 te
2462 4704 2477 4727 ,
2507 4672 2560 4717 et
2584 4663 2801 4717 veniant
2821 4664 2885 4717 ad
2918 4672 2995 4729 te,
3026 4672 3081 4717 et
3119 4664 3275 4718 mites
3301 4673 3464 4734 atque
3492 4665 3722 4719 humiles

2130 4772 2251 4812 esse
2276 4756 2480 4809 discant
2511 4770 2542 4808 a
2587 4763 2671 4821 te,
2714 4755 2803 4824 qui
2852 4756 3273 4810 misericordiam
3326 4766 3383 4811 et
3434 4760 3721 4813 veritatem

2132 4857 2274 4903 tuam
2300 4846 2616 4915 requirunt,
2646 4846 2737 4901 tibi
2770 4845 3022 4910 vivendo,
3061 4846 3187 4912 tibi,
3234 4862 3341 4901 non
3371 4848 3495 4902 sibi.
3522 4848 3723 4902 Audiat

2130 4942 2232 4996 hoc
2278 4941 2526 4995 laborans
2562 4948 2615 4993 et
2643 4948 2925 5005 oneratus,
2953 4940 3043 5009 qui
3073 4941 3283 4994 sarcina
3332 4940 3635 5009 premitur,
3670 4948 3724 4992 ut

2129 5031 2310 5085 oculos
2333 5030 2399 5085 ad
2426 5030 2621 5085 caelum
2648 5030 2825 5084 levare
2861 5045 2969 5083 non
3010 5030 3234 5095 audeat,
3277 5032 3587 5100 percutiens
3624 5047 3719 5102 pe-

2128 5134 2247 5179 ctus
2277 5124 2366 5178 ille
2396 5133 2640 5193 peccator
2662 5133 2715 5178 et
2750 5124 3114 5193 pr0pinquans
3138 5124 3204 5178 de
3234 5124 3525 5195 longinquo
3554 5123 3712 5194 (an.

2128 5234 2290 5283 xvm,
2316 5218 2425 5287 1⁸5).
2457 5216 2649 5272 Audiat
2675 5216 2962 5283 Centurio,
2991 5232 3095 5271 non
3125 5218 3315 5288 dignus
3336 5219 3490 5287 cujus
3515 5226 3723 5273 tectum

2129 5312 2337 5366 subires
2365 5309 2571 5383 (Matth.
2604 5326 2697 5365 vui
2725 5351 2739 5375 ,
2771 5307 2847 5379 8).
2884 5310 3075 5365 Audiat
3105 5310 3365 5365 Zachaaus
3416 5312 3589 5380 major
3621 5327 3722 5379 pu-

2128 5406 2458 5461 blicanorum
2476 5446 2492 5472 ,
2515 5403 2810 5474 quadrupla
2830 5403 3118 5458 restituens
3145 5403 3293 5457 lucra
3323 5404 3718 5459 damnabilium

2128 5509 2465 5570 peccatorum
2496 5496 2645 5570 (Luc.
2676 5513 2802 5565 xu,
2832 5496 2870 5550 2
2895 5537 2910 5563 ,
2940 5495 3016 5566 8).
3046 5495 3240 5552 Audiat
3264 5497 3461 5553 mulier
3494 5498 3547 5552 in
3578 5496 3722 5552 civi-

2193 5718 2210 5749 ί
2234 5714 2449 5767 Nonnulli
2472 5722 2600 5775 Mss,
2617 5720 3047 5780 commemorasset,
3072 5714 3285 5780 idipsum
3308 5714 3469 5768 volens
3485 5715 3719 5768 ostende-

2028 5782 2035 5787 ’
2127 5793 2182 5829 re
2203 5792 2220 5829 :
2245 5783 2417 5828 omissa
2441 5778 2686 5839 particula,
2708 5784 2770 5829 et.

2192 5843 2211 5870 ³
2233 5848 2279 5911 t_n
2321 5849 2423 5911 uss.
2448 5841 2593 5891 deest
2628 5854 2741 5904 vos,
2774 5848 2955 5903 Pater;
2980 5848 3033 5893 et
3055 5841 3197 5905 paulo
3227 5849 3335 5906 post
3360 5844 3635 5901 omittitur.
3669 5844 3722 5892 et

2128 5903 2459 5956 prudentibus.
