3930 6368
521 483 613 522 ces
638 473 796 529 sunt,
832 465 942 529 Quo
965 461 1108 516 abibo
1133 460 1196 513 ab
1221 459 1402 529 spiritu
1427 467 1512 512 tuo
1535 500 1551 525 ,
1593 468 1638 513 et
1664 475 1695 511 a
1721 459 1848 531 {acie
1887 465 1972 509 tua
1997 471 2093 525 quo

523 561 719 630 fugiant
747 557 913 627 (Psal.
937 569 1192 617 cxxxvm,
1222 552 1274 624 '7')
1297 554 1318 606 ?
1343 562 1401 607 et
1425 553 1541 606 alite
1570 567 1729 607 voces
1759 560 1899 618 sunt,
1930 550 2098 606 Unam

525 652 642 716 petii
667 666 698 700 a
730 648 966 711 Domino,
1007 646 1138 698 lianc
1164 645 1446 713 requiram;
1474 654 1527 696 ut
1555 644 1826 696 inhabilem
1853 643 1906 696 in
1945 641 2094 695 domo

524 739 724 792 Domini
751 755 839 809 per
863 753 1032 790 omnes
1059 737 1163 789 dies
1191 736 1305 787 vita:
1340 750 1463 788 meae
1482 777 1496 801 ,
1537 744 1592 786 ut
1630 733 1938 802 contempler
1960 733 2096 786 dele-

520 831 789 884 ctationem
813 827 1040 892 Domini,
1067 836 1112 880 et
1146 837 1380 896 protegar
1398 825 1636 894 templum
1663 826 1772 894 ejus
1799 825 1815 855 ί
1852 842 1865 875 :
1896 832 1981 888 et,
2012 821 2095 875 Ne

519 932 713 975 avertas
739 921 919 992 faciem
944 928 1084 972 tuam
1111 934 1140 969 a
1167 933 1245 970 me
1276 913 1444 988 (Psal.
1474 930 1621 979 xxvr,
1650 916 1701 975 4,
1737 915 1790 986 9)
1820 930 1833 977 ;
1863 925 1916 968 et
1937 956 1951 978 ,
1989 911 2094 965 De-

520 1015 707 1068 siderat
745 1023 790 1067 et
833 1012 1002 1080 deﬁcit
1043 1011 1214 1062 anima
1254 1024 1364 1060 mea
1408 1010 1462 1060 in
1502 1008 1634 1059 atria
1675 1005 1880 1058 Domini
1923 1004 2092 1074 (Psal.

521 1120 760 1167 Lxxxnl,
794 1102 870 1174 5).
904 1102 1022 1156 Illas
1060 1115 1218 1154 voces
1257 1099 1586 1162 habuerit’,
1631 1097 1721 1166 qui
1764 1097 1947 1151 oculos
1988 1110 2094 1150 non

519 1197 748 1250 audebat
789 1195 970 1249 levare
1009 1194 1060 1246 in
1101 1193 1327 1256 emtum;
1377 1198 1430 1244 et
1475 1206 1591 1259 quae
1624 1191 1825 1260 rigabat
1850 1191 2095 1259 lacrymis

527 1287 690 1356 pedes
714 1286 780 1339 ad
807 1284 1192 1354 impetrandam
1215 1282 1422 1338 veniam
1446 1283 1684 1351 gravium
1711 1294 2048 1351 peccatorum
2076 1301 2090 1338 :

519 1377 617 1431 has
644 1387 820 1431 autem
848 1384 903 1430 tu
935 1376 1128 1429 habeto
1149 1414 1166 1439 ,
1211 1390 1326 1442 quae
1367 1374 1589 1428 sollicita
1625 1388 1686 1427 es
1724 1389 1783 1426 ea
1815 1387 1934 1442 qua:
1973 1381 2096 1426 sunt

525 1473 751 1536 Domini,
783 1480 839 1525 ut
867 1472 937 1524 sis
965 1479 1146 1525 sancta
1171 1479 1225 1522 et
1250 1483 1474 1536 corpore
1501 1477 1553 1520 et
1580 1468 1786 1535 Spiritu.
1820 1467 1928 1521 illis
1947 1466 2096 1520 voci-

521 1562 620 1616 bus
643 1563 926 1616 comitatur
950 1562 1110 1613 titnor
1129 1559 1215 1628 qui
1245 1567 1564 1612 tormentum
1590 1557 1766 1620 habet,
1795 1574 1951 1626 quem
1975 1573 2095 1626 per-

517 1651 653 1705 lecta
688 1652 917 1706 charitas
945 1650 1086 1703 foras
1117 1650 1280 1702 mittit
1314 1667 1324 1700 :
1362 1650 1444 1702 his
1473 1660 1649 1704 autem
1679 1650 1896 1702 vocibus
1924 1648 2092 1702 comi-

518 1751 660 1797 tatur
682 1744 838 1796 timor
862 1743 1067 1795 Domini
1092 1749 1270 1794 castus
1299 1755 1614 1809 permanens
1639 1741 1689 1793 in
1713 1739 1964 1794 saeculum
1993 1755 2094 1792 sa:-

520 1833 646 1886 culi.
683 1833 749 1886 Et
779 1833 984 1902 utrique
1011 1833 1187 1901 generi
1217 1831 1503 1885 dicendum
1537 1840 1637 1897 est,
1667 1830 1792 1884 Noli
1817 1830 1978 1884 altum
2003 1849 2090 1884 sa-

517 1939 635 1992 pere
655 1963 669 1986 ,
704 1923 791 1974 sed
822 1924 972 1987 time;
1001 1931 1057 1974 ut
1086 1920 1248 1975 homo
1278 1936 1376 1974 nec
1413 1921 1479 1974 de
1508 1929 1840 1990 peccatorum
1874 1936 2092 1974 suorum

517 2014 847 2081 defensione,
873 2031 970 2068 nec
995 2014 1063 2069 de
1086 2015 1305 2084 jtlslilitL‘
1330 2014 1740 2082 praesumptione
1766 2029 1824 2067 se
1850 2013 2087 2067 extollat.

514 2103 646 2157 Nam
673 2114 726 2158 et
754 2107 865 2173 ipse
904 2106 1123 2169 Paulus,
1168 2107 1255 2175 qui
1294 2106 1454 2169 dicit,
1500 2104 1621 2158 Non
1659 2106 1793 2158 enim
1829 2106 2092 2174 accepistis

512 2198 746 2267 spiritum
787 2199 1034 2252 seruitutis
1085 2199 1266 2250 iterum
1309 2199 1359 2250 in
1392 2199 1618 2251 timorem
1645 2213 1664 2251 :
1691 2207 1863 2251 tamen
1901 2199 2092 2252 timore

512 2293 706 2346 comite
735 2291 1009 2346 charitatis
1037 2290 1141 2356 ait,
1167 2289 1296 2344 Cum
1324 2291 1500 2344 timore
1522 2299 1566 2342 et
1593 2299 1806 2342 tremore
1833 2289 1989 2342 multo
2016 2289 2092 2358 fui

513 2382 580 2434 ad
617 2397 702 2435 vos
730 2380 773 2452 (ι
813 2380 930 2435 Cor.
965 2397 1040 2444 ιι,
1071 2380 1164 2449 5);
1209 2388 1262 2433 et
1287 2397 1346 2434 ea
1377 2381 1638 2434 sententia
1665 2395 1821 2449 quam
1852 2395 2091 2434 comme-

513 2473 739 2536 moravi,
770 2487 835 2526 ne
862 2472 1115 2525 adversus
1146 2471 1342 2524 fractos
1369 2473 1500 2525 oleae
1529 2487 1704 2526 ramos
1745 2473 1974 2526 insertus
2000 2489 2088 2526 su-

516 2562 750 2630 perbiret
779 2563 1010 2616 oleaster
1031 2603 1044 2627 ,
1092 2563 1203 2630 ipse
1234 2578 1359 2616 usus
1384 2571 1498 2628 est,
1526 2563 1708 2618 dicens
1730 2605 1746 2628 ,
1777 2563 1904 2618 Noli
1928 2565 2089 2618 altum

513 2666 709 2719 sapere,
740 2651 827 2703 sed
855 2652 972 2704 time
997 2667 1017 2705 :
1043 2651 1156 2720 ipse
1177 2653 1351 2705 omnia
1382 2654 1617 2708 membra
1647 2653 1843 2708 Christi
1863 2671 2089 2725 genera-

513 2741 635 2795 liter
660 2742 986 2807 admonens,
1019 2743 1128 2809 ait,
1157 2741 1283 2798 Cum
1322 2746 1498 2798 timore
1539 2756 1582 2798 et
1622 2755 1834 2800 tremore
1871 2758 2087 2802 vestram

511 2832 737 2901 ipsorum
765 2835 975 2886 salutent
1010 2835 1330 2904 operamini;
1373 2836 1510 2890 Deus
1547 2848 1617 2892 est
1643 2839 1774 2892 enim
1799 2841 1883 2909 qui
1906 2858 2089 2911 apera-

513 2930 594 2974 tur
647 2924 699 2976 in
742 2924 877 2977 vobis
927 2934 974 2979 et
1030 2924 1154 2979 uelle
1198 2935 1244 2980 et
1290 2929 1524 2998 operari,
1593 2946 1684 2999 pro
1734 2929 1863 2982 bona
1905 2932 2086 2986 solun-

513 3024 610 3066 tate
659 3013 929 3085 (Philipp.
963 3033 1034 3082 ιι,
1068 3019 1171 3084 12,
1201 3020 1344 3091 13);
1376 3037 1443 3075 ne
1479 3023 1545 3074 ad
1581 3021 1742 3076 Vetus
1778 3022 2088 3078 Testamen-

514 3115 621 3158 tum
663 3105 902 3161 videatur
944 3110 1207 3177 pertinere
1252 3112 1391 3179 quod
1439 3113 1693 3181 scriptum
1734 3125 1845 3180 est,
1895 3118 2090 3173 Servite

509 3194 726 3250 Domino
768 3199 820 3250 in
855 3199 1029 3254 timore
1048 3241 1063 3266 ,
1100 3211 1148 3255 et
1183 3203 1426 3257 exsultate
1451 3205 1496 3258 ei
1524 3222 1637 3258 cum
1665 3216 1878 3263 tremore
1910 3209 2083 3281 (Psal.

506 3304 574 3354 ιι,
610 3291 720 3360 ιι).

575 3381 799 3438 CAPUT
837 3383 1079 3440 XXXIX.
1120 3417 1189 3426 -—
1228 3388 1317 3443 40.
1352 3388 1577 3459 Spiritus
1616 3394 1778 3445 sancti
1814 3393 1960 3448 locus
1999 3412 2086 3449 cor

503 3471 841 3527 humiliatum.
889 3476 1052 3530 Justis
1078 3494 1140 3532 ea:
1185 3479 1399 3532 cadendi
1425 3481 1646 3550 periculo
1686 3486 1816 3537 ratio
1845 3502 1950 3538 sese
1987 3489 2082 3540 hu-

505 3563 753 3618 miliandi.
780 3566 844 3618 Et
861 3582 978 3636 qua:
1000 3583 1168 3638 magis
1188 3572 1426 3624 membra
1452 3575 1694 3643 corporis
1721 3578 1914 3642 sancti,
1938 3580 2080 3647 quod

505 3666 587 3710 est
615 3657 880 3724 Ecclesia,
926 3673 1115 3715 curare
1158 3662 1385 3725 debent,
1417 3672 1474 3716 ut
1501 3679 1663 3733 super
1696 3682 1756 3720 ea
1786 3669 2084 3737 requiescat

501 3745 732 3816 Spiritus
754 3760 993 3817 sanctus,
1026 3767 1182 3821 quam
1216 3753 1526 3823 virginalem
1557 3756 1852 3823 proﬁtentis
1883 3762 2082 3815 sancti-

505 3842 704 3894 tatem?
752 3843 1030 3908 Quomodo
1070 3853 1246 3898 autem
1289 3848 1573 3915 requiescit
1616 3849 1705 3903 ubi
1733 3867 1837 3906 non
1883 3854 2081 3910 invenit

503 3932 675 3986 locum
715 3934 911 3987 suum?
941 3935 1066 4004 quid
1095 3936 1234 3989 aliud
1269 3953 1425 4006 quam
1453 3954 1546 3992 cor
1579 3940 1910 3998 humiliatum
1939 3948 2079 4014 quod

502 4023 756 4092 impleat,
799 4041 904 4079 non
937 4027 1074 4087 unde
1101 4028 1339 4095 resiliat;
1383 4031 1524 4098 quod
1551 4033 1758 4102 erigat,
1808 4051 1912 4090 non
1942 4039 2080 4106 quod

502 4115 798 4184 deprimat?
837 4132 956 4171 cum
996 4120 1327 4188 apertissime
1353 4120 1550 4175 dictum
1583 4125 1685 4190 sit,
1732 4127 1906 4196 Super
1935 4147 2080 4200 quem

499 4210 769 4279 requiescet
791 4211 1013 4280 Spiritus
1040 4213 1220 4266 meus?
1251 4212 1417 4282 Super
1447 4215 1684 4269 humilem
1709 4228 1753 4271 et
1785 4222 2003 4289 quietum
2032 4231 2081 4275 et

500 4306 785 4353 trementem
817 4302 961 4354 verba
991 4319 1100 4356 mea
1129 4301 1279 4372 (Isai.
1303 4320 1443 4367 ωινι,
1478 4306 1556 4376 2).
1586 4308 1703 4362 Jam
1730 4316 1874 4377 juste
1905 4315 2038 4366 vivis
2058 4354 2075 4380 ,

493 4390 603 4460 jam
636 4394 719 4462 pie
745 4394 877 4448 vivis
901 4436 913 4459 ,
949 4393 1135 4462 pudice
1155 4434 1171 4460 ,
1203 4406 1386 4450 sanete
1411 4437 1424 4464 ,
1457 4398 1698 4467 virginali
1729 4405 1970 4457 castitate
1997 4406 2076 4458 vi-

495 4483 577 4537 vis
605 4502 618 4537 :
646 4485 817 4538 adhuc
851 4497 1022 4539 tamen
1064 4487 1152 4541 hic
1183 4488 1315 4541 vivis
1340 4529 1356 4553 ,
1398 4499 1453 4544 et
1495 4507 1600 4544 non
1649 4493 1942 4551 humiliaris
1983 4513 2075 4551 au-

496 4573 690 4627 diendo
711 4616 724 4636 ,
770 4576 1030 4644 Numquid
1060 4594 1159 4630 non
1191 4582 1398 4632 tentatio
1428 4591 1498 4634 est
1531 4584 1629 4635 vita
1659 4585 1882 4639 qunana
1922 4605 2076 4658 super

495 4672 680 4716 terram
712 4662 828 4735 (Job
860 4681 952 4731 vn,
987 4667 1039 4734 1)
1066 4666 1088 4719 ?
1114 4666 1228 4720 Non
1260 4679 1310 4723 te
1339 4687 1366 4722 a
1399 4673 1693 4739 prmﬁdenti
1725 4676 1959 4732 elatione
1985 4696 2071 4734 re-

494 4754 742 4808 verberat
763 4795 777 4819 ,
819 4752 906 4808 Vw
933 4756 1118 4810 mundo
1146 4757 1209 4812 ab
1235 4761 1490 4816 scandatis
1523 4761 1736 4836 (Matth.
1781 4785 1905 4822 xvm
1928 4809 1944 4835 ,
1978 4771 2073 4841 7)?

493 4844 609 4899 Non
638 4847 1027 4913 contremiscis,
1058 4865 1123 4902 ne
1149 4849 1419 4920 deputeris
1446 4854 1497 4907 in
1530 4857 1708 4910 multis
1735 4874 1957 4928 quorum
1987 4878 2070 4915 re-

494 4935 714 5003 frigescit
739 4938 978 5003 charitas,
1011 4940 1247 5009 quoniam
1273 4943 1494 4995 abundat
1524 4945 1760 5015 iniquitas
1784 4947 1893 5020 (Id.
1918 4967 2067 5016 xxnv,

495 5024 582 5098 12)
604 5026 627 5080 ?
653 5027 764 5081 Non
792 5029 1020 5100 percutis
1047 5041 1230 5100 pectus
1260 5049 1379 5088 cum
1405 5036 1576 5101 audis,
1607 5038 1945 5110 Quapropter,
1985 5047 2072 5114 qui

489 5131 542 5172 se
572 5128 712 5189 putat
737 5130 890 5187 stare,
922 5122 1086 5176 videat
1115 5122 1136 5153 ³
1165 5141 1227 5178 ne
1249 5128 1396 5179 cadat
1427 5127 1465 5199 (I
1503 5127 1619 5184 Cor.
1653 5146 1688 5185 χ
1711 5173 1725 5196 ,
1770 5133 1858 5204 12)
1880 5135 1901 5187 ?
1927 5134 2070 5193 [nter

489 5210 606 5268 haec
629 5213 803 5270 divina
835 5217 1030 5270 monita
1062 5225 1114 5271 et
1142 5219 1369 5274 humana
1412 5222 1647 5291 pericula
1670 5263 1684 5289 ,
1715 5227 1854 5282 itane
1889 5229 2065 5288 adhuc

489 5303 782 5375 virginibus
832 5309 1029 5365 sanctis
1085 5308 1438 5368 humilitatem
1483 5317 1804 5383 persuadere
1851 5323 2064 5380 labora-

487 5398 644 5450 mus?

549 5529 1233 5610 [Ψέείριῖξοέψτῑέξεφφιιι
1252 5539 1376 5600 eius»
1396 5549 1454 5610 ιιι
1477 5550 1579 5596 Mss-
1611 5545 1688 5596 hic
1708 5556 1760 5599 et
1787 5550 1838 5599 in
1869 5555 2068 5606 Enam-

485 5591 910 5718 uizggn
928 5591 1163 5656 templum
1179 5591 1289 5662 ejus
1309 5613 1326 5650 .'
1347 5611 1398 5654 et
1419 5591 2064 5680 ιοαῇρῗᾰιῇᾱνῖ

537 5716 570 5791 -ξ
590 5710 1117 5791 Signi/ianuam.
1133 5728 1434 5791 assignatur
1449 5743 1479 5782 ιι
1502 5739 1608 5784 Mss.

548 5775 570 5808 ³
591 5780 641 5824 Ιιι
664 5785 792 5838 uss.,
813 5787 992 5831 caueat.
1228 5775 1424 5791 “ﬁ”
1450 5775 1479 5782 “
1502 5775 1608 5784 ’“’”“
1677 5813 1686 5820 -

1451 346 1536 400 DE
1575 343 1838 402 SANCTA
1877 335 2334 410 VlRGlNiTATE,
2375 343 2431 398 S.
2476 345 2839 404 AUGUSTINI
3608 363 3685 421 ιρθ

2277 455 2498 512 CAPUT
2536 457 2649 511 XL.
2685 487 2758 498 —
2783 460 2873 513 41.
2909 457 3071 513 Iustis
3102 461 3359 518 miscentur
3382 472 3528 523 casuri
3545 514 3558 538 ,
3582 487 3626 528 ut
3646 495 3688 532 es

2204 547 2381 600 horum
2417 565 2534 601 casu
2560 550 2708 602 timor
2733 559 2996 620 augeatur.
3026 550 3198 606 Justus
3227 569 3322 609 non
3349 568 3470 626 putet
3491 566 3690 622 modicum

2201 638 2298 691 sibi
2331 640 2589 694 dimissum
2611 683 2623 705 ,
2667 652 2719 694 ut
2745 643 2996 694 modicum
3027 643 3216 714 diligat.
3258 647 3506 704 Dimissum
3533 656 3688 724 deputet

2200 732 2446 798 quidquid
2468 734 2587 786 mali
2616 751 2644 786 a
2669 751 2720 789 se
2745 751 2843 788 non
2865 745 2936 788 est
2956 738 3280 792 commissum.
3300 741 3374 795 An
3393 757 3506 797 vero
3524 759 3692 817 propter

2201 823 2341 877 aliud
2371 825 2692 880 credendum
2720 836 2818 891 est,
2844 829 3152 897 permittere
3175 831 3331 886 Deum
3355 842 3410 889 ut
3433 839 3692 897 misceantur

2201 930 2423 969 numero
2447 917 2791 986 professionis
2829 929 3018 974 vestrae
3047 923 3194 976 multi
3223 933 3273 977 et
3295 927 3462 982 multa:
3485 935 3626 986 casuri
3655 946 3692 988 et

2200 1019 2422 1073 casurae,
2453 1008 2556 1060 nisi
2586 1017 2642 1062 ut
2671 1009 2751 1061 his
2773 1010 3085 1067 cadentibus
3106 1013 3260 1067 timor
3287 1025 3450 1072 vester
3474 1032 3690 1090 augeatur,

2201 1111 2307 1164 quo
2345 1098 2588 1165 superbia
2616 1101 3034 1168 comprimatur;
3063 1118 3218 1172 quam
3258 1107 3332 1160 sic
3358 1109 3460 1162 odit
3489 1111 3632 1175 Deus,
3655 1125 3693 1168 ut

2199 1195 2388 1244 contra
2428 1190 2563 1243 hanc
2603 1203 2758 1243 unam
2786 1206 2844 1246 se
2873 1200 3074 1246 tantum
3105 1193 3395 1252 bumiliaret
3419 1201 3694 1257 Altissimus?

2200 1278 2308 1332 Nisi
2338 1280 2472 1334 forte
2502 1297 2687 1336 revera
2717 1283 2838 1337 ideo
2864 1286 3037 1338 minus
3067 1287 3295 1355 timebis,
3322 1292 3564 1362 magisque
3584 1295 3695 1349 iulia-

2199 1369 2362 1435 beris,
2396 1381 2452 1424 ut
2479 1373 2744 1427 modicum
2771 1375 2959 1444 diligas
2985 1391 3104 1431 eum
3135 1381 3219 1448 qui
3249 1390 3295 1435 te
3321 1391 3508 1437 tantum
3535 1387 3690 1453 dilexit,

2201 1473 2257 1516 ut
2286 1466 2511 1519 traderet
2537 1471 2879 1538 semetipsum
2925 1486 3022 1540 pro
3048 1481 3100 1525 te
3139 1473 3331 1542 (Galat.
3373 1492 3404 1529 ιι
3428 1518 3442 1539 ,
3472 1477 3551 1546 20)
3573 1520 3583 1540 ,
3605 1482 3693 1547 quia

2201 1555 2460 1609 modicum
2489 1557 2581 1610 tibi
2610 1559 2823 1625 dimisit,
2855 1562 3051 1616 viventi
3074 1563 3315 1618 videlicet
3341 1581 3365 1617 a
3388 1569 3584 1634 pueritia
3605 1571 3695 1622 reli-

2195 1644 2342 1711 giose
2369 1685 2384 1710 ,
2435 1647 2643 1714 pudice,
2694 1650 2774 1717 pia
2822 1653 3066 1708 castitate
3099 1655 3152 1717 ί,
3197 1655 3392 1708 illibata
3437 1657 3692 1725 virginitate.

2195 1735 2353 1800 Quasi
2398 1752 2525 1791 vero
2564 1753 2669 1793 non
2713 1750 2767 1794 tu
2807 1745 2972 1796 multo
3009 1745 3281 1799 ardentius
3318 1746 3523 1816 diligere
3546 1750 3696 1804 debeas

2196 1840 2315 1879 eum
2333 1869 2348 1892 ,
2380 1829 2466 1896 qui
2495 1828 2768 1899 ﬂagitiosis
2795 1833 2862 1887 ad
2906 1848 2966 1888 se
2993 1837 3267 1890 conversis
3303 1851 3609 1908 quascumque
3637 1839 3695 1892 di-

2195 1917 2376 1982 misit,
2419 1920 2469 1973 in
2513 1936 2571 1974 ea
2606 1931 2655 1976 te
2680 1923 2871 1978 cadere
2901 1941 3004 1978 non
3047 1928 3323 1995 permisit?
3362 1930 3458 1982 Aut
3490 1943 3598 1983 vero
3633 1931 3695 1984 ilic

2195 2010 2487 2078 pharisaeus
2509 2053 2522 2076 ,
2555 2015 2643 2083 qui
2687 2027 2962 2086 propterea
3010 2020 3275 2074 modicum
3314 2021 3576 2090 diligebat,
3609 2023 3695 2090 quia

2194 2101 2462 2155 modicum
2501 2104 2599 2157 sibi
2627 2105 2819 2159 dimitti
2848 2109 3186 2164 existimabat
3228 2109 3370 2182 (Luc.
3395 2125 3462 2165 vn
3485 2154 3496 2173 ,
3520 2111 3694 2180 36-47),

2195 2193 2264 2246 ob
2289 2194 2430 2247 aliud
2459 2195 2557 2249 hoc
2584 2213 2764 2252 errore
2789 2202 3107 2268 cascabatur,
3139 2203 3238 2257 nisi
3260 2205 3378 2274 quia
3404 2205 3696 2274 ignoranst

2188 2281 2470 2352 justitiam,
2499 2297 2552 2340 et
2580 2304 2728 2343 suam
2758 2307 3002 2360 quaerens
3037 2297 3359 2351 constituere
3378 2339 3390 2361 ,
3414 2297 3604 2365 iustitia:
3627 2297 3697 2350 Dei

2193 2375 2463 2444 subjectus
2493 2395 2595 2433 non
2626 2391 2739 2435 erat
2767 2383 2940 2454 (Rom.
2985 2401 3019 2439 ιι
3045 2427 3060 2451 ,
3105 2387 3208 2457 3)?
3251 2387 3356 2442 Vos
3383 2398 3542 2443 autem
3576 2403 3697 2457 genus

2193 2467 2442 2532 electum,
2472 2479 2523 2524 et
2553 2474 2606 2526 in
2628 2475 2815 2530 electis
2839 2478 3076 2543 electius,
3110 2481 3326 2549 virginei
3353 2481 3493 2534 chori
3526 2495 3698 2549 sequen-

2193 2566 2274 2613 tes
2300 2561 2528 2630 Agnum,
2556 2567 2713 2620 etiam
2738 2583 2834 2622 vos
2856 2571 3018 2639 gratia
3039 2573 3170 2626 salvi
3188 2575 3309 2642 [acti
3326 2575 3439 2628 estis
3457 2587 3534 2645 per
3551 2575 3697 2642 ﬁdem:

2189 2663 2239 2709 et
2269 2654 2363 2708 hoc
2391 2672 2492 2710 non
2516 2673 2579 2712 ea:
2600 2659 2756 2726 uobis,
2794 2663 2885 2715 sed
2913 2661 3005 2716 Dei
3032 2665 3222 2719 donum
3248 2676 3353 2731 est;
3380 2685 3472 2721 non
3498 2683 3552 2720 ea:
3574 2667 3697 2736 operi-

2191 2743 2303 2812 bus,
2332 2763 2395 2800 ne
2414 2749 2542 2818 forte
2559 2750 2670 2816 quis
2688 2753 2977 2806 extollatur.
3003 2754 3182 2824 Ipsius
3208 2759 3338 2811 enim
3363 2771 3524 2812 sumus
3541 2757 3699 2826 ﬁgmen-

2191 2844 2315 2902 tum,
2346 2838 2499 2891 creati
2523 2840 2574 2892 in
2599 2838 2797 2895 Christo
2825 2842 2949 2898 Jesu
2976 2846 3026 2898 in
3052 2849 3289 2917 operibus
3313 2850 3464 2913 bonis,
3493 2863 3586 2917 qua
3608 2861 3702 2916 prc-

2192 2929 2386 2997 paraoit
2422 2929 2559 2984 Deus
2597 2942 2653 2985 ut
2689 2934 2742 2986 in
2772 2935 2875 2989 illis
2901 2937 3220 2994 ambulemus
3247 2939 3458 3010 (Ephes.
3482 2955 3542 3005 ιι,
3571 2935 3702 3010 8-10).

2192 3017 2403 3088 Ergone
2429 3021 2570 3076 hunc
2593 3035 2791 3092 quanto
2809 3027 2924 3096 ejus
2946 3028 3100 3084 donis
3120 3034 3424 3087 ornatiores
3447 3033 3577 3099 estis,
3599 3040 3705 3085 tanto

2189 3113 2366 3167 minus
2392 3116 2678 3170 amabilis?
2710 3122 2972 3174 Avert-erit
3013 3133 3120 3176 tam
3161 3120 3480 3180 horrendam
3508 3125 3601 3194 ipse
3633 3123 3703 3176 de-

2188 3205 2476 3260 mentiam!
2527 3207 2759 3264 Proinde
2807 3213 3054 3280 quoniam
3103 3230 3297 3271 verum
3345 3219 3535 3272 Veritas
3573 3215 3700 3279 dixit,

2189 3299 2330 3368 quod
2358 3299 2448 3354 ille
2489 3301 2575 3355 cui
2610 3304 2877 3360 modicum
2909 3307 3197 3363 dimittitur
3220 3351 3234 3374 ,
3267 3311 3518 3365 modicum
3540 3309 3701 3377 diligit;

2187 3404 2284 3444 vos
2323 3399 2380 3445 ut
2404 3393 2773 3450 ardentissime
2803 3396 3035 3467 diligatis
3057 3442 3070 3465 ,
3101 3403 3194 3455 cui
3228 3403 3488 3472 diligendo
3513 3417 3538 3455 a
3565 3400 3705 3467 eonju-

2187 3483 2391 3550 giorum
2413 3485 2637 3540 nexibus
2653 3488 2807 3542 liberi
2828 3492 3043 3554 vocatis,
3066 3492 3325 3560 deputate
3350 3495 3488 3548 vobis
3509 3503 3705 3560 tanquam

2187 3577 2404 3630 omnino
2432 3578 2729 3644 dimissum,
2761 3582 3013 3651 quidquid
3043 3585 3166 3638 mali
3209 3603 3236 3639 ιι
3263 3588 3409 3641 vobis
3436 3602 3531 3640 non
3553 3593 3618 3639 est
3640 3582 3705 3635 illo

2187 3678 2404 3736 regente
2429 3672 2788 3725 commissum.
2827 3674 2972 3727 Oculi
2997 3678 3137 3730 enim
3167 3681 3319 3733 uestri
3345 3696 3525 3748 semper
3545 3678 3600 3729 ad
3625 3673 3704 3726 ου.

2187 3761 2398 3826 minam,
2445 3764 2680 3830 quoniam
2721 3765 2830 3835 ipse
2868 3768 3038 3821 evellet
3077 3770 3140 3823 de
3188 3775 3365 3842 laqueo
3405 3771 3542 3841 pedes
3563 3775 3707 3820 clatros

2193 3851 2357 3924 (Psal.
2385 3870 2535 3920 xxxv,
2567 3856 2653 3926 15)
2687 3873 2702 3909 :
2732 3868 2785 3910 et
2805 3899 2818 3922 ,
2851 3859 2966 3912 Nisi
2993 3861 3244 3917 Dominus
3271 3863 3548 3917 custodierit
3572 3860 3706 3911 rit-ita-

2188 3953 2304 4008 tem,
2331 3945 2381 3996 in
2403 3960 2584 3998 vanum
2614 3947 2833 4016 vigilavit
2857 3951 2942 4019 qui
2961 3955 3183 4007 custodit
3209 3972 3320 4009 eam
3350 3954 3510 4023 (Psal.
3544 3964 3704 4011 cxxvr,

2186 4033 2264 4106 1).
2296 4035 2364 4088 Et
2405 4035 2472 4089 de
2511 4037 2622 4104 ipsa
2671 4041 2994 4094 continentia
3044 4044 3273 4113 loquens
3318 4045 3583 4114 Apostolus
3617 4040 3704 4091 ait:

2195 4123 2318 4178 Volo
2344 4135 2509 4179 autem
2552 4145 2724 4181 omnes
2759 4133 2984 4190 homines
3021 4151 3127 4187 esse
3153 4138 3288 4189 sicut
3317 4153 3394 4190 me
3431 4137 3581 4205 ipsum
3606 4147 3622 4185 :
3644 4128 3709 4183 sed

2185 4220 2522 4290 unusquisque
2547 4223 2807 4291 praprium
2847 4224 3033 4278 donum
3070 4228 3221 4282 habet
3257 4245 3289 4281 α
3320 4229 3424 4281 Deo
3442 4245 3460 4293 ;
3487 4228 3602 4280 alius
3621 4238 3706 4284 ut.

2182 4309 2317 4363 alius
2343 4322 2506 4365 autem
2528 4314 2601 4366 sic
2627 4314 2668 4384 (Ι
2696 4315 2812 4370 Cor.
2847 4332 2921 4370 vu
2943 4360 2956 4381 ,
2987 4320 3059 4390 7).
3100 4319 3234 4387 Quis
3276 4338 3402 4392 ergo
3428 4313 3711 4375 donat'ista?

2181 4401 2298 4468 quis
2328 4401 2596 4457 distribuit
2635 4407 2845 4474 prepria
2887 4409 3168 4479 unicuique
3203 4413 3339 4467 sicut
3367 4413 3470 4464 vult
3498 4409 3593 4481 (Id.
3618 4421 3707 4468 ιιι,

2182 4489 2270 4563 11)
2292 4491 2314 4545 ?
2333 4492 2534 4562 Nempe
2560 4496 2713 4556 Dens.
2737 4499 2874 4565 apud
2897 4515 3055 4567 quem
3081 4517 3183 4555 non
3207 4512 3292 4558 est
3314 4505 3546 4572 iniquitas
3568 4498 3707 4568 (ιιοητ.

2180 4599 2259 4650 lx,
2293 4584 2402 4654 14).
2437 4587 2514 4639 Ae
2541 4602 2635 4655 per
2661 4588 2764 4642 hoc
2789 4605 2890 4658 qua
2912 4593 3159 4661 aequitate
3191 4595 3283 4648 ille
3309 4595 3464 4648 faciat
3491 4592 3608 4644 alios
3631 4587 3706 4646 sic,

2178 4674 2310 4728 alios
2337 4685 2512 4730 autem
2541 4678 2650 4744 sic,
2694 4678 2896 4733 homini
2940 4697 3098 4737 nesse
3141 4695 3233 4738 aut
3273 4682 3710 4754 impossibile,aui

2177 4769 2396 4826 omnino
2426 4772 2640 4827 difﬁcile
2670 4785 2750 4828 est
2781 4792 2794 4828 :
2828 4777 2952 4844 quin
2978 4786 3151 4832 tamen
3182 4780 3433 4848 :equitate
3458 4777 3616 4839 faciat,
3639 4771 3712 4824 du-

2176 4862 2346 4916 bitare
2370 4862 2448 4917 fas
2480 4879 2583 4918 non
2610 4876 2710 4920 est.
2758 4868 2896 4931 Quid
2927 4869 3102 4939 itaque
3127 4871 3280 4926 habes
3307 4871 3440 4941 quod
3478 4885 3570 4924 non
3606 4877 3715 4918 arce-

2178 4955 2297 5024 pisti
2323 4953 2365 5021 (I
2397 4953 2515 5010 Cor.
2543 4971 2613 5020 tv,
2648 4957 2738 5027 7)?
2758 4967 2848 5012 aut
2869 4976 2967 5028 qua
2990 4963 3339 5031 perversitate
3362 4965 3531 5017 minus
3550 4956 3708 5024 diligis,

2175 5061 2206 5100 τι
2231 5061 2336 5115 quo
2364 5049 2589 5116 amplius
2614 5051 2908 5118 accepisti?

2243 5136 2468 5193 CAPUT
2508 5138 2640 5193 XLI.
2685 5169 2756 5181 —
2791 5141 2880 5196 ﬂ.
2913 5141 3091 5198 Prima
3133 5146 3437 5200 humilitatis
3469 5140 3712 5213 cogitatio.

2172 5229 2504 5298 uirginitatem
2543 5231 2714 5284 haberi
2750 5249 2814 5286 ea:
2849 5233 2945 5288 Dei
2981 5235 3134 5292 dono.
3186 5236 3452 5306 Praecpta
3493 5251 3586 5289 non
3630 5225 3716 5296 ﬁeﬂ'

2173 5324 2270 5377 nisi
2295 5340 2352 5378 eo
2379 5324 2530 5378 dante
2557 5327 2644 5395 qui
2668 5329 2912 5399 prtecipit.
2935 5328 3228 5386 Obedientia
3265 5342 3313 5387 et
3340 5329 3618 5403 penitentia
3644 5338 3716 5393 Ρ¹¹⁴

2172 5416 2293 5470 riter
2331 5417 2465 5471 dona
2507 5417 2622 5472 Dei.
2651 5419 2986 5491 Quapropter
3012 5423 3125 5480 huic
3161 5427 3330 5494 prima
3369 5426 3440 5481 sit
3465 5417 3714 5480 induenda:

2171 5507 2483 5565 humilitatis
2502 5513 2770 5582 cegitatio,
2800 5530 2866 5571 ne
2893 5533 2922 5569 a
2939 5529 3007 5573 ‘se
3031 5519 3132 5574 sibi
3157 5530 3306 5591 putet
3335 5536 3456 5576 esse
3482 5519 3569 5573 Diti
3593 5515 3717 5580 virisro

2170 5602 2311 5672 quod
2338 5603 2454 5657 talis
2481 5616 2582 5668 est,
2614 5622 2676 5662 ac
2701 5624 2804 5661 non
2828 5610 3003 5676 potius
3025 5611 3124 5666 hoc
3147 5613 3350 5668 donum
3374 5613 3618 5683 optimum
3637 5603 3715 5658 de-

2170 5706 2330 5762 super
2353 5693 2679 5753 descendere
2704 5715 2729 5751 a
2760 5699 2916 5756 Patre
2956 5703 3229 5772 luminum,
3261 5705 3405 5777 apud
3443 5717 3590 5774 quem
3625 5709 3711 5750 "0|!

2237 5808 2980 5877 ιωωιιωωνηωαωιε.
