3930 6368
216 371 302 430 nl

222 497 291 542 est
314 474 658 543 transmutatio,
688 487 801 531 nec
830 471 1094 529 momenti
1120 470 1451 527 obumbratio
1478 469 1681 541 (Jacobi
1711 485 1749 535 ι,

226 578 316 647 l7).
339 573 399 629 lta
422 573 550 628 enim
582 584 691 623 non
735 566 948 637 putabit
988 565 1251 621 modicum
1281 564 1380 619 sibi
1422 577 1541 617 esse
1565 561 1756 617 dimis-

216 685 333 725 sum.
366 676 414 720 ut
438 664 694 718 modicum
724 662 949 731 diligat,
976 667 1030 713 et
1059 659 1306 729 ignorans
1332 656 1423 711 Dei
1450 656 1711 724 justitiam
1735 694 1752 721 ,

212 774 263 813 ac
284 773 410 811 suam
435 756 604 811 volens
630 754 987 813 constituere,
1011 750 1232 820 justitizc
1260 748 1351 803 Dei
1374 763 1479 803 non
1509 746 1757 815 subjicia-

214 862 299 904 tur.
320 844 373 901 Διιι
398 862 494 916 quo
518 846 646 900 vitio
672 852 789 899 erat
808 843 997 897 Simon
1028 841 1137 908 ille,
1164 854 1319 910 quem
1340 838 1610 909 superavit
1639 852 1756 890 mu-

212 942 297 997 lier
317 940 389 994 cui
412 938 619 993 dimissa
649 946 777 989 sunt
816 942 1036 1004 peccata
1075 933 1259 994 multa,
1290 930 1538 1000 quoniam
1566 928 1753 983 dilexit

212 1036 419 1092 multum.
444 1031 543 1088 Sed
568 1030 783 1085 cautius
817 1038 871 1083 et
896 1027 1071 1082 verius
1096 1025 1351 1095 cogitabit
1374 1064 1390 1089 ,
1418 1022 1594 1077 omnia
1624 1036 1752 1091 pece-

210 1136 307 1182 cata
327 1124 397 1181 sic
419 1122 657 1178 habenda
684 1130 940 1190 tanquam
960 1119 1313 1181 dimittantur,
1346 1132 1373 1169 a
1399 1116 1589 1186 quibus
1614 1116 1753 1170 Deus

208 1218 402 1275 custodit
429 1234 491 1272 ne
518 1216 943 1272 committantur.
968 1211 1158 1268 Testes
1182 1220 1307 1266 sunt
1344 1223 1504 1264 voces
1543 1209 1749 1277 piarum

207 1310 596 1380 deprecationum
624 1308 678 1361 in
704 1305 995 1375 Scripturis
1033 1303 1262 1369 sanctis,
1292 1302 1486 1371 quibus
1506 1299 1751 1355 ostendi-

204 1412 293 1462 tur.
317 1417 369 1455 ea
390 1402 494 1469 ipsa
520 1414 640 1469 quas
669 1398 1051 1468 praecipiuntur
1092 1410 1121 1448 a
1155 1394 1284 1458 Deo,
1333 1408 1439 1446 non
1492 1392 1607 1446 fieri
1644 1390 1751 1444 nisi

202 1491 339 1547 dante
362 1500 507 1562 atque
531 1489 817 1559 adjuvante
849 1488 937 1557 qui
967 1486 1221 1556 praecipit.
1261 1483 1583 1538 Mendaciter
1608 1482 1751 1537 enim
1793 1517 1797 1522 -

198 1593 437 1654 petuntur,
460 1585 502 1639 si
525 1599 586 1638 ea
609 1598 716 1636 non
739 1578 1023 1649 adiuvante
1045 1581 1159 1648 ejus
1180 1580 1347 1649 gratia
1370 1577 1543 1632 facere
1568 1590 1752 1645 posse-

201 1692 322 1731 mus.
356 1676 481 1744 Quid
515 1679 629 1729 tam
674 1674 995 1743 generaliter
1032 1672 1365 1740 maximeque
1410 1669 1746 1738 prmcipitur,

200 1781 338 1835 quam
361 1766 649 1821 obedientia
676 1780 781 1834 qua
808 1762 1181 1818 custodiuntur
1217 1760 1465 1814 mandata
1510 1759 1641 1812 Dei?
1682 1760 1751 1813 Et

198 1863 358 1909 tamen
378 1856 506 1910 hanc
533 1857 841 1910 invenimus
871 1855 1043 1924 optari
1073 1870 1087 1907 :
1115 1852 1217 1918 Tu,
1247 1851 1439 1920 inquit,
1466 1851 1751 1921 praecepisti

200 1947 414 2000 umidam
434 1955 516 2000 tua
536 1946 783 2000 'custodiri
807 1945 977 1998 nimis.
1006 1942 1211 1997 Deinde
1230 1942 1471 2011 sequitur
1499 1959 1511 1993 :
1538 1939 1751 1995 Utinam

202 2038 463 2107 dirigentur
499 2040 596 2092 via
642 2053 760 2091 mea
783 2079 797 2100 ,
850 2038 917 2089 ad
964 2035 1318 2089 custodiendas
1357 2034 1749 2104 justiﬁcationes

211 2138 320 2181 tuas
346 2144 364 2177 ε
387 2137 493 2181 tunc
515 2144 613 2182 non
637 2128 933 2200 confundor,
965 2128 1087 2179 dum
1108 2126 1319 2195 inspicio
1340 2124 1391 2178 in
1421 2126 1590 2179 omnia
1614 2141 1751 2178 man-

212 2220 325 2271 data
351 2229 425 2271 tu
460 2217 621 2289 (Psal.
650 2234 818 2283 cxvnt,
863 2217 1010 2288 λιν-6).
1041 2217 1192 2285 Quod
1228 2217 1392 2271 Deum
1430 2216 1751 2285 praecepisse

206 2324 352 2379 supra
376 2312 569 2379 posuit,
602 2311 699 2365 hoc
736 2320 791 2364 ut
819 2326 847 2363 a
878 2325 938 2364 se
980 2310 1286 2378 impleretur
1329 2309 1348 2340 ³
1381 2308 1599 2379 optavit.
1640 2308 1749 2361 lloc

196 2400 251 2453 ﬁt
274 2402 438 2471 utique
465 2416 529 2457 ne
559 2411 802 2471 peccetur
834 2420 849 2456 ε
881 2401 1023 2471 quod
1044 2402 1086 2454 si
1110 2409 1386 2470 peccatum
1406 2400 1590 2464 iuet-it,
1617 2414 1750 2467 pra:-

198 2492 371 2560 cipitur
416 2501 469 2545 ut
512 2493 799 2562 peniteat;
842 2507 911 2546 ne
954 2490 1262 2545 defensione
1306 2500 1357 2544 et
1407 2482 1748 2544 excusatione

200 2584 377 2652 peccati
420 2592 602 2653 pereat
636 2582 992 2653 superbiendo
1016 2583 1103 2651 qui
1133 2580 1290 2645 fecit,
1315 2581 1441 2635 dum
1490 2594 1594 2634 non
1632 2580 1750 2634 vult

198 2677 473 2744 mutando
500 2678 675 2746 perire
703 2676 849 2746 quod
881 2675 1023 2729 fecit.
1066 2675 1241 2728 Etiam
1271 2674 1372 2728 hoc
1410 2688 1441 2727 a
1474 2674 1582 2727 Deo
1608 2673 1747 2743 peti.

198 2778 287 2835 tur,
314 2779 367 2823 ut
391 2770 720 2840 intelligatur
750 2784 854 2823 non
886 2767 1025 2835 ﬁeri,
1051 2768 1153 2822 nisi
1173 2782 1240 2823 eo
1264 2775 1552 2838 praestante
1582 2781 1612 2820 a
1640 2778 1748 2836 quo

197 2862 379 2929 petitur.
403 2861 567 2930 Pone,
591 2862 791 2932 inquit,
827 2861 1042 2915 Domine
1060 2902 1074 2927 ,
1108 2861 1391 2915 custodiam
1418 2860 1496 2914 ori
1518 2876 1627 2913 meo
1646 2901 1661 2924 ,
1696 2868 1749 2914 et

199 2956 352 3007 ostium
382 2956 706 3010 continentia
743 2956 932 3008 circum
959 2955 1093 3008 labia
1116 2971 1231 3007 mea
1258 2970 1278 3008 :
1303 2970 1366 3007 ne
1405 2953 1624 3007 declines
1660 2968 1750 3006 cor

198 3059 336 3097 meum
366 3047 414 3098 in
444 3046 600 3101 verba
628 3047 856 3118 maligna
880 3087 896 3111 ,
941 3045 1009 3098 ad
1034 3045 1378 3099 excusandum
1403 3047 1749 3099 excusationes

196 3137 243 3188 in
280 3141 475 3205 peccatis
501 3181 518 3203 ,
568 3154 688 3192 cum
734 3138 1016 3191 hominibus
1065 3137 1389 3207 operantibus
1436 3136 1749 3206 iniquitatem

196 3227 341 3296 (Pist.
358 3246 473 3295 cn,
499 3232 556 3297 5,
584 3232 666 3299 4).
696 3229 753 3285 Si
777 3245 905 3300 ergo
930 3238 983 3284 et
1009 3229 1309 3284 obedientia
1329 3243 1430 3297 qua
1462 3227 1578 3297 ejus
1601 3241 1750 3280 man-

194 3321 297 3375 data
319 3338 605 3389 servamus,
638 3333 691 3378 et
719 3324 1031 3392 ptenitentia
1059 3338 1161 3393 qua
1190 3330 1407 3392 peccata
1431 3328 1612 3375 nostra
1640 3334 1747 3374 non

190 3428 501 3483 escusamus,
538 3416 636 3472 sed
665 3432 1005 3480 accusamus,
1040 3426 1260 3486 optatur
1286 3426 1341 3470 et
1367 3416 1596 3486 petitur;
1638 3428 1751 3467 ma-

193 3505 411 3560 nifestum
435 3518 525 3563 est
547 3508 671 3576 quia
699 3523 824 3562 cum
854 3508 932 3574 ﬁt,
965 3507 1056 3561 illo
1076 3507 1237 3561 dante
1265 3507 1510 3570 habetur,
1537 3507 1629 3561 illo
1656 3505 1751 3560 ad-

197 3595 384 3664 iuvante
421 3602 747 3671 completur.
797 3601 1048 3670 Apertius
1090 3600 1251 3655 etiam
1292 3600 1486 3654 dicitur
1533 3608 1751 3668 propter

195 3689 537 3759 obedientiam,
573 3696 617 3746 Α
655 3693 872 3746 Domino
896 3709 1093 3763 gressus
1116 3692 1334 3746 hominis
1359 3693 1668 3762 dirigantur,
1706 3700 1753 3744 et

194 3781 309 3834 vim
328 3785 431 3854 ejus
457 3787 583 3840 volet
634 3784 815 3855 (Psal.
854 3800 1023 3838 ιιιιιινι
1046 3825 1060 3849 ,
1098 3784 1191 3856 ‘23)
1226 3802 1240 3838 :
1268 3795 1324 3839 et
1348 3783 1416 3839 de
1442 3783 1752 3853 poenitentia

188 3871 297 3926 dicit
330 3877 650 3944 Apostolus,
696 3874 781 3929 Ne
811 3878 941 3947 forte
977 3876 1061 3930 det
1086 3874 1194 3929 illis
1231 3875 1368 3930 Deus
1407 3874 1754 3946 paenitentiam

194 3962 247 4032 (ll
268 3963 382 4019 Tim.
406 3983 467 4029 ιι,
493 3965 625 4039 25).
1408 3976 1415 3982 ·

247 4058 322 4112 ιι.
349 4060 420 4113 De
440 4063 556 4131 ipsa
581 4060 749 4113 etiam
777 4058 1103 4114 continentia
1123 4073 1299 4115 nonne
1318 4059 1651 4129 apertissime
1671 4059 1753 4113 di-

188 4160 307 4203 ctum
324 4163 429 4208 est:
457 4154 521 4208 Et
532 4166 673 4207 ant
692 4154 871 4206 scirem
889 4152 1007 4222 quia
1026 4168 1171 4207 nemo
1188 4162 1348 4224 potest
1370 4168 1476 4207 esse
1495 4154 1752 4208 continens

185 4244 266 4297 nisi
286 4244 413 4302 Deus
437 4250 520 4302 det
544 4290 560 4312 ,
600 4256 649 4299 et
673 4247 769 4299 hoc
797 4247 965 4315 ipsum
1006 4256 1113 4300 erat
1136 4249 1397 4316 sapienﬁce
1414 4289 1429 4315 ,
1456 4248 1585 4303 scire
1609 4250 1754 4319 cujus

185 4345 288 4386 esset
312 4340 397 4389 hoc
426 4340 634 4391 donum
658 4336 813 4405 (Sap.
840 4350 932 4391 vut
952 4378 965 4401 ,
994 4336 1128 4407 ειη

242 4428 449 4483 CAPUT
484 4428 658 4484 XLH.
689 4457 759 4468 -—
784 4426 1106 4482 Continentia
1127 4428 1249 4481 item
1275 4437 1321 4481 et
1348 4429 1595 4498 sapientia
1624 4445 1755 4483 non-

184 4516 266 4569 nisi
279 4535 307 4569 α
322 4518 421 4574 Deo
445 4530 782 4589 prmium.
812 4520 917 4575 Sed
940 4520 1076 4575 forte
1100 4522 1423 4576 continentia
1444 4522 1640 4576 donum
1661 4522 1758 4577 Dei

184 4620 278 4674 est,
302 4614 628 4683 sapientiam
660 4628 790 4667 vero
815 4613 912 4666 sibi
954 4614 1067 4683 ipse
1098 4613 1257 4668 homo
1286 4624 1506 4683 prtestat
1524 4656 1539 4677 ,
1570 4630 1670 4685 qua
1698 4616 1760 4669 il-

187 4702 256 4754 lud
277 4705 469 4761 domm
495 4723 618 4762 non
649 4721 806 4761 suum
827 4749 841 4773 ,
872 4708 965 4762 sed
992 4709 1087 4762 Dei
1126 4723 1245 4764 esse
1272 4722 1575 4781 cognoscat.
1606 4712 1718 4767 lmo
1741 4755 1754 4779 ,

186 4790 407 4853 Dominus
427 4802 698 4870 sapientes
726 4800 847 4866 facit
874 4815 1029 4854 cacas
1053 4799 1222 4873 (Psal.
1252 4816 1412 4865 cxnv,
1446 4803 1501 4873 8)
1526 4819 1538 4866 ;
1566 4813 1639 4869 et,
1663 4802 1760 4858 Te-

189 4887 450 4945 stimonium
474 4890 699 4945 Domini
744 4890 925 4959 ﬁdele,
958 4892 1257 4961 sapientiam
1301 4904 1507 4963 prtestat
1537 4894 1760 4965 parvulis

190 4978 334 5047 (Psal.
365 5000 488 5038 lell
512 5026 529 5051 ,
576 4984 637 5054 8)
664 4999 679 5047 ;
712 4990 767 5037 et
785 5022 802 5049 ,
832 4982 892 5036 Si
915 4984 1026 5051 quis
1054 4984 1241 5053 indiget
1269 4985 1517 5055 sapientia
1536 5026 1551 5050 ,
1581 4995 1760 5056 postu-

190 5070 244 5121 let
267 5088 297 5125 α
321 5073 426 5127 Deo
446 5114 463 5141 ,
494 5076 588 5145 qui
612 5074 707 5127 dat
736 5073 965 5127 omnibus
991 5074 1247 5144 afﬂuenter
1265 5114 1282 5141 ,
1315 5085 1362 5129 et
1381 5093 1482 5129 non
1502 5077 1761 5148 imprope-

189 5172 286 5226 rat;
312 5174 353 5217 et
376 5165 591 5220 dabitur
621 5165 670 5218 ei
692 5162 897 5236 (Jacobi
927 5179 976 5228 ι,
1006 5163 1087 5235 5).
1133 5165 1409 5234 Sapientes
1439 5177 1616 5223 autem
1642 5183 1764 5224 esse

190 5250 402 5322 virgines
445 5256 643 5319 decet,
696 5269 763 5308 ne
811 5254 1085 5323 lampades
1131 5271 1311 5310 eamm
1359 5258 1765 5329 exstinguantur

190 5340 383 5411 (Matth.
413 5363 553 5413 xxv,
577 5346 658 5415 ι).
678 5344 963 5414 Quomodo
989 5332 1274 5416 sapientes:
1306 5349 1409 5402 nisi
1436 5366 1536 5403 non
1554 5350 1660 5403 alta
1682 5366 1765 5403 sa-

191 5436 381 5502 pientes,
400 5440 492 5495 sed
518 5440 799 5493 humilibus
822 5441 1181 5495 censentientes
1204 5441 1379 5509 (Rom.
1407 5457 1501 5509 xu,
1526 5441 1652 5513 i6)?
1674 5443 1766 5497 Dia

191 5528 256 5580 sit
278 5531 416 5585 enim
445 5532 649 5586 [contini
671 5532 785 5600 ipsa
811 5532 1101 5600 Sapientia,
1130 5532 1262 5587 Ecce
1284 5536 1443 5605 pietas
1471 5545 1543 5589 est
1564 5535 1768 5605 sapiena-

195 5622 257 5674 tia
277 5622 392 5692 (Job
412 5642 606 5689 xxvm,
636 5625 755 5695 28).
786 5626 842 5681 Si
868 5639 995 5695 ergo
1021 5626 1153 5680 nihil
1185 5627 1348 5682 habes
1372 5628 1642 5696 quodnon
1670 5642 1763 5683 ac-

196 5714 397 5781 cepisti,
429 5715 537 5771 noli
564 5716 727 5770 altum
746 5733 957 5786 sapere,
985 5716 1073 5771 sed
1095 5719 1211 5772 time
1236 5718 1409 5788 (Rom.
1442 5736 1490 5774 ιιι
1511 5760 1527 5788 ,
1558 5718 1671 5791 20).
1698 5718 1769 5775 Et

254 5824 1248 5892 Wisignedttimtinseimpteretar.

1586 352 1792 411 LIBER
1828 346 2027 413 UNUS.

1865 469 1974 524 noli
1998 469 2265 528 modicum
2293 472 2513 546 diligere
2530 517 2545 541 ,
2574 478 2723 547 quasi
2750 492 2780 532 a
2806 493 2911 551 quo
2944 480 3037 537 tibi
3062 478 3333 540 modicum
3357 489 3442 542 di-

1863 564 2082 620 missum
2108 576 2189 622 est
2208 586 2224 624 :
2244 568 2338 624 sed
2367 570 2540 639 potius
2568 572 2790 627 multum
2818 574 2998 645 dilige,
3020 592 3048 630 a
3066 592 3171 648 quo
3200 579 3291 634 tibi
3307 581 3444 636 mul-

1864 662 1973 709 tum
2006 658 2256 714 tributum
2286 670 2385 715 est.
2417 661 2472 717 Si
2503 663 2643 717 enim
2675 665 2861 735 diligit,
2881 668 2966 723 cui
2989 669 3242 725 dunatum
3274 682 3357 727 est
3376 689 3444 730 ne

1861 746 2143 813 redderet;
2172 758 2372 819 quanto
2401 754 2570 823 magis
2592 754 2752 809 debet
2778 756 3000 827 diligere
3021 803 3033 824 ,
3073 763 3156 815 cui
3186 762 3439 819 donatum

1860 845 1942 891 est
1968 846 2024 893 ut
2048 839 2452 896 haberetiNam
2481 854 2536 898 et
2563 846 2801 917 quisquis
2824 849 2892 901 ab
2909 850 3057 905 initio
3082 854 3444 924 pudicusper-

1858 940 2055 998 manet,
2086 934 2153 987 ab
2178 934 2270 987 illo
2295 936 2529 1006 regitur;
2559 945 2614 992 et
2635 940 2876 1009 quisquis
2901 956 2966 995 ex
2989 942 3260 1011 impudico
3284 947 3439 1015 pudi—

1857 1037 1951 1077 cus
1983 1023 2060 1089 fit,
2089 1025 2158 1079 ab
2184 1026 2273 1081 illo
2300 1029 2617 1099 corrigitur;
2648 1041 2703 1085 et
2729 1033 2968 1102 quisquis
2998 1046 3167 1105 usque
3193 1038 3247 1091 in
3279 1038 3441 1094 ﬁnem

1859 1113 2154 1183 impudicus
2178 1125 2295 1185 est,
2324 1120 2391 1173 ab
2426 1121 2523 1175 illo
2550 1121 2834 1177 deseritur.
2868 1124 2980 1179 Hoc
3013 1136 3188 1182 autem
3216 1128 3309 1183 ille
3346 1143 3439 1184 oc-

1857 1207 2002 1260 culto
2021 1206 2222 1277 judicio
2244 1209 2420 1267 facere
2451 1220 2646 1282 potest,
2666 1215 2847 1285 iniquo
2875 1231 2979 1269 non
3010 1225 3187 1287 potest
3218 1234 3232 1271 :
3264 1220 3442 1274 etfor—

1858 1305 1999 1351 tasse
2028 1298 2149 1353 ideo
2189 1302 2310 1354 latet
2334 1347 2347 1367 ,
2378 1313 2433 1357 ut
2467 1305 2585 1374 plus
2628 1306 2910 1371 timeatur,
2938 1316 2997 1362 et
3039 1309 3217 1364 minus
3246 1326 3439 1381 super.

1856 1387 2051 1444 biatur.

1923 1480 2150 1537 CAPUT
2178 1480 2360 1538 XLIII.
2392 1514 2466 1524 —-
2492 1486 2581 1540 44.
2616 1485 2694 1540 De
2732 1487 2845 1557 ipso
2882 1487 2979 1543 Dei
3008 1488 3143 1544 dono
3179 1506 3243 1544 ne
3263 1507 3320 1545 se
3348 1507 3437 1545 erc-

1856 1572 2032 1625 tollant
2074 1575 2309 1643 virgines.
2345 1576 2544 1630 Deinde
2568 1577 2677 1646 jam
2719 1580 2896 1634 sciens
2923 1580 3118 1647 homo,
3147 1584 3315 1653 gratia
3346 1586 3440 1639 Dei

1855 1677 1913 1717 se
1950 1677 2068 1717 esse
2095 1666 2233 1734 quod
2264 1675 2380 1730 est,
2427 1684 2533 1721 non
2563 1670 2759 1723 incidat
2786 1672 2837 1725 in
2880 1673 3041 1726 alium
3071 1676 3331 1742 superbiae
3365 1677 3442 1730 la-

1854 1766 2080 1822 qucum,
2125 1766 2183 1809 ut
2211 1756 2276 1810 de
2303 1757 2414 1826 ipsa
2447 1759 2539 1813 Dei
2583 1762 2749 1829 gratia
2786 1777 2845 1816 se
2873 1765 3179 1819 extollendo
3222 1777 3439 1836 spernat

1854 1856 2095 1902 caeteros.
2124 1849 2246 1917 Quo
2269 1852 2397 1905 vitio
2418 1853 2560 1913 alius
2581 1854 2599 1885 ¹
2632 1855 2720 1909 ille
2747 1856 3041 1925 pbarisazus
3063 1900 3077 1922 ,
3105 1868 3159 1913 et
3187 1860 3254 1914 de
3280 1860 3439 1916 bonis

1853 1952 1970 2007 quae
1997 1938 2224 1994 habebat
2264 1941 2371 1995 Deo
2397 1944 2595 2011 gratias
2634 1946 2855 2015 agebat,
2884 1958 2936 2002 et
2962 1957 3139 2003 tamen
3183 1964 3241 2004 se
3280 1967 3440 2020 super

1853 2032 2189 2101 publicanum
2208 2044 2419 2102 peccata
2444 2037 2785 2092 conﬁtentem
2808 2041 3099 2095 extollebat
3119 2042 3266 2113 (Lac.
3287 2058 3435 2109 xvm,

1853 2123 2065 2194 1044).
2105 2124 2239 2192 Quid
2273 2126 2427 2196 igitur
2468 2127 2624 2183 faciat
2653 2130 2832 2199 virgo,
2866 2132 2988 2199 quid
3019 2134 3250 2202 cogitet,
3284 2149 3352 2189 ne
3377 2148 3439 2189 se

1851 2216 2073 2269 extollat
2097 2230 2257 2285 super
2282 2232 2375 2271 eos
2400 2219 2487 2272 vel
2531 2234 2623 2273 eas
2646 2235 2764 2288 qua:
2796 2220 2899 2275 hoc
2926 2231 3030 2275 tam
3058 2239 3252 2293 magno
3294 2225 3437 2280 dono

1852 2306 2071 2361 carent?
2095 2306 2279 2377 Neque
2307 2310 2450 2363 enim
2481 2310 2732 2365 simulare
2757 2312 2917 2366 debet
2940 2312 3312 2379 humilitatem,
3342 2315 3439 2370 sed

1853 2398 2103 2455 exhibere
2136 2418 2149 2453 :
2180 2416 2303 2455 nam
2330 2403 2599 2457 simulatio
2630 2403 2944 2459 humilitatis
2989 2407 3160 2475 major
3188 2408 3438 2476 superbia

1852 2501 1953 2546 est.
1988 2491 2188 2548 Idcirco
2223 2493 2495 2563 Scriptura
2520 2495 2704 2551 volens
2730 2497 3014 2552 ostendere
3044 2513 3287 2555 veracem
3336 2498 3436 2555 hu-

1855 2583 2128 2637 militatem
2159 2598 2275 2638 esse
2305 2595 2553 2654 oportere
2574 2628 2587 2652 ,
2634 2602 2753 2641 cum
2784 2587 3043 2655 dixisset,
3077 2588 3279 2656 Quanto
3322 2606 3437 2643 nta-

1851 2691 1979 2746 gnus
2021 2691 2110 2741 es,
2166 2685 2305 2730 tanto
2353 2677 2565 2731 humilia
2614 2688 2661 2732 te
2708 2680 2763 2733 in
2812 2680 3083 2745 omnibus;
3131 2697 3255 2737 mox
3300 2694 3437 2752 quo-

1851 2783 1955 2838 que
1983 2768 2246 2834 subdidit,
2299 2778 2345 2823 et
2372 2786 2543 2823 coram
2587 2770 2695 2825 Deo
2723 2771 2942 2826 invenies
2969 2774 3185 2844 gratiam
3228 2771 3434 2847 (Eccli.

1854 2876 1957 2926 ιιι,
2006 2860 2126 2932 20)
2172 2878 2187 2914 :
2236 2862 2419 2932 utique
2460 2864 2549 2918 ubi
2597 2878 2657 2919 se
2704 2864 2964 2920 fallaciter
3007 2865 3284 2920 humiliarc
3329 2880 3438 2922 non

1851 2964 2051 3026 posset.

1920 3045 2149 3102 CAPUT
2179 3046 2362 3101 XLIV.
2396 3077 2464 3086 —
2491 3048 2578 3102 b5.
2618 3048 2754 3115 Quid
2782 3049 3104 3118 cogitandum
3131 3049 3350 3121 virgini,
3382 3057 3440 3104 ut

1852 3139 2090 3191 veraciter
2118 3154 2171 3192 se
2195 3150 2295 3192 non
2321 3138 2505 3191 audeat
2534 3141 2733 3192 mulieri
2758 3141 2833 3192 vel
2859 3142 3144 3212 conjugutat
3172 3145 3433 3213 prteferre.

1853 3230 2083 3284 Proinde
2110 3231 2236 3300 quid
2266 3231 2543 3286 dicemus?
2570 3232 2737 3287 Estne
2766 3233 2963 3303 aliquid
2993 3234 3131 3303 quod
3156 3237 3309 3305 virgo
3344 3235 3440 3290 Dei

1852 3323 2113 3379 veraciter
2139 3324 2368 3393 cogitet,
2394 3323 2538 3377 {inde
2564 3339 2623 3378 se
2652 3323 2795 3379 ﬁdeli
2825 3325 3034 3380 mulieri
3057 3369 3070 3390 ,
3102 3342 3206 3380 non
3232 3336 3441 3381 tantum

1853 3415 2044 3479 viduae,
2074 3426 2257 3469 verum
2286 3417 2444 3469 etiam
2472 3415 2765 3487 conjugata:
2798 3415 3049 3485 prmfcrre
3080 3432 3183 3471 non
3210 3417 3442 3473 audeat?

1854 3506 1968 3561 Non
1996 3520 2096 3577 ego
2131 3507 2411 3577 reprobam
2440 3506 2561 3561 dico
2595 3525 2607 3560 :
2643 3522 2764 3561 nam
2795 3508 2914 3575 quis
2952 3509 3155 3563 nesciat
3182 3509 3441 3563 obedien-

1854 3609 1963 3656 tem
1992 3601 2269 3656 mulierem
2297 3600 2622 3654 inobedienti
2646 3600 2837 3668 virgini
2868 3600 3315 3671 prmponendam?
3335 3600 3442 3656 Sed

1854 3707 1973 3747 cum
2002 3692 2173 3745 amba:
2203 3699 2326 3745 sunt
2350 3691 2664 3745 obedientes
2688 3692 2968 3762 praeceptis
2998 3693 3087 3746 Dei
3108 3734 3122 3758 ,
3166 3692 3308 3747 itane
3336 3700 3444 3747 tre-

1854 3783 2059 3855 pidabit
2099 3792 2335 3837 sanctam
2367 3783 2722 3853 virginitatem
2753 3784 2913 3838 etiam
2959 3783 3120 3837 castis
3148 3784 3344 3851 nuptiis
3388 3792 3444 3838 et

1856 3878 2235 3933 continentiam
2267 3877 2519 3948 praeferre
2555 3878 2821 3933 connubio
2841 3919 2855 3944 ,
2899 3876 3125 3931 ﬁ'uctum
3156 3886 3440 3932 centenum

1858 3970 2046 4038 praeire
2094 3969 2332 4024 triceno?
2361 3969 2473 4023 lmo
2499 3983 2630 4023 vero
2674 3984 2778 4022 non
2810 3968 3015 4022 dubitet
3054 3968 3192 4022 hanc
3220 3985 3335 4024 rem
3364 3968 3442 4023 illi

1856 4062 1935 4116 rei
1961 4077 2285 4132 praeponere.
2318 4062 2441 4115 llzec
2474 4071 2648 4116 tamen
2679 4062 2764 4116 vel
2796 4062 2907 4114 luec
2936 4062 3081 4130 virgo
3108 4062 3361 4116 obediens
3391 4071 3446 4116 et

1860 4153 2025 4206 Deum
2058 4154 2282 4215 timens,
2314 4151 2390 4204 illi
2419 4153 2497 4205 vel
2538 4152 2611 4205 illi
2645 4151 2853 4205 mulieri
2881 4152 3148 4205 obedienti
3190 4164 3243 4206 et
3275 4152 3442 4207 Deum

1861 4244 2065 4299 timenti
2086 4259 2142 4297 se
2164 4244 2430 4298 anteferre
2448 4258 2556 4297 non
2584 4243 2775 4296 audeat
2799 4259 2811 4294 :
2837 4243 3066 4311 alioquin
3098 4256 3205 4296 non
3226 4245 3327 4296 erit
3348 4243 3445 4297 hu-

1861 4338 2021 4401 milis,
2040 4346 2094 4391 et
2119 4336 2254 4389 Deus
2278 4336 2506 4405 superbis
2531 4336 2718 4389 resistit
2738 4333 2943 4403 (Jacobi
2970 4350 3042 4399 tv,
3062 4335 3136 4403 ϐ).
3165 4334 3301 4401 Quid
3320 4350 3447 4403 ergo

1862 4428 2148 4498 cegitabit?
2170 4427 2384 4483 Occulta
2416 4426 2621 4482 scilicet
2649 4426 2788 4480 dona
2818 4426 2943 4491 Dei,
2976 4441 3094 4494 qua:
3123 4426 3335 4479 nonnisi
3368 4425 3449 4479 in-

1863 4527 2150 4596 terrogatio
2178 4525 2484 4580 tentationis
2503 4566 2517 4589 ,
2549 4524 2709 4579 etiam
2742 4523 2793 4576 in
2817 4522 3103 4589 semetipso
3122 4563 3135 4587 ,
3164 4520 3450 4590 unicuique

1863 4618 2160 4673 declarat'.
2191 4616 2262 4672 Ut
2290 4617 2430 4671 enim
2459 4624 2649 4669 caetera
2676 4624 2920 4679 taceam;
2955 4612 3095 4668 unde
3120 4612 3222 4667 scit
3260 4612 3409 4682 virgo
3437 4658 3448 4677 ,

1864 4711 2104 4779 quamvis
2130 4709 2351 4763 sollicita
2385 4723 2502 4777 qua:
2531 4717 2653 4760 sunt
2680 4705 2920 4772 Domini,
2950 4703 3219 4775 quomodo
3245 4704 3452 4774 placeat

1865 4802 2091 4855 Domino
2119 4800 2159 4869 (l
2184 4800 2301 4854 Cor.
2329 4814 2421 4865 vu,
2454 4797 2566 4870 39.),
2596 4812 2666 4853 ne
2696 4799 2829 4852 forte
2853 4806 3069 4867 propter
3093 4798 3321 4866 aliquam
3347 4796 3450 4851 sibi

1866 4892 2185 4962 incognitam
2212 4891 2403 4944 mentis
2433 4890 2793 4943 infirmitatem
2813 4930 2829 4956 ,
2873 4888 3106 4943 nondum
3148 4889 3216 4942 sit
3242 4896 3448 4941 matura

1865 4985 2120 5058 martyrio
2138 5026 2153 5052 ,
2186 4984 2273 5040 illa
2300 4998 2428 5038 vero
2456 4982 2645 5037 mulier
2670 4983 2753 5037 cui
2780 4997 2838 5037 se
2859 4982 3120 5052 praeferre
3148 4980 3450 5052 gestiebat,

1863 5079 1972 5148 iam
1997 5078 2161 5147 possit
2184 5077 2366 5130 bibere
2392 5076 2610 5129 calicem
2626 5074 2909 5128 dominicae
2934 5075 3447 5143 humilitatismiem

1868 5171 2016 5242 prius
2064 5169 2351 5225 bibendum
2406 5167 2680 5236 diSt'ipulis
2731 5168 3057 5222 amatoribus
3111 5166 3453 5220 sublimitatis

1867 5264 2115 5333 opposuit
2157 5261 2382 5335 (Matth.
2416 5276 2484 5313 xx
2508 5300 2523 5326 ,
2546 5260 2618 5313 2‘2
2642 5260 2703 5329 )?
2740 5259 2917 5327 Unde,
2954 5262 3184 5330 inquam,
3220 5259 3359 5323 scit,
3380 5273 3452 5313 ne

1868 5354 2008 5411 forte
2056 5354 2169 5423 ipsa
2221 5352 2455 5409 nondum
2507 5352 2577 5407 sit
2621 5350 2838 5420 Thecla,
2884 5340 2999 5422 jam
3047 5352 3116 5407 sit
3160 5342 3256 5407 illa
3301 5347 3452 5406 Cris-

1866 5449 1994 5520 νίηθ
2026 5444 2152 5521 (0)?

1928 5576 2519 5645 τιιοιιιιιιιιιιοιεειηιιιιιζεΔ
2769 5639 2783 5645 _
2914 5643 2920 5645 Α
2978 5637 3070 5645 μ,
3136 5636 3148 5645 ,
3376 5640 3381 5645 ,

1935 5647 1956 5677 '
1979 5646 2117 5707 editi,
2149 5655 2262 5707 qtae
2498 5639 2871 5707 interrogatione
2902 5636 3170 5707 tentationis
3184 5704 3191 5707 Α
3206 5637 3353 5688 etiam
3376 5636 3459 5689 ea

1870 5703 2127 5768 metipstnn
2148 5703 2403 5768 unicuique
2428 5704 2694 5768 declarant.
2721 5703 3021 5768 castigantur
3046 5704 3235 5768 ex‘tttss.

1939 5762 2019 5843 (ᾳ)
2043 5767 2220 5843 thecis
2240 5762 2379 5843 ergo
2401 5762 3461 5843 ιδθεεθίηεξξξιὶεἱν,ίιὲίξζὲυδωδὶιθιὶἳοηεὶξιῐὲξΡΞ

1876 5821 2908 5890 ςιιὲιέιοωιιθιιίθνὶίριι.ωιιριιιι“νθιιο
2942 5821 3461 5889 militum
