3844 6468
574 477 802 541 CAPUT
830 472 991 532 XLV.
1021 498 1094 513 -—-
1120 467 1343 524 Fructus
1364 475 1621 529 centenus,
1641 475 1917 533 sexagenus
1935 467 1982 513 et
2004 456 2098 511 tri-

505 592 659 635 cenas
681 572 818 629 uarie
843 567 1142 625 intellectus.
1172 562 1333 618 Certe
1361 558 1466 615 nisi
1489 557 1629 613 adsit
1663 554 1887 612 tentatio
1904 593 1921 621 ,
1951 550 2098 606 nulla

507 670 634 727 doni
655 666 815 736 huius
836 662 895 717 fit
913 656 1320 716 demonstratio.

579 761 671 816 A6.
704 759 819 813 Hoc
841 762 1020 810 autem
1060 760 1167 805 tam
1197 760 1446 816 magnum
1474 752 1592 811 est,
1623 750 1682 799 ut
1718 755 1842 797 eum
1871 737 2104 794 fructum

511 862 796 912 centenum
822 851 1037 922 quidam
1063 845 1361 916 intelligant
1381 842 1478 915 (a).
1511 840 1766 897 Perhibet
1789 838 1934 894 enim
1968 849 2107 905 prae-

514 946 872 1004 clarissimum
902 939 1261 997 testimonium
1294 934 1652 991 ecclesiastica
1692 929 1983 999 auctoritas
2002 968 2017 993 ,
2050 925 2105 999 in

515 1054 619 1110 qua
647 1036 892 1091 fidelibus
936 1040 1123 1087 notum
1149 1037 1263 1096 est,
1294 1041 1403 1098 quo
1429 1026 1549 1081 loco
1573 1031 1836 1094 martyres
1855 1062 1872 1089 ,
1904 1028 1959 1075 et
2001 1031 2107 1089 quo

517 1108 784 1184 defunctae
826 1122 1257 1179 sanctimoniales
1290 1118 1359 1174 ad
1388 1117 1568 1171 altaris
1608 1119 1945 1169 sacramenta
1971 1108 2110 1164 reci-

519 1230 699 1277 tentur
721 1219 817 1290 (b).
846 1217 953 1273 Sed
979 1214 1104 1286 quid
1146 1211 1407 1283 signiﬁcet
1434 1206 1775 1263 fecunditatis
1817 1203 1907 1258 illa
1934 1201 2111 1256 diver-

524 1316 655 1369 sitas
677 1356 691 1380 ,
719 1311 949 1368 viderint
976 1310 1065 1380 qui
1092 1308 1208 1363 haec
1233 1305 1424 1360 melius
1449 1315 1607 1373 quam
1644 1313 1741 1354 nos
1770 1295 2107 1365 intelligunt;

523 1408 635 1462 sive
663 1403 936 1475 virginalis
961 1402 1068 1455 vita
1097 1399 1150 1453 in
1177 1404 1403 1453 centeno
1429 1394 1603 1448 fructu
1630 1391 1735 1456 sit,
1768 1389 1822 1442 in
1846 1398 2111 1455 sexageno

524 1497 785 1562 vidualis,
814 1495 870 1548 in
911 1493 1118 1547 triceno
1155 1498 1334 1543 autem
1370 1482 1664 1555 coniugalis
1697 1498 1710 1534 :
1744 1481 1861 1534 sive
1886 1484 2113 1533 centena

522 1588 768 1645 fertilitas
797 1586 1053 1657 martyrio
1080 1582 1256 1653 potius
1285 1581 1606 1650 imputetur,
1636 1587 1900 1644 sexagena
1942 1568 2114 1626 conti-

523 1680 753 1747 nentiae,
787 1678 985 1733 tricena
1029 1673 1330 1738 connubio;
1374 1672 1487 1727 sive
1512 1667 1789 1738 virginitas
1825 1661 2114 1719 accedente

522 1772 781 1843 martyrio
796 1779 1084 1825 centenum
1106 1766 1337 1821 fructum
1366 1761 1604 1831 impleat,
1622 1758 1734 1813 sola
1758 1770 1885 1812 vero
1902 1757 1956 1809 in
1970 1766 2114 1808 sexa-

523 1878 663 1933 geno
688 1863 794 1928 sit,
821 1860 1088 1929 coniugati
1112 1866 1290 1912 autem
1318 1853 1581 1908 tricenum
1611 1851 1843 1905 ferentes
1867 1845 1935 1900 ad
1962 1856 2116 1900 sexa-

523 1968 718 2024 genum
747 1950 1055 2022 perveniant
1081 1949 1127 2003 si
1152 1956 1412 2016 martyres
1437 1942 1636 1998 fuerint
1659 1958 1672 1994 :
1696 1941 1809 1995 sive
1830 1936 1972 2009 quod
1993 1948 2116 2005 pro-

526 2044 753 2118 babilius
781 2042 910 2096 mihi
948 2040 1193 2102 videtur,
1225 2036 1474 2107 quoniam
1503 2033 1697 2088 divina:
1735 2030 1920 2101 gratiae
1949 2026 2116 2082 multa

527 2116 656 2191 sunt
678 2148 921 2197 munera,
949 2140 1004 2187 et
1030 2127 1284 2186 estaliud
1315 2127 1419 2181 alio
1445 2124 1617 2194 majus
1640 2137 1704 2177 ac
1733 2121 1942 2183 melius,
1974 2116 2116 2172 unde

525 2226 656 2280 dicit
694 2224 983 2294 Apostolus
1003 2263 1017 2286 ,
1048 2217 1389 2275 ﬁmulamini
1412 2217 1429 2248 ¹
1459 2226 1628 2269 autem
1652 2214 1789 2268 dona
1824 2210 2035 2265 meliora
2071 2206 2118 2277 (Ι

527 2316 646 2371 Cor.
678 2332 786 2383 xu,
812 2314 937 2385 5i);
966 2310 1368 2381 intelligendum
1393 2316 1476 2362 est
1503 2306 1653 2377 plura
1681 2318 1833 2369 esse,
1862 2315 2023 2372 quam
2060 2306 2117 2353 ut

500 2408 581 2463 .in
610 2415 722 2462 tres
745 2405 1072 2461 differentias
1093 2400 1338 2457 distribui
1372 2399 1594 2469 possint.
1626 2397 1884 2457 Primum,
1904 2407 1970 2446 ne
1990 2405 2119 2446 con-

525 2499 807 2554 tinentiam
832 2497 1099 2551 vidualem
1122 2502 1215 2549 aut
1238 2494 1293 2548 in
1318 2492 1461 2547 nullo
1491 2492 1663 2545 fructu
1689 2487 2074 2548 constituamus
2097 2524 2114 2551 ,

526 2597 621 2645 aut
643 2589 711 2643 ad
738 2587 1033 2658 coniugalis
1058 2585 1325 2655 pudicitiae
1355 2583 1603 2637 meritum
1633 2580 1960 2648 deponamus
1980 2618 1995 2642 ,
2022 2574 2120 2630 aut

528 2680 772 2751 virginali
791 2679 976 2749 gloria:
996 2690 1335 2747 coaequemus
1352 2691 1367 2740 ;
1386 2682 1478 2728 aut
1498 2687 1752 2729 coronam
1776 2670 2012 2741 martyrii
2034 2668 2118 2722 vel

527 2772 582 2827 in
611 2772 794 2827 habitu
821 2771 1006 2837 animi,
1031 2769 1238 2825 etiamsi
1267 2766 1403 2822 desit
1433 2764 1738 2821 tentationis
1763 2775 2010 2825 examen,
2032 2759 2118 2814 vel

528 2862 585 2919 in
624 2863 739 2932 ipsa
768 2862 1031 2933 passionis
1058 2858 1389 2929 experientia
1416 2857 1757 2911 constitutam
1775 2893 1791 2919 ,
1818 2852 2035 2907 cuilibet
2055 2850 2120 2904 il-

526 2954 702 3011 larum
731 2956 889 3009 trium
928 2954 1158 3009 castitati
1183 2953 1299 3007 sine
1328 2951 1438 3005 ullo
1477 2950 1806 3004 incremento
1833 2944 2119 3000 fertilitatis

527 3047 781 3106 accedere
794 3047 1180 3103 existimemus.
1200 3042 1424 3109 Deinde,
1444 3041 1532 3097 ubi
1547 3041 1792 3115 ponimus
1807 3036 1949 3108 quod
1966 3034 2121 3090 multi

527 3154 593 3194 ac
633 3140 815 3194 multae
842 3138 915 3192 ita
940 3137 1245 3193 custodiunt
1270 3134 1652 3189 continentiam
1680 3130 1993 3201 virginalem
2015 3170 2030 3194 ,
2063 3135 2123 3182 ut

527 3237 707 3285 tamen
750 3246 857 3284 non
885 3229 1079 3283 faciant
1103 3243 1220 3297 quin
1246 3225 1505 3279 Dominus
1528 3224 1637 3289 ait,
1670 3222 1731 3277 Si
1770 3222 1842 3275 vis
1871 3237 1976 3275 esse
2000 3236 2120 3291 per-

527 3323 708 3392 fectus,
734 3320 880 3387 vade,
906 3319 1064 3374 vende
1086 3318 1258 3372 omnia
1281 3332 1394 3387 qua:
1420 3315 1590 3380 habes,
1626 3324 1674 3369 et
1698 3314 1766 3366 da
1795 3312 2117 3385 pauperibus,

525 3423 574 3467 et
599 3413 801 3468 habebis
825 3414 1116 3466 thesaurum
1137 3413 1189 3465 in
1205 3412 1353 3475 caelo;
1369 3420 1417 3463 et
1440 3410 1572 3474 veni,
1589 3424 1791 3479 sequere
1803 3423 1882 3460 me
1908 3406 2119 3477 (Matth.

526 3518 652 3569 ιιι,
682 3504 814 3574 21);
858 3519 957 3559 nec
986 3503 1218 3559 audeant
1242 3517 1426 3556 eorum
1464 3499 1844 3554 cohabitationi
1886 3498 2079 3552 sociari
2103 3538 2118 3564 ,

528 3597 584 3652 in
613 3598 807 3666 quibus
847 3612 1005 3651 nemo
1032 3597 1161 3651 dicit
1188 3594 1390 3665 aliquid
1416 3593 1689 3663 proprium
1711 3632 1726 3657 ,
1759 3591 1853 3646 sed
1879 3600 2003 3644 sunt
2044 3591 2124 3645 eis

530 3688 711 3741 omnia
735 3688 1039 3741 communia
1066 3686 1204 3755 (Act.
1234 3701 1290 3749 ιι,
1320 3685 1411 3749 ﬂ,
1443 3692 1490 3736 et
1522 3698 1596 3748 iv,
1625 3682 1715 3752 32)
1749 3699 1762 3735 :
1796 3680 1998 3734 nihilne
2023 3695 2122 3748 pu-

504 3810 509 3813 -
530 3785 706 3833 tamus
724 3778 1143 3833 fructilicutionis
1159 3776 1415 3831 accedere
1432 3776 1721 3844 virginibus
1748 3775 1863 3840 Dei,
1882 3789 2003 3829 cum
2025 3774 2124 3829 hoc

530 3872 765 3928 faciunt?
782 3880 873 3925 aut
898 3872 1015 3926 sine
1042 3870 1149 3924 ullo
1177 3871 1351 3923 l'ructu
1380 3883 1500 3923 esse
1520 3867 1755 3937 virgines
1778 3867 1893 3934 Dei,
1915 3864 2125 3920 etiamsi

531 3962 635 4018 hoc
662 3979 765 4018 non
790 3962 1025 4018 faciunt?

602 4054 829 4110 CAPUT
859 4052 1043 4109 XLVI.
1074 4082 1144 4093 -—-
1181 4051 1298 4105 Vita
1344 4051 1621 4104 communis
1664 4050 2124 4105 sanctimonialium

532 4147 873 4203 excellentior.
906 4146 1064 4200 Multa
1095 4160 1222 4213 ergo
1263 4151 1387 4198 sunt
1415 4142 1555 4197 dona
1578 4182 1594 4208 ,
1626 4151 1680 4197 et
1708 4142 1825 4196 aliis
1866 4142 1967 4196 alia
2011 4143 2124 4197 cla-

532 4241 674 4295 riora
703 4255 767 4294 ac
792 4240 1066 4309 superiora
1086 4280 1102 4304 ,
1132 4236 1353 4307 singulis
1381 4236 1606 4301 singula.
1641 4235 1709 4289 Et
1733 4234 2019 4305 aliquando
2047 4234 2125 4303 al:-

532 4343 615 4389 ter
643 4336 945 4390 fructuosus
969 4342 1052 4388 est
1074 4331 1229 4386 donis
1273 4330 1608 4400 paucioribus
1626 4371 1643 4396 ,
1671 4328 1765 4384 sed
1790 4329 2081 4399 potioribus
2105 4344 2121 4394 ;

530 4426 667 4481 alter
696 4426 1049 4488 inferioribus,
1071 4422 1165 4477 sed
1193 4422 1450 4491 pluribus.
1472 4421 1538 4475 Et
1566 4419 2014 4489 quemadmodum
2044 4418 2126 4472 iii-

530 4528 614 4575 ter
636 4534 693 4573 se
718 4518 800 4573 vel
821 4524 1168 4588 eumquentur
1190 4515 1276 4569 vel
1302 4513 1694 4583 distinguantur
1720 4512 1774 4566 in
1800 4509 2124 4580 accipiendis

532 4612 749 4666 aeternis
780 4612 1105 4673 honoribus,
1146 4608 1266 4677 quis
1296 4606 1573 4661 hominum
1611 4604 1805 4659 audeat
1841 4602 2125 4673 judicare?

532 4702 657 4755 dum
682 4710 856 4753 tamen
884 4708 1095 4753 constet
1121 4705 1175 4751 et
1198 4698 1366 4751 multa
1390 4712 1511 4751 esse
1540 4696 1641 4749 ista
1665 4695 1871 4749 diversa
1893 4734 1907 4758 ,
1936 4702 1990 4748 et
2014 4708 2122 4748 non

532 4791 599 4845 ad
646 4806 881 4860 praesens
909 4800 1120 4858 tempus
1141 4831 1154 4853 ,
1187 4788 1285 4845 sed
1325 4789 1379 4842 in
1408 4796 1667 4843 aeternum
1712 4786 1967 4856 prodesse
2002 4800 2120 4842 me-

595 4906 617 4936 ί
640 4911 818 4953 Omnes
837 4910 967 4963 Mss,
997 4900 1270 4953 lmitamini.

533 4965 628 5029 (sic
649 4966 768 5088 eis]:
782 4973 892 5014 Acta
923 4962 975 5036 in
998 4965 1377 5014 Theodericensi
1406 4972 1487 5014 Ms.
1507 4963 1638 5014 forte
1658 4976 1748 5027 pro
1775 4962 2120 5025 Thagastensis,

533 5025 614 5077 Vel
644 5036 677 5088 Τ
738 5079 747 5088 _
772 5029 978 5088 urensis)
1002 5025 1161 5088 gladio
1176 5039 1406 5088 percussa
1424 5032 1501 5075 est
1511 5026 1768 5088 'I‘bebestae
1786 5026 1836 5073 in
1860 5026 2010 5088 Africa
2030 5029 2120 5077 sub

532 5025 614 5098 fel
644 5025 978 5098 Thagurensis)
1002 5025 1161 5097 gladio
1176 5039 1406 5098 percussa
1424 5032 1501 5075 est
1511 5025 1768 5098 'I‘bebéstae
1786 5026 1836 5098 in
1860 5026 2010 5098 africa
2030 5029 2123 5077 sub

533 5086 827 5138 Diocletiano
844 5094 896 5136 et
920 5086 1219 5149 ataximiano,
1247 5086 1445 5137 mulino
1468 5086 1773 5149 proconsule.
1801 5087 1915 5137 Inde
1930 5101 2125 5138 rursum

533 5150 585 5198 in
606 5162 835 5221 sermone
852 5148 962 5221 354,
986 5149 1045 5198 ad
1062 5150 1395 5221 Cuntineutes,
1414 5148 1520 5221 ιιξ5
1541 5164 1553 5198 :
1586 5167 1608 5195 ιι
1624 5154 1843 5221 cogitate
1856 5184 1871 5210 ,
1896 5150 1981 5208 ait,
2008 5162 2121 5210 per-

540 5230 564 5257 ι
584 5211 851 5261 secutionis
866 5218 1208 5274 temporenon
1246 5208 1416 5274 solum
1449 5219 1618 5274 Aguen
1654 5208 1805 5274 fuisse
1847 5208 2124 5261 coronatam

540 5289 564 5319 ι
587 5274 843 5345 virginem,
859 5271 1018 5344 sedet
1038 5271 1299 5332 Crispinam
1323 5271 1578 5322 mulierem
1603 5287 1615 5321 ε
1645 5280 1695 5322 et
1710 5273 1855 5333 forte,
1876 5273 2006 5336 quod
2025 5286 2123 5323 non

540 5351 566 5381 ii
583 5333 858 5384 dubitatur.
897 5333 1044 5384 aliqui
1086 5340 1202 5382 tunc
1222 5333 1287 5382 de
1330 5335 1693 5384 continentibus
1713 5334 2032 5384 defecerunt.
2070 5341 2123 5384 et

541 5351 566 5381 ι
583 5341 858 5405 dubitatur,
897 5341 1044 5396 aliqui
1086 5341 1202 5382 tunc
1222 5341 1287 5382 de
1330 5341 1693 5384 continentibus
1713 5341 2032 5396 defecerunt,
2070 5341 2124 5385 et

541 5412 565 5443 ι
586 5393 813 5467 multide
835 5396 1103 5467 coniugatis
1124 5403 1460 5467 pugnaverunt
1481 5404 1629 5458 atque
1652 5398 1937 5467 viceru‘nt:_s
2017 5458 2029 5467 ⁸

595 5458 669 5568 (is)
702 5463 831 5507 Hanc
858 5458 1155 5529 sententiam
1175 5458 1332 5505 refert
1361 5458 1539 5506 Hieron
1571 5471 1703 5517 mus,
1738 5458 1827 5507 sed
1849 5458 1993 5507 aliam
2014 5458 2123 5519 ipse

534 5520 587 5571 lu
617 5521 683 5568 ib.
711 5519 732 5567 1
760 5526 926 5569 contra
946 5526 1264 5571 Jovmianum.
1289 5524 1342 5568 et
1362 5519 1413 5566 in
1427 5472 1587 5567 Mattlyi.
1612 5532 1719 5571 can.
1750 5520 1807 5568 15
1830 5520 1985 5571 eligit.
2009 5532 2122 5571 aute

534 5532 683 5592 mnu.
711 5532 732 5567 ι
760 5532 926 5569 contra
946 5532 1264 5592 Jovmianum,
1289 5532 1342 5568 et
1362 5532 1413 5566 in
1428 5532 1587 5567 mauu.
1612 5532 1719 5581 cap.
1750 5532 1807 5568 io
1830 5532 1985 5583 engu,
2009 5532 2122 5583 (nire

534 5581 764 5645 videlicet
793 5588 1114 5645 centeSimum
1134 5578 1344 5645 fructum
1365 5580 1648 5645 virginibus,
1667 5584 2030 5645 sexagesimum
2044 5582 2121 5631 vi-

534 5642 658 5705 duis,
685 5649 738 5693 et
759 5642 1229 5705 trigesimum
1243 5643 1511 5705 coniugatis
1529 5642 1748 5704 deputat.

598 5703 685 5770 (b)_
704 5711 803 5753 Huc
824 5702 1038 5770 pertinet
1058 5702 1177 5770 illud
1195 5704 1264 5770 _in
1278 5702 1508 5770 sermone
1530 5704 1558 5770 _l
1567 5702 1628 5754 59
1643 5740 1657 5766 ,
1676 5718 1728 5754 ιι.
1758 5705 1822 5770 ιε
1853 5721 1876 5770 ι
1893 5711 2123 5770 Martyres

543 5781 569 5811 ι
588 5762 778 5839 loco
798 5762 1062 5839 recitantur
1082 5765 1144 5816 ad
1166 5764 1319 5816 altare
1340 5766 1442 5839 Dei,
1458 5762 1772 5839 ubiponpro
1786 5769 1903 5839 ipsis
1924 5762 2116 5823 oretur:

542 5840 569 5872 ι
585 5838 673 5886 pro
693 5829 886 5877 caeteris
900 5836 1067 5881 autem
1089 5830 1475 5881 commemoratis
1485 5826 1730 5881 defunch
1748 5826 1932 5881 oratur.
1949 5847 1972 5878 s

1433 349 1524 408 DE
1558 345 1827 409 SANCTA
1865 337 2336 415 VIBGINITATE,
2379 338 2438 396 S.
2479 335 2847 397 AUGUSTINI
3621 338 3702 395 ut

2209 455 2362 510 liora.
2390 452 2494 508 Sed
2522 452 2804 507 Dominum
2834 457 2946 505 tres
2986 444 3213 502 arbitror
3238 443 3456 501 voluisse
3477 444 3706 503 fructiﬁca-

2208 548 2368 602 tionis
2392 559 2814 602 commemorare
2836 540 3160 597 differentias
3187 538 3393 609 (Matth.
3421 554 3522 603 xui,
3545 539 3611 609 8),
3634 555 3709 595 ce-

2207 646 2350 694 teras
2379 636 2791 707 intelligentibus
2820 632 3115 703 reliquisse.
3147 629 3275 685 Nam
3315 640 3366 685 et
3390 630 3511 684 alius
3534 646 3709 701 evange-

2209 731 2329 787 lista
2356 733 2529 786 solum
2553 726 2991 786 commemoravit
3015 723 3318 793 centuplum
3345 721 3483 790 (Luc.
3512 736 3615 787 vin,
3638 722 3708 793 8):

2211 824 2467 895 numquid
2518 824 2638 879 ideo
2689 820 2955 893 putandus
3000 826 3086 873 est
3138 816 3240 870 alia
3290 814 3391 870 duo
3438 815 3515 870 vel
3557 816 3712 885 impro-

2212 917 2369 973 basse
2396 917 2483 973 vel
2510 918 2780 988 ignorasse
2804 955 2819 983 ,
2858 928 2921 968 ac
2950 927 3057 967 non
3089 908 3267 980 potius
3294 906 3598 977 intelligenda
3620 906 3711 961 reli-

2213 1011 2394 1082 quisse
2411 1009 2435 1062 ?

2284 1103 2375 1157 47.
2406 1099 2510 1157 Sed
2539 1109 2597 1154 ut
2618 1098 2799 1155 dicere
2841 1111 3109 1166 coeperam
3130 1135 3144 1161 ,
3171 1094 3282 1148 sive
3310 1090 3713 1147 centenus-fructus

2214 1195 2285 1250 sit
2311 1195 2422 1249 Deo
2460 1192 2650 1247 devota
2676 1189 2949 1260 virginitas
2969 1230 2986 1256 ,
3014 1186 3128 1241 sive
3155 1186 3258 1239 alio
3283 1185 3452 1254 aliquo
3477 1182 3634 1249 modo,
3657 1186 3712 1237 vel

2216 1301 2375 1357 quem
2415 1280 2949 1339 commemoravimus
2969 1320 2985 1345 ,
3017 1279 3103 1333 vel
3145 1292 3301 1348 quem
3336 1291 3435 1329 non
3464 1290 3716 1328 commemo-

2216 1376 2487 1439 ravimus,
2536 1373 2608 1428 sit
2653 1372 2741 1426 illa
2786 1369 3074 1425 fertilitatis
3124 1364 3456 1436 intelligenda
3497 1364 3715 1426 distantia;

2218 1482 2377 1523 nemo
2428 1475 2646 1532 tamen,
2698 1470 2953 1535 quantum
3001 1471 3129 1534 puto
3154 1502 3171 1529 ,
3224 1475 3381 1515 ausus
3427 1457 3568 1513 fuerit
3600 1456 3712 1524 virgi-

2217 1561 2439 1615 nitatem
2489 1558 2742 1629 praeferre
2793 1554 3048 1625 martyrio
3081 1594 3098 1620 ,
3157 1566 3220 1607 ac
3272 1565 3427 1606 nemo
3474 1546 3718 1604 dubitaverit

2218 1653 2321 1710 hoc
2346 1652 2543 1708 donum
2587 1651 2849 1707 occultum
2877 1663 2998 1704 esse
3017 1687 3032 1714 ,
3058 1647 3104 1701 si
3131 1644 3474 1702 examinatrix
3497 1642 3611 1699 desit
3640 1653 3719 1695 ten-

2218 1746 2368 1801 tatio.

2290 1835 2515 1893 CAPUT
2544 1834 2752 1891 XLVII.
2784 1865 2855 1876 --
2887 1833 2954 1890 Ut
2979 1850 3081 1889 non
3107 1834 3313 1905 inﬂetur
3339 1831 3500 1902 virgo,
3527 1827 3717 1898 cogitetis

2221 1940 2348 2009 forte
2370 1953 2472 1991 non
2498 1952 2644 2006 posse
2672 1952 2764 2005 pro
2789 1934 2987 1989 Christo
3013 1934 3141 2005 pati,
3166 1933 3301 2005 quod
3326 1932 3472 2003 possit
3495 1930 3713 2000 coniugata.

2220 2031 2393 2086 Habet
2418 2032 2593 2101 itaque
2614 2029 2762 2100 virgo
2781 2027 2923 2099 quod
2946 2028 3145 2098 cogitet
3168 2025 3309 2097 quod
3335 2026 3383 2081 ei
3410 2024 3557 2095 prosit
3576 2021 3627 2075 ad
3642 2035 3716 2074 ser-

2220 2121 2446 2177 vandam
2476 2121 2826 2175 humilitatem
2848 2161 2863 2186 ,
2889 2135 2958 2174 ne
2984 2119 3148 2173 violet
3192 2118 3337 2171 illam
3361 2130 3472 2186 quas
3494 2110 3714 2183 superemi-

2221 2222 2313 2268 net
2336 2212 2493 2267 donis
2521 2211 2769 2266 omnibus
2793 2212 3110 2267 charitatem
3131 2252 3146 2276 ,
3175 2210 3291 2264 sine
3314 2224 3413 2279 qua
3450 2207 3602 2276 utique
3620 2217 3717 2273 qua:-

2221 2318 2450 2375 cumque
2475 2303 2577 2358 alia
2604 2303 2688 2358 vel
2714 2317 2878 2374 pauca
2906 2302 2991 2357 vel
3030 2303 3185 2372 plura
3208 2301 3291 2356 vel
3317 2314 3493 2371 magna
3515 2296 3586 2353 vel
3606 2306 3713 2365 parva

2221 2394 2502 2461 habuerit,
2530 2396 2662 2450 nihil
2690 2402 2792 2450 est.
2840 2393 3010 2449 Habet
3026 2436 3040 2458 ,
3068 2394 3287 2465 inquam
3306 2434 3323 2460 ,
3347 2390 3480 2461 quod
3502 2388 3654 2458 cogitet
3681 2392 3717 2437 nt

2225 2504 2333 2545 non
2353 2487 2587 2553 infletur,
2606 2501 2714 2542 non
2744 2485 3049 2551 aemuletur;
3075 2484 3150 2539 ita
3178 2499 3237 2539 se
3262 2483 3452 2538 scilicet
3480 2480 3636 2533 bonum
3651 2475 3718 2527 vir-

2220 2583 2396 2655 ginale
2418 2580 2681 2651 coniugali
2717 2580 2859 2634 bono
2883 2578 3051 2633 multo
3079 2577 3311 2649 amplius
3338 2584 3389 2631 et
3427 2572 3589 2631 melius
3608 2565 3718 2638 proli

2222 2677 2344 2744 teri,
2363 2685 2420 2731 ut
2444 2686 2621 2731 tamen
2648 2674 2849 2730 nesciat
2875 2682 3050 2727 utrum
3071 2672 3163 2726 illa
3189 2670 3273 2725 vel
3298 2669 3385 2724 illa
3400 2660 3715 2736 coniugatajam

2222 2769 2334 2840 pati
2360 2784 2457 2839 pro
2486 2768 2697 2823 Christo
2728 2766 2927 2836 possit,
2966 2763 3147 2819 adhuc
3174 2776 3304 2817 vero
3328 2760 3433 2831 ipsa
3460 2773 3551 2812 non
3573 2751 3714 2824 possit,

2222 2870 2279 2917 et
2298 2862 2354 2917 in
2396 2862 2499 2928 hoc
2520 2860 2572 2916 ei
2602 2867 2846 2930 parcatur
2864 2898 2880 2923 ,
2912 2857 3034 2927 quia
3061 2854 3344 2910 infirmitas
3370 2853 3476 2922 eius
3499 2846 3715 2903 tentatione

2223 2969 2331 3009 non
2376 2953 2751 3022 interrogatur.
2780 2948 2977 3003 Fidelis
3004 2949 3150 3005 enim
3176 2947 3316 3002 Deus
3335 2986 3351 3012 ,
3380 2944 3450 3000 ait
3468 2937 3715 3012 Apostolus,

2223 3046 2309 3116 qui
2334 3061 2435 3098 non
2457 3060 2543 3098 vos
2572 3043 2819 3112 permittet
2840 3041 3024 3097 tentari
3050 3058 3206 3111 super
3232 3040 3287 3094 id
3308 3036 3438 3110 quod
3461 3032 3625 3104 potestis
3634 3025 3719 3093 md

2224 3138 2375 3209 faciet
2399 3154 2513 3191 cum
2541 3138 2809 3191 tentatione
2829 3137 2979 3189 etiam
3005 3136 3232 3201 exitum,
3264 3142 3319 3188 ut
3346 3130 3528 3203 possitis
3547 3123 3719 3180 sustineri!

2226 3230 2273 3301 (l
2297 3230 2413 3284 Cor.
2458 3246 2490 3283 x
2510 3270 2525 3297 ,
2558 3226 2667 3301 15).
2702 3226 2967 3282 Fortassis
2992 3242 3124 3297 ergo
3161 3226 3238 3281 illi
3264 3225 3344 3280 vel
3388 3223 3482 3278 illa
3503 3209 3719 3285 coniugalis

2225 3322 2347 3377 vitae
2372 3321 2662 3376 retinentes
2684 3319 2738 3373 in
2760 3333 2858 3374 suo
2878 3333 3076 3390 genere
3102 3317 3417 3373 laudabilem
3438 3311 3630 3372 modum,
3644 3305 3718 3374 iam

2226 3414 2430 3484 possint
2442 3421 2624 3468 contra
2641 3412 2913 3467 inimicum
2927 3410 2994 3465 ad
3011 3410 3348 3480 iniquitatem
3359 3412 3597 3477 cogentem
3608 3396 3722 3484 etiaui

2226 3504 2424 3560 laniatu
2452 3504 2718 3559 viscerum
2748 3510 2801 3558 et
2826 3501 3085 3557 effusione
3114 3499 3392 3571 sanguinis
3415 3495 3644 3552 dimicare;
3668 3480 3723 3537 illi

2226 3606 2401 3651 autem
2427 3595 2510 3650 vel
2547 3595 2649 3650 illa:
2676 3609 2706 3648 a
2737 3594 2963 3664 pueritia
2988 3593 3364 3657 continentes,
3391 3601 3534 3658 seque
3552 3587 3726 3638 (astrin-

2228 3697 2309 3743 tes
2335 3696 2554 3758 propter
2581 3701 2802 3757 regnum
2825 3686 3105 3749 caelorum,
3134 3684 3375 3740 nondum
3401 3670 3726 3735 ωιιιθιινεὶεθηί

2229 3783 2352 3836 talia
2377 3782 2459 3836 vel
2505 3796 2602 3851 pro
2623 3781 2827 3850 iustitia
2864 3780 2950 3835 vel
2987 3794 3083 3849 pro
3112 3777 3233 3849 ipsa
3260 3775 3495 3849 pudicitia
3516 3767 3724 3826 sustinets-

2226 3874 2386 3929 Aliud
2412 3883 2495 3929 est
2523 3875 2664 3930 enim
2694 3888 2790 3943 pro
2818 3873 3041 3928 veritate
3078 3885 3145 3925 ac
3194 3869 3456 3941 proposito
3480 3868 3631 3919 sancto
3654 3864 3725 3908 non

2227 3966 2531 4020 consentire
2560 3964 2801 4021 suadenti
2848 3972 3007 4034 atque
3033 3962 3362 4027 blandienti,
3394 3954 3523 4013 aliud
3560 3964 3642 4006 non
3669 3956 3726 3997 εο-

2227 4060 2355 4117 dere
2378 4062 2540 4117 etiam
2570 4060 2837 4131 torquenti
2863 4067 3024 4129 atque
3050 4057 3288 4115 ferienti.
3316 4056 3496 4111 Latent
3516 4049 3598 4102 ista
3619 4042 3657 4096 in
3680 4035 3728 4089 la-

2228 4154 2514 4208 cultatibus
2539 4161 2595 4207 et
2628 4152 2830 4208 viribus
2868 4152 3171 4206 animorum
3192 4191 3208 4217 ,
3240 4147 3515 4205 tentatione
3551 4132 3729 4210 pandlm'

2230 4254 2315 4300 tur
2334 4286 2349 4312 ,
2377 4245 2704 4315 experientia
2735 4244 3077 4315 propalantur
3098 4244 3139 4296 ⁸.
3185 4242 3255 4299 Ut
3281 4255 3404 4311 ergo
3434 4235 3625 4308 quisque
3655 4234 3727 4277 non

2229 4338 2442 4395 inﬂetur
2461 4378 2476 4402 ,
2504 4352 2572 4392 ex
2594 4350 2661 4392 eo
2684 4335 2826 4407 quod
2850 4350 2909 4390 se
2934 4334 3176 4403 pervidet
3204 4347 3360 4405 posse
3376 4372 3393 4398 ,
3422 4321 3650 4383 humiliter
3668 4326 3728 4367 co-

2228 4430 2359 4499 gitet
2381 4428 2522 4499 quod
2547 4428 2756 4498 ignorat
2777 4425 2973 4496 aliquid
2998 4426 3335 4495 praestantius
3356 4438 3415 4478 se
3448 4419 3639 4474 fortasse
3657 4416 3729 4459 που

2228 4522 2639 4591 Ροεεθ;31ἱ‹ιιιοε
2664 4528 2841 4575 autem
2866 4517 2958 4589 qui
2981 4517 3113 4572 illud
3138 4533 3246 4588 quo
3274 4514 3373 4571 sibi
3395 4508 3598 4583 gloriose
3619 4506 3729 4554 nouis

2227 4619 2329 4678 est,
2346 4626 2445 4667 nec
2470 4611 2666 4665 habent
2685 4625 2785 4665 nec
2808 4610 3142 4680 proﬁtentur,
3165 4609 3267 4665 hoc
3287 4604 3425 4679 quod
3444 4604 3547 4671 ipse
3566 4606 3652 4650 non

2230 4710 2333 4757 test
2352 4716 2530 4772 posse.
2562 4700 2637 4755 lta
2654 4674 2951 4757 servabitur
2977 4716 3082 4756 non
3111 4674 3415 4765 fallaci,-sed
3442 4686 3595 4748 veraci
3608 4674 3730 4737 humi-

2227 4794 2375 4848 litate
2392 4834 2408 4858 ,
2440 4792 2649 4847 Honore
2668 4801 2841 4847 mutuo
2862 4794 3220 4863 prevenientes
3240 4791 3410 4861 (Rom.
3431 4798 3498 4839 xu
3515 4822 3531 4848 ,
3552 4775 3729 4863 10)είν

2228 4885 2370 4941 Alter
2411 4885 2624 4940 alterum
2659 4862 3001 4940 existimantes
3043 4884 3350 4954 superiorem
3382 4875 3473 4933 sibi
3517 4862 3728 4945 (PliillPP'

2227 4996 2265 5036 ιι
2289 5021 2304 5047 ,
2336 4981 2413 5051 5).
2678 5038 2688 5049 .
3186 5034 3189 5035 ν

2297 5043 2524 5132 CAPUT
2562 5043 2790 5147 XLvui.
2832 5102 2907 5113 —
2942 5071 3033 5127 is.
3081 5071 3196 5126 Alia
3238 5060 3520 5121 humilitatis
3558 5043 3733 5147 occasu;

2226 5168 2363 5238 quod
2399 5131 2570 5222 nullus
2608 5144 2689 5220 hic
2716 5167 2781 5221 sit
2823 5166 2931 5220 sine
2965 5173 3183 5235 peccato.
3215 5158 3351 5228 Quid
3387 5157 3490 5226 jam
3527 5146 3665 5238 dim")

2226 5225 2341 5332 ipsa
2367 5260 2574 5317 cautela
2601 5268 2655 5315 et
2681 5257 2950 5328 vigilantia
2965 5225 3085 5311 'nou
3109 5225 3395 5325 peccandi?
3418 5243 3533 5313 Quis
3552 5225 3732 5332 gloriati:

2227 5322 2311 5407 tur
2340 5362 2533 5408 castum
2558 5368 2609 5407 se
2628 5322 2807 5405 habere
2832 5367 2919 5403 cor
2938 5351 2963 5404 ?
2982 5358 3067 5403 aut
3239 5340 3522 5415 gloriabitur
3547 5322 3732 5415 nimim“

2226 5462 2281 5500 se
2318 5462 2421 5500 esse
2455 5462 2487 5499 a
2514 5454 2715 5516 peccato
2742 5441 2925 5514 (Prov.
2956 5457 3024 5495 xx
3045 5482 3061 5506 ,
3102 5439 3192 5511 9)?
3230 5437 3432 5505 Integra
3464 5434 3539 5484 εει
3569 5414 3732 5516 quid?"

2226 5538 2295 5593 ab
2325 5547 2479 5593 utero
2500 5537 2685 5591 matris
2711 5541 2891 5589 sancta
2915 5508 3185 5605 virginitas
3212 5547 3227 5584 :
3256 5526 3352 5583 sed
3384 5535 3547 5583 nemo,
3575 5508 3727 5577 inqui"

2224 5627 2443 5679 mundus
2482 5626 2536 5679 in
2564 5634 2831 5695 conspectu
2871 5632 2975 5691 tuo,
3020 5639 3114 5678 nec
3148 5627 3315 5694 infima
3348 5623 3487 5690 cujus
3526 5622 3588 5666 est
3625 5608 3735 5656 unius

2457 5755 2510 5801 et
2532 5748 2715 5813 aliquot
2733 5760 2867 5813 mss,
2887 5754 3065 5803 tentata
3084 5748 3378 5815 panduntur,
3396 5745 3582 5806 experta
3599 5734 3730 5795 rma“
