  <div class='ocr_page' id='page_1' title='image "/cluster/home/n/w/nwhite01/storage/ocr_20150623/40-41/uva.x000217726/218.png"; bbox 0 0 3930 6368; ppageno 0'>
   <div class='ocr_carea' id='block_1_1' title="bbox 254 287 346 346">
    <p class='ocr_par' dir='ltr' id='par_1_1' title="bbox 254 287 346 346">
     <span class='ocr_line' id='line_1_1' title="bbox 254 287 346 346; baseline -0.033 -1"><span class='ocrx_word' id='word_1_1' title='bbox 254 287 346 346; x_wconf 65' lang='lat'><strong>4‘25</strong></span> 
     </span>
    </p>
   </div>
   <div class='ocr_carea' id='block_1_2' title="bbox 249 393 1790 470">
    <p class='ocr_par' dir='ltr' id='par_1_2' title="bbox 249 393 1790 470">
     <span class='ocr_line' id='line_1_2' title="bbox 249 393 1790 470; baseline -0.001 -15"><span class='ocrx_word' id='word_1_2' title='bbox 249 403 340 459; x_wconf 85' lang='lat' dir='ltr'><strong>diei</strong></span> <span class='ocrx_word' id='word_1_3' title='bbox 378 400 459 455; x_wconf 77' lang='lat' dir='ltr'><strong>sits</strong></span> <span class='ocrx_word' id='word_1_4' title='bbox 494 412 626 467; x_wconf 77' lang='lat' dir='ltr'><strong>super</strong></span> <span class='ocrx_word' id='word_1_5' title='bbox 648 403 853 449; x_wconf 84' lang='lat' dir='ltr'><strong>terram</strong></span> <span class='ocrx_word' id='word_1_6' title='bbox 907 393 1053 470; x_wconf 86' lang='lat' dir='ltr'><strong>(Job.</strong></span> <span class='ocrx_word' id='word_1_7' title='bbox 1086 413 1216 465; x_wconf 77' lang='lat' dir='ltr'><strong>xxv,</strong></span> <span class='ocrx_word' id='word_1_8' title='bbox 1251 396 1329 468; x_wconf 71' lang='grc' dir='ltr'><strong>ι).</strong></span> <span class='ocrx_word' id='word_1_9' title='bbox 1362 395 1616 454; x_wconf 79' lang='lat' dir='ltr'><strong>Servatur</strong></span> <span class='ocrx_word' id='word_1_10' title='bbox 1642 407 1696 452; x_wconf 90' lang='lat' dir='ltr'><strong>et</strong></span> <span class='ocrx_word' id='word_1_11' title='bbox 1736 398 1790 453; x_wconf 91' lang='lat' dir='ltr'><strong>in</strong></span> 
     </span>
    </p>
   </div>
   <div class='ocr_carea' id='block_1_3' title="bbox 251 486 1788 561">
    <p class='ocr_par' dir='ltr' id='par_1_3' title="bbox 251 486 1788 561">
     <span class='ocr_line' id='line_1_3' title="bbox 251 486 1788 561; baseline -0.003 -11"><span class='ocrx_word' id='word_1_12' title='bbox 251 495 345 550; x_wconf 75' lang='lat' dir='ltr'><strong>ﬁde</strong></span> <span class='ocrx_word' id='word_1_13' title='bbox 369 491 580 547; x_wconf 85' lang='lat' dir='ltr'><strong>inviolata</strong></span> <span class='ocrx_word' id='word_1_14' title='bbox 608 487 863 558; x_wconf 63' lang='lat' dir='ltr'><strong>quasdam</strong></span> <span class='ocrx_word' id='word_1_15' title='bbox 896 492 1118 544; x_wconf 84' lang='lat' dir='ltr'><strong>castitas</strong></span> <span class='ocrx_word' id='word_1_16' title='bbox 1142 491 1411 561; x_wconf 78' lang='lat' dir='ltr'><strong>virginalis</strong></span> <span class='ocrx_word' id='word_1_17' title='bbox 1429 532 1444 556; x_wconf 90' lang='lat'><strong>,</strong></span> <span class='ocrx_word' id='word_1_18' title='bbox 1476 506 1579 560; x_wconf 88' lang='lat' dir='ltr'><strong>qua</strong></span> <span class='ocrx_word' id='word_1_19' title='bbox 1600 486 1788 546; x_wconf 81' lang='lat' dir='ltr'><strong>Eccle-</strong></span> 
     </span>
    </p>
   </div>
   <div class='ocr_carea' id='block_1_4' title="bbox 246 583 1785 654">
    <p class='ocr_par' dir='ltr' id='par_1_4' title="bbox 246 583 1785 654">
     <span class='ocr_line' id='line_1_4' title="bbox 246 583 1785 654; baseline -0.003 -11"><span class='ocrx_word' id='word_1_20' title='bbox 246 589 319 643; x_wconf 84' lang='lat' dir='ltr'><strong>sia</strong></span> <span class='ocrx_word' id='word_1_21' title='bbox 342 585 411 639; x_wconf 89' lang='lat' dir='ltr'><strong>uni</strong></span> <span class='ocrx_word' id='word_1_22' title='bbox 440 585 539 638; x_wconf 89' lang='lat' dir='ltr'><strong>viro</strong></span> <span class='ocrx_word' id='word_1_23' title='bbox 566 588 711 651; x_wconf 86' lang='lat' dir='ltr'><strong>virgo</strong></span> <span class='ocrx_word' id='word_1_24' title='bbox 741 591 897 636; x_wconf 81' lang='lat' dir='ltr'><strong>casta</strong></span> <span class='ocrx_word' id='word_1_25' title='bbox 925 594 1205 654; x_wconf 87' lang='lat' dir='ltr'><strong>coaptatnr</strong></span> <span class='ocrx_word' id='word_1_26' title='bbox 1234 600 1248 638; x_wconf 93' lang='lat'><strong>:</strong></span> <span class='ocrx_word' id='word_1_27' title='bbox 1273 583 1368 639; x_wconf 87' lang='lat' dir='ltr'><strong>sed</strong></span> <span class='ocrx_word' id='word_1_28' title='bbox 1405 584 1494 639; x_wconf 87' lang='lat' dir='ltr'><strong>ille</strong></span> <span class='ocrx_word' id='word_1_29' title='bbox 1523 598 1659 639; x_wconf 91' lang='lat' dir='ltr'><strong>unus</strong></span> <span class='ocrx_word' id='word_1_30' title='bbox 1687 584 1785 651; x_wconf 86' lang='lat' dir='ltr'><strong>vir,</strong></span> 
     </span>
    </p>
   </div>
   <div class='ocr_carea' id='block_1_5' title="bbox 239 674 1788 745">
    <p class='ocr_par' dir='ltr' id='par_1_5' title="bbox 239 674 1788 745">
     <span class='ocr_line' id='line_1_5' title="bbox 239 674 1788 745; baseline -0.003 -11"><span class='ocrx_word' id='word_1_31' title='bbox 239 692 336 734; x_wconf 83' lang='lat' dir='ltr'><strong>non</strong></span> <span class='ocrx_word' id='word_1_32' title='bbox 363 685 541 731; x_wconf 89' lang='lat' dir='ltr'><strong>tantum</strong></span> <span class='ocrx_word' id='word_1_33' title='bbox 581 674 764 729; x_wconf 84' lang='lat' dir='ltr'><strong>lidcles</strong></span> <span class='ocrx_word' id='word_1_34' title='bbox 796 684 983 731; x_wconf 94' lang='lat' dir='ltr'><strong>mente</strong></span> <span class='ocrx_word' id='word_1_35' title='bbox 1027 686 1080 729; x_wconf 90' lang='lat' dir='ltr'><strong>et</strong></span> <span class='ocrx_word' id='word_1_36' title='bbox 1118 691 1341 745; x_wconf 88' lang='lat' dir='ltr'><strong>corpore</strong></span> <span class='ocrx_word' id='word_1_37' title='bbox 1380 676 1613 745; x_wconf 83' lang='lat' dir='ltr'><strong>virgines</strong></span> <span class='ocrx_word' id='word_1_38' title='bbox 1636 719 1651 742; x_wconf 85' lang='lat'><strong>,</strong></span> <span class='ocrx_word' id='word_1_39' title='bbox 1694 676 1788 730; x_wconf 89' lang='lat' dir='ltr'><strong>sed</strong></span> 
     </span>
    </p>
   </div>
   <div class='ocr_carea' id='block_1_6' title="bbox 235 765 1789 837">
    <p class='ocr_par' dir='ltr' id='par_1_6' title="bbox 235 765 1789 837">
     <span class='ocr_line' id='line_1_6' title="bbox 235 765 1789 837; baseline -0.001 -13"><span class='ocrx_word' id='word_1_40' title='bbox 235 783 399 824; x_wconf 84' lang='lat' dir='ltr'><strong>omnes</strong></span> <span class='ocrx_word' id='word_1_41' title='bbox 422 766 623 820; x_wconf 88' lang='lat' dir='ltr'><strong>omnino</strong></span> <span class='ocrx_word' id='word_1_42' title='bbox 660 765 1002 819; x_wconf 86' lang='lat' dir='ltr'><strong>Christianos</strong></span> <span class='ocrx_word' id='word_1_43' title='bbox 1026 766 1093 821; x_wconf 89' lang='lat' dir='ltr'><strong>ab</strong></span> <span class='ocrx_word' id='word_1_44' title='bbox 1135 767 1498 836; x_wconf 87' lang='lat' dir='ltr'><strong>spiritualibus</strong></span> <span class='ocrx_word' id='word_1_45' title='bbox 1536 779 1701 837; x_wconf 88' lang='lat' dir='ltr'><strong>usque</strong></span> <span class='ocrx_word' id='word_1_46' title='bbox 1721 766 1789 822; x_wconf 92' lang='lat' dir='ltr'><strong>ad</strong></span> 
     </span>
    </p>
   </div>
   <div class='ocr_carea' id='block_1_7' title="bbox 233 858 1784 929">
    <p class='ocr_par' dir='ltr' id='par_1_7' title="bbox 233 858 1784 929">
     <span class='ocr_line' id='line_1_7' title="bbox 233 858 1784 929; baseline -0.001 -14"><span class='ocrx_word' id='word_1_47' title='bbox 233 860 474 925; x_wconf 64' lang='lat' dir='ltr'><strong>carnales,</strong></span> <span class='ocrx_word' id='word_1_48' title='bbox 498 858 562 912; x_wconf 92' lang='lat' dir='ltr'><strong>ab</strong></span> <span class='ocrx_word' id='word_1_49' title='bbox 588 858 865 927; x_wconf 79' lang='lat' dir='ltr'><strong>Apostolis</strong></span> <span class='ocrx_word' id='word_1_50' title='bbox 896 873 1061 927; x_wconf 90' lang='lat' dir='ltr'><strong>usque</strong></span> <span class='ocrx_word' id='word_1_51' title='bbox 1082 858 1146 913; x_wconf 90' lang='lat' dir='ltr'><strong>ad</strong></span> <span class='ocrx_word' id='word_1_52' title='bbox 1179 858 1393 914; x_wconf 90' lang='lat' dir='ltr'><strong>ultimos</strong></span> <span class='ocrx_word' id='word_1_53' title='bbox 1424 858 1745 929; x_wconf 67' lang='lat' dir='ltr'><strong>pmnitentes</strong></span> <span class='ocrx_word' id='word_1_54' title='bbox 1767 899 1784 925; x_wconf 94' lang='lat'><strong>,</strong></span> 
     </span>
    </p>
   </div>
   <div class='ocr_carea' id='block_1_8' title="bbox 232 949 1786 1023">
    <p class='ocr_par' dir='ltr' id='par_1_8' title="bbox 232 949 1786 1023">
     <span class='ocr_line' id='line_1_8' title="bbox 232 949 1786 1023; baseline -0.002 -16"><span class='ocrx_word' id='word_1_55' title='bbox 232 961 452 1023; x_wconf 79' lang='lat' dir='ltr'><strong>tauquam</strong></span> <span class='ocrx_word' id='word_1_56' title='bbox 490 966 519 1005; x_wconf 88' lang='lat' dir='ltr'><strong>a</strong></span> <span class='ocrx_word' id='word_1_57' title='bbox 558 951 788 1004; x_wconf 88' lang='lat' dir='ltr'><strong>summis</strong></span> <span class='ocrx_word' id='word_1_58' title='bbox 831 950 1089 1006; x_wconf 70' lang='lat' dir='ltr'><strong>cmlorum</strong></span> <span class='ocrx_word' id='word_1_59' title='bbox 1120 965 1285 1019; x_wconf 75' lang='lat' dir='ltr'><strong>usque</strong></span> <span class='ocrx_word' id='word_1_60' title='bbox 1310 950 1377 1004; x_wconf 88' lang='lat' dir='ltr'><strong>ad</strong></span> <span class='ocrx_word' id='word_1_61' title='bbox 1409 949 1665 1004; x_wconf 84' lang='lat' dir='ltr'><strong>terminos</strong></span> <span class='ocrx_word' id='word_1_62' title='bbox 1695 965 1786 1004; x_wconf 87' lang='lat' dir='ltr'><strong>eo-</strong></span> 
     </span>
    </p>
   </div>
   <div class='ocr_carea' id='block_1_9' title="bbox 232 1042 1787 1113">
    <p class='ocr_par' dir='ltr' id='par_1_9' title="bbox 232 1042 1787 1113">
     <span class='ocr_line' id='line_1_9' title="bbox 232 1042 1787 1113; baseline -0.003 -14"><span class='ocrx_word' id='word_1_63' title='bbox 232 1060 337 1099; x_wconf 79' lang='lat' dir='ltr'><strong>rum</strong></span> <span class='ocrx_word' id='word_1_64' title='bbox 362 1042 557 1111; x_wconf 70' lang='lat' dir='ltr'><strong>(Matth.</strong></span> <span class='ocrx_word' id='word_1_65' title='bbox 590 1059 743 1108; x_wconf 77' lang='lat' dir='ltr'><strong>xxw,</strong></span> <span class='ocrx_word' id='word_1_66' title='bbox 774 1042 866 1112; x_wconf 84' lang='grc'><strong>’51)</strong></span> <span class='ocrx_word' id='word_1_67' title='bbox 895 1083 910 1108; x_wconf 86' lang='grc'>,</span> <span class='ocrx_word' id='word_1_68' title='bbox 938 1042 1117 1097; x_wconf 79' lang='lat' dir='ltr'><strong>docuit</strong></span> <span class='ocrx_word' id='word_1_69' title='bbox 1145 1059 1301 1097; x_wconf 85' lang='lat' dir='ltr'><strong>orare</strong></span> <span class='ocrx_word' id='word_1_70' title='bbox 1325 1085 1338 1107; x_wconf 90' lang='lat'><strong>,</strong></span> <span class='ocrx_word' id='word_1_71' title='bbox 1369 1052 1422 1098; x_wconf 89' lang='lat' dir='ltr'><strong>et</strong></span> <span class='ocrx_word' id='word_1_72' title='bbox 1447 1044 1499 1097; x_wconf 89' lang='lat' dir='ltr'><strong>in</strong></span> <span class='ocrx_word' id='word_1_73' title='bbox 1529 1046 1639 1113; x_wconf 82' lang='lat' dir='ltr'><strong>ipsa</strong></span> <span class='ocrx_word' id='word_1_74' title='bbox 1667 1061 1787 1098; x_wconf 75' lang='lat' dir='ltr'><strong>ora-</strong></span> 
     </span>
    </p>
   </div>
   <div class='ocr_carea' id='block_1_10' title="bbox 231 1131 1779 1201">
    <p class='ocr_par' dir='ltr' id='par_1_10' title="bbox 231 1131 1779 1201">
     <span class='ocr_line' id='line_1_10' title="bbox 231 1131 1779 1201; baseline -0.001 -12"><span class='ocrx_word' id='word_1_75' title='bbox 231 1137 356 1189; x_wconf 83' lang='lat' dir='ltr'><strong>tione</strong></span> <span class='ocrx_word' id='word_1_76' title='bbox 381 1135 547 1189; x_wconf 84' lang='lat' dir='ltr'><strong>dicere</strong></span> <span class='ocrx_word' id='word_1_77' title='bbox 570 1134 870 1198; x_wconf 82' lang='lat' dir='ltr'><strong>admonuit,</strong></span> <span class='ocrx_word' id='word_1_78' title='bbox 901 1133 968 1187; x_wconf 81' lang='lat' dir='ltr'><strong>Et</strong></span> <span class='ocrx_word' id='word_1_79' title='bbox 995 1134 1187 1187; x_wconf 85' lang='lat' dir='ltr'><strong>dimitte</strong></span> <span class='ocrx_word' id='word_1_80' title='bbox 1211 1131 1352 1187; x_wconf 84' lang='lat' dir='ltr'><strong>nobis</strong></span> <span class='ocrx_word' id='word_1_81' title='bbox 1380 1134 1545 1188; x_wconf 84' lang='lat' dir='ltr'><strong>debita</strong></span> <span class='ocrx_word' id='word_1_82' title='bbox 1573 1143 1743 1189; x_wconf 83' lang='lat' dir='ltr'><strong>nostra</strong></span> <span class='ocrx_word' id='word_1_83' title='bbox 1763 1176 1779 1201; x_wconf 93' lang='lat'><strong>,</strong></span> 
     </span>
    </p>
   </div>
   <div class='ocr_carea' id='block_1_11' title="bbox 226 1222 1778 1296">
    <p class='ocr_par' dir='ltr' id='par_1_11' title="bbox 226 1222 1778 1296">
     <span class='ocr_line' id='line_1_11' title="bbox 226 1222 1778 1296; baseline 0.001 -18"><span class='ocrx_word' id='word_1_84' title='bbox 226 1227 345 1279; x_wconf 81' lang='lat' dir='ltr'><strong>sicut</strong></span> <span class='ocrx_word' id='word_1_85' title='bbox 371 1235 408 1277; x_wconf 80' lang='lat' dir='ltr'><strong>rt</strong></span> <span class='ocrx_word' id='word_1_86' title='bbox 431 1241 517 1278; x_wconf 87' lang='lat' dir='ltr'><strong>nos</strong></span> <span class='ocrx_word' id='word_1_87' title='bbox 537 1224 843 1278; x_wconf 84' lang='lat' dir='ltr'><strong>dimittimus</strong></span> <span class='ocrx_word' id='word_1_88' title='bbox 872 1224 1175 1278; x_wconf 74' lang='lat' dir='ltr'><strong>debitoribus</strong></span> <span class='ocrx_word' id='word_1_89' title='bbox 1194 1224 1376 1278; x_wconf 75' lang='lat' dir='ltr'><strong>nostris</strong></span> <span class='ocrx_word' id='word_1_90' title='bbox 1404 1222 1513 1296; x_wconf 90' lang='lat' dir='ltr'><strong>(Id.</strong></span> <span class='ocrx_word' id='word_1_91' title='bbox 1539 1241 1587 1279; x_wconf 85' lang='lat' dir='ltr'><strong>vt</strong></span> <span class='ocrx_word' id='word_1_92' title='bbox 1608 1268 1623 1291; x_wconf 87' lang='lat'><strong>,</strong></span> <span class='ocrx_word' id='word_1_93' title='bbox 1650 1225 1738 1295; x_wconf 72' lang='grc'><strong>12)</strong></span> <span class='ocrx_word' id='word_1_94' title='bbox 1764 1244 1778 1280; x_wconf 89' lang='lat'><strong>:</strong></span> 
     </span>
    </p>
   </div>
   <div class='ocr_carea' id='block_1_12' title="bbox 228 1314 1781 1385">
    <p class='ocr_par' dir='ltr' id='par_1_12' title="bbox 228 1314 1781 1385">
     <span class='ocr_line' id='line_1_12' title="bbox 228 1314 1781 1385; baseline 0.004 -19"><span class='ocrx_word' id='word_1_95' title='bbox 228 1315 307 1369; x_wconf 84' lang='lat' dir='ltr'><strong>ubi</strong></span> <span class='ocrx_word' id='word_1_96' title='bbox 345 1332 424 1383; x_wconf 76' lang='lat' dir='ltr'><strong>per</strong></span> <span class='ocrx_word' id='word_1_97' title='bbox 451 1315 550 1369; x_wconf 80' lang='lat' dir='ltr'><strong>hoc</strong></span> <span class='ocrx_word' id='word_1_98' title='bbox 574 1314 718 1385; x_wconf 89' lang='lat' dir='ltr'><strong>quod</strong></span> <span class='ocrx_word' id='word_1_99' title='bbox 752 1316 997 1384; x_wconf 85' lang='lat' dir='ltr'><strong>petimus,</strong></span> <span class='ocrx_word' id='word_1_100' title='bbox 1027 1314 1152 1384; x_wconf 89' lang='lat' dir='ltr'><strong>quid</strong></span> <span class='ocrx_word' id='word_1_101' title='bbox 1181 1314 1345 1370; x_wconf 88' lang='lat' dir='ltr'><strong>etiam</strong></span> <span class='ocrx_word' id='word_1_102' title='bbox 1384 1330 1481 1370; x_wconf 91' lang='lat' dir='ltr'><strong>nos</strong></span> <span class='ocrx_word' id='word_1_103' title='bbox 1508 1331 1626 1371; x_wconf 86' lang='lat' dir='ltr'><strong>esse</strong></span> <span class='ocrx_word' id='word_1_104' title='bbox 1666 1333 1781 1372; x_wconf 86' lang='lat' dir='ltr'><strong>me-</strong></span> 
     </span>
    </p>
   </div>
   <div class='ocr_carea' id='block_1_13' title="bbox 223 1404 1783 1477">
    <p class='ocr_par' dir='ltr' id='par_1_13' title="bbox 223 1404 1783 1477">
     <span class='ocr_line' id='line_1_13' title="bbox 223 1404 1783 1477; baseline 0.003 -18"><span class='ocrx_word' id='word_1_105' title='bbox 223 1407 513 1460; x_wconf 85' lang='lat' dir='ltr'><strong>minerimus</strong></span> <span class='ocrx_word' id='word_1_106' title='bbox 538 1406 793 1460; x_wconf 83' lang='lat' dir='ltr'><strong>ostendit.</strong></span> <span class='ocrx_word' id='word_1_107' title='bbox 825 1404 1007 1474; x_wconf 84' lang='lat' dir='ltr'><strong>Neque</strong></span> <span class='ocrx_word' id='word_1_108' title='bbox 1036 1405 1177 1460; x_wconf 89' lang='lat' dir='ltr'><strong>enim</strong></span> <span class='ocrx_word' id='word_1_109' title='bbox 1202 1421 1299 1475; x_wconf 90' lang='lat' dir='ltr'><strong>pro</strong></span> <span class='ocrx_word' id='word_1_110' title='bbox 1323 1406 1401 1460; x_wconf 88' lang='lat' dir='ltr'><strong>eis</strong></span> <span class='ocrx_word' id='word_1_111' title='bbox 1424 1405 1636 1473; x_wconf 89' lang='lat' dir='ltr'><strong>debitis,</strong></span> <span class='ocrx_word' id='word_1_112' title='bbox 1665 1424 1783 1477; x_wconf 73' lang='lat' dir='ltr'><strong>qua:</strong></span> 
     </span>
    </p>
   </div>
   <div class='ocr_carea' id='block_1_14' title="bbox 221 1496 1781 1567">
    <p class='ocr_par' dir='ltr' id='par_1_14' title="bbox 221 1496 1781 1567">
     <span class='ocr_line' id='line_1_14' title="bbox 221 1496 1781 1567; baseline 0.003 -19"><span class='ocrx_word' id='word_1_113' title='bbox 221 1496 371 1550; x_wconf 86' lang='lat' dir='ltr'><strong>tutius</strong></span> <span class='ocrx_word' id='word_1_114' title='bbox 394 1496 665 1565; x_wconf 57' lang='lat' dir='ltr'><strong>praeterita:</strong></span> <span class='ocrx_word' id='word_1_115' title='bbox 697 1498 815 1550; x_wconf 69' lang='lat' dir='ltr'><strong>vita</strong></span> <span class='ocrx_word' id='word_1_116' title='bbox 844 1496 893 1549; x_wconf 88' lang='lat' dir='ltr'><strong>in</strong></span> <span class='ocrx_word' id='word_1_117' title='bbox 921 1496 1188 1564; x_wconf 86' lang='lat' dir='ltr'><strong>Baptismo</strong></span> <span class='ocrx_word' id='word_1_118' title='bbox 1210 1511 1305 1566; x_wconf 87' lang='lat' dir='ltr'><strong>per</strong></span> <span class='ocrx_word' id='word_1_119' title='bbox 1329 1497 1442 1566; x_wconf 83' lang='lat' dir='ltr'><strong>ejus</strong></span> <span class='ocrx_word' id='word_1_120' title='bbox 1474 1512 1654 1567; x_wconf 90' lang='lat' dir='ltr'><strong>pacem</strong></span> <span class='ocrx_word' id='word_1_121' title='bbox 1682 1512 1781 1552; x_wconf 89' lang='lat' dir='ltr'><strong>no-</strong></span> 
     </span>
    </p>
   </div>
   <div class='ocr_carea' id='block_1_15' title="bbox 218 1586 1779 1657">
    <p class='ocr_par' dir='ltr' id='par_1_15' title="bbox 218 1586 1779 1657">
     <span class='ocr_line' id='line_1_15' title="bbox 218 1586 1779 1657; baseline 0.001 -16"><span class='ocrx_word' id='word_1_122' title='bbox 218 1588 293 1642; x_wconf 82' lang='lat' dir='ltr'><strong>bis</strong></span> <span class='ocrx_word' id='word_1_123' title='bbox 319 1586 519 1640; x_wconf 85' lang='lat' dir='ltr'><strong>dimissa</strong></span> <span class='ocrx_word' id='word_1_124' title='bbox 541 1602 664 1642; x_wconf 88' lang='lat' dir='ltr'><strong>esse</strong></span> <span class='ocrx_word' id='word_1_125' title='bbox 684 1587 1000 1641; x_wconf 71' lang='lat' dir='ltr'><strong>contulimus</strong></span> <span class='ocrx_word' id='word_1_126' title='bbox 1021 1628 1036 1653; x_wconf 89' lang='lat'><strong>,</strong></span> <span class='ocrx_word' id='word_1_127' title='bbox 1070 1601 1167 1641; x_wconf 90' lang='lat' dir='ltr'><strong>nos</strong></span> <span class='ocrx_word' id='word_1_128' title='bbox 1190 1588 1447 1657; x_wconf 67' lang='lat' dir='ltr'><strong>praecepit</strong></span> <span class='ocrx_word' id='word_1_129' title='bbox 1474 1604 1629 1644; x_wconf 86' lang='lat' dir='ltr'><strong>orare</strong></span> <span class='ocrx_word' id='word_1_130' title='bbox 1648 1630 1663 1654; x_wconf 94' lang='lat'><strong>,</strong></span> <span class='ocrx_word' id='word_1_131' title='bbox 1695 1587 1779 1643; x_wconf 90' lang='lat' dir='ltr'><strong>di-</strong></span> 
     </span>
    </p>
   </div>
   <div class='ocr_carea' id='block_1_16' title="bbox 217 1676 1781 1743">
    <p class='ocr_par' dir='ltr' id='par_1_16' title="bbox 217 1676 1781 1743">
     <span class='ocr_line' id='line_1_16' title="bbox 217 1676 1781 1743; baseline 0.002 -12"><span class='ocrx_word' id='word_1_132' title='bbox 217 1687 404 1739; x_wconf 86' lang='lat' dir='ltr'><strong>centes,</strong></span> <span class='ocrx_word' id='word_1_133' title='bbox 434 1676 638 1731; x_wconf 78' lang='lat' dir='ltr'><strong>Diutiue</strong></span> <span class='ocrx_word' id='word_1_134' title='bbox 665 1677 808 1731; x_wconf 86' lang='lat' dir='ltr'><strong>nobis</strong></span> <span class='ocrx_word' id='word_1_135' title='bbox 835 1677 1001 1731; x_wconf 88' lang='lat' dir='ltr'><strong>debita</strong></span> <span class='ocrx_word' id='word_1_136' title='bbox 1030 1687 1201 1731; x_wconf 85' lang='lat' dir='ltr'><strong>nostra</strong></span> <span class='ocrx_word' id='word_1_137' title='bbox 1223 1719 1239 1743; x_wconf 95' lang='lat'><strong>,</strong></span> <span class='ocrx_word' id='word_1_138' title='bbox 1271 1678 1399 1733; x_wconf 86' lang='lat' dir='ltr'><strong>sicut</strong></span> <span class='ocrx_word' id='word_1_139' title='bbox 1419 1688 1465 1733; x_wconf 91' lang='lat' dir='ltr'><strong>et</strong></span> <span class='ocrx_word' id='word_1_140' title='bbox 1494 1696 1584 1734; x_wconf 89' lang='lat' dir='ltr'><strong>nos</strong></span> <span class='ocrx_word' id='word_1_141' title='bbox 1609 1676 1781 1735; x_wconf 85' lang='lat' dir='ltr'><strong>dimit-</strong></span> 
     </span>
    </p>
   </div>
   <div class='ocr_carea' id='block_1_17' title="bbox 218 1767 1782 1839">
    <p class='ocr_par' dir='ltr' id='par_1_17' title="bbox 218 1767 1782 1839">
     <span class='ocr_line' id='line_1_17' title="bbox 218 1767 1782 1839; baseline 0.004 -17"><span class='ocrx_word' id='word_1_142' title='bbox 218 1771 357 1823; x_wconf 80' lang='lat' dir='ltr'><strong>timus</strong></span> <span class='ocrx_word' id='word_1_143' title='bbox 380 1770 673 1823; x_wconf 67' lang='lat' dir='ltr'><strong>dtbitoribus</strong></span> <span class='ocrx_word' id='word_1_144' title='bbox 694 1769 879 1824; x_wconf 85' lang='lat' dir='ltr'><strong>nostris</strong></span> <span class='ocrx_word' id='word_1_145' title='bbox 900 1785 920 1823; x_wconf 92' lang='lat'><strong><em>:</em></strong></span> <span class='ocrx_word' id='word_1_146' title='bbox 949 1768 1183 1839; x_wconf 84' lang='lat' dir='ltr'><strong>alioquin</strong></span> <span class='ocrx_word' id='word_1_147' title='bbox 1212 1767 1349 1824; x_wconf 87' lang='lat' dir='ltr'><strong>hanc</strong></span> <span class='ocrx_word' id='word_1_148' title='bbox 1368 1770 1663 1825; x_wconf 89' lang='lat' dir='ltr'><strong>orationem</strong></span> <span class='ocrx_word' id='word_1_149' title='bbox 1691 1787 1782 1828; x_wconf 87' lang='lat' dir='ltr'><strong>ca-</strong></span> 
     </span>
    </p>
   </div>
   <div class='ocr_carea' id='block_1_18' title="bbox 216 1860 1778 1932">
    <p class='ocr_par' dir='ltr' id='par_1_18' title="bbox 216 1860 1778 1932">
     <span class='ocr_line' id='line_1_18' title="bbox 216 1860 1778 1932; baseline 0.003 -17"><span class='ocrx_word' id='word_1_150' title='bbox 216 1862 498 1917; x_wconf 86' lang='lat' dir='ltr'><strong>techumeni</strong></span> <span class='ocrx_word' id='word_1_151' title='bbox 536 1862 714 1932; x_wconf 87' lang='lat' dir='ltr'><strong>potius</strong></span> <span class='ocrx_word' id='word_1_152' title='bbox 751 1875 920 1930; x_wconf 89' lang='lat' dir='ltr'><strong>usque</strong></span> <span class='ocrx_word' id='word_1_153' title='bbox 959 1860 1026 1915; x_wconf 90' lang='lat' dir='ltr'><strong>ad</strong></span> <span class='ocrx_word' id='word_1_154' title='bbox 1058 1860 1385 1931; x_wconf 85' lang='lat' dir='ltr'><strong>Baptismum</strong></span> <span class='ocrx_word' id='word_1_155' title='bbox 1414 1876 1569 1917; x_wconf 83' lang='lat' dir='ltr'><strong>orare</strong></span> <span class='ocrx_word' id='word_1_156' title='bbox 1610 1862 1778 1920; x_wconf 82' lang='lat' dir='ltr'><strong>debe-</strong></span> 
     </span>
    </p>
   </div>
   <div class='ocr_carea' id='block_1_19' title="bbox 217 1950 1780 2023">
    <p class='ocr_par' dir='ltr' id='par_1_19' title="bbox 217 1950 1780 2023">
     <span class='ocr_line' id='line_1_19' title="bbox 217 1950 1780 2023; baseline 0.003 -16"><span class='ocrx_word' id='word_1_157' title='bbox 217 1962 352 2007; x_wconf 86' lang='lat' dir='ltr'><strong>rent.</strong></span> <span class='ocrx_word' id='word_1_158' title='bbox 383 1954 500 2007; x_wconf 84' lang='lat' dir='ltr'><strong>Cum</strong></span> <span class='ocrx_word' id='word_1_159' title='bbox 523 1967 649 2007; x_wconf 85' lang='lat' dir='ltr'><strong>vero</strong></span> <span class='ocrx_word' id='word_1_160' title='bbox 678 1966 796 2007; x_wconf 88' lang='lat' dir='ltr'><strong>eam</strong></span> <span class='ocrx_word' id='word_1_161' title='bbox 841 1950 1096 2021; x_wconf 88' lang='lat' dir='ltr'><strong>haptizati</strong></span> <span class='ocrx_word' id='word_1_162' title='bbox 1134 1960 1289 2006; x_wconf 90' lang='lat' dir='ltr'><strong>orant</strong></span> <span class='ocrx_word' id='word_1_163' title='bbox 1335 1951 1353 1984; x_wconf 80' lang='grc'>⁸</span> <span class='ocrx_word' id='word_1_164' title='bbox 1379 1993 1394 2017; x_wconf 90' lang='grc'><em>,</em></span> <span class='ocrx_word' id='word_1_165' title='bbox 1427 1954 1693 2023; x_wconf 73' lang='lat' dir='ltr'><strong>praepositi</strong></span> <span class='ocrx_word' id='word_1_166' title='bbox 1725 1964 1780 2011; x_wconf 89' lang='lat' dir='ltr'><strong>et</strong></span> 
     </span>
    </p>
   </div>
   <div class='ocr_carea' id='block_1_20' title="bbox 222 2036 1775 2114">
    <p class='ocr_par' dir='ltr' id='par_1_20' title="bbox 222 2036 1775 2114">
     <span class='ocr_line' id='line_1_20' title="bbox 222 2036 1775 2114; baseline 0.003 -20"><span class='ocrx_word' id='word_1_167' title='bbox 222 2042 419 2111; x_wconf 80' lang='lat' dir='ltr'><strong>plebes,</strong></span> <span class='ocrx_word' id='word_1_168' title='bbox 433 2050 663 2111; x_wconf 74' lang='lat' dir='ltr'><strong>pastores</strong></span> <span class='ocrx_word' id='word_1_169' title='bbox 680 2048 733 2097; x_wconf 91' lang='lat' dir='ltr'><strong>et</strong></span> <span class='ocrx_word' id='word_1_170' title='bbox 749 2056 960 2111; x_wconf 81' lang='lat' dir='ltr'><strong>greges;</strong></span> <span class='ocrx_word' id='word_1_171' title='bbox 984 2041 1115 2096; x_wconf 82' lang='lat' dir='ltr'><strong>satis</strong></span> <span class='ocrx_word' id='word_1_172' title='bbox 1131 2036 1430 2097; x_wconf 88' lang='lat' dir='ltr'><strong>ostenditur</strong></span> <span class='ocrx_word' id='word_1_173' title='bbox 1451 2042 1502 2097; x_wconf 90' lang='lat' dir='ltr'><strong>in</strong></span> <span class='ocrx_word' id='word_1_174' title='bbox 1531 2042 1629 2099; x_wconf 88' lang='lat' dir='ltr'><strong>hac</strong></span> <span class='ocrx_word' id='word_1_175' title='bbox 1649 2045 1775 2114; x_wconf 89' lang='lat' dir='ltr'><strong>vita,</strong></span> 
     </span>
    </p>
   </div>
   <div class='ocr_carea' id='block_1_21' title="bbox 228 2132 1776 2206">
    <p class='ocr_par' dir='ltr' id='par_1_21' title="bbox 228 2132 1776 2206">
     <span class='ocr_line' id='line_1_21' title="bbox 228 2132 1776 2206; baseline 0.005 -20"><span class='ocrx_word' id='word_1_176' title='bbox 228 2148 343 2202; x_wconf 67' lang='lat' dir='ltr'><strong>quae</strong></span> <span class='ocrx_word' id='word_1_177' title='bbox 372 2141 467 2187; x_wconf 88' lang='lat' dir='ltr'><strong>tota</strong></span> <span class='ocrx_word' id='word_1_178' title='bbox 494 2134 703 2189; x_wconf 88' lang='lat' dir='ltr'><strong>tentatio</strong></span> <span class='ocrx_word' id='word_1_179' title='bbox 724 2142 821 2197; x_wconf 86' lang='lat' dir='ltr'><strong>est</strong></span> <span class='ocrx_word' id='word_1_180' title='bbox 840 2132 983 2206; x_wconf 86' lang='lat' dir='ltr'><strong>(Job.</strong></span> <span class='ocrx_word' id='word_1_181' title='bbox 1011 2150 1083 2189; x_wconf 88' lang='lat' dir='ltr'><strong>vn</strong></span> <span class='ocrx_word' id='word_1_182' title='bbox 1107 2176 1122 2201; x_wconf 89' lang='lat'><strong>,</strong></span> <span class='ocrx_word' id='word_1_183' title='bbox 1152 2134 1230 2206; x_wconf 86' lang='grc'><strong>1),</strong></span> <span class='ocrx_word' id='word_1_184' title='bbox 1262 2136 1531 2191; x_wconf 88' lang='lat' dir='ltr'><strong>neminem</strong></span> <span class='ocrx_word' id='word_1_185' title='bbox 1571 2152 1629 2193; x_wconf 92' lang='lat' dir='ltr'><strong>se</strong></span> <span class='ocrx_word' id='word_1_186' title='bbox 1658 2146 1776 2194; x_wconf 87' lang='lat' dir='ltr'><strong>tan-</strong></span> 
     </span>
    </p>
   </div>
   <div class='ocr_carea' id='block_1_22' title="bbox 226 2224 1773 2300">
    <p class='ocr_par' dir='ltr' id='par_1_22' title="bbox 226 2224 1773 2300">
     <span class='ocr_line' id='line_1_22' title="bbox 226 2224 1773 2300; baseline 0.006 -23"><span class='ocrx_word' id='word_1_187' title='bbox 226 2240 379 2294; x_wconf 86' lang='lat' dir='ltr'><strong>quam</strong></span> <span class='ocrx_word' id='word_1_188' title='bbox 398 2224 457 2278; x_wconf 85' lang='lat' dir='ltr'><strong>ab</strong></span> <span class='ocrx_word' id='word_1_189' title='bbox 479 2225 713 2280; x_wconf 86' lang='lat' dir='ltr'><strong>omnibus</strong></span> <span class='ocrx_word' id='word_1_190' title='bbox 733 2226 961 2297; x_wconf 87' lang='lat' dir='ltr'><strong>peccatis</strong></span> <span class='ocrx_word' id='word_1_191' title='bbox 989 2226 1281 2283; x_wconf 89' lang='lat' dir='ltr'><strong>immunem</strong></span> <span class='ocrx_word' id='word_1_192' title='bbox 1312 2227 1511 2284; x_wconf 89' lang='lat' dir='ltr'><strong>debere</strong></span> <span class='ocrx_word' id='word_1_193' title='bbox 1535 2230 1773 2300; x_wconf 87' lang='lat' dir='ltr'><strong>gloriari.</strong></span> 
     </span>
    </p>
   </div>
   <div class='ocr_carea' id='block_1_23' title="bbox 287 2314 1777 2391">
    <p class='ocr_par' dir='ltr' id='par_1_23' title="bbox 287 2314 1777 2391">
     <span class='ocr_line' id='line_1_23' title="bbox 287 2314 1777 2391; baseline 0.007 -23"><span class='ocrx_word' id='word_1_194' title='bbox 287 2315 499 2371; x_wconf 71' lang='lat' dir='ltr'><strong>CAPUT</strong></span> <span class='ocrx_word' id='word_1_195' title='bbox 540 2314 718 2373; x_wconf 76' lang='lat' dir='ltr'><strong>XLIX.</strong></span> <span class='ocrx_word' id='word_1_196' title='bbox 768 2346 840 2358; x_wconf 92' lang='lat'><strong><em>—</em></strong></span> <span class='ocrx_word' id='word_1_197' title='bbox 892 2317 983 2373; x_wconf 68' lang='lat'><strong>49.</strong></span> <span class='ocrx_word' id='word_1_198' title='bbox 1042 2317 1271 2390; x_wconf 83' lang='lat' dir='ltr'><strong>Virgines</strong></span> <span class='ocrx_word' id='word_1_199' title='bbox 1318 2319 1777 2391; x_wconf 85' lang='lat' dir='ltr'><strong>irreprehensibiles</strong></span> 
     </span>
    </p>
   </div>
   <div class='ocr_carea' id='block_1_24' title="bbox 214 2407 1776 2488">
    <p class='ocr_par' dir='ltr' id='par_1_24' title="bbox 214 2407 1776 2488">
     <span class='ocr_line' id='line_1_24' title="bbox 214 2407 1776 2488; baseline 0.008 -31"><span class='ocrx_word' id='word_1_200' title='bbox 214 2407 495 2477; x_wconf 71' lang='lat' dir='ltr'><strong>purgatione</strong></span> <span class='ocrx_word' id='word_1_201' title='bbox 519 2420 830 2475; x_wconf 77' lang='lat' dir='ltr'><strong>peccatorum</strong></span> <span class='ocrx_word' id='word_1_202' title='bbox 862 2420 909 2463; x_wconf 86' lang='lat' dir='ltr'><strong>et</strong></span> <span class='ocrx_word' id='word_1_203' title='bbox 938 2410 1121 2465; x_wconf 86' lang='lat' dir='ltr'><strong>humili</strong></span> <span class='ocrx_word' id='word_1_204' title='bbox 1145 2411 1477 2480; x_wconf 73' lang='lat' dir='ltr'><strong>confessione.</strong></span> <span class='ocrx_word' id='word_1_205' title='bbox 1508 2411 1776 2488; x_wconf 77' lang='lat' dir='ltr'><strong>Mortifera</strong></span> 
     </span>
    </p>
   </div>
   <div class='ocr_carea' id='block_1_25' title="bbox 212 2501 1771 2577">
    <p class='ocr_par' dir='ltr' id='par_1_25' title="bbox 212 2501 1771 2577">
     <span class='ocr_line' id='line_1_25' title="bbox 212 2501 1771 2577; baseline 0.006 -24"><span class='ocrx_word' id='word_1_206' title='bbox 212 2501 431 2553; x_wconf 83' lang='lat' dir='ltr'><strong>securitas</strong></span> <span class='ocrx_word' id='word_1_207' title='bbox 475 2502 717 2572; x_wconf 75' lang='lat' dir='ltr'><strong>peccandi</strong></span> <span class='ocrx_word' id='word_1_208' title='bbox 760 2519 850 2574; x_wconf 84' lang='lat' dir='ltr'><strong>spe</strong></span> <span class='ocrx_word' id='word_1_209' title='bbox 893 2504 1050 2557; x_wconf 78' lang='lat' dir='ltr'><strong>venite</strong></span> <span class='ocrx_word' id='word_1_210' title='bbox 1092 2502 1445 2571; x_wconf 80' lang='lat' dir='ltr'><strong>conﬁtentibus</strong></span> <span class='ocrx_word' id='word_1_211' title='bbox 1493 2509 1771 2577; x_wconf 63' lang='lat' dir='ltr'><strong>promissa.</strong></span> 
     </span>
    </p>
   </div>
   <div class='ocr_carea' id='block_1_26' title="bbox 211 2591 1774 2672">
    <p class='ocr_par' dir='ltr' id='par_1_26' title="bbox 211 2591 1774 2672">
     <span class='ocr_line' id='line_1_26' title="bbox 211 2591 1774 2672; baseline 0.008 -27"><span class='ocrx_word' id='word_1_212' title='bbox 211 2591 422 2648; x_wconf 84' lang='lat' dir='ltr'><strong>Proinde</strong></span> <span class='ocrx_word' id='word_1_213' title='bbox 460 2594 619 2649; x_wconf 85' lang='lat' dir='ltr'><strong>etiam</strong></span> <span class='ocrx_word' id='word_1_214' title='bbox 652 2596 888 2666; x_wconf 83' lang='lat' dir='ltr'><strong>virgines</strong></span> <span class='ocrx_word' id='word_1_215' title='bbox 912 2596 1007 2651; x_wconf 87' lang='lat' dir='ltr'><strong>Dei</strong></span> <span class='ocrx_word' id='word_1_216' title='bbox 1034 2597 1531 2667; x_wconf 89' lang='lat' dir='ltr'><strong>irreprehensibiles</strong></span> <span class='ocrx_word' id='word_1_217' title='bbox 1559 2602 1774 2672; x_wconf 84' lang='lat' dir='ltr'><strong>quidem</strong></span> 
     </span>
    </p>
   </div>
   <div class='ocr_carea' id='block_1_27' title="bbox 210 2687 1773 2761">
    <p class='ocr_par' dir='ltr' id='par_1_27' title="bbox 210 2687 1773 2761">
     <span class='ocr_line' id='line_1_27' title="bbox 210 2687 1773 2761; baseline 0.007 -24"><span class='ocrx_word' id='word_1_218' title='bbox 210 2693 480 2752; x_wconf 83' lang='lat' dir='ltr'><strong>sequuntur</strong></span> <span class='ocrx_word' id='word_1_219' title='bbox 524 2687 735 2757; x_wconf 85' lang='lat' dir='ltr'><strong>Agnum</strong></span> <span class='ocrx_word' id='word_1_220' title='bbox 773 2702 1110 2759; x_wconf 87' lang='lat' dir='ltr'><strong>quocumque</strong></span> <span class='ocrx_word' id='word_1_221' title='bbox 1148 2689 1306 2757; x_wconf 90' lang='lat' dir='ltr'><strong>ierit,</strong></span> <span class='ocrx_word' id='word_1_222' title='bbox 1358 2700 1410 2745; x_wconf 90' lang='lat' dir='ltr'><strong>et</strong></span> <span class='ocrx_word' id='word_1_223' title='bbox 1436 2701 1773 2761; x_wconf 86' lang='lat' dir='ltr'><strong>peccatorum</strong></span> 
     </span>
    </p>
   </div>
   <div class='ocr_carea' id='block_1_28' title="bbox 208 2777 1771 2852">
    <p class='ocr_par' dir='ltr' id='par_1_28' title="bbox 208 2777 1771 2852">
     <span class='ocr_line' id='line_1_28' title="bbox 208 2777 1771 2852; baseline 0.007 -24"><span class='ocrx_word' id='word_1_224' title='bbox 208 2777 495 2845; x_wconf 81' lang='lat' dir='ltr'><strong>purgatione</strong></span> <span class='ocrx_word' id='word_1_225' title='bbox 521 2777 761 2846; x_wconf 82' lang='lat' dir='ltr'><strong>perfecta</strong></span> <span class='ocrx_word' id='word_1_226' title='bbox 782 2820 798 2845; x_wconf 94' lang='lat'><strong>,</strong></span> <span class='ocrx_word' id='word_1_227' title='bbox 830 2786 885 2832; x_wconf 90' lang='lat' dir='ltr'><strong>ct</strong></span> <span class='ocrx_word' id='word_1_228' title='bbox 918 2778 1216 2849; x_wconf 77' lang='lat' dir='ltr'><strong>virginitate</strong></span> <span class='ocrx_word' id='word_1_229' title='bbox 1239 2790 1449 2835; x_wconf 84' lang='lat' dir='ltr'><strong>servata</strong></span> <span class='ocrx_word' id='word_1_230' title='bbox 1477 2822 1493 2847; x_wconf 91' lang='lat'><strong>,</strong></span> <span class='ocrx_word' id='word_1_231' title='bbox 1522 2797 1639 2852; x_wconf 70' lang='lat' dir='ltr'><strong>qua:</strong></span> <span class='ocrx_word' id='word_1_232' title='bbox 1667 2799 1771 2839; x_wconf 92' lang='lat' dir='ltr'><strong>non</strong></span> 
     </span>
    </p>
   </div>
   <div class='ocr_carea' id='block_1_29' title="bbox 210 2868 1773 2946">
    <p class='ocr_par' dir='ltr' id='par_1_29' title="bbox 210 2868 1773 2946">
     <span class='ocr_line' id='line_1_29' title="bbox 210 2868 1773 2946; baseline 0.006 -25"><span class='ocrx_word' id='word_1_233' title='bbox 210 2868 382 2923; x_wconf 82' lang='lat' dir='ltr'><strong>rediret</strong></span> <span class='ocrx_word' id='word_1_234' title='bbox 406 2870 603 2924; x_wconf 86' lang='lat' dir='ltr'><strong>amissa</strong></span> <span class='ocrx_word' id='word_1_235' title='bbox 633 2889 648 2924; x_wconf 91' lang='lat'><strong>:</strong></span> <span class='ocrx_word' id='word_1_236' title='bbox 671 2870 766 2926; x_wconf 88' lang='lat' dir='ltr'><strong>sed</strong></span> <span class='ocrx_word' id='word_1_237' title='bbox 788 2874 911 2942; x_wconf 85' lang='lat' dir='ltr'><strong>quia</strong></span> <span class='ocrx_word' id='word_1_238' title='bbox 938 2872 1123 2927; x_wconf 89' lang='lat' dir='ltr'><strong>eadem</strong></span> <span class='ocrx_word' id='word_1_239' title='bbox 1156 2873 1268 2944; x_wconf 89' lang='lat' dir='ltr'><strong>ipsa</strong></span> <span class='ocrx_word' id='word_1_240' title='bbox 1290 2874 1657 2946; x_wconf 85' lang='lat' dir='ltr'><strong>Apocalypsis,</strong></span> <span class='ocrx_word' id='word_1_241' title='bbox 1684 2875 1773 2931; x_wconf 92' lang='lat' dir='ltr'><strong>ubi</strong></span> 
     </span>
    </p>
   </div>
   <div class='ocr_carea' id='block_1_30' title="bbox 214 2958 1772 3037">
    <p class='ocr_par' dir='ltr' id='par_1_30' title="bbox 214 2958 1772 3037">
     <span class='ocr_line' id='line_1_30' title="bbox 214 2958 1772 3037; baseline 0.005 -23"><span class='ocrx_word' id='word_1_242' title='bbox 214 2958 329 3014; x_wconf 81' lang='lat' dir='ltr'><strong>tales</strong></span> <span class='ocrx_word' id='word_1_243' title='bbox 353 2962 433 3015; x_wconf 84' lang='lat' dir='ltr'><strong>tali</strong></span> <span class='ocrx_word' id='word_1_244' title='bbox 455 2960 680 3017; x_wconf 88' lang='lat' dir='ltr'><strong>revelati</strong></span> <span class='ocrx_word' id='word_1_245' title='bbox 710 2971 837 3018; x_wconf 90' lang='lat' dir='ltr'><strong>sunt</strong></span> <span class='ocrx_word' id='word_1_246' title='bbox 860 3004 876 3029; x_wconf 93' lang='lat'><strong>,</strong></span> <span class='ocrx_word' id='word_1_247' title='bbox 917 2964 1077 3019; x_wconf 90' lang='lat' dir='ltr'><strong>etiam</strong></span> <span class='ocrx_word' id='word_1_248' title='bbox 1108 2962 1232 3019; x_wconf 88' lang='lat' dir='ltr'><strong>hinc</strong></span> <span class='ocrx_word' id='word_1_249' title='bbox 1259 2980 1354 3020; x_wconf 89' lang='lat' dir='ltr'><strong>eos</strong></span> <span class='ocrx_word' id='word_1_250' title='bbox 1383 2963 1601 3030; x_wconf 88' lang='lat' dir='ltr'><strong>laudat,</strong></span> <span class='ocrx_word' id='word_1_251' title='bbox 1629 2966 1772 3037; x_wconf 86' lang='lat' dir='ltr'><strong>quod</strong></span> 
     </span>
    </p>
   </div>
   <div class='ocr_carea' id='block_1_31' title="bbox 210 3051 1768 3131">
    <p class='ocr_par' dir='ltr' id='par_1_31' title="bbox 210 3051 1768 3131">
     <span class='ocr_line' id='line_1_31' title="bbox 210 3051 1768 3131; baseline 0.004 -25"><span class='ocrx_word' id='word_1_252' title='bbox 210 3051 254 3106; x_wconf 83' lang='lat' dir='ltr'><strong>ia</strong></span> <span class='ocrx_word' id='word_1_253' title='bbox 286 3068 370 3109; x_wconf 86' lang='lat' dir='ltr'><strong>ore</strong></span> <span class='ocrx_word' id='word_1_254' title='bbox 402 3070 587 3111; x_wconf 88' lang='lat' dir='ltr'><strong>eorum</strong></span> <span class='ocrx_word' id='word_1_255' title='bbox 634 3070 744 3110; x_wconf 88' lang='lat' dir='ltr'><strong>non</strong></span> <span class='ocrx_word' id='word_1_256' title='bbox 785 3056 857 3111; x_wconf 89' lang='lat' dir='ltr'><strong>sit</strong></span> <span class='ocrx_word' id='word_1_257' title='bbox 891 3056 1164 3112; x_wconf 91' lang='lat' dir='ltr'><strong>inventum</strong></span> <span class='ocrx_word' id='word_1_258' title='bbox 1208 3053 1542 3113; x_wconf 89' lang='lat' dir='ltr'><strong>mendacium</strong></span> <span class='ocrx_word' id='word_1_259' title='bbox 1582 3058 1768 3131; x_wconf 82' lang='lat' dir='ltr'><strong>(Apoc.</strong></span> 
     </span>
    </p>
   </div>
   <div class='ocr_carea' id='block_1_32' title="bbox 206 3146 1767 3220">
    <p class='ocr_par' dir='ltr' id='par_1_32' title="bbox 206 3146 1767 3220">
     <span class='ocr_line' id='line_1_32' title="bbox 206 3146 1767 3220; baseline 0.008 -23"><span class='ocrx_word' id='word_1_260' title='bbox 206 3158 315 3211; x_wconf 75' lang='lat' dir='ltr'><strong>xlv,</strong></span> <span class='ocrx_word' id='word_1_261' title='bbox 340 3146 400 3211; x_wconf 79' lang='grc' dir='ltr'>ι,</span> <span class='ocrx_word' id='word_1_262' title='bbox 426 3147 527 3219; x_wconf 87' lang='lat'><strong>5);</strong></span> <span class='ocrx_word' id='word_1_263' title='bbox 552 3148 910 3204; x_wconf 77' lang='lat' dir='ltr'><strong>meminerint.</strong></span> <span class='ocrx_word' id='word_1_264' title='bbox 942 3149 1102 3211; x_wconf 89' lang='lat' dir='ltr'><strong>etiam</strong></span> <span class='ocrx_word' id='word_1_265' title='bbox 1142 3150 1197 3204; x_wconf 92' lang='lat' dir='ltr'><strong>in</strong></span> <span class='ocrx_word' id='word_1_266' title='bbox 1238 3150 1340 3206; x_wconf 87' lang='lat' dir='ltr'><strong>hoc</strong></span> <span class='ocrx_word' id='word_1_267' title='bbox 1368 3167 1487 3208; x_wconf 90' lang='lat' dir='ltr'><strong>esse</strong></span> <span class='ocrx_word' id='word_1_268' title='bbox 1516 3167 1734 3209; x_wconf 85' lang='lat' dir='ltr'><strong>veraces</strong></span> <span class='ocrx_word' id='word_1_269' title='bbox 1752 3194 1767 3220; x_wconf 88' lang='lat'><strong>,</strong></span> 
     </span>
    </p>
   </div>
   <div class='ocr_carea' id='block_1_33' title="bbox 208 3238 1770 3312">
    <p class='ocr_par' dir='ltr' id='par_1_33' title="bbox 208 3238 1770 3312">
     <span class='ocr_line' id='line_1_33' title="bbox 208 3238 1770 3312; baseline 0.006 -23"><span class='ocrx_word' id='word_1_270' title='bbox 208 3249 268 3290; x_wconf 88' lang='lat' dir='ltr'><strong>ne</strong></span> <span class='ocrx_word' id='word_1_271' title='bbox 298 3251 350 3293; x_wconf 85' lang='lat' dir='ltr'><strong>se</strong></span> <span class='ocrx_word' id='word_1_272' title='bbox 380 3240 612 3294; x_wconf 78' lang='lat' dir='ltr'><strong>audeant</strong></span> <span class='ocrx_word' id='word_1_273' title='bbox 641 3238 823 3295; x_wconf 85' lang='lat' dir='ltr'><strong>dicere</strong></span> <span class='ocrx_word' id='word_1_274' title='bbox 869 3255 977 3295; x_wconf 90' lang='lat' dir='ltr'><strong>non</strong></span> <span class='ocrx_word' id='word_1_275' title='bbox 1021 3239 1219 3296; x_wconf 86' lang='lat' dir='ltr'><strong>habere</strong></span> <span class='ocrx_word' id='word_1_276' title='bbox 1270 3252 1571 3312; x_wconf 89' lang='lat' dir='ltr'><strong>peccatum.</strong></span> <span class='ocrx_word' id='word_1_277' title='bbox 1626 3242 1770 3300; x_wconf 85' lang='lat' dir='ltr'><strong>idem</strong></span> 
     </span>
    </p>
   </div>
   <div class='ocr_carea' id='block_1_34' title="bbox 203 3328 1770 3401">
    <p class='ocr_par' dir='ltr' id='par_1_34' title="bbox 203 3328 1770 3401">
     <span class='ocr_line' id='line_1_34' title="bbox 203 3328 1770 3401; baseline 0.004 -17"><span class='ocrx_word' id='word_1_278' title='bbox 203 3328 373 3398; x_wconf 72' lang='lat' dir='ltr'><strong>Quippe</strong></span> <span class='ocrx_word' id='word_1_279' title='bbox 391 3329 633 3385; x_wconf 75' lang='lat' dir='ltr'><strong>Joannes</strong></span> <span class='ocrx_word' id='word_1_280' title='bbox 659 3330 752 3401; x_wconf 90' lang='lat' dir='ltr'><strong>qui</strong></span> <span class='ocrx_word' id='word_1_281' title='bbox 791 3330 924 3385; x_wconf 90' lang='lat' dir='ltr'><strong>illud</strong></span> <span class='ocrx_word' id='word_1_282' title='bbox 952 3330 1081 3387; x_wconf 89' lang='lat' dir='ltr'><strong>vidit</strong></span> <span class='ocrx_word' id='word_1_283' title='bbox 1104 3372 1118 3397; x_wconf 93' lang='lat'><strong>,</strong></span> <span class='ocrx_word' id='word_1_284' title='bbox 1147 3331 1251 3387; x_wconf 89' lang='lat' dir='ltr'><strong>hoc</strong></span> <span class='ocrx_word' id='word_1_285' title='bbox 1274 3332 1408 3387; x_wconf 78' lang='lat' dir='ltr'><strong>dixit</strong></span> <span class='ocrx_word' id='word_1_286' title='bbox 1439 3350 1453 3386; x_wconf 94' lang='lat'><strong>:</strong></span> <span class='ocrx_word' id='word_1_287' title='bbox 1488 3332 1547 3389; x_wconf 89' lang='lat' dir='ltr'><strong>Si</strong></span> <span class='ocrx_word' id='word_1_288' title='bbox 1575 3333 1770 3389; x_wconf 71' lang='lat' dir='ltr'><strong>dixeri-</strong></span> 
     </span>
    </p>
   </div>
   <div class='ocr_carea' id='block_1_35' title="bbox 201 3421 1767 3496">
    <p class='ocr_par' dir='ltr' id='par_1_35' title="bbox 201 3421 1767 3496">
     <span class='ocr_line' id='line_1_35' title="bbox 201 3421 1767 3496; baseline 0.005 -24"><span class='ocrx_word' id='word_1_289' title='bbox 201 3421 419 3492; x_wconf 64' lang='grc' dir='ltr'><strong>σκυφία</strong></span> <span class='ocrx_word' id='word_1_290' title='bbox 445 3429 710 3490; x_wconf 79' lang='lat' dir='ltr'><strong>peccatum</strong></span> <span class='ocrx_word' id='word_1_291' title='bbox 734 3438 836 3475; x_wconf 84' lang='lat' dir='ltr'><strong>non</strong></span> <span class='ocrx_word' id='word_1_292' title='bbox 864 3422 1102 3477; x_wconf 80' lang='lat' dir='ltr'><strong>habemus</strong></span> <span class='ocrx_word' id='word_1_293' title='bbox 1124 3463 1140 3487; x_wconf 97' lang='lat'><strong>,</strong></span> <span class='ocrx_word' id='word_1_294' title='bbox 1166 3439 1259 3477; x_wconf 90' lang='lat' dir='ltr'><strong>nos</strong></span> <span class='ocrx_word' id='word_1_295' title='bbox 1290 3422 1428 3493; x_wconf 88' lang='lat' dir='ltr'><strong>ipsos</strong></span> <span class='ocrx_word' id='word_1_296' title='bbox 1457 3423 1733 3496; x_wconf 83' lang='lat' dir='ltr'><strong>decipimus</strong></span> <span class='ocrx_word' id='word_1_297' title='bbox 1751 3466 1767 3491; x_wconf 90' lang='lat'><strong>,</strong></span> 
     </span>
    </p>
   </div>
   <div class='ocr_carea' id='block_1_36' title="bbox 202 3508 1770 3585">
    <p class='ocr_par' dir='ltr' id='par_1_36' title="bbox 202 3508 1770 3585">
     <span class='ocr_line' id='line_1_36' title="bbox 202 3508 1770 3585; baseline 0.006 -25"><span class='ocrx_word' id='word_1_298' title='bbox 202 3518 245 3561; x_wconf 83' lang='lat' dir='ltr'><strong>et</strong></span> <span class='ocrx_word' id='word_1_299' title='bbox 260 3512 419 3566; x_wconf 68' lang='lat' dir='ltr'><strong>vetitas</strong></span> <span class='ocrx_word' id='word_1_300' title='bbox 433 3513 485 3566; x_wconf 86' lang='lat' dir='ltr'><strong>in</strong></span> <span class='ocrx_word' id='word_1_301' title='bbox 522 3512 667 3567; x_wconf 86' lang='lat' dir='ltr'><strong>nobis</strong></span> <span class='ocrx_word' id='word_1_302' title='bbox 694 3528 795 3565; x_wconf 85' lang='lat' dir='ltr'><strong>non</strong></span> <span class='ocrx_word' id='word_1_303' title='bbox 816 3522 909 3567; x_wconf 87' lang='lat' dir='ltr'><strong>est.</strong></span> <span class='ocrx_word' id='word_1_304' title='bbox 944 3512 1093 3580; x_wconf 84' lang='lat' dir='ltr'><strong>Quod</strong></span> <span class='ocrx_word' id='word_1_305' title='bbox 1112 3513 1156 3567; x_wconf 89' lang='lat' dir='ltr'><strong>si</strong></span> <span class='ocrx_word' id='word_1_306' title='bbox 1175 3508 1392 3585; x_wconf 78' lang='lat' dir='ltr'><strong>confessi</strong></span> <span class='ocrx_word' id='word_1_307' title='bbox 1415 3514 1659 3585; x_wconf 82' lang='lat' dir='ltr'><strong>fuerimus</strong></span> <span class='ocrx_word' id='word_1_308' title='bbox 1679 3516 1770 3570; x_wconf 86' lang='lat' dir='ltr'><strong>de-</strong></span> 
     </span>
    </p>
   </div>
   <div class='ocr_carea' id='block_1_37' title="bbox 212 3597 1773 3679">
    <p class='ocr_par' dir='ltr' id='par_1_37' title="bbox 212 3597 1773 3679">
     <span class='ocr_line' id='line_1_37' title="bbox 212 3597 1773 3679; baseline 0.006 -26"><span class='ocrx_word' id='word_1_309' title='bbox 212 3597 315 3653; x_wconf 76' lang='lat' dir='ltr'><strong>licta</strong></span> <span class='ocrx_word' id='word_1_310' title='bbox 334 3611 483 3656; x_wconf 79' lang='lat' dir='ltr'><strong>nostra</strong></span> <span class='ocrx_word' id='word_1_311' title='bbox 502 3644 521 3668; x_wconf 91' lang='lat'><strong>,</strong></span> <span class='ocrx_word' id='word_1_312' title='bbox 546 3604 717 3673; x_wconf 81' lang='lat' dir='ltr'><strong>ﬁdelis</strong></span> <span class='ocrx_word' id='word_1_313' title='bbox 744 3613 819 3657; x_wconf 87' lang='lat' dir='ltr'><strong>est</strong></span> <span class='ocrx_word' id='word_1_314' title='bbox 846 3612 892 3659; x_wconf 81' lang='lat' dir='ltr'><strong>et</strong></span> <span class='ocrx_word' id='word_1_315' title='bbox 924 3605 1127 3675; x_wconf 87' lang='lat' dir='ltr'><strong>justus,</strong></span> <span class='ocrx_word' id='word_1_316' title='bbox 1157 3614 1214 3659; x_wconf 86' lang='lat' dir='ltr'><strong>ut</strong></span> <span class='ocrx_word' id='word_1_317' title='bbox 1239 3605 1459 3660; x_wconf 85' lang='lat' dir='ltr'><strong>dimittat</strong></span> <span class='ocrx_word' id='word_1_318' title='bbox 1483 3608 1628 3661; x_wconf 87' lang='lat' dir='ltr'><strong>nobis</strong></span> <span class='ocrx_word' id='word_1_319' title='bbox 1656 3624 1773 3679; x_wconf 88' lang='lat' dir='ltr'><strong>pec-</strong></span> 
     </span>
    </p>
   </div>
   <div class='ocr_carea' id='block_1_38' title="bbox 207 3696 1772 3769">
    <p class='ocr_par' dir='ltr' id='par_1_38' title="bbox 207 3696 1772 3769">
     <span class='ocr_line' id='line_1_38' title="bbox 207 3696 1772 3769; baseline 0.007 -25"><span class='ocrx_word' id='word_1_320' title='bbox 207 3701 309 3745; x_wconf 88' lang='lat' dir='ltr'><strong>cata</strong></span> <span class='ocrx_word' id='word_1_321' title='bbox 344 3704 494 3748; x_wconf 85' lang='lat' dir='ltr'><strong>nostra</strong></span> <span class='ocrx_word' id='word_1_322' title='bbox 512 3738 527 3761; x_wconf 95' lang='lat'><strong>,</strong></span> <span class='ocrx_word' id='word_1_323' title='bbox 567 3705 621 3750; x_wconf 82' lang='lat' dir='ltr'><strong>et</strong></span> <span class='ocrx_word' id='word_1_324' title='bbox 659 3706 840 3767; x_wconf 85' lang='lat' dir='ltr'><strong>purget</strong></span> <span class='ocrx_word' id='word_1_325' title='bbox 868 3713 960 3752; x_wconf 86' lang='lat' dir='ltr'><strong>nos</strong></span> <span class='ocrx_word' id='word_1_326' title='bbox 987 3696 1050 3751; x_wconf 91' lang='lat' dir='ltr'><strong>ab</strong></span> <span class='ocrx_word' id='word_1_327' title='bbox 1075 3699 1211 3752; x_wconf 89' lang='lat' dir='ltr'><strong>omni</strong></span> <span class='ocrx_word' id='word_1_328' title='bbox 1236 3698 1515 3769; x_wconf 84' lang='lat' dir='ltr'><strong>iniquitate.</strong></span> <span class='ocrx_word' id='word_1_329' title='bbox 1549 3698 1700 3765; x_wconf 85' lang='lat' dir='ltr'><strong>Quod</strong></span> <span class='ocrx_word' id='word_1_330' title='bbox 1727 3702 1772 3756; x_wconf 88' lang='lat' dir='ltr'><strong>si</strong></span> 
     </span>
    </p>
   </div>
   <div class='ocr_carea' id='block_1_39' title="bbox 202 3782 1773 3862">
    <p class='ocr_par' dir='ltr' id='par_1_39' title="bbox 202 3782 1773 3862">
     <span class='ocr_line' id='line_1_39' title="bbox 202 3782 1773 3862; baseline 0.005 -25"><span class='ocrx_word' id='word_1_331' title='bbox 202 3782 451 3842; x_wconf 66' lang='lat' dir='ltr'><strong>diruimus</strong></span> <span class='ocrx_word' id='word_1_332' title='bbox 485 3790 739 3858; x_wconf 80' lang='lat' dir='ltr'><strong>quoniam</strong></span> <span class='ocrx_word' id='word_1_333' title='bbox 766 3804 867 3841; x_wconf 85' lang='lat' dir='ltr'><strong>non</strong></span> <span class='ocrx_word' id='word_1_334' title='bbox 911 3788 1254 3859; x_wconf 80' lang='lat' dir='ltr'><strong>peccavimus,</strong></span> <span class='ocrx_word' id='word_1_335' title='bbox 1286 3789 1576 3845; x_wconf 85' lang='lat' dir='ltr'><strong>mendacem</strong></span> <span class='ocrx_word' id='word_1_336' title='bbox 1616 3791 1773 3862; x_wconf 86' lang='lat' dir='ltr'><strong>facie-</strong></span> 
     </span>
    </p>
   </div>
   <div class='ocr_carea' id='block_1_40' title="bbox 202 3880 1770 3951">
    <p class='ocr_par' dir='ltr' id='par_1_40' title="bbox 202 3880 1770 3951">
     <span class='ocr_line' id='line_1_40' title="bbox 202 3880 1770 3951; baseline 0.008 -24"><span class='ocrx_word' id='word_1_337' title='bbox 202 3890 297 3931; x_wconf 64' lang='lat' dir='ltr'><strong>mus</strong></span> <span class='ocrx_word' id='word_1_338' title='bbox 324 3895 457 3947; x_wconf 77' lang='lat' dir='ltr'><strong>eum,</strong></span> <span class='ocrx_word' id='word_1_339' title='bbox 482 3890 531 3936; x_wconf 76' lang='lat' dir='ltr'><strong>et</strong></span> <span class='ocrx_word' id='word_1_340' title='bbox 563 3880 774 3934; x_wconf 76' lang='lat' dir='ltr'><strong>verbum</strong></span> <span class='ocrx_word' id='word_1_341' title='bbox 802 3881 913 3951; x_wconf 84' lang='lat' dir='ltr'><strong>ejus</strong></span> <span class='ocrx_word' id='word_1_342' title='bbox 950 3897 1051 3935; x_wconf 85' lang='lat' dir='ltr'><strong>non</strong></span> <span class='ocrx_word' id='word_1_343' title='bbox 1086 3882 1180 3935; x_wconf 82' lang='lat' dir='ltr'><strong>erit</strong></span> <span class='ocrx_word' id='word_1_344' title='bbox 1204 3881 1258 3935; x_wconf 89' lang='lat' dir='ltr'><strong>in</strong></span> <span class='ocrx_word' id='word_1_345' title='bbox 1292 3882 1454 3937; x_wconf 89' lang='lat' dir='ltr'><strong>nobis.</strong></span> <span class='ocrx_word' id='word_1_346' title='bbox 1487 3882 1597 3938; x_wconf 90' lang='lat' dir='ltr'><strong>lloc</strong></span> <span class='ocrx_word' id='word_1_347' title='bbox 1624 3892 1770 3939; x_wconf 88' lang='lat' dir='ltr'><strong>certe</strong></span> 
     </span>
    </p>
   </div>
   <div class='ocr_carea' id='block_1_41' title="bbox 204 3970 1770 4041">
    <p class='ocr_par' dir='ltr' id='par_1_41' title="bbox 204 3970 1770 4041">
     <span class='ocr_line' id='line_1_41' title="bbox 204 3970 1770 4041; baseline 0.006 -20"><span class='ocrx_word' id='word_1_348' title='bbox 204 3983 291 4024; x_wconf 83' lang='lat' dir='ltr'><strong>non</strong></span> <span class='ocrx_word' id='word_1_349' title='bbox 316 3970 410 4025; x_wconf 84' lang='lat' dir='ltr'><strong>illis</strong></span> <span class='ocrx_word' id='word_1_350' title='bbox 432 3982 523 4027; x_wconf 87' lang='lat' dir='ltr'><strong>aut</strong></span> <span class='ocrx_word' id='word_1_351' title='bbox 548 3972 685 4036; x_wconf 88' lang='lat' dir='ltr'><strong>illis,</strong></span> <span class='ocrx_word' id='word_1_352' title='bbox 707 3970 802 4027; x_wconf 85' lang='lat' dir='ltr'><strong>sed</strong></span> <span class='ocrx_word' id='word_1_353' title='bbox 831 3971 1147 4028; x_wconf 83' lang='lat' dir='ltr'><strong>Christianis</strong></span> <span class='ocrx_word' id='word_1_354' title='bbox 1167 3973 1414 4027; x_wconf 90' lang='lat' dir='ltr'><strong>omnibus</strong></span> <span class='ocrx_word' id='word_1_355' title='bbox 1432 3972 1651 4041; x_wconf 88' lang='lat' dir='ltr'><strong>dicitur,</strong></span> <span class='ocrx_word' id='word_1_356' title='bbox 1680 3974 1770 4030; x_wconf 92' lang='lat' dir='ltr'><strong>ubi</strong></span> 
     </span>
    </p>
   </div>
   <div class='ocr_carea' id='block_1_42' title="bbox 203 4062 1772 4133">
    <p class='ocr_par' dir='ltr' id='par_1_42' title="bbox 203 4062 1772 4133">
     <span class='ocr_line' id='line_1_42' title="bbox 203 4062 1772 4133; baseline 0.005 -20"><span class='ocrx_word' id='word_1_357' title='bbox 203 4069 248 4112; x_wconf 86' lang='lat' dir='ltr'><strong>et</strong></span> <span class='ocrx_word' id='word_1_358' title='bbox 269 4062 477 4132; x_wconf 75' lang='lat' dir='ltr'><strong>virgines</strong></span> <span class='ocrx_word' id='word_1_359' title='bbox 511 4079 582 4119; x_wconf 86' lang='lat' dir='ltr'><strong>se</strong></span> <span class='ocrx_word' id='word_1_360' title='bbox 617 4062 815 4118; x_wconf 88' lang='lat' dir='ltr'><strong>debent</strong></span> <span class='ocrx_word' id='word_1_361' title='bbox 840 4077 1151 4133; x_wconf 73' lang='lat' dir='ltr'><strong>agnoscam.</strong></span> <span class='ocrx_word' id='word_1_362' title='bbox 1189 4063 1278 4119; x_wconf 87' lang='lat' dir='ltr'><strong>Sic</strong></span> <span class='ocrx_word' id='word_1_363' title='bbox 1303 4064 1446 4119; x_wconf 89' lang='lat' dir='ltr'><strong>enim</strong></span> <span class='ocrx_word' id='word_1_364' title='bbox 1472 4072 1629 4121; x_wconf 88' lang='lat' dir='ltr'><strong>erunt</strong></span> <span class='ocrx_word' id='word_1_365' title='bbox 1655 4065 1772 4121; x_wconf 90' lang='lat' dir='ltr'><strong>sine</strong></span> 
     </span>
    </p>
   </div>
   <div class='ocr_carea' id='block_1_43' title="bbox 202 4152 1773 4226">
    <p class='ocr_par' dir='ltr' id='par_1_43' title="bbox 202 4152 1773 4226">
     <span class='ocr_line' id='line_1_43' title="bbox 202 4152 1773 4226; baseline 0.003 -19"><span class='ocrx_word' id='word_1_366' title='bbox 202 4152 441 4209; x_wconf 78' lang='lat' dir='ltr'><strong>mendacio</strong></span> <span class='ocrx_word' id='word_1_367' title='bbox 463 4196 478 4220; x_wconf 90' lang='lat'><strong>,</strong></span> <span class='ocrx_word' id='word_1_368' title='bbox 500 4154 703 4226; x_wconf 85' lang='lat' dir='ltr'><strong>quales</strong></span> <span class='ocrx_word' id='word_1_369' title='bbox 730 4154 783 4207; x_wconf 91' lang='lat' dir='ltr'><strong>in</strong></span> <span class='ocrx_word' id='word_1_370' title='bbox 813 4153 1129 4225; x_wconf 79' lang='lat' dir='ltr'><strong>Apocalypsi</strong></span> <span class='ocrx_word' id='word_1_371' title='bbox 1156 4164 1536 4224; x_wconf 89' lang='lat' dir='ltr'><strong>apparuerunt.</strong></span> <span class='ocrx_word' id='word_1_372' title='bbox 1567 4157 1647 4211; x_wconf 84' lang='lat' dir='ltr'><strong>Ac</strong></span> <span class='ocrx_word' id='word_1_373' title='bbox 1674 4171 1773 4225; x_wconf 90' lang='lat' dir='ltr'><strong>per</strong></span> 
     </span>
    </p>
   </div>
   <div class='ocr_carea' id='block_1_44' title="bbox 198 4238 1769 4317">
    <p class='ocr_par' dir='ltr' id='par_1_44' title="bbox 198 4238 1769 4317">
     <span class='ocr_line' id='line_1_44' title="bbox 198 4238 1769 4317; baseline 0.003 -20"><span class='ocrx_word' id='word_1_374' title='bbox 198 4238 283 4297; x_wconf 85' lang='lat' dir='ltr'><strong>hoc</strong></span> <span class='ocrx_word' id='word_1_375' title='bbox 302 4246 541 4315; x_wconf 87' lang='lat' dir='ltr'><strong>quamdiu</strong></span> <span class='ocrx_word' id='word_1_376' title='bbox 581 4243 825 4300; x_wconf 90' lang='lat' dir='ltr'><strong>nondum</strong></span> <span class='ocrx_word' id='word_1_377' title='bbox 852 4254 935 4300; x_wconf 78' lang='lat' dir='ltr'><strong>est</strong></span> <span class='ocrx_word' id='word_1_378' title='bbox 974 4245 1027 4300; x_wconf 88' lang='lat' dir='ltr'><strong>in</strong></span> <span class='ocrx_word' id='word_1_379' title='bbox 1052 4242 1263 4301; x_wconf 72' lang='lat' dir='ltr'><strong>etelesﬁ</strong></span> <span class='ocrx_word' id='word_1_380' title='bbox 1290 4244 1615 4301; x_wconf 86' lang='lat' dir='ltr'><strong>sublimitate</strong></span> <span class='ocrx_word' id='word_1_381' title='bbox 1645 4262 1769 4317; x_wconf 82' lang='lat' dir='ltr'><strong>per-</strong></span> 
     </span>
    </p>
   </div>
   <div class='ocr_carea' id='block_1_45' title="bbox 174 4316 1767 4407">
    <p class='ocr_par' dir='ltr' id='par_1_45' title="bbox 174 4316 1767 4407">
     <span class='ocr_line' id='line_1_45' title="bbox 174 4316 1767 4407; baseline 0.002 -19"><span class='ocrx_word' id='word_1_382' title='bbox 174 4316 364 4405; x_wconf 72' lang='lat' dir='ltr'><strong>lectio,</strong></span> <span class='ocrx_word' id='word_1_383' title='bbox 405 4336 856 4407; x_wconf 84' lang='lat' dir='ltr'><strong>inviluperabiles</strong></span> <span class='ocrx_word' id='word_1_384' title='bbox 891 4335 1015 4391; x_wconf 80' lang='lat' dir='ltr'><strong>facit</strong></span> <span class='ocrx_word' id='word_1_385' title='bbox 1057 4336 1110 4391; x_wconf 91' lang='lat' dir='ltr'><strong>in</strong></span> <span class='ocrx_word' id='word_1_386' title='bbox 1151 4333 1450 4392; x_wconf 71' lang='lat' dir='ltr'><strong>humilitate</strong></span> <span class='ocrx_word' id='word_1_387' title='bbox 1477 4316 1767 4392; x_wconf 71' lang='lat' dir='ltr'><strong>confessio.</strong></span> 
     </span>
    </p>
   </div>
   <div class='ocr_carea' id='block_1_46' title="bbox 255 4425 1770 4498">
    <p class='ocr_par' dir='ltr' id='par_1_46' title="bbox 255 4425 1770 4498">
     <span class='ocr_line' id='line_1_46' title="bbox 255 4425 1770 4498; baseline 0 -15"><span class='ocrx_word' id='word_1_388' title='bbox 255 4428 332 4483; x_wconf 90' lang='lat'><strong>50.</strong></span> <span class='ocrx_word' id='word_1_389' title='bbox 357 4428 458 4485; x_wconf 88' lang='lat' dir='ltr'><strong>Sed</strong></span> <span class='ocrx_word' id='word_1_390' title='bbox 487 4442 713 4494; x_wconf 90' lang='lat' dir='ltr'><strong>rursus,</strong></span> <span class='ocrx_word' id='word_1_391' title='bbox 736 4443 805 4483; x_wconf 89' lang='lat' dir='ltr'><strong>ne</strong></span> <span class='ocrx_word' id='word_1_392' title='bbox 835 4442 931 4498; x_wconf 88' lang='lat' dir='ltr'><strong>per</strong></span> <span class='ocrx_word' id='word_1_393' title='bbox 956 4426 1291 4483; x_wconf 87' lang='lat' dir='ltr'><strong>occasionem</strong></span> <span class='ocrx_word' id='word_1_394' title='bbox 1316 4425 1473 4498; x_wconf 87' lang='lat' dir='ltr'><strong>hujus</strong></span> <span class='ocrx_word' id='word_1_395' title='bbox 1491 4428 1770 4484; x_wconf 74' lang='lat' dir='ltr'><strong>sententia:</strong></span> 
     </span>
    </p>
   </div>
   <div class='ocr_carea' id='block_1_47' title="bbox 196 4519 1770 4592">
    <p class='ocr_par' dir='ltr' id='par_1_47' title="bbox 196 4519 1770 4592">
     <span class='ocr_line' id='line_1_47' title="bbox 196 4519 1770 4592; baseline 0.001 -16"><span class='ocrx_word' id='word_1_396' title='bbox 196 4520 442 4592; x_wconf 78' lang='lat' dir='ltr'><strong>quisquam</strong></span> <span class='ocrx_word' id='word_1_397' title='bbox 467 4538 605 4579; x_wconf 83' lang='lat' dir='ltr'><strong>cum</strong></span> <span class='ocrx_word' id='word_1_398' title='bbox 634 4519 907 4576; x_wconf 77' lang='lat' dir='ltr'><strong>mortifera</strong></span> <span class='ocrx_word' id='word_1_399' title='bbox 946 4522 1233 4577; x_wconf 85' lang='lat' dir='ltr'><strong>securitate</strong></span> <span class='ocrx_word' id='word_1_400' title='bbox 1276 4528 1560 4591; x_wconf 87' lang='lat' dir='ltr'><strong>peccaret,</strong></span> <span class='ocrx_word' id='word_1_401' title='bbox 1604 4536 1770 4591; x_wconf 85' lang='lat' dir='ltr'><strong>seque</strong></span> 
     </span>
    </p>
   </div>
   <div class='ocr_carea' id='block_1_48' title="bbox 198 4612 1769 4685">
    <p class='ocr_par' dir='ltr' id='par_1_48' title="bbox 198 4612 1769 4685">
     <span class='ocr_line' id='line_1_48' title="bbox 198 4612 1769 4685; baseline 0.005 -24"><span class='ocrx_word' id='word_1_402' title='bbox 198 4612 482 4670; x_wconf 71' lang='lat' dir='ltr'><strong>habendum</strong></span> <span class='ocrx_word' id='word_1_403' title='bbox 518 4613 897 4685; x_wconf 85' lang='lat' dir='ltr'><strong>permitteret,</strong></span> <span class='ocrx_word' id='word_1_404' title='bbox 924 4620 1175 4683; x_wconf 88' lang='lat' dir='ltr'><strong>tanquam</strong></span> <span class='ocrx_word' id='word_1_405' title='bbox 1206 4625 1330 4668; x_wconf 79' lang='lat' dir='ltr'><strong>mox</strong></span> <span class='ocrx_word' id='word_1_406' title='bbox 1359 4612 1599 4668; x_wconf 87' lang='lat' dir='ltr'><strong>delendis</strong></span> <span class='ocrx_word' id='word_1_407' title='bbox 1629 4612 1769 4669; x_wconf 78' lang='lat' dir='ltr'><strong>facili</strong></span> 
     </span>
    </p>
   </div>
   <div class='ocr_carea' id='block_1_49' title="bbox 198 4701 1765 4777">
    <p class='ocr_par' dir='ltr' id='par_1_49' title="bbox 198 4701 1765 4777">
     <span class='ocr_line' id='line_1_49' title="bbox 198 4701 1765 4777; baseline 0.003 -23"><span class='ocrx_word' id='word_1_408' title='bbox 198 4702 499 4762; x_wconf 75' lang='lat' dir='ltr'><strong>confessione</strong></span> <span class='ocrx_word' id='word_1_409' title='bbox 528 4704 775 4777; x_wconf 85' lang='lat' dir='ltr'><strong>peccatis</strong></span> <span class='ocrx_word' id='word_1_410' title='bbox 794 4744 808 4769; x_wconf 93' lang='lat'><strong>,</strong></span> <span class='ocrx_word' id='word_1_411' title='bbox 837 4704 1091 4759; x_wconf 90' lang='lat' dir='ltr'><strong>continuo</strong></span> <span class='ocrx_word' id='word_1_412' title='bbox 1124 4704 1383 4774; x_wconf 89' lang='lat' dir='ltr'><strong>subjecit,</strong></span> <span class='ocrx_word' id='word_1_413' title='bbox 1416 4701 1595 4759; x_wconf 78' lang='lat' dir='ltr'><strong>Filioti</strong></span> <span class='ocrx_word' id='word_1_414' title='bbox 1632 4704 1729 4758; x_wconf 88' lang='lat' dir='ltr'><strong>mei</strong></span> <span class='ocrx_word' id='word_1_415' title='bbox 1751 4746 1765 4771; x_wconf 94' lang='lat'><strong>,</strong></span> 
     </span>
    </p>
   </div>
   <div class='ocr_carea' id='block_1_50' title="bbox 200 4794 1765 4870">
    <p class='ocr_par' dir='ltr' id='par_1_50' title="bbox 200 4794 1765 4870">
     <span class='ocr_line' id='line_1_50' title="bbox 200 4794 1765 4870; baseline 0.003 -21"><span class='ocrx_word' id='word_1_416' title='bbox 200 4794 286 4849; x_wconf 67' lang='lat' dir='ltr'><strong>hcc</strong></span> <span class='ocrx_word' id='word_1_417' title='bbox 301 4799 469 4868; x_wconf 84' lang='lat' dir='ltr'><strong>scripsi</strong></span> <span class='ocrx_word' id='word_1_418' title='bbox 500 4799 648 4855; x_wconf 79' lang='lat' dir='ltr'><strong>vobis</strong></span> <span class='ocrx_word' id='word_1_419' title='bbox 668 4840 685 4862; x_wconf 89' lang='lat'><strong>,</strong></span> <span class='ocrx_word' id='word_1_420' title='bbox 708 4807 762 4852; x_wconf 81' lang='lat' dir='ltr'><strong>ut</strong></span> <span class='ocrx_word' id='word_1_421' title='bbox 783 4815 884 4852; x_wconf 82' lang='lat' dir='ltr'><strong>non</strong></span> <span class='ocrx_word' id='word_1_422' title='bbox 904 4798 1117 4870; x_wconf 77' lang='lat' dir='ltr'><strong>peccetis</strong></span> <span class='ocrx_word' id='word_1_423' title='bbox 1143 4814 1163 4852; x_wconf 89' lang='lat'><strong><em>:</em></strong></span> <span class='ocrx_word' id='word_1_424' title='bbox 1183 4808 1228 4853; x_wconf 89' lang='lat' dir='ltr'><strong>et</strong></span> <span class='ocrx_word' id='word_1_425' title='bbox 1249 4799 1292 4852; x_wconf 90' lang='lat' dir='ltr'><strong>si</strong></span> <span class='ocrx_word' id='word_1_426' title='bbox 1310 4799 1423 4870; x_wconf 85' lang='lat' dir='ltr'><strong>quis</strong></span> <span class='ocrx_word' id='word_1_427' title='bbox 1451 4800 1727 4869; x_wconf 79' lang='lat' dir='ltr'><strong>peccaverit</strong></span> <span class='ocrx_word' id='word_1_428' title='bbox 1749 4841 1765 4866; x_wconf 94' lang='lat'><strong>,</strong></span> 
     </span>
    </p>
   </div>
   <div class='ocr_carea' id='block_1_51' title="bbox 201 4888 1771 4965">
    <p class='ocr_par' dir='ltr' id='par_1_51' title="bbox 201 4888 1771 4965">
     <span class='ocr_line' id='line_1_51' title="bbox 201 4888 1771 4965; baseline 0.003 -23"><span class='ocrx_word' id='word_1_429' title='bbox 201 4888 465 4946; x_wconf 54' lang='lat' dir='ltr'><strong>“malum</strong></span> <span class='ocrx_word' id='word_1_430' title='bbox 506 4893 758 4947; x_wconf 60' lang='lat' dir='ltr'><strong>habenas</strong></span> <span class='ocrx_word' id='word_1_431' title='bbox 801 4888 871 4945; x_wconf 84' lang='lat' dir='ltr'><strong>ad</strong></span> <span class='ocrx_word' id='word_1_432' title='bbox 919 4891 1125 4945; x_wconf 82' lang='lat' dir='ltr'><strong>Patrem</strong></span> <span class='ocrx_word' id='word_1_433' title='bbox 1168 4889 1349 4947; x_wconf 70' lang='lat' dir='ltr'><strong>Iesum</strong></span> <span class='ocrx_word' id='word_1_434' title='bbox 1386 4892 1641 4947; x_wconf 77' lang='lat' dir='ltr'><strong>Christum</strong></span> <span class='ocrx_word' id='word_1_435' title='bbox 1679 4892 1771 4965; x_wconf 84' lang='lat' dir='ltr'><strong>ju-</strong></span> 
     </span>
    </p>
   </div>
   <div class='ocr_carea' id='block_1_52' title="bbox 201 4982 1768 5055">
    <p class='ocr_par' dir='ltr' id='par_1_52' title="bbox 201 4982 1768 5055">
     <span class='ocr_line' id='line_1_52' title="bbox 201 4982 1768 5055; baseline 0.007 -27"><span class='ocrx_word' id='word_1_436' title='bbox 201 4989 346 5045; x_wconf 74' lang='lat' dir='ltr'><strong>stus;</strong></span> <span class='ocrx_word' id='word_1_437' title='bbox 386 4993 434 5037; x_wconf 90' lang='lat' dir='ltr'><strong>et</strong></span> <span class='ocrx_word' id='word_1_438' title='bbox 479 4984 595 5053; x_wconf 87' lang='lat' dir='ltr'><strong>ipse</strong></span> <span class='ocrx_word' id='word_1_439' title='bbox 650 4982 955 5053; x_wconf 82' lang='lat' dir='ltr'><strong>propitiator</strong></span> <span class='ocrx_word' id='word_1_440' title='bbox 1000 4994 1072 5036; x_wconf 91' lang='lat' dir='ltr'><strong>est</strong></span> <span class='ocrx_word' id='word_1_441' title='bbox 1120 4992 1440 5055; x_wconf 86' lang='lat' dir='ltr'><strong>peccatorum</strong></span> <span class='ocrx_word' id='word_1_442' title='bbox 1483 4993 1768 5039; x_wconf 86' lang='lat' dir='ltr'><strong>nostrorum</strong></span> 
     </span>
    </p>
   </div>
   <div class='ocr_carea' id='block_1_53' title="bbox 203 5068 1767 5146">
    <p class='ocr_par' dir='ltr' id='par_1_53' title="bbox 203 5068 1767 5146">
     <span class='ocr_line' id='line_1_53' title="bbox 203 5068 1767 5146; baseline 0.006 -25"><span class='ocrx_word' id='word_1_443' title='bbox 203 5068 247 5135; x_wconf 93' lang='lat' dir='ltr'><strong>(l</strong></span> <span class='ocrx_word' id='word_1_444' title='bbox 266 5069 408 5127; x_wconf 73' lang='lat' dir='ltr'><strong>locis.</strong></span> <span class='ocrx_word' id='word_1_445' title='bbox 444 5090 492 5139; x_wconf 86' lang='grc' dir='ltr'>ι,</span> <span class='ocrx_word' id='word_1_446' title='bbox 524 5074 632 5130; x_wconf 85' lang='grc' dir='ltr'>8-ιι</span> <span class='ocrx_word' id='word_1_447' title='bbox 651 5114 667 5139; x_wconf 83' lang='grc'><em>,</em></span> <span class='ocrx_word' id='word_1_448' title='bbox 710 5072 790 5143; x_wconf 76' lang='grc'><strong>2).</strong></span> <span class='ocrx_word' id='word_1_449' title='bbox 816 5071 986 5129; x_wconf 79' lang='lat' dir='ltr'><strong>Nemo</strong></span> <span class='ocrx_word' id='word_1_450' title='bbox 1010 5072 1187 5144; x_wconf 86' lang='lat' dir='ltr'><strong>itaque</strong></span> <span class='ocrx_word' id='word_1_451' title='bbox 1212 5089 1242 5128; x_wconf 89' lang='lat' dir='ltr'><strong>a</strong></span> <span class='ocrx_word' id='word_1_452' title='bbox 1270 5085 1492 5145; x_wconf 88' lang='lat' dir='ltr'><strong>peccato</strong></span> <span class='ocrx_word' id='word_1_453' title='bbox 1517 5083 1767 5146; x_wconf 79' lang='lat' dir='ltr'><strong>tanquam</strong></span> 
     </span>
    </p>
   </div>
   <div class='ocr_carea' id='block_1_54' title="bbox 202 5160 1771 5235">
    <p class='ocr_par' dir='ltr' id='par_1_54' title="bbox 202 5160 1771 5235">
     <span class='ocr_line' id='line_1_54' title="bbox 202 5160 1771 5235; baseline 0.004 -22"><span class='ocrx_word' id='word_1_454' title='bbox 202 5160 435 5225; x_wconf 81' lang='lat' dir='ltr'><strong>rediturus</strong></span> <span class='ocrx_word' id='word_1_455' title='bbox 459 5163 756 5231; x_wconf 85' lang='lat' dir='ltr'><strong>abscedat,</strong></span> <span class='ocrx_word' id='word_1_456' title='bbox 779 5178 880 5219; x_wconf 89' lang='lat' dir='ltr'><strong>nec</strong></span> <span class='ocrx_word' id='word_1_457' title='bbox 907 5180 967 5220; x_wconf 89' lang='lat' dir='ltr'><strong>se</strong></span> <span class='ocrx_word' id='word_1_458' title='bbox 996 5163 1299 5234; x_wconf 75' lang='lat' dir='ltr'><strong>huiusmodi</strong></span> <span class='ocrx_word' id='word_1_459' title='bbox 1328 5164 1479 5235; x_wconf 88' lang='lat' dir='ltr'><strong>quasi</strong></span> <span class='ocrx_word' id='word_1_460' title='bbox 1499 5167 1771 5221; x_wconf 87' lang='lat' dir='ltr'><strong>societatis</strong></span> 
     </span>
    </p>
   </div>
   <div class='ocr_carea' id='block_1_55' title="bbox 204 5255 1769 5327">
    <p class='ocr_par' dir='ltr' id='par_1_55' title="bbox 204 5255 1769 5327">
     <span class='ocr_line' id='line_1_55' title="bbox 204 5255 1769 5327; baseline 0.002 -18"><span class='ocrx_word' id='word_1_461' title='bbox 204 5264 336 5316; x_wconf 70' lang='lat' dir='ltr'><strong>pacto</strong></span> <span class='ocrx_word' id='word_1_462' title='bbox 373 5272 492 5310; x_wconf 86' lang='lat' dir='ltr'><strong>cum</strong></span> <span class='ocrx_word' id='word_1_463' title='bbox 545 5255 829 5326; x_wconf 86' lang='lat' dir='ltr'><strong>iniquitate</strong></span> <span class='ocrx_word' id='word_1_464' title='bbox 866 5257 1226 5327; x_wconf 85' lang='lat' dir='ltr'><strong>constringat,</strong></span> <span class='ocrx_word' id='word_1_465' title='bbox 1274 5264 1333 5311; x_wconf 93' lang='lat' dir='ltr'><strong>ut</strong></span> <span class='ocrx_word' id='word_1_466' title='bbox 1369 5270 1488 5311; x_wconf 83' lang='lat' dir='ltr'><strong>eam</strong></span> <span class='ocrx_word' id='word_1_467' title='bbox 1527 5256 1769 5312; x_wconf 81' lang='lat' dir='ltr'><strong>conﬁteri</strong></span> 
     </span>
    </p>
   </div>
   <div class='ocr_carea' id='block_1_56' title="bbox 204 5347 834 5411">
    <p class='ocr_par' dir='ltr' id='par_1_56' title="bbox 204 5347 834 5411">
     <span class='ocr_line' id='line_1_56' title="bbox 204 5347 834 5411; baseline 0.008 -15"><span class='ocrx_word' id='word_1_468' title='bbox 204 5358 336 5411; x_wconf 76' lang='lat' dir='ltr'><strong>quam</strong></span> <span class='ocrx_word' id='word_1_469' title='bbox 362 5363 549 5403; x_wconf 85' lang='lat' dir='ltr'><strong>cavere</strong></span> <span class='ocrx_word' id='word_1_470' title='bbox 576 5347 834 5404; x_wconf 85' lang='lat' dir='ltr'><strong>delectet.</strong></span> 
     </span>
    </p>
   </div>
   <div class='ocr_carea' id='block_1_57' title="bbox 261 5435 1774 5513">
    <p class='ocr_par' dir='ltr' id='par_1_57' title="bbox 261 5435 1774 5513">
     <span class='ocr_line' id='line_1_57' title="bbox 261 5435 1774 5513; baseline 0.004 -24"><span class='ocrx_word' id='word_1_471' title='bbox 261 5435 472 5495; x_wconf 77' lang='lat' dir='ltr'><strong>CAPUT</strong></span> <span class='ocrx_word' id='word_1_472' title='bbox 513 5440 577 5494; x_wconf 84' lang='lat' dir='ltr'><strong>L.</strong></span> <span class='ocrx_word' id='word_1_473' title='bbox 606 5469 675 5480; x_wconf 95' lang='lat'>—</span> <span class='ocrx_word' id='word_1_474' title='bbox 700 5439 919 5495; x_wconf 80' lang='lat' dir='ltr'><strong>Peccata</strong></span> <span class='ocrx_word' id='word_1_475' title='bbox 934 5442 1089 5509; x_wconf 78' lang='lat' dir='ltr'><strong>parua</strong></span> <span class='ocrx_word' id='word_1_476' title='bbox 1108 5456 1220 5510; x_wconf 78' lang='lat' dir='ltr'><strong>qua:</strong></span> <span class='ocrx_word' id='word_1_477' title='bbox 1240 5438 1512 5510; x_wconf 87' lang='lat' dir='ltr'><strong>subrepunt</strong></span> <span class='ocrx_word' id='word_1_478' title='bbox 1559 5441 1774 5513; x_wconf 78' lang='lat' dir='ltr'><strong>vigilan-</strong></span> 
     </span>
    </p>
   </div>
   <div class='ocr_carea' id='block_1_58' title="bbox 209 5526 1771 5602">
    <p class='ocr_par' dir='ltr' id='par_1_58' title="bbox 209 5526 1771 5602">
     <span class='ocr_line' id='line_1_58' title="bbox 209 5526 1771 5602; baseline 0.003 -20"><span class='ocrx_word' id='word_1_479' title='bbox 209 5526 336 5591; x_wconf 77' lang='lat' dir='ltr'><strong>tibus.</strong></span> <span class='ocrx_word' id='word_1_480' title='bbox 361 5531 597 5599; x_wconf 70' lang='lat' dir='ltr'><strong>superbia</strong></span> <span class='ocrx_word' id='word_1_481' title='bbox 618 5542 867 5593; x_wconf 82' lang='lat' dir='ltr'><strong>crescunt,</strong></span> <span class='ocrx_word' id='word_1_482' title='bbox 890 5531 1171 5585; x_wconf 83' lang='lat' dir='ltr'><strong>humilitate</strong></span> <span class='ocrx_word' id='word_1_483' title='bbox 1199 5532 1524 5601; x_wconf 78' lang='lat' dir='ltr'><strong>perimuntur.</strong></span> <span class='ocrx_word' id='word_1_484' title='bbox 1562 5531 1625 5588; x_wconf 91' lang='lat' dir='ltr'><strong>Si</strong></span> <span class='ocrx_word' id='word_1_485' title='bbox 1660 5533 1771 5602; x_wconf 85' lang='lat' dir='ltr'><strong>quis</strong></span> 
     </span>
    </p>
   </div>
   <div class='ocr_carea' id='block_1_59' title="bbox 210 5620 1771 5694">
    <p class='ocr_par' dir='ltr' id='par_1_59' title="bbox 210 5620 1771 5694">
     <span class='ocr_line' id='line_1_59' title="bbox 210 5620 1771 5694; baseline 0.006 -24"><span class='ocrx_word' id='word_1_486' title='bbox 210 5620 322 5685; x_wconf 80' lang='lat' dir='ltr'><strong>forte</strong></span> <span class='ocrx_word' id='word_1_487' title='bbox 343 5622 418 5674; x_wconf 85' lang='lat' dir='ltr'><strong>hic</strong></span> <span class='ocrx_word' id='word_1_488' title='bbox 439 5623 548 5674; x_wconf 84' lang='lat' dir='ltr'><strong>sine</strong></span> <span class='ocrx_word' id='word_1_489' title='bbox 575 5634 777 5691; x_wconf 83' lang='lat' dir='ltr'><strong>peccato</strong></span> <span class='ocrx_word' id='word_1_490' title='bbox 802 5663 817 5686; x_wconf 91' lang='lat'><strong>,</strong></span> <span class='ocrx_word' id='word_1_491' title='bbox 848 5632 1035 5691; x_wconf 86' lang='lat' dir='ltr'><strong>quanto</strong></span> <span class='ocrx_word' id='word_1_492' title='bbox 1066 5640 1274 5693; x_wconf 86' lang='lat' dir='ltr'><strong>magnus</strong></span> <span class='ocrx_word' id='word_1_493' title='bbox 1298 5632 1372 5677; x_wconf 91' lang='lat' dir='ltr'><strong>est</strong></span> <span class='ocrx_word' id='word_1_494' title='bbox 1395 5664 1411 5691; x_wconf 91' lang='lat'><strong>,</strong></span> <span class='ocrx_word' id='word_1_495' title='bbox 1446 5632 1584 5677; x_wconf 89' lang='lat' dir='ltr'><strong>tanto</strong></span> <span class='ocrx_word' id='word_1_496' title='bbox 1612 5625 1771 5694; x_wconf 82' lang='lat' dir='ltr'><strong>magis</strong></span> 
     </span>
    </p>
   </div>
   <div class='ocr_carea' id='block_1_60' title="bbox 264 5730 1567 5801">
    <p class='ocr_par' dir='ltr' id='par_1_60' title="bbox 264 5730 1567 5801">
     <span class='ocr_line' id='line_1_60' title="bbox 264 5730 1567 5801; baseline 0.002 -20"><span class='ocrx_word' id='word_1_497' title='bbox 264 5732 280 5760; x_wconf 84' lang='grc'>⁸</span> <span class='ocrx_word' id='word_1_498' title='bbox 302 5730 561 5782; x_wconf 78' lang='lat' dir='ltr'><strong>Sotaeditio</strong></span> <span class='ocrx_word' id='word_1_499' title='bbox 582 5739 690 5784; x_wconf 68' lang='lat' dir='ltr'><strong>nov.</strong></span> <span class='ocrx_word' id='word_1_500' title='bbox 713 5747 726 5782; x_wconf 88' lang='lat'><strong>:</strong></span> <span class='ocrx_word' id='word_1_501' title='bbox 747 5742 869 5784; x_wconf 85' lang='lat' dir='ltr'><strong>cum</strong></span> <span class='ocrx_word' id='word_1_502' title='bbox 889 5746 1001 5784; x_wconf 83' lang='lat' dir='ltr'><strong>vero</strong></span> <span class='ocrx_word' id='word_1_503' title='bbox 1011 5733 1119 5797; x_wconf 85' lang='lat' dir='ltr'><strong>jam</strong></span> <span class='ocrx_word' id='word_1_504' title='bbox 1138 5733 1364 5801; x_wconf 65' lang='lat' dir='ltr'><strong>baptismi</strong></span> <span class='ocrx_word' id='word_1_505' title='bbox 1383 5738 1567 5801; x_wconf 47' lang='lat' dir='ltr'><strong>orant,</strong></span> 
     </span>
    </p>
   </div>
   <div class='ocr_carea' id='block_1_61' title="bbox 428 5815 1138 5881">
    <p class='ocr_par' dir='ltr' id='par_1_61' title="bbox 428 5815 1138 5881">
     <span class='ocr_line' id='line_1_61' title="bbox 428 5815 1138 5881; baseline 0.008 -6"><span class='ocrx_word' id='word_1_506' title='bbox 428 5815 656 5877; x_wconf 59' lang='lat' dir='ltr'><strong>Sacr.</strong></span> <span class='ocrx_word' id='word_1_507' title='bbox 708 5820 985 5880; x_wconf 76' lang='lat' dir='ltr'><strong>Aususr.</strong></span> <span class='ocrx_word' id='word_1_508' title='bbox 1030 5819 1138 5881; x_wconf 84' lang='lat' dir='ltr'><strong>VI.</strong></span> 
     </span>
    </p>
   </div>
   <div class='ocr_carea' id='block_1_62' title="bbox 1629 282 2067 342">
    <p class='ocr_par' dir='ltr' id='par_1_62' title="bbox 1629 282 2067 342">
     <span class='ocr_line' id='line_1_62' title="bbox 1629 282 2067 342; baseline 0.007 -6"><span class='ocrx_word' id='word_1_509' title='bbox 1629 282 1827 338; x_wconf 79' lang='lat' dir='ltr'><strong>LIBER</strong></span> <span class='ocrx_word' id='word_1_510' title='bbox 1868 285 2067 342; x_wconf 71' lang='lat' dir='ltr'><strong>UNUS.</strong></span> 
     </span>
    </p>
   </div>
   <div class='ocr_carea' id='block_1_63' title="bbox 3376 293 3483 358">
    <p class='ocr_par' dir='ltr' id='par_1_63' title="bbox 3376 293 3483 358">
     <span class='ocr_line' id='line_1_63' title="bbox 3376 293 3483 358; baseline 0.121 -12"><span class='ocrx_word' id='word_1_511' title='bbox 3376 293 3483 358; x_wconf 67' lang='lat' dir='ltr'><strong>s93</strong></span> 
     </span>
    </p>
   </div>
   <div class='ocr_carea' id='block_1_64' title="bbox 1902 398 3483 483">
    <p class='ocr_par' dir='ltr' id='par_1_64' title="bbox 1902 398 3483 483">
     <span class='ocr_line' id='line_1_64' title="bbox 1902 398 3483 483; baseline 0.013 -32"><span class='ocrx_word' id='word_1_512' title='bbox 1902 398 2222 475; x_wconf 53' lang='lat' dir='ltr'><strong>Iouinitiatsc.</strong></span> <span class='ocrx_word' id='word_1_513' title='bbox 2248 398 2352 456; x_wconf 84' lang='lat' dir='ltr'><strong>Sed</strong></span> <span class='ocrx_word' id='word_1_514' title='bbox 2376 400 2623 473; x_wconf 87' lang='lat' dir='ltr'><strong>quoniam</strong></span> <span class='ocrx_word' id='word_1_515' title='bbox 2653 399 2813 461; x_wconf 87' lang='lat' dir='ltr'><strong>etiam</strong></span> <span class='ocrx_word' id='word_1_516' title='bbox 2839 408 3198 479; x_wconf 86' lang='lat' dir='ltr'><strong>satagcntibus</strong></span> <span class='ocrx_word' id='word_1_517' title='bbox 3220 410 3483 483; x_wconf 78' lang='lat' dir='ltr'><strong>vigilanti-</strong></span> 
     </span>
    </p>
   </div>
   <div class='ocr_carea' id='block_1_65' title="bbox 1899 486 3484 571">
    <p class='ocr_par' dir='ltr' id='par_1_65' title="bbox 1899 486 3484 571">
     <span class='ocr_line' id='line_1_65' title="bbox 1899 486 3484 571; baseline 0.013 -29"><span class='ocrx_word' id='word_1_518' title='bbox 1899 486 2103 559; x_wconf 86' lang='lat' dir='ltr'><strong>busquc</strong></span> <span class='ocrx_word' id='word_1_519' title='bbox 2130 507 2195 546; x_wconf 88' lang='lat' dir='ltr'><strong>ne</strong></span> <span class='ocrx_word' id='word_1_520' title='bbox 2219 503 2471 562; x_wconf 84' lang='lat' dir='ltr'><strong>peccent,</strong></span> <span class='ocrx_word' id='word_1_521' title='bbox 2508 495 2802 567; x_wconf 86' lang='lat' dir='ltr'><strong>subrepunt</strong></span> <span class='ocrx_word' id='word_1_522' title='bbox 2826 500 3058 571; x_wconf 88' lang='lat' dir='ltr'><strong>quodam</strong></span> <span class='ocrx_word' id='word_1_523' title='bbox 3089 501 3249 559; x_wconf 89' lang='lat' dir='ltr'><strong>modo</strong></span> <span class='ocrx_word' id='word_1_524' title='bbox 3275 518 3343 562; x_wconf 77' lang='lat' dir='ltr'><strong>ex</strong></span> <span class='ocrx_word' id='word_1_525' title='bbox 3383 506 3484 562; x_wconf 82' lang='lat' dir='ltr'><strong>hu-</strong></span> 
     </span>
    </p>
   </div>
   <div class='ocr_carea' id='block_1_66' title="bbox 1897 580 3483 668">
    <p class='ocr_par' dir='ltr' id='par_1_66' title="bbox 1897 580 3483 668">
     <span class='ocr_line' id='line_1_66' title="bbox 1897 580 3483 668; baseline 0.013 -34"><span class='ocrx_word' id='word_1_526' title='bbox 1897 594 2052 636; x_wconf 82' lang='lat' dir='ltr'><strong>mana</strong></span> <span class='ocrx_word' id='word_1_527' title='bbox 2101 580 2379 657; x_wconf 78' lang='lat' dir='ltr'><strong>fragilitate</strong></span> <span class='ocrx_word' id='word_1_528' title='bbox 2416 590 2631 656; x_wconf 89' lang='lat' dir='ltr'><strong>peccata</strong></span> <span class='ocrx_word' id='word_1_529' title='bbox 2656 629 2670 654; x_wconf 91' lang='lat'><strong>,</strong></span> <span class='ocrx_word' id='word_1_530' title='bbox 2708 591 2950 660; x_wconf 85' lang='lat' dir='ltr'><strong>quamvis</strong></span> <span class='ocrx_word' id='word_1_531' title='bbox 2993 606 3152 663; x_wconf 86' lang='lat' dir='ltr'><strong>parva</strong></span> <span class='ocrx_word' id='word_1_532' title='bbox 3176 636 3193 664; x_wconf 94' lang='lat'><strong>,</strong></span> <span class='ocrx_word' id='word_1_533' title='bbox 3237 600 3483 668; x_wconf 80' lang='lat' dir='ltr'><strong>quamvis</strong></span> 
     </span>
    </p>
   </div>
   <div class='ocr_carea' id='block_1_67' title="bbox 1896 677 3482 760">
    <p class='ocr_par' dir='ltr' id='par_1_67' title="bbox 1896 677 3482 760">
     <span class='ocr_line' id='line_1_67' title="bbox 1896 677 3482 760; baseline 0.014 -37"><span class='ocrx_word' id='word_1_534' title='bbox 1896 684 2061 740; x_wconf 87' lang='lat' dir='ltr'><strong>pauca</strong></span> <span class='ocrx_word' id='word_1_535' title='bbox 2087 713 2103 738; x_wconf 94' lang='lat'><strong>,</strong></span> <span class='ocrx_word' id='word_1_536' title='bbox 2134 689 2238 728; x_wconf 93' lang='lat' dir='ltr'><strong>non</strong></span> <span class='ocrx_word' id='word_1_537' title='bbox 2272 683 2446 731; x_wconf 89' lang='lat' dir='ltr'><strong>tamen</strong></span> <span class='ocrx_word' id='word_1_538' title='bbox 2476 677 2655 743; x_wconf 82' lang='lat' dir='ltr'><strong>nulla;</strong></span> <span class='ocrx_word' id='word_1_539' title='bbox 2686 680 2873 735; x_wconf 86' lang='lat' dir='ltr'><strong>eadem</strong></span> <span class='ocrx_word' id='word_1_540' title='bbox 2917 683 3029 755; x_wconf 88' lang='lat' dir='ltr'><strong>ipsa</strong></span> <span class='ocrx_word' id='word_1_541' title='bbox 3056 686 3185 742; x_wconf 81' lang='lat' dir='ltr'><strong>ﬁunt</strong></span> <span class='ocrx_word' id='word_1_542' title='bbox 3213 703 3401 760; x_wconf 85' lang='lat' dir='ltr'><strong>magna</strong></span> <span class='ocrx_word' id='word_1_543' title='bbox 3424 698 3482 747; x_wconf 88' lang='lat' dir='ltr'><strong>et</strong></span> 
     </span>
    </p>
   </div>
   <div class='ocr_carea' id='block_1_68' title="bbox 1892 763 3479 852">
    <p class='ocr_par' dir='ltr' id='par_1_68' title="bbox 1892 763 3479 852">
     <span class='ocr_line' id='line_1_68' title="bbox 1892 763 3479 852; baseline 0.014 -37"><span class='ocrx_word' id='word_1_544' title='bbox 1892 763 2071 831; x_wconf 79' lang='lat' dir='ltr'><strong>gravia</strong></span> <span class='ocrx_word' id='word_1_545' title='bbox 2093 805 2108 831; x_wconf 90' lang='lat'><strong>,</strong></span> <span class='ocrx_word' id='word_1_546' title='bbox 2148 765 2193 819; x_wconf 89' lang='lat' dir='ltr'><strong>si</strong></span> <span class='ocrx_word' id='word_1_547' title='bbox 2219 765 2299 821; x_wconf 89' lang='lat' dir='ltr'><strong>eis</strong></span> <span class='ocrx_word' id='word_1_548' title='bbox 2326 767 2573 838; x_wconf 89' lang='lat' dir='ltr'><strong>superbia</strong></span> <span class='ocrx_word' id='word_1_549' title='bbox 2599 769 2983 828; x_wconf 86' lang='lat' dir='ltr'><strong>incrementum</strong></span> <span class='ocrx_word' id='word_1_550' title='bbox 3014 786 3065 831; x_wconf 89' lang='lat' dir='ltr'><strong>et</strong></span> <span class='ocrx_word' id='word_1_551' title='bbox 3096 778 3301 848; x_wconf 91' lang='lat' dir='ltr'><strong>pondus</strong></span> <span class='ocrx_word' id='word_1_552' title='bbox 3325 779 3479 852; x_wconf 85' lang='lat' dir='ltr'><strong>adje-</strong></span> 
     </span>
    </p>
   </div>
   <div class='ocr_carea' id='block_1_69' title="bbox 1892 851 3479 939">
    <p class='ocr_par' dir='ltr' id='par_1_69' title="bbox 1892 851 3479 939">
     <span class='ocr_line' id='line_1_69' title="bbox 1892 851 3479 939; baseline 0.013 -29"><span class='ocrx_word' id='word_1_553' title='bbox 1892 851 2027 910; x_wconf 88' lang='lat' dir='ltr'><strong>cerit</strong></span> <span class='ocrx_word' id='word_1_554' title='bbox 2056 873 2071 910; x_wconf 88' lang='lat'>:</span> <span class='ocrx_word' id='word_1_555' title='bbox 2102 872 2130 909; x_wconf 87' lang='lat' dir='ltr'><strong>a</strong></span> <span class='ocrx_word' id='word_1_556' title='bbox 2160 858 2439 916; x_wconf 86' lang='lat' dir='ltr'><strong>sacerdote</strong></span> <span class='ocrx_word' id='word_1_557' title='bbox 2462 870 2638 917; x_wconf 89' lang='lat' dir='ltr'><strong>autem</strong></span> <span class='ocrx_word' id='word_1_558' title='bbox 2668 880 2825 934; x_wconf 89' lang='lat' dir='ltr'><strong>quem</strong></span> <span class='ocrx_word' id='word_1_559' title='bbox 2853 864 3112 924; x_wconf 87' lang='lat' dir='ltr'><strong>habemus</strong></span> <span class='ocrx_word' id='word_1_560' title='bbox 3139 871 3189 925; x_wconf 91' lang='lat' dir='ltr'><strong>in</strong></span> <span class='ocrx_word' id='word_1_561' title='bbox 3213 851 3403 939; x_wconf 67' lang='lat' dir='ltr'><strong>caelis,</strong></span> <span class='ocrx_word' id='word_1_562' title='bbox 3432 874 3479 931; x_wconf 88' lang='lat' dir='ltr'><strong>si</strong></span> 
     </span>
    </p>
   </div>
   <div class='ocr_carea' id='block_1_70' title="bbox 1892 947 3475 1036">
    <p class='ocr_par' dir='ltr' id='par_1_70' title="bbox 1892 947 3475 1036">
     <span class='ocr_line' id='line_1_70' title="bbox 1892 947 3475 1036; baseline 0.015 -37"><span class='ocrx_word' id='word_1_563' title='bbox 1892 947 1976 1017; x_wconf 91' lang='lat' dir='ltr'><strong>pia</strong></span> <span class='ocrx_word' id='word_1_564' title='bbox 2016 947 2311 1006; x_wconf 81' lang='lat' dir='ltr'><strong>humilitate</strong></span> <span class='ocrx_word' id='word_1_565' title='bbox 2336 952 2665 1022; x_wconf 88' lang='lat' dir='ltr'><strong>perimantur</strong></span> <span class='ocrx_word' id='word_1_566' title='bbox 2685 998 2701 1023; x_wconf 93' lang='lat'><strong>,</strong></span> <span class='ocrx_word' id='word_1_567' title='bbox 2751 964 2858 1013; x_wconf 87' lang='lat' dir='ltr'><strong>tota</strong></span> <span class='ocrx_word' id='word_1_568' title='bbox 2888 958 3138 1017; x_wconf 82' lang='lat' dir='ltr'><strong>facilitate</strong></span> <span class='ocrx_word' id='word_1_569' title='bbox 3164 976 3475 1036; x_wconf 80' lang='lat' dir='ltr'><strong>purgantur.</strong></span> 
     </span>
    </p>
   </div>
   <div class='ocr_carea' id='block_1_71' title="bbox 1961 1035 3479 1120">
    <p class='ocr_par' dir='ltr' id='par_1_71' title="bbox 1961 1035 3479 1120">
     <span class='ocr_line' id='line_1_71' title="bbox 1961 1035 3479 1120; baseline 0.013 -27"><span class='ocrx_word' id='word_1_570' title='bbox 1961 1035 2049 1094; x_wconf 79' lang='grc'><strong>51.</strong></span> <span class='ocrx_word' id='word_1_571' title='bbox 2079 1039 2182 1095; x_wconf 88' lang='lat' dir='ltr'><strong>Sed</strong></span> <span class='ocrx_word' id='word_1_572' title='bbox 2223 1058 2327 1096; x_wconf 92' lang='lat' dir='ltr'><strong>non</strong></span> <span class='ocrx_word' id='word_1_573' title='bbox 2357 1046 2621 1100; x_wconf 83' lang='lat' dir='ltr'><strong>contendo</strong></span> <span class='ocrx_word' id='word_1_574' title='bbox 2642 1059 2761 1102; x_wconf 90' lang='lat' dir='ltr'><strong>cum</strong></span> <span class='ocrx_word' id='word_1_575' title='bbox 2800 1046 2879 1105; x_wconf 84' lang='lat' dir='ltr'><strong>eis</strong></span> <span class='ocrx_word' id='word_1_576' title='bbox 2904 1051 2992 1120; x_wconf 90' lang='lat' dir='ltr'><strong>qni</strong></span> <span class='ocrx_word' id='word_1_577' title='bbox 3032 1035 3281 1109; x_wconf 82' lang='lat' dir='ltr'><strong>asserunt</strong></span> <span class='ocrx_word' id='word_1_578' title='bbox 3306 1056 3479 1113; x_wconf 87' lang='lat' dir='ltr'><strong>homi-</strong></span> 
     </span>
    </p>
   </div>
   <div class='ocr_carea' id='block_1_72' title="bbox 1891 1133 3475 1209">
    <p class='ocr_par' dir='ltr' id='par_1_72' title="bbox 1891 1133 3475 1209">
     <span class='ocr_line' id='line_1_72' title="bbox 1891 1133 3475 1209; baseline 0.015 -28"><span class='ocrx_word' id='word_1_579' title='bbox 1891 1143 2011 1185; x_wconf 88' lang='lat' dir='ltr'><strong>nem</strong></span> <span class='ocrx_word' id='word_1_580' title='bbox 2036 1147 2195 1203; x_wconf 85' lang='lat' dir='ltr'><strong>posse</strong></span> <span class='ocrx_word' id='word_1_581' title='bbox 2226 1133 2277 1187; x_wconf 90' lang='lat' dir='ltr'><strong>in</strong></span> <span class='ocrx_word' id='word_1_582' title='bbox 2308 1133 2407 1189; x_wconf 90' lang='lat' dir='ltr'><strong>hac</strong></span> <span class='ocrx_word' id='word_1_583' title='bbox 2436 1136 2540 1191; x_wconf 89' lang='lat' dir='ltr'><strong>vita</strong></span> <span class='ocrx_word' id='word_1_584' title='bbox 2579 1135 2694 1193; x_wconf 90' lang='lat' dir='ltr'><strong>sine</strong></span> <span class='ocrx_word' id='word_1_585' title='bbox 2725 1139 2831 1195; x_wconf 92' lang='lat' dir='ltr'><strong>ullo</strong></span> <span class='ocrx_word' id='word_1_586' title='bbox 2860 1153 3079 1209; x_wconf 86' lang='lat' dir='ltr'><strong>peccato</strong></span> <span class='ocrx_word' id='word_1_587' title='bbox 3108 1144 3287 1202; x_wconf 85' lang='lat' dir='ltr'><strong>vivere</strong></span> <span class='ocrx_word' id='word_1_588' title='bbox 3314 1164 3327 1201; x_wconf 89' lang='lat'><strong>:</strong></span> <span class='ocrx_word' id='word_1_589' title='bbox 3366 1162 3475 1205; x_wconf 84' lang='lat' dir='ltr'><strong>non</strong></span> 
     </span>
    </p>
   </div>
   <div class='ocr_carea' id='block_1_73' title="bbox 1888 1224 3474 1297">
    <p class='ocr_par' dir='ltr' id='par_1_73' title="bbox 1888 1224 3474 1297">
     <span class='ocr_line' id='line_1_73' title="bbox 1888 1224 3474 1297; baseline 0.013 -21"><span class='ocrx_word' id='word_1_590' title='bbox 1888 1224 2189 1290; x_wconf 88' lang='lat' dir='ltr'><strong>contendo,</strong></span> <span class='ocrx_word' id='word_1_591' title='bbox 2229 1242 2335 1281; x_wconf 91' lang='lat' dir='ltr'><strong>non</strong></span> <span class='ocrx_word' id='word_1_592' title='bbox 2358 1230 2683 1286; x_wconf 88' lang='lat' dir='ltr'><strong>contradico.</strong></span> <span class='ocrx_word' id='word_1_593' title='bbox 2718 1231 2982 1290; x_wconf 81' lang='lat' dir='ltr'><strong>Fortassis</strong></span> <span class='ocrx_word' id='word_1_594' title='bbox 3024 1236 3168 1291; x_wconf 87' lang='lat' dir='ltr'><strong>enim</strong></span> <span class='ocrx_word' id='word_1_595' title='bbox 3195 1253 3260 1294; x_wconf 81' lang='lat' dir='ltr'><strong>ex</strong></span> <span class='ocrx_word' id='word_1_596' title='bbox 3293 1251 3474 1297; x_wconf 85' lang='lat' dir='ltr'><strong>nostra</strong></span> 
     </span>
    </p>
   </div>
   <div class='ocr_carea' id='block_1_74' title="bbox 1888 1315 3476 1402">
    <p class='ocr_par' dir='ltr' id='par_1_74' title="bbox 1888 1315 3476 1402">
     <span class='ocr_line' id='line_1_74' title="bbox 1888 1315 3476 1402; baseline 0.014 -34"><span class='ocrx_word' id='word_1_597' title='bbox 1888 1315 2098 1371; x_wconf 86' lang='lat' dir='ltr'><strong>miseria</strong></span> <span class='ocrx_word' id='word_1_598' title='bbox 2124 1334 2345 1389; x_wconf 85' lang='lat' dir='ltr'><strong>magnos</strong></span> <span class='ocrx_word' id='word_1_599' title='bbox 2366 1322 2630 1389; x_wconf 88' lang='lat' dir='ltr'><strong>metimur,</strong></span> <span class='ocrx_word' id='word_1_600' title='bbox 2656 1334 2707 1378; x_wconf 88' lang='lat' dir='ltr'><strong>et</strong></span> <span class='ocrx_word' id='word_1_601' title='bbox 2729 1336 3101 1396; x_wconf 84' lang='lat' dir='ltr'><strong>comparantes</strong></span> <span class='ocrx_word' id='word_1_602' title='bbox 3121 1333 3476 1402; x_wconf 69' lang='lat' dir='ltr'><strong>nosmetipws</strong></span> 
     </span>
    </p>
   </div>
   <div class='ocr_carea' id='block_1_75' title="bbox 1888 1405 3472 1491">
    <p class='ocr_par' dir='ltr' id='par_1_75' title="bbox 1888 1405 3472 1491">
     <span class='ocr_line' id='line_1_75' title="bbox 1888 1405 3472 1491; baseline 0.014 -32"><span class='ocrx_word' id='word_1_603' title='bbox 1888 1405 2284 1478; x_wconf 88' lang='lat' dir='ltr'><strong>nobismetipsis</strong></span> <span class='ocrx_word' id='word_1_604' title='bbox 2309 1407 2375 1483; x_wconf 90' lang='lat' dir='ltr'><strong>(ll</strong></span> <span class='ocrx_word' id='word_1_605' title='bbox 2398 1410 2515 1466; x_wconf 65' lang='lat' dir='ltr'><strong>(lor.</strong></span> <span class='ocrx_word' id='word_1_606' title='bbox 2544 1429 2576 1468; x_wconf 70' lang='grc' dir='ltr'><strong>ι</strong></span> <span class='ocrx_word' id='word_1_607' title='bbox 2596 1454 2612 1481; x_wconf 87' lang='grc'><strong><em>,</em></strong></span> <span class='ocrx_word' id='word_1_608' title='bbox 2644 1412 2751 1487; x_wconf 73' lang='grc'><strong>12),</strong></span> <span class='ocrx_word' id='word_1_609' title='bbox 2784 1434 2889 1473; x_wconf 88' lang='lat' dir='ltr'><strong>non</strong></span> <span class='ocrx_word' id='word_1_610' title='bbox 2912 1414 3273 1491; x_wconf 84' lang='lat' dir='ltr'><strong>intelligimus.</strong></span> <span class='ocrx_word' id='word_1_611' title='bbox 3296 1422 3472 1481; x_wconf 89' lang='lat' dir='ltr'><strong>Unum</strong></span> 
     </span>
    </p>
   </div>
   <div class='ocr_carea' id='block_1_76' title="bbox 1886 1496 3476 1585">
    <p class='ocr_par' dir='ltr' id='par_1_76' title="bbox 1886 1496 3476 1585">
     <span class='ocr_line' id='line_1_76' title="bbox 1886 1496 3476 1585; baseline 0.014 -35"><span class='ocrx_word' id='word_1_612' title='bbox 1886 1496 2028 1561; x_wconf 89' lang='lat' dir='ltr'><strong>scio,</strong></span> <span class='ocrx_word' id='word_1_613' title='bbox 2076 1498 2216 1569; x_wconf 78' lang='lat' dir='ltr'><strong>quod</strong></span> <span class='ocrx_word' id='word_1_614' title='bbox 2263 1502 2349 1556; x_wconf 89' lang='lat' dir='ltr'><strong>isti</strong></span> <span class='ocrx_word' id='word_1_615' title='bbox 2397 1500 2609 1574; x_wconf 87' lang='lat' dir='ltr'><strong>magni,</strong></span> <span class='ocrx_word' id='word_1_616' title='bbox 2659 1508 2840 1576; x_wconf 88' lang='lat' dir='ltr'><strong>quales</strong></span> <span class='ocrx_word' id='word_1_617' title='bbox 2884 1524 2989 1564; x_wconf 91' lang='lat' dir='ltr'><strong>non</strong></span> <span class='ocrx_word' id='word_1_618' title='bbox 3034 1525 3258 1580; x_wconf 84' lang='lat' dir='ltr'><strong>smnus,</strong></span> <span class='ocrx_word' id='word_1_619' title='bbox 3289 1517 3476 1585; x_wconf 88' lang='lat' dir='ltr'><strong>quales</strong></span> 
     </span>
    </p>
   </div>
   <div class='ocr_carea' id='block_1_77' title="bbox 1888 1587 3474 1670">
    <p class='ocr_par' dir='ltr' id='par_1_77' title="bbox 1888 1587 3474 1670">
     <span class='ocr_line' id='line_1_77' title="bbox 1888 1587 3474 1670; baseline 0.013 -30"><span class='ocrx_word' id='word_1_620' title='bbox 1888 1587 2120 1642; x_wconf 90' lang='lat' dir='ltr'><strong>nondum</strong></span> <span class='ocrx_word' id='word_1_621' title='bbox 2149 1592 2351 1661; x_wconf 81' lang='lat' dir='ltr'><strong>experti</strong></span> <span class='ocrx_word' id='word_1_622' title='bbox 2377 1607 2582 1661; x_wconf 87' lang='lat' dir='ltr'><strong>smnus,</strong></span> <span class='ocrx_word' id='word_1_623' title='bbox 2610 1606 2810 1666; x_wconf 89' lang='lat' dir='ltr'><strong>quanto</strong></span> <span class='ocrx_word' id='word_1_624' title='bbox 2832 1599 3007 1670; x_wconf 86' lang='lat' dir='ltr'><strong>magni</strong></span> <span class='ocrx_word' id='word_1_625' title='bbox 3028 1612 3173 1669; x_wconf 90' lang='lat' dir='ltr'><strong>sunt,</strong></span> <span class='ocrx_word' id='word_1_626' title='bbox 3199 1613 3347 1659; x_wconf 87' lang='lat' dir='ltr'><strong>tanto</strong></span> <span class='ocrx_word' id='word_1_627' title='bbox 3372 1605 3474 1659; x_wconf 87' lang='lat' dir='ltr'><strong>hu-</strong></span> 
     </span>
    </p>
   </div>
   <div class='ocr_carea' id='block_1_78' title="bbox 1885 1676 3474 1766">
    <p class='ocr_par' dir='ltr' id='par_1_78' title="bbox 1885 1676 3474 1766">
     <span class='ocr_line' id='line_1_78' title="bbox 1885 1676 3474 1766; baseline 0.013 -34"><span class='ocrx_word' id='word_1_628' title='bbox 1885 1676 2092 1734; x_wconf 91' lang='lat' dir='ltr'><strong>miliant</strong></span> <span class='ocrx_word' id='word_1_629' title='bbox 2128 1696 2188 1737; x_wconf 88' lang='lat' dir='ltr'><strong>se</strong></span> <span class='ocrx_word' id='word_1_630' title='bbox 2218 1683 2269 1737; x_wconf 92' lang='lat' dir='ltr'><strong>in</strong></span> <span class='ocrx_word' id='word_1_631' title='bbox 2296 1684 2543 1740; x_wconf 89' lang='lat' dir='ltr'><strong>omnibus</strong></span> <span class='ocrx_word' id='word_1_632' title='bbox 2565 1728 2583 1754; x_wconf 90' lang='lat'><strong>,</strong></span> <span class='ocrx_word' id='word_1_633' title='bbox 2612 1697 2669 1742; x_wconf 91' lang='lat' dir='ltr'><strong>ut</strong></span> <span class='ocrx_word' id='word_1_634' title='bbox 2696 1700 2877 1744; x_wconf 87' lang='lat' dir='ltr'><strong>coram</strong></span> <span class='ocrx_word' id='word_1_635' title='bbox 2906 1691 3016 1746; x_wconf 90' lang='lat' dir='ltr'><strong>Deo</strong></span> <span class='ocrx_word' id='word_1_636' title='bbox 3045 1692 3320 1750; x_wconf 84' lang='lat' dir='ltr'><strong>inveniant</strong></span> <span class='ocrx_word' id='word_1_637' title='bbox 3346 1711 3474 1766; x_wconf 88' lang='lat' dir='ltr'><strong>gra-</strong></span> 
     </span>
    </p>
   </div>
   <div class='ocr_carea' id='block_1_79' title="bbox 1886 1770 3475 1851">
    <p class='ocr_par' dir='ltr' id='par_1_79' title="bbox 1886 1770 3475 1851">
     <span class='ocr_line' id='line_1_79' title="bbox 1886 1770 3475 1851; baseline 0.012 -26"><span class='ocrx_word' id='word_1_638' title='bbox 1886 1770 2033 1825; x_wconf 89' lang='lat' dir='ltr'><strong>tiam.</strong></span> <span class='ocrx_word' id='word_1_639' title='bbox 2064 1772 2371 1840; x_wconf 87' lang='lat' dir='ltr'><strong>Quamlibet</strong></span> <span class='ocrx_word' id='word_1_640' title='bbox 2395 1777 2538 1832; x_wconf 84' lang='lat' dir='ltr'><strong>enim</strong></span> <span class='ocrx_word' id='word_1_641' title='bbox 2565 1780 2740 1851; x_wconf 89' lang='lat' dir='ltr'><strong>magni</strong></span> <span class='ocrx_word' id='word_1_642' title='bbox 2770 1780 2913 1850; x_wconf 85' lang='lat' dir='ltr'><strong>sint,</strong></span> <span class='ocrx_word' id='word_1_643' title='bbox 2945 1800 3045 1838; x_wconf 88' lang='lat' dir='ltr'><strong>non</strong></span> <span class='ocrx_word' id='word_1_644' title='bbox 3070 1794 3144 1839; x_wconf 86' lang='lat' dir='ltr'><strong>est</strong></span> <span class='ocrx_word' id='word_1_645' title='bbox 3180 1800 3351 1843; x_wconf 76' lang='lat' dir='ltr'><strong>servus</strong></span> <span class='ocrx_word' id='word_1_646' title='bbox 3373 1803 3475 1843; x_wconf 87' lang='lat' dir='ltr'><strong>ma-</strong></span> 
     </span>
    </p>
   </div>
   <div class='ocr_carea' id='block_1_80' title="bbox 1872 1860 3470 1949">
    <p class='ocr_par' dir='ltr' id='par_1_80' title="bbox 1872 1860 3470 1949">
     <span class='ocr_line' id='line_1_80' title="bbox 1872 1860 3470 1949; baseline 0.014 -35"><span class='ocrx_word' id='word_1_647' title='bbox 1872 1860 1966 1932; x_wconf 88' lang='lat' dir='ltr'><strong>jor</strong></span> <span class='ocrx_word' id='word_1_648' title='bbox 1990 1862 2194 1919; x_wconf 89' lang='lat' dir='ltr'><strong>domino</strong></span> <span class='ocrx_word' id='word_1_649' title='bbox 2214 1883 2327 1932; x_wconf 90' lang='lat' dir='ltr'><strong>suo,</strong></span> <span class='ocrx_word' id='word_1_650' title='bbox 2358 1867 2435 1923; x_wconf 81' lang='lat' dir='ltr'><strong>uel</strong></span> <span class='ocrx_word' id='word_1_651' title='bbox 2457 1868 2737 1942; x_wconf 80' lang='lat' dir='ltr'><strong>discipulus</strong></span> <span class='ocrx_word' id='word_1_652' title='bbox 2762 1875 3002 1945; x_wconf 83' lang='lat' dir='ltr'><strong>magistro</strong></span> <span class='ocrx_word' id='word_1_653' title='bbox 3026 1890 3119 1931; x_wconf 88' lang='lat' dir='ltr'><strong>suo</strong></span> <span class='ocrx_word' id='word_1_654' title='bbox 3140 1873 3321 1949; x_wconf 77' lang='lat' dir='ltr'><strong>(Joan.</strong></span> <span class='ocrx_word' id='word_1_655' title='bbox 3351 1889 3470 1948; x_wconf 59' lang='lat' dir='ltr'><strong>3m,</strong></span> 
     </span>
    </p>
   </div>
   <div class='ocr_carea' id='block_1_81' title="bbox 1885 1952 3474 2036">
    <p class='ocr_par' dir='ltr' id='par_1_81' title="bbox 1885 1952 3474 2036">
     <span class='ocr_line' id='line_1_81' title="bbox 1885 1952 3474 2036; baseline 0.011 -27"><span class='ocrx_word' id='word_1_656' title='bbox 1885 1952 1999 2025; x_wconf 91' lang='grc'><strong>16).</strong></span> <span class='ocrx_word' id='word_1_657' title='bbox 2031 1954 2098 2009; x_wconf 87' lang='grc' dir='ltr'>Ει</span> <span class='ocrx_word' id='word_1_658' title='bbox 2121 1957 2301 2029; x_wconf 90' lang='lat' dir='ltr'><strong>utique</strong></span> <span class='ocrx_word' id='word_1_659' title='bbox 2334 1959 2423 2015; x_wconf 89' lang='lat' dir='ltr'><strong>ille</strong></span> <span class='ocrx_word' id='word_1_660' title='bbox 2452 1971 2535 2016; x_wconf 91' lang='lat' dir='ltr'><strong>est</strong></span> <span class='ocrx_word' id='word_1_661' title='bbox 2565 1960 2819 2020; x_wconf 88' lang='lat' dir='ltr'><strong>Dominus</strong></span> <span class='ocrx_word' id='word_1_662' title='bbox 2839 1964 2927 2036; x_wconf 86' lang='lat' dir='ltr'><strong>qui</strong></span> <span class='ocrx_word' id='word_1_663' title='bbox 2954 1966 3115 2033; x_wconf 86' lang='lat' dir='ltr'><strong>dicit,</strong></span> <span class='ocrx_word' id='word_1_664' title='bbox 3147 1968 3328 2024; x_wconf 82' lang='lat' dir='ltr'><strong>Omnia</strong></span> <span class='ocrx_word' id='word_1_665' title='bbox 3349 1971 3474 2027; x_wconf 86' lang='lat' dir='ltr'><strong>mihi</strong></span> 
     </span>
    </p>
   </div>
   <div class='ocr_carea' id='block_1_82' title="bbox 1884 2047 3469 2133">
    <p class='ocr_par' dir='ltr' id='par_1_82' title="bbox 1884 2047 3469 2133">
     <span class='ocr_line' id='line_1_82' title="bbox 1884 2047 3469 2133; baseline 0.013 -35"><span class='ocrx_word' id='word_1_666' title='bbox 1884 2047 2070 2100; x_wconf 86' lang='lat' dir='ltr'><strong>tradita</strong></span> <span class='ocrx_word' id='word_1_667' title='bbox 2088 2053 2205 2103; x_wconf 88' lang='lat' dir='ltr'><strong>sunt</strong></span> <span class='ocrx_word' id='word_1_668' title='bbox 2223 2066 2254 2103; x_wconf 88' lang='lat' dir='ltr'><strong>a</strong></span> <span class='ocrx_word' id='word_1_669' title='bbox 2278 2049 2436 2106; x_wconf 85' lang='lat' dir='ltr'><strong>Patre</strong></span> <span class='ocrx_word' id='word_1_670' title='bbox 2459 2069 2568 2108; x_wconf 86' lang='lat' dir='ltr'><strong>meo</strong></span> <span class='ocrx_word' id='word_1_671' title='bbox 2596 2071 2614 2109; x_wconf 90' lang='lat'><strong><em>:</em></strong></span> <span class='ocrx_word' id='word_1_672' title='bbox 2641 2065 2695 2111; x_wconf 90' lang='lat' dir='ltr'><strong>et</strong></span> <span class='ocrx_word' id='word_1_673' title='bbox 2720 2055 2806 2113; x_wconf 88' lang='lat' dir='ltr'><strong>ille</strong></span> <span class='ocrx_word' id='word_1_674' title='bbox 2826 2066 2907 2113; x_wconf 87' lang='lat' dir='ltr'><strong>est</strong></span> <span class='ocrx_word' id='word_1_675' title='bbox 2929 2059 3176 2131; x_wconf 79' lang='lat' dir='ltr'><strong>Magister</strong></span> <span class='ocrx_word' id='word_1_676' title='bbox 3203 2064 3291 2133; x_wconf 91' lang='lat' dir='ltr'><strong>qui</strong></span> <span class='ocrx_word' id='word_1_677' title='bbox 3317 2063 3469 2129; x_wconf 86' lang='lat' dir='ltr'><strong>dicit,</strong></span> 
     </span>
    </p>
   </div>
   <div class='ocr_carea' id='block_1_83' title="bbox 1890 2134 3473 2215">
    <p class='ocr_par' dir='ltr' id='par_1_83' title="bbox 1890 2134 3473 2215">
     <span class='ocr_line' id='line_1_83' title="bbox 1890 2134 3473 2215; baseline 0.013 -26"><span class='ocrx_word' id='word_1_678' title='bbox 1890 2134 2067 2191; x_wconf 79' lang='lat' dir='ltr'><strong>Venite</strong></span> <span class='ocrx_word' id='word_1_679' title='bbox 2093 2138 2162 2191; x_wconf 85' lang='lat' dir='ltr'><strong>ad</strong></span> <span class='ocrx_word' id='word_1_680' title='bbox 2185 2155 2263 2194; x_wconf 87' lang='lat' dir='ltr'><strong>me</strong></span> <span class='ocrx_word' id='word_1_681' title='bbox 2282 2182 2297 2205; x_wconf 96' lang='lat'><strong>,</strong></span> <span class='ocrx_word' id='word_1_682' title='bbox 2321 2157 2493 2198; x_wconf 71' lang='lat' dir='ltr'><strong>omnes</strong></span> <span class='ocrx_word' id='word_1_683' title='bbox 2519 2144 2605 2215; x_wconf 85' lang='lat' dir='ltr'><strong>qui</strong></span> <span class='ocrx_word' id='word_1_684' title='bbox 2630 2144 2870 2202; x_wconf 81' lang='lat' dir='ltr'><strong>laboratis</strong></span> <span class='ocrx_word' id='word_1_685' title='bbox 2893 2189 2908 2213; x_wconf 88' lang='lat'><strong>,</strong></span> <span class='ocrx_word' id='word_1_686' title='bbox 2938 2158 2986 2204; x_wconf 87' lang='lat' dir='ltr'><strong>et</strong></span> <span class='ocrx_word' id='word_1_687' title='bbox 3013 2150 3190 2206; x_wconf 81' lang='lat' dir='ltr'><strong>discite</strong></span> <span class='ocrx_word' id='word_1_688' title='bbox 3208 2170 3240 2206; x_wconf 90' lang='lat' dir='ltr'><strong>a</strong></span> <span class='ocrx_word' id='word_1_689' title='bbox 3269 2170 3367 2209; x_wconf 85' lang='lat' dir='ltr'><strong>me.</strong></span> <span class='ocrx_word' id='word_1_690' title='bbox 3403 2154 3473 2211; x_wconf 76' lang='lat' dir='ltr'><strong>Et</strong></span> 
     </span>
    </p>
   </div>
   <div class='ocr_carea' id='block_1_84' title="bbox 1883 2230 3472 2317">
    <p class='ocr_par' dir='ltr' id='par_1_84' title="bbox 1883 2230 3472 2317">
     <span class='ocr_line' id='line_1_84' title="bbox 1883 2230 3472 2317; baseline 0.013 -35"><span class='ocrx_word' id='word_1_691' title='bbox 1883 2236 2059 2284; x_wconf 90' lang='lat' dir='ltr'><strong>tamen</strong></span> <span class='ocrx_word' id='word_1_692' title='bbox 2098 2230 2225 2301; x_wconf 92' lang='lat' dir='ltr'><strong>quid</strong></span> <span class='ocrx_word' id='word_1_693' title='bbox 2252 2230 2507 2290; x_wconf 89' lang='lat' dir='ltr'><strong>discimus</strong></span> <span class='ocrx_word' id='word_1_694' title='bbox 2528 2236 2553 2287; x_wconf 71' lang='lat'><strong>‘1</strong></span> <span class='ocrx_word' id='word_1_695' title='bbox 2584 2237 2835 2304; x_wconf 85' lang='lat' dir='ltr'><strong>Quoniam</strong></span> <span class='ocrx_word' id='word_1_696' title='bbox 2862 2240 2995 2297; x_wconf 87' lang='lat' dir='ltr'><strong>mitis</strong></span> <span class='ocrx_word' id='word_1_697' title='bbox 3017 2258 3161 2312; x_wconf 87' lang='lat' dir='ltr'><strong>sum,</strong></span> <span class='ocrx_word' id='word_1_698' title='bbox 3191 2244 3394 2317; x_wconf 86' lang='lat' dir='ltr'><strong>inquit,</strong></span> <span class='ocrx_word' id='word_1_699' title='bbox 3422 2251 3472 2303; x_wconf 72' lang='lat' dir='ltr'><strong>et</strong></span> 
     </span>
    </p>
   </div>
   <div class='ocr_carea' id='block_1_85' title="bbox 1882 2317 2869 2403">
    <p class='ocr_par' dir='ltr' id='par_1_85' title="bbox 1882 2317 2869 2403">
     <span class='ocr_line' id='line_1_85' title="bbox 1882 2317 2869 2403; baseline 0.014 -31"><span class='ocrx_word' id='word_1_700' title='bbox 1882 2317 2095 2375; x_wconf 87' lang='lat' dir='ltr'><strong>humilis</strong></span> <span class='ocrx_word' id='word_1_701' title='bbox 2128 2323 2279 2378; x_wconf 87' lang='lat' dir='ltr'><strong>corde</strong></span> <span class='ocrx_word' id='word_1_702' title='bbox 2301 2323 2514 2398; x_wconf 78' lang='lat' dir='ltr'><strong>(Matth.</strong></span> <span class='ocrx_word' id='word_1_703' title='bbox 2547 2343 2628 2393; x_wconf 68' lang='grc' dir='ltr'><strong>χι,</strong></span> <span class='ocrx_word' id='word_1_704' title='bbox 2659 2329 2869 2403; x_wconf 71' lang='lat'><strong>27-29).</strong></span> 
     </span>
    </p>
   </div>
   <div class='ocr_carea' id='block_1_86' title="bbox 1868 2409 3473 2501">
    <p class='ocr_par' dir='ltr' id='par_1_86' title="bbox 1868 2409 3473 2501">
     <span class='ocr_line' id='line_1_86' title="bbox 1868 2409 3473 2501; baseline 0.015 -37"><span class='ocrx_word' id='word_1_705' title='bbox 1868 2416 1869 2419; x_wconf 68' lang='grc'><em>“</em></span> <span class='ocrx_word' id='word_1_706' title='bbox 1951 2409 2178 2468; x_wconf 80' lang='lat' dir='ltr'><strong>CAPUT</strong></span> <span class='ocrx_word' id='word_1_707' title='bbox 2215 2409 2302 2469; x_wconf 86' lang='lat' dir='ltr'><strong>LI.</strong></span> <span class='ocrx_word' id='word_1_708' title='bbox 2339 2446 2413 2456; x_wconf 93' lang='lat'><strong>—</strong></span> <span class='ocrx_word' id='word_1_709' title='bbox 2436 2416 2525 2472; x_wconf 72' lang='grc'><strong>52.</strong></span> <span class='ocrx_word' id='word_1_710' title='bbox 2559 2417 2872 2492; x_wconf 81' lang='lat' dir='ltr'><strong>Virginitatis</strong></span> <span class='ocrx_word' id='word_1_711' title='bbox 2896 2432 3062 2481; x_wconf 86' lang='lat' dir='ltr'><strong>custos</strong></span> <span class='ocrx_word' id='word_1_712' title='bbox 3082 2423 3220 2483; x_wconf 88' lang='lat' dir='ltr'><strong>Deus</strong></span> <span class='ocrx_word' id='word_1_713' title='bbox 3245 2430 3335 2501; x_wconf 86' lang='lat' dir='ltr'><strong>qui</strong></span> <span class='ocrx_word' id='word_1_714' title='bbox 3359 2445 3473 2489; x_wconf 77' lang='lat' dir='ltr'><strong>enus</strong></span> 
     </span>
    </p>
   </div>
   <div class='ocr_carea' id='block_1_87' title="bbox 1880 2502 3472 2588">
    <p class='ocr_par' dir='ltr' id='par_1_87' title="bbox 1880 2502 3472 2588">
     <span class='ocr_line' id='line_1_87' title="bbox 1880 2502 3472 2588; baseline 0.016 -33"><span class='ocrx_word' id='word_1_715' title='bbox 1880 2502 2037 2571; x_wconf 73' lang='lat' dir='ltr'><strong>dedit,</strong></span> <span class='ocrx_word' id='word_1_716' title='bbox 2064 2505 2203 2574; x_wconf 86' lang='lat' dir='ltr'><strong>apud</strong></span> <span class='ocrx_word' id='word_1_717' title='bbox 2228 2506 2443 2564; x_wconf 83' lang='lat' dir='ltr'><strong>Immites</strong></span> <span class='ocrx_word' id='word_1_718' title='bbox 2462 2510 2688 2583; x_wconf 80' lang='lat' dir='ltr'><strong>quiescit.</strong></span> <span class='ocrx_word' id='word_1_719' title='bbox 2713 2510 2812 2568; x_wconf 86' lang='lat' dir='ltr'><strong>Hic</strong></span> <span class='ocrx_word' id='word_1_720' title='bbox 2829 2513 2971 2572; x_wconf 89' lang='lat' dir='ltr'><strong>dicet</strong></span> <span class='ocrx_word' id='word_1_721' title='bbox 2992 2516 3182 2588; x_wconf 88' lang='lat' dir='ltr'><strong>aliquis</strong></span> <span class='ocrx_word' id='word_1_722' title='bbox 3205 2537 3219 2574; x_wconf 92' lang='lat'><strong>:</strong></span> <span class='ocrx_word' id='word_1_723' title='bbox 3243 2517 3361 2577; x_wconf 76' lang='lat' dir='ltr'><strong>Non</strong></span> <span class='ocrx_word' id='word_1_724' title='bbox 3386 2532 3472 2581; x_wconf 74' lang='lat' dir='ltr'><strong>est</strong></span> 
     </span>
    </p>
   </div>
   <div class='ocr_carea' id='block_1_88' title="bbox 1881 2593 3467 2672">
    <p class='ocr_par' dir='ltr' id='par_1_88' title="bbox 1881 2593 3467 2672">
     <span class='ocr_line' id='line_1_88' title="bbox 1881 2593 3467 2672; baseline 0.015 -26"><span class='ocrx_word' id='word_1_725' title='bbox 1881 2593 1982 2649; x_wconf 85' lang='lat' dir='ltr'><strong>hoc</strong></span> <span class='ocrx_word' id='word_1_726' title='bbox 2002 2593 2113 2665; x_wconf 85' lang='lat' dir='ltr'><strong>jam</strong></span> <span class='ocrx_word' id='word_1_727' title='bbox 2154 2595 2223 2652; x_wconf 90' lang='lat' dir='ltr'><strong>de</strong></span> <span class='ocrx_word' id='word_1_728' title='bbox 2253 2598 2592 2669; x_wconf 84' lang='lat' dir='ltr'><strong>virginitate,</strong></span> <span class='ocrx_word' id='word_1_729' title='bbox 2639 2600 2732 2659; x_wconf 90' lang='lat' dir='ltr'><strong>sed</strong></span> <span class='ocrx_word' id='word_1_730' title='bbox 2759 2604 2827 2661; x_wconf 90' lang='lat' dir='ltr'><strong>de</strong></span> <span class='ocrx_word' id='word_1_731' title='bbox 2869 2602 3167 2666; x_wconf 85' lang='lat' dir='ltr'><strong>humilitate</strong></span> <span class='ocrx_word' id='word_1_732' title='bbox 3209 2613 3467 2672; x_wconf 83' lang='lat' dir='ltr'><strong>scribere.</strong></span> 
     </span>
    </p>
   </div>
   <div class='ocr_carea' id='block_1_89' title="bbox 1878 2682 3470 2775">
    <p class='ocr_par' dir='ltr' id='par_1_89' title="bbox 1878 2682 3470 2775">
     <span class='ocr_line' id='line_1_89' title="bbox 1878 2682 3470 2775; baseline 0.016 -38"><span class='ocrx_word' id='word_1_733' title='bbox 1878 2682 2040 2750; x_wconf 85' lang='lat' dir='ltr'><strong>Quasi</strong></span> <span class='ocrx_word' id='word_1_734' title='bbox 2068 2702 2194 2743; x_wconf 89' lang='lat' dir='ltr'><strong>vero</strong></span> <span class='ocrx_word' id='word_1_735' title='bbox 2218 2704 2570 2763; x_wconf 74' lang='lat' dir='ltr'><strong>qumcumque</strong></span> <span class='ocrx_word' id='word_1_736' title='bbox 2594 2694 2888 2765; x_wconf 85' lang='lat' dir='ltr'><strong>virginitas,</strong></span> <span class='ocrx_word' id='word_1_737' title='bbox 2912 2712 2976 2753; x_wconf 94' lang='lat' dir='ltr'><strong>ac</strong></span> <span class='ocrx_word' id='word_1_738' title='bbox 2996 2715 3102 2755; x_wconf 92' lang='lat' dir='ltr'><strong>non</strong></span> <span class='ocrx_word' id='word_1_739' title='bbox 3128 2700 3215 2757; x_wconf 89' lang='lat' dir='ltr'><strong>illa</strong></span> <span class='ocrx_word' id='word_1_740' title='bbox 3235 2719 3355 2775; x_wconf 71' lang='lat' dir='ltr'><strong>qua:</strong></span> <span class='ocrx_word' id='word_1_741' title='bbox 3379 2720 3470 2762; x_wconf 83' lang='lat' dir='ltr'><strong>se-</strong></span> 
     </span>
    </p>
   </div>
   <div class='ocr_carea' id='block_1_90' title="bbox 1877 2775 3467 2864">
    <p class='ocr_par' dir='ltr' id='par_1_90' title="bbox 1877 2775 3467 2864">
     <span class='ocr_line' id='line_1_90' title="bbox 1877 2775 3467 2864; baseline 0.016 -37"><span class='ocrx_word' id='word_1_742' title='bbox 1877 2775 2111 2831; x_wconf 89' lang='lat' dir='ltr'><strong>cundum</strong></span> <span class='ocrx_word' id='word_1_743' title='bbox 2142 2776 2311 2833; x_wconf 85' lang='lat' dir='ltr'><strong>Deum</strong></span> <span class='ocrx_word' id='word_1_744' title='bbox 2338 2790 2453 2849; x_wconf 86' lang='lat' dir='ltr'><strong>est,</strong></span> <span class='ocrx_word' id='word_1_745' title='bbox 2484 2798 2514 2836; x_wconf 91' lang='lat' dir='ltr'><strong>a</strong></span> <span class='ocrx_word' id='word_1_746' title='bbox 2541 2784 2696 2840; x_wconf 90' lang='lat' dir='ltr'><strong>nobis</strong></span> <span class='ocrx_word' id='word_1_747' title='bbox 2727 2788 3063 2856; x_wconf 71' lang='lat' dir='ltr'><strong>prmdicanda</strong></span> <span class='ocrx_word' id='word_1_748' title='bbox 3089 2803 3333 2864; x_wconf 89' lang='lat' dir='ltr'><strong>suscepta</strong></span> <span class='ocrx_word' id='word_1_749' title='bbox 3362 2804 3467 2852; x_wconf 88' lang='lat' dir='ltr'><strong>est.</strong></span> 
     </span>
    </p>
   </div>
   <div class='ocr_carea' id='block_1_91' title="bbox 1876 2866 3468 2961">
    <p class='ocr_par' dir='ltr' id='par_1_91' title="bbox 1876 2866 3468 2961">
     <span class='ocr_line' id='line_1_91' title="bbox 1876 2866 3468 2961; baseline 0.017 -42"><span class='ocrx_word' id='word_1_750' title='bbox 1876 2866 2025 2934; x_wconf 82' lang='lat' dir='ltr'><strong>Quod</strong></span> <span class='ocrx_word' id='word_1_751' title='bbox 2058 2870 2253 2926; x_wconf 90' lang='lat' dir='ltr'><strong>bonum</strong></span> <span class='ocrx_word' id='word_1_752' title='bbox 2279 2885 2479 2943; x_wconf 90' lang='lat' dir='ltr'><strong>quanto</strong></span> <span class='ocrx_word' id='word_1_753' title='bbox 2504 2892 2752 2948; x_wconf 90' lang='lat' dir='ltr'><strong>magnum</strong></span> <span class='ocrx_word' id='word_1_754' title='bbox 2784 2880 2954 2946; x_wconf 88' lang='lat' dir='ltr'><strong>video,</strong></span> <span class='ocrx_word' id='word_1_755' title='bbox 2977 2890 3124 2940; x_wconf 89' lang='lat' dir='ltr'><strong>tanto</strong></span> <span class='ocrx_word' id='word_1_756' title='bbox 3144 2886 3228 2954; x_wconf 92' lang='lat' dir='ltr'><strong>ei,</strong></span> <span class='ocrx_word' id='word_1_757' title='bbox 3253 2905 3321 2944; x_wconf 89' lang='lat' dir='ltr'><strong>ne</strong></span> <span class='ocrx_word' id='word_1_758' title='bbox 3340 2905 3468 2961; x_wconf 81' lang='lat' dir='ltr'><strong>per-</strong></span> 
     </span>
    </p>
   </div>
   <div class='ocr_carea' id='block_1_92' title="bbox 1875 2958 3471 3051">
    <p class='ocr_par' dir='ltr' id='par_1_92' title="bbox 1875 2958 3471 3051">
     <span class='ocr_line' id='line_1_92' title="bbox 1875 2958 3471 3051; baseline 0.014 -36"><span class='ocrx_word' id='word_1_759' title='bbox 1875 2971 1982 3027; x_wconf 88' lang='lat' dir='ltr'><strong>eat,</strong></span> <span class='ocrx_word' id='word_1_760' title='bbox 2010 2958 2179 3018; x_wconf 79' lang='lat' dir='ltr'><strong>furetn</strong></span> <span class='ocrx_word' id='word_1_761' title='bbox 2204 2962 2221 2997; x_wconf 72' lang='grc' dir='ltr'>ί</span> <span class='ocrx_word' id='word_1_762' title='bbox 2243 2968 2546 3037; x_wconf 85' lang='lat' dir='ltr'><strong>superbiam</strong></span> <span class='ocrx_word' id='word_1_763' title='bbox 2577 2968 2916 3040; x_wconf 87' lang='lat' dir='ltr'><strong>pertimesco.</strong></span> <span class='ocrx_word' id='word_1_764' title='bbox 2945 2975 3060 3032; x_wconf 89' lang='lat' dir='ltr'><strong>Non</strong></span> <span class='ocrx_word' id='word_1_765' title='bbox 3083 2989 3212 3051; x_wconf 82' lang='lat' dir='ltr'><strong>ergo</strong></span> <span class='ocrx_word' id='word_1_766' title='bbox 3237 2958 3471 3039; x_wconf 82' lang='lat' dir='ltr'><strong>custodit</strong></span> 
     </span>
    </p>
   </div>
   <div class='ocr_carea' id='block_1_93' title="bbox 1876 3052 3469 3139">
    <p class='ocr_par' dir='ltr' id='par_1_93' title="bbox 1876 3052 3469 3139">
     <span class='ocr_line' id='line_1_93' title="bbox 1876 3052 3469 3139; baseline 0.014 -30"><span class='ocrx_word' id='word_1_767' title='bbox 1876 3052 2072 3109; x_wconf 89' lang='lat' dir='ltr'><strong>bonum</strong></span> <span class='ocrx_word' id='word_1_768' title='bbox 2114 3055 2399 3129; x_wconf 86' lang='lat' dir='ltr'><strong>virginale,</strong></span> <span class='ocrx_word' id='word_1_769' title='bbox 2444 3062 2543 3118; x_wconf 93' lang='lat' dir='ltr'><strong>nisi</strong></span> <span class='ocrx_word' id='word_1_770' title='bbox 2574 3059 2715 3121; x_wconf 87' lang='lat' dir='ltr'><strong>Deus</strong></span> <span class='ocrx_word' id='word_1_771' title='bbox 2744 3068 2856 3137; x_wconf 87' lang='lat' dir='ltr'><strong>ipse</strong></span> <span class='ocrx_word' id='word_1_772' title='bbox 2882 3068 2973 3139; x_wconf 91' lang='lat' dir='ltr'><strong>qui</strong></span> <span class='ocrx_word' id='word_1_773' title='bbox 3000 3068 3144 3127; x_wconf 88' lang='lat' dir='ltr'><strong>dedit</strong></span> <span class='ocrx_word' id='word_1_774' title='bbox 3184 3090 3199 3125; x_wconf 77' lang='grc' dir='ltr'><em>τ</em></span> <span class='ocrx_word' id='word_1_775' title='bbox 3234 3084 3293 3131; x_wconf 91' lang='lat' dir='ltr'><strong>et</strong></span> <span class='ocrx_word' id='word_1_776' title='bbox 3327 3075 3469 3132; x_wconf 89' lang='lat' dir='ltr'><strong>Deus</strong></span> 
     </span>
    </p>
   </div>
   <div class='ocr_carea' id='block_1_94' title="bbox 1874 3144 3470 3237">
    <p class='ocr_par' dir='ltr' id='par_1_94' title="bbox 1874 3144 3470 3237">
     <span class='ocr_line' id='line_1_94' title="bbox 1874 3144 3470 3237; baseline 0.015 -38"><span class='ocrx_word' id='word_1_777' title='bbox 1874 3144 2110 3201; x_wconf 88' lang='lat' dir='ltr'><strong>charitas</strong></span> <span class='ocrx_word' id='word_1_778' title='bbox 2138 3158 2219 3205; x_wconf 91' lang='lat' dir='ltr'><strong>est</strong></span> <span class='ocrx_word' id='word_1_779' title='bbox 2248 3150 2293 3220; x_wconf 88' lang='grc' dir='ltr'><strong>(Ι</strong></span> <span class='ocrx_word' id='word_1_780' title='bbox 2320 3144 2478 3207; x_wconf 81' lang='lat' dir='ltr'><strong>Joan.</strong></span> <span class='ocrx_word' id='word_1_781' title='bbox 2507 3170 2589 3220; x_wconf 83' lang='lat' dir='ltr'><strong>tv,</strong></span> <span class='ocrx_word' id='word_1_782' title='bbox 2633 3155 2716 3228; x_wconf 89' lang='lat'><strong>8).</strong></span> <span class='ocrx_word' id='word_1_783' title='bbox 2744 3157 2937 3214; x_wconf 88' lang='lat' dir='ltr'><strong>Custos</strong></span> <span class='ocrx_word' id='word_1_784' title='bbox 2977 3176 3107 3234; x_wconf 87' lang='lat' dir='ltr'><strong>ergo</strong></span> <span class='ocrx_word' id='word_1_785' title='bbox 3148 3164 3470 3237; x_wconf 87' lang='lat' dir='ltr'><strong>virginitatis</strong></span> 
     </span>
    </p>
   </div>
   <div class='ocr_carea' id='block_1_95' title="bbox 1874 3236 3469 3318">
    <p class='ocr_par' dir='ltr' id='par_1_95' title="bbox 1874 3236 3469 3318">
     <span class='ocr_line' id='line_1_95' title="bbox 1874 3236 3469 3318; baseline 0.015 -27"><span class='ocrx_word' id='word_1_786' title='bbox 1874 3236 2108 3295; x_wconf 86' lang='lat' dir='ltr'><strong>charitas</strong></span> <span class='ocrx_word' id='word_1_787' title='bbox 2141 3257 2155 3295; x_wconf 91' lang='lat'><strong>:</strong></span> <span class='ocrx_word' id='word_1_788' title='bbox 2183 3238 2332 3298; x_wconf 91' lang='lat' dir='ltr'><strong>locus</strong></span> <span class='ocrx_word' id='word_1_789' title='bbox 2358 3254 2534 3300; x_wconf 89' lang='lat' dir='ltr'><strong>autem</strong></span> <span class='ocrx_word' id='word_1_790' title='bbox 2579 3244 2739 3318; x_wconf 82' lang='lat' dir='ltr'><strong>hujus</strong></span> <span class='ocrx_word' id='word_1_791' title='bbox 2774 3252 3013 3309; x_wconf 88' lang='lat' dir='ltr'><strong>custodis</strong></span> <span class='ocrx_word' id='word_1_792' title='bbox 3054 3236 3347 3313; x_wconf 84' lang='lat' dir='ltr'><strong>humilitas.</strong></span> <span class='ocrx_word' id='word_1_793' title='bbox 3391 3260 3469 3316; x_wconf 90' lang='lat' dir='ltr'><strong>lbi</strong></span> 
     </span>
    </p>
   </div>
   <div class='ocr_carea' id='block_1_96' title="bbox 1874 3327 3467 3420">
    <p class='ocr_par' dir='ltr' id='par_1_96' title="bbox 1874 3327 3467 3420">
     <span class='ocr_line' id='line_1_96' title="bbox 1874 3327 3467 3420; baseline 0.016 -40"><span class='ocrx_word' id='word_1_794' title='bbox 1874 3327 2071 3399; x_wconf 88' lang='lat' dir='ltr'><strong>quippe</strong></span> <span class='ocrx_word' id='word_1_795' title='bbox 2098 3329 2336 3400; x_wconf 85' lang='lat' dir='ltr'><strong>habitat,</strong></span> <span class='ocrx_word' id='word_1_796' title='bbox 2372 3336 2462 3403; x_wconf 88' lang='lat' dir='ltr'><strong>qui</strong></span> <span class='ocrx_word' id='word_1_797' title='bbox 2493 3333 2626 3392; x_wconf 81' lang='lat' dir='ltr'><strong>dixit</strong></span> <span class='ocrx_word' id='word_1_798' title='bbox 2662 3353 2824 3410; x_wconf 88' lang='lat' dir='ltr'><strong>super</strong></span> <span class='ocrx_word' id='word_1_799' title='bbox 2850 3340 3108 3400; x_wconf 86' lang='lat' dir='ltr'><strong>humilem</strong></span> <span class='ocrx_word' id='word_1_800' title='bbox 3135 3357 3190 3403; x_wconf 88' lang='lat' dir='ltr'><strong>et</strong></span> <span class='ocrx_word' id='word_1_801' title='bbox 3225 3347 3467 3420; x_wconf 82' lang='lat' dir='ltr'><strong>quietum</strong></span> 
     </span>
    </p>
   </div>
   <div class='ocr_carea' id='block_1_97' title="bbox 1874 3423 3466 3506">
    <p class='ocr_par' dir='ltr' id='par_1_97' title="bbox 1874 3423 3466 3506">
     <span class='ocr_line' id='line_1_97' title="bbox 1874 3423 3466 3506; baseline 0.018 -35"><span class='ocrx_word' id='word_1_802' title='bbox 1874 3425 1930 3472; x_wconf 91' lang='lat' dir='ltr'><strong>ct</strong></span> <span class='ocrx_word' id='word_1_803' title='bbox 1959 3423 2273 3477; x_wconf 88' lang='lat' dir='ltr'><strong>trementem</strong></span> <span class='ocrx_word' id='word_1_804' title='bbox 2315 3426 2476 3481; x_wconf 90' lang='lat' dir='ltr'><strong>verba</strong></span> <span class='ocrx_word' id='word_1_805' title='bbox 2505 3441 2602 3482; x_wconf 85' lang='lat' dir='ltr'><strong>sua</strong></span> <span class='ocrx_word' id='word_1_806' title='bbox 2639 3428 2977 3501; x_wconf 86' lang='lat' dir='ltr'><strong>requiescere</strong></span> <span class='ocrx_word' id='word_1_807' title='bbox 3018 3433 3277 3506; x_wconf 86' lang='lat' dir='ltr'><strong>Spiritum</strong></span> <span class='ocrx_word' id='word_1_808' title='bbox 3306 3454 3466 3498; x_wconf 88' lang='lat' dir='ltr'><strong>suum</strong></span> 
     </span>
    </p>
   </div>
   <div class='ocr_carea' id='block_1_98' title="bbox 1876 3506 3465 3596">
    <p class='ocr_par' dir='ltr' id='par_1_98' title="bbox 1876 3506 3465 3596">
     <span class='ocr_line' id='line_1_98' title="bbox 1876 3506 3465 3596; baseline 0.016 -30"><span class='ocrx_word' id='word_1_809' title='bbox 1876 3506 2027 3585; x_wconf 87' lang='lat' dir='ltr'><strong>(Isai.</strong></span> <span class='ocrx_word' id='word_1_810' title='bbox 2052 3531 2179 3572; x_wconf 73' lang='lat' dir='ltr'><strong>vat</strong></span> <span class='ocrx_word' id='word_1_811' title='bbox 2201 3558 2215 3581; x_wconf 89' lang='lat'><strong>,</strong></span> <span class='ocrx_word' id='word_1_812' title='bbox 2245 3514 2324 3590; x_wconf 76' lang='lat'><strong>2).</strong></span> <span class='ocrx_word' id='word_1_813' title='bbox 2360 3516 2498 3589; x_wconf 89' lang='lat' dir='ltr'><strong>Quid</strong></span> <span class='ocrx_word' id='word_1_814' title='bbox 2527 3521 2706 3593; x_wconf 88' lang='lat' dir='ltr'><strong>itaque</strong></span> <span class='ocrx_word' id='word_1_815' title='bbox 2732 3524 2965 3582; x_wconf 83' lang='lat' dir='ltr'><strong>alienum</strong></span> <span class='ocrx_word' id='word_1_816' title='bbox 3008 3527 3148 3596; x_wconf 85' lang='lat' dir='ltr'><strong>feci,</strong></span> <span class='ocrx_word' id='word_1_817' title='bbox 3180 3533 3225 3587; x_wconf 87' lang='lat' dir='ltr'><strong>si</strong></span> <span class='ocrx_word' id='word_1_818' title='bbox 3266 3533 3465 3591; x_wconf 89' lang='lat' dir='ltr'><strong>bonum</strong></span> 
     </span>
    </p>
   </div>
   <div class='ocr_carea' id='block_1_99' title="bbox 1874 3606 3465 3689">
    <p class='ocr_par' dir='ltr' id='par_1_99' title="bbox 1874 3606 3465 3689">
     <span class='ocr_line' id='line_1_99' title="bbox 1874 3606 3465 3689; baseline 0.016 -31"><span class='ocrx_word' id='word_1_819' title='bbox 1874 3608 2016 3674; x_wconf 89' lang='lat' dir='ltr'><strong>quod</strong></span> <span class='ocrx_word' id='word_1_820' title='bbox 2060 3606 2270 3664; x_wconf 89' lang='lat' dir='ltr'><strong>laudavi</strong></span> <span class='ocrx_word' id='word_1_821' title='bbox 2294 3651 2311 3676; x_wconf 93' lang='lat'><strong>,</strong></span> <span class='ocrx_word' id='word_1_822' title='bbox 2344 3612 2527 3667; x_wconf 88' lang='lat' dir='ltr'><strong>volens</strong></span> <span class='ocrx_word' id='word_1_823' title='bbox 2558 3615 2720 3670; x_wconf 89' lang='lat' dir='ltr'><strong>tutius</strong></span> <span class='ocrx_word' id='word_1_824' title='bbox 2746 3616 3041 3689; x_wconf 90' lang='lat' dir='ltr'><strong>custodiri,</strong></span> <span class='ocrx_word' id='word_1_825' title='bbox 3081 3624 3263 3680; x_wconf 79' lang='lat' dir='ltr'><strong>curavi</strong></span> <span class='ocrx_word' id='word_1_826' title='bbox 3300 3622 3465 3683; x_wconf 89' lang='lat' dir='ltr'><strong>etiam</strong></span> 
     </span>
    </p>
   </div>
   <div class='ocr_carea' id='block_1_100' title="bbox 1842 3692 3467 3781">
    <p class='ocr_par' dir='ltr' id='par_1_100' title="bbox 1842 3692 3467 3781">
     <span class='ocr_line' id='line_1_100' title="bbox 1842 3692 3467 3781; baseline 0.015 -32"><span class='ocrx_word' id='word_1_827' title='bbox 1842 3692 2050 3771; x_wconf 71' lang='lat' dir='ltr'><strong>locum</strong></span> <span class='ocrx_word' id='word_1_828' title='bbox 2084 3714 2387 3771; x_wconf 68' lang='lat' dir='ltr'><strong>praeparare</strong></span> <span class='ocrx_word' id='word_1_829' title='bbox 2411 3702 2661 3760; x_wconf 80' lang='lat' dir='ltr'><strong>custodi?</strong></span> <span class='ocrx_word' id='word_1_830' title='bbox 2698 3704 2955 3764; x_wconf 84' lang='lat' dir='ltr'><strong>Fidenter</strong></span> <span class='ocrx_word' id='word_1_831' title='bbox 2991 3711 3134 3767; x_wconf 88' lang='lat' dir='ltr'><strong>enim</strong></span> <span class='ocrx_word' id='word_1_832' title='bbox 3176 3712 3330 3781; x_wconf 89' lang='lat' dir='ltr'><strong>dico,</strong></span> <span class='ocrx_word' id='word_1_833' title='bbox 3363 3730 3467 3773; x_wconf 87' lang='lat' dir='ltr'><strong>nec</strong></span> 
     </span>
    </p>
   </div>
   <div class='ocr_carea' id='block_1_101' title="bbox 1873 3786 3467 3869">
    <p class='ocr_par' dir='ltr' id='par_1_101' title="bbox 1873 3786 3467 3869">
     <span class='ocr_line' id='line_1_101' title="bbox 1873 3786 3467 3869; baseline 0.013 -27"><span class='ocrx_word' id='word_1_834' title='bbox 1873 3788 2005 3843; x_wconf 89' lang='lat' dir='ltr'><strong>mihi</strong></span> <span class='ocrx_word' id='word_1_835' title='bbox 2031 3805 2098 3845; x_wconf 91' lang='lat' dir='ltr'><strong>ne</strong></span> <span class='ocrx_word' id='word_1_836' title='bbox 2124 3786 2422 3849; x_wconf 89' lang='lat' dir='ltr'><strong>irascantur</strong></span> <span class='ocrx_word' id='word_1_837' title='bbox 2443 3790 2626 3864; x_wconf 92' lang='lat' dir='ltr'><strong>timeo,</strong></span> <span class='ocrx_word' id='word_1_838' title='bbox 2654 3812 2787 3869; x_wconf 87' lang='lat' dir='ltr'><strong>quos</strong></span> <span class='ocrx_word' id='word_1_839' title='bbox 2809 3807 2865 3853; x_wconf 91' lang='lat' dir='ltr'><strong>ut</strong></span> <span class='ocrx_word' id='word_1_840' title='bbox 2886 3815 3094 3856; x_wconf 89' lang='lat' dir='ltr'><strong>mecum</strong></span> <span class='ocrx_word' id='word_1_841' title='bbox 3118 3802 3218 3860; x_wconf 91' lang='lat' dir='ltr'><strong>sibi</strong></span> <span class='ocrx_word' id='word_1_842' title='bbox 3245 3806 3467 3863; x_wconf 90' lang='lat' dir='ltr'><strong>timeant</strong></span> 
     </span>
    </p>
   </div>
   <div class='ocr_carea' id='block_1_102' title="bbox 1873 3884 3465 3968">
    <p class='ocr_par' dir='ltr' id='par_1_102' title="bbox 1873 3884 3465 3968">
     <span class='ocr_line' id='line_1_102' title="bbox 1873 3884 3465 3968; baseline 0.011 -29"><span class='ocrx_word' id='word_1_843' title='bbox 1873 3884 2135 3941; x_wconf 84' lang='lat' dir='ltr'><strong>sollicitus</strong></span> <span class='ocrx_word' id='word_1_844' title='bbox 2180 3902 2375 3943; x_wconf 87' lang='lat' dir='ltr'><strong>moneo</strong></span> <span class='ocrx_word' id='word_1_845' title='bbox 2422 3905 2436 3942; x_wconf 92' lang='lat'><strong>:</strong></span> <span class='ocrx_word' id='word_1_846' title='bbox 2487 3886 2695 3946; x_wconf 79' lang='lat' dir='ltr'><strong>facilius</strong></span> <span class='ocrx_word' id='word_1_847' title='bbox 2741 3903 3036 3964; x_wconf 87' lang='lat' dir='ltr'><strong>sequuntur</strong></span> <span class='ocrx_word' id='word_1_848' title='bbox 3062 3898 3313 3968; x_wconf 83' lang='lat' dir='ltr'><strong>Agnutn,</strong></span> <span class='ocrx_word' id='word_1_849' title='bbox 3362 3902 3465 3958; x_wconf 88' lang='lat' dir='ltr'><strong>etsi</strong></span> 
     </span>
    </p>
   </div>
   <div class='ocr_carea' id='block_1_103' title="bbox 1874 3979 3465 4058">
    <p class='ocr_par' dir='ltr' id='par_1_103' title="bbox 1874 3979 3465 4058">
     <span class='ocr_line' id='line_1_103' title="bbox 1874 3979 3465 4058; baseline 0.012 -29"><span class='ocrx_word' id='word_1_850' title='bbox 1874 3990 1980 4030; x_wconf 88' lang='lat' dir='ltr'><strong>non</strong></span> <span class='ocrx_word' id='word_1_851' title='bbox 2006 3992 2341 4049; x_wconf 91' lang='lat' dir='ltr'><strong>quocumque</strong></span> <span class='ocrx_word' id='word_1_852' title='bbox 2368 3979 2505 4047; x_wconf 90' lang='lat' dir='ltr'><strong>ierit,</strong></span> <span class='ocrx_word' id='word_1_853' title='bbox 2533 3993 2679 4039; x_wconf 88' lang='lat' dir='ltr'><strong>certe</strong></span> <span class='ocrx_word' id='word_1_854' title='bbox 2704 3998 2979 4055; x_wconf 87' lang='lat' dir='ltr'><strong>quousque</strong></span> <span class='ocrx_word' id='word_1_855' title='bbox 3007 3988 3306 4058; x_wconf 87' lang='lat' dir='ltr'><strong>potuerint,</strong></span> <span class='ocrx_word' id='word_1_856' title='bbox 3332 4008 3465 4048; x_wconf 81' lang='lat' dir='ltr'><strong>con-</strong></span> 
     </span>
    </p>
   </div>
   <div class='ocr_carea' id='block_1_104' title="bbox 1866 4061 3466 4150">
    <p class='ocr_par' dir='ltr' id='par_1_104' title="bbox 1866 4061 3466 4150">
     <span class='ocr_line' id='line_1_104' title="bbox 1866 4061 3466 4150; baseline 0.014 -31"><span class='ocrx_word' id='word_1_857' title='bbox 1866 4063 2035 4137; x_wconf 81' lang='lat' dir='ltr'><strong>jugali</strong></span> <span class='ocrx_word' id='word_1_858' title='bbox 2062 4061 2313 4137; x_wconf 88' lang='lat' dir='ltr'><strong>humiles,</strong></span> <span class='ocrx_word' id='word_1_859' title='bbox 2332 4086 2489 4141; x_wconf 89' lang='lat' dir='ltr'><strong>quam</strong></span> <span class='ocrx_word' id='word_1_860' title='bbox 2510 4074 2882 4144; x_wconf 84' lang='lat' dir='ltr'><strong>superbientes</strong></span> <span class='ocrx_word' id='word_1_861' title='bbox 2906 4075 3158 4149; x_wconf 86' lang='lat' dir='ltr'><strong>virgines.</strong></span> <span class='ocrx_word' id='word_1_862' title='bbox 3184 4082 3466 4150; x_wconf 86' lang='lat' dir='ltr'><strong>Quomodo</strong></span> 
     </span>
    </p>
   </div>
   <div class='ocr_carea' id='block_1_105' title="bbox 1875 4157 3468 4246">
    <p class='ocr_par' dir='ltr' id='par_1_105' title="bbox 1875 4157 3468 4246">
     <span class='ocr_line' id='line_1_105' title="bbox 1875 4157 3468 4246; baseline 0.013 -34"><span class='ocrx_word' id='word_1_863' title='bbox 1875 4157 2017 4212; x_wconf 87' lang='lat' dir='ltr'><strong>enim</strong></span> <span class='ocrx_word' id='word_1_864' title='bbox 2038 4159 2299 4230; x_wconf 89' lang='lat' dir='ltr'><strong>sequitur,</strong></span> <span class='ocrx_word' id='word_1_865' title='bbox 2330 4161 2394 4215; x_wconf 90' lang='lat' dir='ltr'><strong>ad</strong></span> <span class='ocrx_word' id='word_1_866' title='bbox 2422 4176 2579 4233; x_wconf 90' lang='lat' dir='ltr'><strong>quem</strong></span> <span class='ocrx_word' id='word_1_867' title='bbox 2606 4181 2714 4220; x_wconf 90' lang='lat' dir='ltr'><strong>non</strong></span> <span class='ocrx_word' id='word_1_868' title='bbox 2746 4164 2859 4222; x_wconf 87' lang='lat' dir='ltr'><strong>vult</strong></span> <span class='ocrx_word' id='word_1_869' title='bbox 2877 4169 3177 4226; x_wconf 80' lang='lat' dir='ltr'><strong>accedere?</strong></span> <span class='ocrx_word' id='word_1_870' title='bbox 3199 4175 3305 4229; x_wconf 83' lang='lat' dir='ltr'><strong>Aut</strong></span> <span class='ocrx_word' id='word_1_871' title='bbox 3331 4190 3468 4246; x_wconf 88' lang='lat' dir='ltr'><strong>quo-</strong></span> 
     </span>
    </p>
   </div>
   <div class='ocr_carea' id='block_1_106' title="bbox 1874 4248 3467 4332">
    <p class='ocr_par' dir='ltr' id='par_1_106' title="bbox 1874 4248 3467 4332">
     <span class='ocr_line' id='line_1_106' title="bbox 1874 4248 3467 4332; baseline 0.013 -29"><span class='ocrx_word' id='word_1_872' title='bbox 1874 4250 2036 4305; x_wconf 86' lang='lat' dir='ltr'><strong>modo</strong></span> <span class='ocrx_word' id='word_1_873' title='bbox 2059 4248 2285 4317; x_wconf 88' lang='lat' dir='ltr'><strong>accedit,</strong></span> <span class='ocrx_word' id='word_1_874' title='bbox 2312 4253 2377 4308; x_wconf 90' lang='lat' dir='ltr'><strong>ad</strong></span> <span class='ocrx_word' id='word_1_875' title='bbox 2408 4270 2567 4326; x_wconf 89' lang='lat' dir='ltr'><strong>quem</strong></span> <span class='ocrx_word' id='word_1_876' title='bbox 2595 4273 2701 4313; x_wconf 91' lang='lat' dir='ltr'><strong>non</strong></span> <span class='ocrx_word' id='word_1_877' title='bbox 2728 4258 2876 4316; x_wconf 81' lang='lat' dir='ltr'><strong>venit</strong></span> <span class='ocrx_word' id='word_1_878' title='bbox 2904 4269 2961 4315; x_wconf 90' lang='lat' dir='ltr'><strong>ut</strong></span> <span class='ocrx_word' id='word_1_879' title='bbox 2988 4260 3179 4330; x_wconf 87' lang='lat' dir='ltr'><strong>discat,</strong></span> <span class='ocrx_word' id='word_1_880' title='bbox 3211 4266 3467 4332; x_wconf 80' lang='lat' dir='ltr'><strong>Quoniam</strong></span> 
     </span>
    </p>
   </div>
   <div class='ocr_carea' id='block_1_107' title="bbox 1874 4341 3463 4427">
    <p class='ocr_par' dir='ltr' id='par_1_107' title="bbox 1874 4341 3463 4427">
     <span class='ocr_line' id='line_1_107' title="bbox 1874 4341 3463 4427; baseline 0.014 -35"><span class='ocrx_word' id='word_1_881' title='bbox 1874 4341 2009 4394; x_wconf 87' lang='lat' dir='ltr'><strong>mitis</strong></span> <span class='ocrx_word' id='word_1_882' title='bbox 2036 4356 2148 4395; x_wconf 88' lang='lat' dir='ltr'><strong>sum</strong></span> <span class='ocrx_word' id='word_1_883' title='bbox 2185 4354 2232 4399; x_wconf 83' lang='lat' dir='ltr'><strong>et</strong></span> <span class='ocrx_word' id='word_1_884' title='bbox 2258 4344 2462 4401; x_wconf 82' lang='lat' dir='ltr'><strong>Immitis</strong></span> <span class='ocrx_word' id='word_1_885' title='bbox 2497 4348 2688 4403; x_wconf 78' lang='lat' dir='ltr'><strong>corde?</strong></span> <span class='ocrx_word' id='word_1_886' title='bbox 2716 4348 2841 4407; x_wconf 84' lang='lat' dir='ltr'><strong>Illos</strong></span> <span class='ocrx_word' id='word_1_887' title='bbox 2879 4351 3104 4423; x_wconf 86' lang='lat' dir='ltr'><strong>proinde</strong></span> <span class='ocrx_word' id='word_1_888' title='bbox 3143 4368 3463 4427; x_wconf 87' lang='lat' dir='ltr'><strong>sequentes,</strong></span> 
     </span>
    </p>
   </div>
   <div class='ocr_carea' id='block_1_108' title="bbox 1873 4431 3465 4518">
    <p class='ocr_par' dir='ltr' id='par_1_108' title="bbox 1873 4431 3465 4518">
     <span class='ocr_line' id='line_1_108' title="bbox 1873 4431 3465 4518; baseline 0.012 -32"><span class='ocrx_word' id='word_1_889' title='bbox 1873 4431 2056 4502; x_wconf 80' lang='lat' dir='ltr'><strong>Agnus</strong></span> <span class='ocrx_word' id='word_1_890' title='bbox 2081 4448 2417 4505; x_wconf 89' lang='lat' dir='ltr'><strong>quocumque</strong></span> <span class='ocrx_word' id='word_1_891' title='bbox 2444 4437 2562 4492; x_wconf 89' lang='lat' dir='ltr'><strong>ierit</strong></span> <span class='ocrx_word' id='word_1_892' title='bbox 2583 4438 2748 4507; x_wconf 89' lang='lat' dir='ltr'><strong>ducit,</strong></span> <span class='ocrx_word' id='word_1_893' title='bbox 2773 4438 2825 4496; x_wconf 91' lang='lat' dir='ltr'><strong>in</strong></span> <span class='ocrx_word' id='word_1_894' title='bbox 2856 4443 3048 4513; x_wconf 90' lang='lat' dir='ltr'><strong>quibus</strong></span> <span class='ocrx_word' id='word_1_895' title='bbox 3068 4445 3215 4516; x_wconf 86' lang='lat' dir='ltr'><strong>prius</strong></span> <span class='ocrx_word' id='word_1_896' title='bbox 3236 4446 3349 4518; x_wconf 91' lang='lat' dir='ltr'><strong>ipse</strong></span> <span class='ocrx_word' id='word_1_897' title='bbox 3375 4448 3465 4506; x_wconf 89' lang='lat' dir='ltr'><strong>ubi</strong></span> 
     </span>
    </p>
   </div>
   <div class='ocr_carea' id='block_1_109' title="bbox 1840 4516 3468 4606">
    <p class='ocr_par' dir='ltr' id='par_1_109' title="bbox 1840 4516 3468 4606">
     <span class='ocr_line' id='line_1_109' title="bbox 1840 4516 3468 4606; baseline 0.012 -31"><span class='ocrx_word' id='word_1_898' title='bbox 1840 4516 1843 4519; x_wconf 80' lang='grc'><em>’</em></span> <span class='ocrx_word' id='word_1_899' title='bbox 1873 4530 2035 4593; x_wconf 89' lang='lat' dir='ltr'><strong>caput</strong></span> <span class='ocrx_word' id='word_1_900' title='bbox 2057 4518 2276 4579; x_wconf 88' lang='lat' dir='ltr'><strong>inclinet</strong></span> <span class='ocrx_word' id='word_1_901' title='bbox 2316 4526 2597 4583; x_wconf 89' lang='lat' dir='ltr'><strong>invenerit.</strong></span> <span class='ocrx_word' id='word_1_902' title='bbox 2626 4527 2760 4584; x_wconf 86' lang='lat' dir='ltr'><strong>Nam</strong></span> <span class='ocrx_word' id='word_1_903' title='bbox 2791 4539 2846 4587; x_wconf 89' lang='lat' dir='ltr'><strong>et</strong></span> <span class='ocrx_word' id='word_1_904' title='bbox 2870 4531 3087 4602; x_wconf 91' lang='lat' dir='ltr'><strong>quidam</strong></span> <span class='ocrx_word' id='word_1_905' title='bbox 3117 4516 3382 4606; x_wconf 73' lang='lat' dir='ltr'><strong>superbus</strong></span> <span class='ocrx_word' id='word_1_906' title='bbox 3410 4548 3468 4594; x_wconf 88' lang='lat' dir='ltr'><strong>et</strong></span> 
     </span>
    </p>
   </div>
   <div class='ocr_carea' id='block_1_110' title="bbox 1873 4613 3467 4697">
    <p class='ocr_par' dir='ltr' id='par_1_110' title="bbox 1873 4613 3467 4697">
     <span class='ocr_line' id='line_1_110' title="bbox 1873 4613 3467 4697; baseline 0.008 -28"><span class='ocrx_word' id='word_1_907' title='bbox 1873 4613 2090 4669; x_wconf 82' lang='lat' dir='ltr'><strong>dolosas</strong></span> <span class='ocrx_word' id='word_1_908' title='bbox 2112 4613 2213 4669; x_wconf 86' lang='lat' dir='ltr'><strong>hoc</strong></span> <span class='ocrx_word' id='word_1_909' title='bbox 2245 4615 2294 4670; x_wconf 89' lang='lat' dir='ltr'><strong>ei</strong></span> <span class='ocrx_word' id='word_1_910' title='bbox 2318 4613 2563 4686; x_wconf 81' lang='lat' dir='ltr'><strong>dixerat,</strong></span> <span class='ocrx_word' id='word_1_911' title='bbox 2590 4617 2809 4675; x_wconf 86' lang='lat' dir='ltr'><strong>Domine</strong></span> <span class='ocrx_word' id='word_1_912' title='bbox 2829 4662 2846 4689; x_wconf 94' lang='lat'><strong>,</strong></span> <span class='ocrx_word' id='word_1_913' title='bbox 2876 4638 3059 4693; x_wconf 85' lang='lat' dir='ltr'><strong>sequar</strong></span> <span class='ocrx_word' id='word_1_914' title='bbox 3084 4633 3131 4679; x_wconf 86' lang='lat' dir='ltr'><strong>te</strong></span> <span class='ocrx_word' id='word_1_915' title='bbox 3156 4639 3467 4697; x_wconf 75' lang='lat' dir='ltr'><strong>quocumque</strong></span> 
     </span>
    </p>
   </div>
   <div class='ocr_carea' id='block_1_111' title="bbox 1872 4701 3467 4784">
    <p class='ocr_par' dir='ltr' id='par_1_111' title="bbox 1872 4701 3467 4784">
     <span class='ocr_line' id='line_1_111' title="bbox 1872 4701 3467 4784; baseline 0.01 -25"><span class='ocrx_word' id='word_1_916' title='bbox 1872 4701 1992 4760; x_wconf 85' lang='lat' dir='ltr'><strong>ieris</strong></span> <span class='ocrx_word' id='word_1_917' title='bbox 2014 4721 2034 4760; x_wconf 88' lang='lat'><strong><em>:</em></strong></span> <span class='ocrx_word' id='word_1_918' title='bbox 2051 4706 2135 4762; x_wconf 90' lang='lat' dir='ltr'><strong>cui</strong></span> <span class='ocrx_word' id='word_1_919' title='bbox 2159 4707 2473 4777; x_wconf 85' lang='lat' dir='ltr'><strong>respondit,</strong></span> <span class='ocrx_word' id='word_1_920' title='bbox 2505 4708 2693 4779; x_wconf 84' lang='lat' dir='ltr'><strong>Vulpes</strong></span> <span class='ocrx_word' id='word_1_921' title='bbox 2717 4709 2886 4783; x_wconf 82' lang='lat' dir='ltr'><strong>foveas</strong></span> <span class='ocrx_word' id='word_1_922' title='bbox 2915 4710 3127 4784; x_wconf 84' lang='lat' dir='ltr'><strong>habent,</strong></span> <span class='ocrx_word' id='word_1_923' title='bbox 3170 4727 3216 4772; x_wconf 91' lang='lat' dir='ltr'><strong>et</strong></span> <span class='ocrx_word' id='word_1_924' title='bbox 3240 4718 3467 4775; x_wconf 80' lang='lat' dir='ltr'><strong>volatilia</strong></span> 
     </span>
    </p>
   </div>
   <div class='ocr_carea' id='block_1_112' title="bbox 1872 4793 3466 4883">
    <p class='ocr_par' dir='ltr' id='par_1_112' title="bbox 1872 4793 3466 4883">
     <span class='ocr_line' id='line_1_112' title="bbox 1872 4793 3466 4883; baseline 0.01 -32"><span class='ocrx_word' id='word_1_925' title='bbox 1872 4798 1985 4853; x_wconf 81' lang='lat' dir='ltr'><strong>cteli</strong></span> <span class='ocrx_word' id='word_1_926' title='bbox 2011 4798 2200 4865; x_wconf 86' lang='lat' dir='ltr'><strong>nidos;</strong></span> <span class='ocrx_word' id='word_1_927' title='bbox 2227 4793 2276 4851; x_wconf 68' lang='grc' dir='ltr'><em>Ρ</em></span> <span class='ocrx_word' id='word_1_928' title='bbox 2277 4799 2395 4853; x_wconf 87' lang='lat' dir='ltr'><strong>ilius</strong></span> <span class='ocrx_word' id='word_1_929' title='bbox 2432 4810 2600 4855; x_wconf 86' lang='lat' dir='ltr'><strong>autem</strong></span> <span class='ocrx_word' id='word_1_930' title='bbox 2625 4803 2842 4858; x_wconf 86' lang='lat' dir='ltr'><strong>hominis</strong></span> <span class='ocrx_word' id='word_1_931' title='bbox 2879 4821 2980 4859; x_wconf 85' lang='lat' dir='ltr'><strong>non</strong></span> <span class='ocrx_word' id='word_1_932' title='bbox 3019 4806 3167 4863; x_wconf 86' lang='lat' dir='ltr'><strong>habet</strong></span> <span class='ocrx_word' id='word_1_933' title='bbox 3192 4809 3277 4863; x_wconf 85' lang='lat' dir='ltr'><strong>ubi</strong></span> <span class='ocrx_word' id='word_1_934' title='bbox 3310 4823 3466 4883; x_wconf 85' lang='lat' dir='ltr'><strong>caput</strong></span> 
     </span>
    </p>
   </div>
   <div class='ocr_carea' id='block_1_113' title="bbox 1873 4886 3465 4968">
    <p class='ocr_par' dir='ltr' id='par_1_113' title="bbox 1873 4886 3465 4968">
     <span class='ocr_line' id='line_1_113' title="bbox 1873 4886 3465 4968; baseline 0.01 -25"><span class='ocrx_word' id='word_1_935' title='bbox 1873 4906 2022 4944; x_wconf 88' lang='lat' dir='ltr'><strong>suum</strong></span> <span class='ocrx_word' id='word_1_936' title='bbox 2046 4890 2252 4944; x_wconf 84' lang='lat' dir='ltr'><strong>inclinet</strong></span> <span class='ocrx_word' id='word_1_937' title='bbox 2276 4886 2488 4962; x_wconf 80' lang='lat' dir='ltr'><strong>(Matth.</strong></span> <span class='ocrx_word' id='word_1_938' title='bbox 2521 4907 2635 4959; x_wconf 88' lang='lat' dir='ltr'><strong>vnt,</strong></span> <span class='ocrx_word' id='word_1_939' title='bbox 2664 4891 2922 4968; x_wconf 75' lang='lat' dir='ltr'><strong>l9et20).</strong></span> <span class='ocrx_word' id='word_1_940' title='bbox 2955 4896 3222 4968; x_wconf 83' lang='lat' dir='ltr'><strong>Arguebat</strong></span> <span class='ocrx_word' id='word_1_941' title='bbox 3248 4903 3465 4960; x_wconf 77' lang='lat' dir='ltr'><strong>nomine</strong></span> 
     </span>
    </p>
   </div>
   <div class='ocr_carea' id='block_1_114' title="bbox 1874 4977 3463 5051">
    <p class='ocr_par' dir='ltr' id='par_1_114' title="bbox 1874 4977 3463 5051">
     <span class='ocr_line' id='line_1_114' title="bbox 1874 4977 3463 5051; baseline 0.009 -17"><span class='ocrx_word' id='word_1_942' title='bbox 1874 4977 2109 5051; x_wconf 88' lang='lat' dir='ltr'><strong>vulpium</strong></span> <span class='ocrx_word' id='word_1_943' title='bbox 2147 4990 2374 5035; x_wconf 88' lang='lat' dir='ltr'><strong>astutam</strong></span> <span class='ocrx_word' id='word_1_944' title='bbox 2416 4978 2787 5050; x_wconf 83' lang='lat' dir='ltr'><strong>dolositatetn,</strong></span> <span class='ocrx_word' id='word_1_945' title='bbox 2831 4994 2886 5041; x_wconf 89' lang='lat' dir='ltr'><strong>et</strong></span> <span class='ocrx_word' id='word_1_946' title='bbox 2930 4988 3147 5045; x_wconf 89' lang='lat' dir='ltr'><strong>nomine</strong></span> <span class='ocrx_word' id='word_1_947' title='bbox 3189 4990 3463 5049; x_wconf 80' lang='lat' dir='ltr'><strong>volucrum</strong></span> 
     </span>
    </p>
   </div>
   <div class='ocr_carea' id='block_1_115' title="bbox 1876 5068 3463 5155">
    <p class='ocr_par' dir='ltr' id='par_1_115' title="bbox 1876 5068 3463 5155">
     <span class='ocr_line' id='line_1_115' title="bbox 1876 5068 3463 5155; baseline 0.009 -29"><span class='ocrx_word' id='word_1_948' title='bbox 1876 5080 2151 5127; x_wconf 88' lang='lat' dir='ltr'><strong>ventosam</strong></span> <span class='ocrx_word' id='word_1_949' title='bbox 2182 5068 2464 5127; x_wconf 79' lang='lat' dir='ltr'><strong>elationem</strong></span> <span class='ocrx_word' id='word_1_950' title='bbox 2490 5114 2505 5139; x_wconf 95' lang='lat'><strong>,</strong></span> <span class='ocrx_word' id='word_1_951' title='bbox 2546 5073 2599 5129; x_wconf 90' lang='lat' dir='ltr'><strong>in</strong></span> <span class='ocrx_word' id='word_1_952' title='bbox 2638 5089 2744 5145; x_wconf 92' lang='lat' dir='ltr'><strong>quo</strong></span> <span class='ocrx_word' id='word_1_953' title='bbox 2787 5076 2873 5132; x_wconf 87' lang='lat' dir='ltr'><strong>ubi</strong></span> <span class='ocrx_word' id='word_1_954' title='bbox 2914 5080 3278 5146; x_wconf 85' lang='lat' dir='ltr'><strong>requiesceret</strong></span> <span class='ocrx_word' id='word_1_955' title='bbox 3322 5085 3463 5155; x_wconf 86' lang='lat' dir='ltr'><strong>piam</strong></span> 
     </span>
    </p>
   </div>
   <div class='ocr_carea' id='block_1_116' title="bbox 1876 5162 3463 5246">
    <p class='ocr_par' dir='ltr' id='par_1_116' title="bbox 1876 5162 3463 5246">
     <span class='ocr_line' id='line_1_116' title="bbox 1876 5162 3463 5246; baseline 0.009 -29"><span class='ocrx_word' id='word_1_956' title='bbox 1876 5178 1983 5217; x_wconf 90' lang='lat' dir='ltr'><strong>non</strong></span> <span class='ocrx_word' id='word_1_957' title='bbox 2006 5162 2307 5218; x_wconf 89' lang='lat' dir='ltr'><strong>inveniebat</strong></span> <span class='ocrx_word' id='word_1_958' title='bbox 2332 5164 2703 5222; x_wconf 87' lang='lat' dir='ltr'><strong>humilitatem.</strong></span> <span class='ocrx_word' id='word_1_959' title='bbox 2723 5169 2802 5224; x_wconf 80' lang='lat' dir='ltr'><strong>Ac</strong></span> <span class='ocrx_word' id='word_1_960' title='bbox 2822 5184 2919 5240; x_wconf 86' lang='lat' dir='ltr'><strong>per</strong></span> <span class='ocrx_word' id='word_1_961' title='bbox 2937 5169 3038 5228; x_wconf 90' lang='lat' dir='ltr'><strong>hoc</strong></span> <span class='ocrx_word' id='word_1_962' title='bbox 3053 5186 3315 5246; x_wconf 82' lang='lat' dir='ltr'><strong>nusquam</strong></span> <span class='ocrx_word' id='word_1_963' title='bbox 3343 5193 3463 5232; x_wconf 84' lang='lat' dir='ltr'><strong>om-</strong></span> 
     </span>
    </p>
   </div>
   <div class='ocr_carea' id='block_1_117' title="bbox 1878 5256 3465 5334">
    <p class='ocr_par' dir='ltr' id='par_1_117' title="bbox 1878 5256 3465 5334">
     <span class='ocr_line' id='line_1_117' title="bbox 1878 5256 3465 5334; baseline 0.011 -25"><span class='ocrx_word' id='word_1_964' title='bbox 1878 5256 2004 5310; x_wconf 92' lang='lat' dir='ltr'><strong>nino</strong></span> <span class='ocrx_word' id='word_1_965' title='bbox 2048 5265 2262 5313; x_wconf 85' lang='lat' dir='ltr'><strong>secntus</strong></span> <span class='ocrx_word' id='word_1_966' title='bbox 2290 5265 2372 5311; x_wconf 91' lang='lat' dir='ltr'><strong>est</strong></span> <span class='ocrx_word' id='word_1_967' title='bbox 2400 5257 2680 5313; x_wconf 88' lang='lat' dir='ltr'><strong>Dominum</strong></span> <span class='ocrx_word' id='word_1_968' title='bbox 2707 5297 2721 5325; x_wconf 88' lang='lat'><strong>,</strong></span> <span class='ocrx_word' id='word_1_969' title='bbox 2758 5260 2846 5331; x_wconf 90' lang='lat' dir='ltr'><strong>qui</strong></span> <span class='ocrx_word' id='word_1_970' title='bbox 2876 5277 2935 5316; x_wconf 86' lang='lat' dir='ltr'><strong>se</strong></span> <span class='ocrx_word' id='word_1_971' title='bbox 2967 5276 3314 5334; x_wconf 77' lang='lat' dir='ltr'><strong>promiserat,</strong></span> <span class='ocrx_word' id='word_1_972' title='bbox 3354 5282 3465 5326; x_wconf 88' lang='lat' dir='ltr'><strong>non</strong></span> 
     </span>
    </p>
   </div>
   <div class='ocr_carea' id='block_1_118' title="bbox 1877 5344 3464 5431">
    <p class='ocr_par' dir='ltr' id='par_1_118' title="bbox 1877 5344 3464 5431">
     <span class='ocr_line' id='line_1_118' title="bbox 1877 5344 3464 5431; baseline 0.011 -30"><span class='ocrx_word' id='word_1_973' title='bbox 1877 5362 2047 5418; x_wconf 89' lang='lat' dir='ltr'><strong>usque</strong></span> <span class='ocrx_word' id='word_1_974' title='bbox 2080 5344 2146 5401; x_wconf 88' lang='lat' dir='ltr'><strong>ad</strong></span> <span class='ocrx_word' id='word_1_975' title='bbox 2171 5348 2456 5418; x_wconf 87' lang='lat' dir='ltr'><strong>quemdam</strong></span> <span class='ocrx_word' id='word_1_976' title='bbox 2485 5349 2779 5420; x_wconf 80' lang='lat' dir='ltr'><strong>profectum</strong></span> <span class='ocrx_word' id='word_1_977' title='bbox 2799 5394 2815 5420; x_wconf 93' lang='lat'><strong>,</strong></span> <span class='ocrx_word' id='word_1_978' title='bbox 2843 5353 2937 5410; x_wconf 91' lang='lat' dir='ltr'><strong>sed</strong></span> <span class='ocrx_word' id='word_1_979' title='bbox 2960 5357 3178 5413; x_wconf 89' lang='lat' dir='ltr'><strong>omnino</strong></span> <span class='ocrx_word' id='word_1_980' title='bbox 3202 5372 3464 5431; x_wconf 85' lang='lat' dir='ltr'><strong>quocum-</strong></span> 
     </span>
    </p>
   </div>
   <div class='ocr_carea' id='block_1_119' title="bbox 1877 5441 2475 5511">
    <p class='ocr_par' dir='ltr' id='par_1_119' title="bbox 1877 5441 2475 5511">
     <span class='ocr_line' id='line_1_119' title="bbox 1877 5441 2475 5511; baseline 0.003 -17"><span class='ocrx_word' id='word_1_981' title='bbox 1877 5454 1982 5511; x_wconf 89' lang='lat' dir='ltr'><strong>que</strong></span> <span class='ocrx_word' id='word_1_982' title='bbox 2007 5441 2125 5495; x_wconf 89' lang='lat' dir='ltr'><strong>ierit</strong></span> <span class='ocrx_word' id='word_1_983' title='bbox 2150 5450 2475 5498; x_wconf 89' lang='lat' dir='ltr'><strong>secuturum.</strong></span> 
     </span>
    </p>
   </div>
   <div class='ocr_carea' id='block_1_120' title="bbox 1948 5531 3466 5611">
    <p class='ocr_par' dir='ltr' id='par_1_120' title="bbox 1948 5531 3466 5611">
     <span class='ocr_line' id='line_1_120' title="bbox 1948 5531 3466 5611; baseline 0.007 -24"><span class='ocrx_word' id='word_1_984' title='bbox 1948 5531 2033 5587; x_wconf 70' lang='lat' dir='ltr'><strong>CA</strong></span> <span class='ocrx_word' id='word_1_985' title='bbox 2044 5531 2175 5588; x_wconf 80' lang='lat' dir='ltr'><strong>PUT</strong></span> <span class='ocrx_word' id='word_1_986' title='bbox 2197 5532 2304 5588; x_wconf 69' lang='grc' dir='ltr'>ιιι.</span> <span class='ocrx_word' id='word_1_987' title='bbox 2334 5564 2407 5573; x_wconf 89' lang='grc'><strong><em>-</em></strong></span> <span class='ocrx_word' id='word_1_988' title='bbox 2430 5535 2516 5590; x_wconf 78' lang='grc'><strong>55.</strong></span> <span class='ocrx_word' id='word_1_989' title='bbox 2558 5533 2836 5593; x_wconf 83' lang='lat' dir='ltr'><strong>Ilumilitas</strong></span> <span class='ocrx_word' id='word_1_990' title='bbox 2864 5539 3249 5611; x_wconf 66' lang='lat' dir='ltr'><strong>virginibusque</strong></span> <span class='ocrx_word' id='word_1_991' title='bbox 3273 5543 3466 5598; x_wconf 78' lang='lat' dir='ltr'><strong>ratione</strong></span> 
     </span>
    </p>
   </div>
   <div class='ocr_carea' id='block_1_121' title="bbox 1881 5624 3466 5701">
    <p class='ocr_par' dir='ltr' id='par_1_121' title="bbox 1881 5624 3466 5701">
     <span class='ocr_line' id='line_1_121' title="bbox 1881 5624 3466 5701; baseline 0.008 -24"><span class='ocrx_word' id='word_1_992' title='bbox 1881 5624 2176 5677; x_wconf 74' lang='lat' dir='ltr'><strong>exercenda.</strong></span> <span class='ocrx_word' id='word_1_993' title='bbox 2221 5625 2556 5698; x_wconf 82' lang='lat' dir='ltr'><strong>Quapropter</strong></span> <span class='ocrx_word' id='word_1_994' title='bbox 2600 5627 2701 5681; x_wconf 88' lang='lat' dir='ltr'><strong>hoc</strong></span> <span class='ocrx_word' id='word_1_995' title='bbox 2742 5629 2913 5697; x_wconf 83' lang='lat' dir='ltr'><strong>agite,</strong></span> <span class='ocrx_word' id='word_1_996' title='bbox 2941 5631 3172 5701; x_wconf 81' lang='lat' dir='ltr'><strong>virgines</strong></span> <span class='ocrx_word' id='word_1_997' title='bbox 3201 5630 3294 5688; x_wconf 84' lang='lat' dir='ltr'><strong>Dei</strong></span> <span class='ocrx_word' id='word_1_998' title='bbox 3315 5674 3332 5701; x_wconf 86' lang='lat'><strong>,</strong></span> <span class='ocrx_word' id='word_1_999' title='bbox 3364 5632 3466 5690; x_wconf 80' lang='lat' dir='ltr'><strong>hoc</strong></span> 
     </span>
    </p>
   </div>
   <div class='ocr_carea' id='block_1_122' title="bbox 1948 5734 2934 5799">
    <p class='ocr_par' dir='ltr' id='par_1_122' title="bbox 1948 5734 2934 5799">
     <span class='ocr_line' id='line_1_122' title="bbox 1948 5734 2934 5799; baseline 0.004 -14"><span class='ocrx_word' id='word_1_1000' title='bbox 1948 5735 1966 5767; x_wconf 79' lang='grc'><strong>⁸</strong></span> <span class='ocrx_word' id='word_1_1001' title='bbox 1990 5735 2125 5795; x_wconf 77' lang='lat' dir='ltr'><strong>Editi,</strong></span> <span class='ocrx_word' id='word_1_1002' title='bbox 2144 5734 2376 5799; x_wconf 76' lang='lat' dir='ltr'><strong>futuram.</strong></span> <span class='ocrx_word' id='word_1_1003' title='bbox 2404 5736 2723 5785; x_wconf 76' lang='lat' dir='ltr'><strong>Fntendantur</strong></span> <span class='ocrx_word' id='word_1_1004' title='bbox 2750 5750 2811 5786; x_wconf 79' lang='lat' dir='ltr'><strong>ex</strong></span> <span class='ocrx_word' id='word_1_1005' title='bbox 2829 5744 2934 5789; x_wconf 68' lang='lat' dir='ltr'><strong>atas.</strong></span> 
     </span>
    </p>
   </div>
   <div class='ocr_carea' id='block_1_123' title="bbox 2497 5818 2908 5900">
    <p class='ocr_par' dir='ltr' id='par_1_123' title="bbox 2497 5818 2908 5900">
     <span class='ocr_line' id='line_1_123' title="bbox 2497 5818 2908 5900; baseline 0.012 -20"><span class='ocrx_word' id='word_1_1006' title='bbox 2497 5818 2908 5900; x_wconf 58' lang='lat' dir='ltr'><strong>(Quamne)</strong></span> 
     </span>
    </p>
   </div>
  </div>
