3930 6368
536 276 639 329 4⁸37

533 387 674 460 agito
706 403 721 443 :
752 384 1032 457 sequimini
1060 384 1264 453 Agnum
1307 394 1642 452 quocumque
1673 378 1810 432 ierit.
1838 375 1943 432 Sed
1976 375 2120 446 prius

534 478 602 536 ad
642 492 765 536 eum
794 492 950 549 quem
980 472 1305 545 sequamini,
1339 470 1515 526 venite
1538 511 1552 534 ,
1581 479 1634 525 et
1658 468 1843 523 discite
1872 468 2119 539 quoniam

534 570 681 625 mitis
704 576 788 624 est
810 576 864 623 et
889 566 1102 620 humilis
1130 562 1293 619 corde
1343 561 1621 616 Ilumiliter
1650 559 1715 614 ad
1743 558 1996 613 humilem
2027 572 2119 612 ve-

534 662 680 727 nite,
708 660 753 715 si
773 660 993 723 amatis;
1026 667 1077 712 et
1110 672 1174 710 ne
1211 653 1494 709 discedatis
1520 654 1587 708 ab
1626 653 1713 707 illo
1736 694 1750 717 ,
1790 666 1857 706 ne
1898 650 2119 706 cadatis.

532 751 633 818 Qui
655 750 798 807 enim
828 748 979 804 timet
1003 748 1068 801 ab
1094 747 1183 801 illo
1206 744 1478 801 discedere
1502 785 1516 808 ,
1542 751 1693 814 rogat
1718 752 1772 797 et
1792 742 1924 797 dicit
1956 759 1969 795 :
2003 741 2124 796 Non

533 842 660 895 mihi
689 840 853 896 veniat
896 856 981 909 pes
1024 837 1269 908 superbia:
1316 834 1487 908 (Psal.
1530 852 1718 902 xxxv,
1764 835 1872 906 η).
1913 836 2125 906 Pergite

534 933 675 1005 viam
702 930 1074 1009 sublimitatis,
1114 927 1249 999 pede
1279 927 1612 982 humilitatis.
1645 926 1761 996 Ipse
1794 925 1989 981 cxaltat
2028 925 2123 979 hu-

536 1027 736 1081 utiliter
760 1032 1067 1094 sequentes,
1098 1036 1256 1092 quem
1286 1019 1614 1075 descendere
1641 1033 1744 1073 non
1778 1016 1940 1088 piguit
1961 1017 2025 1071 ad
2044 1018 2127 1088 ja-

534 1125 737 1174 ceutcs.
769 1116 915 1190 ana
945 1114 1060 1184 ejus
1098 1113 1177 1167 illi
1201 1111 1457 1168 servanda
1478 1110 1793 1167 committite
1816 1151 1830 1175 ,
1861 1107 2125 1165 fortitudi-

533 1224 659 1264 nem
704 1214 938 1262 vestram
988 1203 1054 1259 ad
1098 1203 1242 1258 illum
1293 1202 1556 1257 custodite
1600 1200 1770 1273 (Psal.
1803 1216 1967 1267 Lvnt,
2010 1198 2117 1273 10).

539 1297 804 1370 Quidquid
827 1296 951 1352 mali
986 1296 1101 1368 ipso
1120 1294 1452 1351 custodiente
1478 1309 1583 1349 non
1609 1293 1937 1349 committitis
1958 1333 1975 1361 ,
2005 1302 2123 1347 tan-

533 1406 695 1460 quam
718 1389 1003 1445 remissum
1032 1387 1100 1443 ab
1129 1387 1223 1441 illo
1248 1385 1497 1458 deputate
1539 1403 1551 1437 :
1583 1402 1650 1441 ne
1681 1383 1947 1439 modicum
1972 1384 2123 1440 vobis

531 1483 897 1539 existimantes
924 1480 1227 1549 dimissum,
1255 1479 1521 1534 modicum
1550 1478 1797 1550 diligatis,
1822 1486 1878 1534 et
1899 1477 2125 1532 tunden-

532 1585 615 1630 tes
640 1584 852 1645 peetora
884 1572 1192 1644 publicanos
1218 1571 1433 1626 ruinosa
1470 1569 1720 1639 jactantia
1744 1568 2119 1625 contemnatis.

530 1665 609 1723 De
645 1666 851 1721 viribus
887 1665 1080 1721 vestris
1099 1664 1334 1735 expertis
1359 1673 1542 1719 cavete
1564 1704 1579 1730 ,
1615 1678 1680 1716 ne
1709 1663 1830 1732 quia
1860 1662 2000 1718 ferre
2026 1662 2122 1717 ali-

529 1755 653 1826 quid
692 1756 937 1827 potuistis
966 1753 1223 1810 inﬂemiui
1253 1772 1267 1808 :
1296 1753 1364 1809 de
1403 1752 1696 1824 inexpertis
1725 1762 1901 1807 autem
1929 1762 2080 1807 orate
2102 1793 2126 1821 γ

530 1864 598 1903 ne
637 1862 795 1918 supra
835 1862 992 1917 quam
1035 1846 1255 1916 potestis
1297 1843 1436 1900 ferre
1479 1843 1772 1900 teutemiui.
1809 1843 2122 1899 Existimate

527 1941 735 2011 aliquos
760 1940 812 1994 iu
842 1940 1051 1995 occulto
1086 1938 1391 2007 superiores
1416 1979 1429 2001 ,
1472 1938 1663 2007 quibus
1691 1938 1821 1993 estis
1861 1936 1915 1990 in
1953 1936 2124 1991 mani-

526 2033 666 2087 festo
692 2032 959 2086 meliores.
984 2030 1115 2085 Cum
1142 2030 1366 2084 aliorum
1390 2028 1549 2095 bona,
1575 2027 1710 2082 forte
1736 2027 1915 2097 ignota
1945 2026 2117 2094 vobis,

525 2124 755 2194 benigne
798 2123 1087 2178 creduntur
1134 2137 1162 2174 a
1207 2121 1391 2185 vobis,
1440 2128 1617 2175 vestra
1650 2120 1800 2175 vobis
1838 2129 1965 2175 nota
2014 2136 2120 2175 non

524 2213 922 2285 comparatione
953 2214 1264 2267 minuuntur
1288 2253 1301 2275 ,
1330 2211 1423 2266 sed
1464 2210 1750 2267 dilectione
1792 2210 2072 2264 ﬁrmantur
2102 2226 2117 2265 :

524 2315 580 2360 et
622 2322 741 2376 quas
791 2304 927 2360 forte
958 2303 1131 2359 adhuc
1158 2303 1387 2369 desunt,
1436 2310 1583 2356 tanto
1632 2302 1827 2356 dantur
1870 2298 2118 2369 facilius,

523 2407 726 2467 quanto
769 2395 1144 2450 desiderantur
1170 2394 1441 2447 humilius.
1476 2392 1888 2447 Perseverantes
1928 2392 1980 2447 in
2019 2408 2120 2446 nu-

524 2503 674 2543 mero
703 2498 880 2543 vestro
909 2487 1176 2557 pr.ebeant
1205 2486 1354 2540 vobis
1375 2485 1717 2554 exemplum;
1752 2483 2008 2539 cadentes
2028 2499 2122 2538 au-

526 2590 635 2636 tem
658 2589 884 2649 augeant
917 2580 1158 2633 timorem
1185 2586 1438 2632 vestrum.
1461 2574 1594 2629 Illud
1623 2584 1829 2642 amate,
1861 2584 1916 2628 ut
1945 2575 2121 2629 imite-

524 2674 655 2727 mini
678 2690 692 2739 ;
715 2671 819 2728 hoc
846 2672 1043 2742 lugete,
1069 2685 1135 2724 ne
1164 2668 1440 2723 inﬂemini.
1462 2666 1730 2723 Justitiam
1767 2674 1995 2720 vestram
2019 2681 2119 2720 no-

524 2764 617 2818 lite
659 2770 931 2826 statuere,
985 2760 1097 2813 Deo
1139 2772 1234 2814 vos
1278 2756 1590 2827 justiﬁcanti
1632 2754 1863 2810 subdite.
1896 2753 2119 2809 Veniam

524 2853 758 2923 peccatis
783 2852 976 2907 donate
1001 2850 1212 2914 alienis,
1234 2858 1383 2903 orate
1406 2862 1501 2918 pro
1527 2845 1719 2901 vestris
1751 2863 1765 2899 :
1793 2844 1968 2900 futura
1990 2844 2121 2915 vigi-

523 2946 685 3001 lando
712 2946 906 3011 vitate,
934 2943 1197 3012 pra-terita
1231 2938 1539 2995 conﬁtendo
1564 2937 1761 2992 delete.

595 3032 823 3092 CAPUT
862 3032 993 3089 LIII.
1036 3063 1105 3072 —
1147 3032 1236 3087 54.
1294 3028 1520 3101 Virgines
1572 3038 1759 3101 quanto
1809 3026 2115 3094 sanctiores,

527 3138 668 3182 tanto
688 3127 789 3181 sint
816 3123 1127 3179 humiliores.
1153 3110 1289 3178 Ecce
1315 3121 1426 3193 jam
1450 3122 1583 3177 tales
1607 3121 1764 3189 estis,
1793 3130 1849 3174 ut
1868 3118 2118 3191 professae

522 3231 682 3292 atque
716 3230 943 3277 servata:
972 3218 1256 3289 virginitati
1285 3217 1497 3287 caneris
1525 3214 1686 3270 etiam
1718 3213 1955 3271 moribus
1984 3228 2116 3268 con-

520 3313 747 3384 gruatis.
773 3312 911 3367 Ecce
931 3310 1041 3382 jam
1086 3324 1190 3364 non
1238 3306 1410 3363 solum
1459 3304 1798 3369 homicidiis,
1843 3303 2118 3358 sacriﬁciis

521 3403 796 3458 diabolicis
826 3411 880 3457 et
900 3399 1401 3463 abominationibus,
1433 3396 1587 3452 furtis
1608 3439 1622 3463 ,
1655 3394 1855 3465 rapinis
1876 3437 1888 3458 ,
1919 3394 2116 3449 fraudi-

522 3494 642 3556 bus,
666 3494 935 3565 periuriis,
967 3491 1383 3554 ebriositatibus,
1413 3487 1665 3556 omnique
1694 3485 1901 3540 luxuria
1922 3494 1974 3539 et
1998 3498 2118 3539 ava-

523 3587 644 3641 ritia
666 3627 681 3651 ,
728 3583 1185 3648 simulationibus,
1217 3580 1680 3647 armulationibus,
1720 3578 2113 3647 impietatibus,

522 3677 922 3733 crudelitatibus
962 3675 1240 3729 abstinetis
1282 3687 1509 3727 :verum
1550 3671 1712 3726 etiam
1754 3671 1840 3725 illa
1880 3685 2001 3740 qua:
2039 3669 2118 3724 le-

523 3771 671 3824 viora
713 3769 798 3824 vel
844 3775 968 3821 sunt
1012 3766 1096 3819 vel
1142 3772 1429 3835 putantur,
1477 3778 1581 3816 non
1630 3761 1977 3816 inveniuntur
2016 3776 2115 3815 nec

522 3863 768 3918 oriuntur
805 3860 859 3915 in
901 3858 1085 3925 vobis;
1137 3873 1242 3911 non
1289 3855 1562 3925 improbus
1590 3854 1801 3917 vultus,
1848 3868 1953 3907 non
1998 3854 2114 3923 vagi

522 3954 696 4020 oculi,
738 3970 844 4008 non
878 3951 1100 4006 infrenis
1139 3949 1348 4020 lingua,
1378 3965 1483 4003 non
1518 3946 1760 4018 petulans
1799 3940 1938 4000 risus
1963 3987 1978 4015 ,
2008 3962 2112 4000 non

522 4044 765 4101 scurrilis
809 4043 960 4113 iocus
979 4082 994 4106 ,
1040 4056 1144 4095 non
1191 4039 1443 4094 indecens
1466 4036 1681 4092 habitus
1703 4076 1719 4103 ,
1748 4051 1853 4090 non
1882 4034 2115 4091 tumidus

523 4144 616 4189 aut
662 4133 837 4189 ﬂuxus
887 4132 1128 4186 incessus
1171 4147 1183 4183 :
1217 4129 1329 4200 jam
1358 4144 1459 4183 non
1509 4127 1732 4182 redditis
1774 4125 1970 4181 malum
2020 4141 2114 4196 pro

521 4229 681 4295 malo,
709 4244 808 4283 nec
834 4224 1174 4281 maledictum
1204 4238 1301 4293 pro
1332 4219 1615 4276 maledicto
1636 4219 1688 4290 (I
1724 4217 1864 4273 Petr.
1898 4232 1951 4273 m
1972 4257 1986 4285 ,
2015 4217 2071 4289 9)
2096 4236 2110 4285 ;

517 4320 625 4391 jam
671 4329 940 4391 postremo
970 4318 1113 4372 illam
1155 4327 1460 4371 mensuram
1502 4311 1799 4367 dilectionis
1843 4306 2111 4383 impletis,

520 4421 577 4466 ut
613 4411 822 4482 ponatis
862 4410 1067 4464 animas
1109 4422 1206 4479 pro
1243 4405 1494 4460 fratribus
1534 4402 1727 4458 vestris
1758 4401 1801 4474 (l
1825 4401 1981 4457 Joau.
2012 4418 2070 4458 tn
2095 4445 2111 4471 ,

520 4500 632 4572 16).
674 4502 811 4555 Ecce
836 4502 943 4570 jam
976 4498 1106 4552 tales
1146 4498 1273 4551 estis
1297 4536 1313 4564 ,
1343 4495 1464 4566 quia
1499 4504 1553 4549 et
1581 4495 1712 4550 tales
1737 4508 1856 4549 esse
1882 4493 2109 4550 debetis.

520 4590 646 4645 Ilaec
671 4590 847 4643 addita
878 4587 1194 4657 virginitati,
1226 4587 1518 4656 angelicam
1567 4585 1729 4639 vitam
1770 4582 2072 4640 hominibus
2093 4626 2110 4652 ,

518 4691 575 4737 et
599 4681 722 4737 ωειί
748 4695 925 4734 mores
946 4678 1200 4733 exhibent
1221 4679 1395 4732 terris.
1413 4678 1517 4733 Sed
1539 4682 1737 4749 quanto
1760 4678 1933 4749 magni
1959 4679 2109 4743 estis,

516 4775 837 4844 quicumque
876 4772 945 4826 ita
977 4771 1152 4843 magni
1190 4770 1354 4836 estis,
1402 4772 1550 4826 tanto
1596 4770 1867 4826 humiliate
1916 4786 2010 4826 vos
2057 4771 2109 4826 in

518 4864 786 4929 omnibus,
820 4873 875 4918 ut
902 4879 1082 4917 coram
1114 4862 1222 4917 Deo
1250 4862 1532 4919 inVeniatis
1559 4864 1803 4934 gratiam,
1837 4879 1904 4919 ne
1924 4880 2110 4935 supcr-

512 4956 598 5013 bis
629 4956 870 5026 resistat,
901 4970 967 5008 ne
993 4968 1050 5008 se
1077 4953 1367 5009 exultantes
1394 4954 1654 5019 humiliet,
1684 4971 1752 5010 ne
1780 4955 1989 5009 inﬂatos
2015 4972 2110 5026 per

512 5044 745 5118 anguSIa
768 5047 784 5079 ¹
812 5062 915 5102 non
944 5044 1167 5117 trajiciat
1196 5064 1209 5100 :
1238 5059 1539 5118 quanquam
1577 5048 1838 5117 superﬂua
1868 5049 1935 5103 sit
1964 5050 2109 5102 solli-

515 5138 717 5206 eitudo,
747 5154 815 5194 ne
842 5139 927 5193 ubi
959 5138 1125 5195 fervet
1151 5138 1402 5204 Charitas,
1426 5139 1564 5195 desit
1585 5140 1872 5195 humilitas.

559 5225 813 5287 'CAPU'I‘
851 5230 985 5286 LIV.
1017 5262 1087 5271 -—
1133 5231 1222 5288 55.
1269 5226 1529 5303 Sponsum
1554 5242 1677 5286 .toto
1723 5232 1875 5287 corde
1917 5243 2102 5288 ament.

529 5323 589 5382 Si
609 5339 739 5397 ergo
764 5323 977 5396 nuptias
1002 5323 1401 5394 contempsistis
1430 5324 1660 5378 ﬁliorum
1700 5323 1975 5380 hominum
1998 5367 2012 5393 ,
2038 5342 2105 5382 ex

581 5480 602 5515 '
624 5478 730 5531 Sola
754 5478 903 5531 editio
923 5484 1056 5541 Lov.,
1081 5490 1167 5544 per
1190 5484 1443 5543 angustam
1460 5485 1667 5544 portam.

1284 268 1369 321 DE
1408 265 1669 323 SANCTA
1718 262 2172 327 \'I|IG.NIT.\TE,
2214 262 2269 317 S.
2313 262 2671 319 AUGUSTINI
2712 265 2913 324 LIBER
2973 267 3164 325 UNL'S.
3634 288 3712 344 ιεε

2230 376 2420 447 quibus
2459 378 2745 448 gignerctis
2775 380 2908 435 filios
2954 380 3254 451 hominum,
3292 394 3395 442 toto
3429 392 3566 449 corde
3581 410 3713 457 amate

2229 471 2529 540 speciosum
2575 470 2743 526 forma
2788 487 2899 543 prae
2928 472 3048 528 ﬁliis
3079 474 3374 533 hominum:
3408 494 3541 539 vacat
3572 490 3719 555 vobis,

2231 559 2455 615 liberum
2482 571 2561 616 est
2586 577 2679 616 cor
2705 579 2733 615 a
2760 564 3127 634 conjtigalibus
3146 567 3377 625 vinculis.
3406 571 3615 643 Inspicite
3636 582 3721 647 pul-

2230 655 2583 710 chritudinem
2614 658 2870 711 amatoris
2896 658 3055 712 vestri
3088 677 3101 713 :
3142 661 3361 730 cogitate
3394 667 3617 734 :equalem
3648 671 3721 726 Pa-

2228 744 2331 811 tri,
2359 743 2625 801 subditum
2665 741 2718 802 et
2747 748 2934 814 matri;
2965 749 3123 803 etiam
3153 751 3201 804 in
3231 753 3375 808 caelis
3394 754 3719 829 dominantem,

2230 845 2280 889 et
2309 835 2360 888 in
2383 837 2540 892 terris
2561 838 2913 904 servientem;
2942 851 3206 896 ereantem
3234 846 3399 898 omnia
3421 889 3433 907 ,
3454 860 3649 905 creatum
3667 853 3725 907 in-

2232 934 2311 979 ter
2337 926 2533 979 omnia.
2563 927 2695 982 Illud
2734 929 2906 998 ipsum
2943 931 3086 1001 quod
3117 931 3167 986 in
3194 948 3256 988 eo
3280 934 3506 992 derident
3525 944 3714 1011 superbi,

2232 1016 2474 1087 inspicite
2502 1034 2658 1088 quam
2703 1021 2985 1090 pulchrum
3026 1022 3094 1077 sit
3122 1040 3137 1077 :
3169 1024 3377 1079 intc‘ruis
3398 1026 3646 1085 luminibus
3666 1034 3724 1087 in-

2231 1107 2419 1176 spicite
2450 1109 2666 1166 vulnera
2693 1113 2990 1182 pendentis,
3017 1115 3287 1171 cicatrices
3307 1121 3619 1189 resurgentis,
3636 1138 3726 1177 san-

2230 1200 2441 1269 guinem
2472 1202 2782 1272 morientis,
2829 1205 3055 1276 pretium
3097 1207 3383 1275 credentis,
3408 1216 3723 1269 commercium

2231 1291 2569 1348 rudimentis.

2297 1380 2524 1439 CAPUT
2562 1383 2671 1440 LV.
2700 1416 2774 1426 —
2800 1385 3000 1453 Quanta
3027 1385 3262 1461 felicitate
3288 1398 3345 1445 dc
3375 1393 3609 1448 securitate
3627 1410 3728 1448 ama-

2229 1483 2313 1528 tur
2336 1491 2570 1546 sponsus.
2600 1476 2725 1533 Ilaec
2749 1479 2930 1548 quanti
2954 1480 3164 1535 valeant
3202 1482 3438 1551 cogitate,
3465 1486 3561 1537 haec
3586 1484 3627 1538 in
3648 1495 3727 1539 sta-

2231 1575 2340 1620 tera
2367 1566 2641 1623 cltaritatis
2666 1569 2949 1639 appendite
2973 1586 2988 1637 ;
3030 1580 3083 1627 et
3118 1571 3368 1642 quidquid
3395 1574 3570 1628 amoris
3591 1573 3633 1629 in
3656 1590 3726 1629 ntr-

2229 1656 2364 1727 ptius
2405 1667 2609 1713 vestras
2636 1659 2658 1691 ⁴
2685 1659 3098 1730 impendendum
3138 1663 3440 1731 habebatis,
3484 1664 3548 1720 illi
3583 1681 3728 1737 repen-

2226 1745 2358 1801 dite.

2297 1834 2385 1893 56.
2418 1837 2561 1894 Bene
2591 1839 2731 1910 quod
2761 1841 3071 1899 interiorem
3098 1849 3332 1901 vestram
3363 1847 3729 1917 pulchritudinem

2229 1932 2456 2001 quaerit,
2499 1932 2586 1987 ubi
2632 1933 2781 1990 vobis
2824 1936 2970 1992 dedit
3014 1949 3329 2008 potestatem
3377 1942 3500 1997 filias
3540 1943 3616 1997 Dei
3649 1941 3731 1997 ﬁeri

2229 2022 2408 2094 (Joan.
2436 2040 2453 2079 ι
2478 2066 2493 2093 ,
2525 2022 2613 2100 1⁸2)
2643 2044 2655 2079 :
2692 2042 2795 2081 non
2818 2029 3008 2099 qumrit
3031 2044 3060 2083 a
3091 2031 3246 2086 vobis
3272 2032 3529 2103 pulchram
3554 2047 3730 2098 cantem,

2226 2115 2321 2171 sed
2349 2116 2594 2186 pulchros
2625 2132 2803 2174 mores
2824 2161 2838 2186 ,
2871 2120 3062 2190 quibus
3089 2120 3316 2178 frenetis
3341 2134 3393 2179 et
3421 2140 3625 2179 carnem.
3648 2123 3729 2178 Nan

2224 2216 2306 2264 est
2334 2210 2417 2265 cui
2448 2210 2515 2266 de
2538 2210 2689 2266 vobis
2717 2214 2994 2286 quisquam
3021 2217 3329 2283 mentiatur,
3360 2226 3412 2273 et
3435 2216 3574 2273 faciat
3596 2216 3733 2271 szevim

2226 2300 2507 2356 zelantcm.
2537 2300 2728 2359 Videte
2770 2318 2891 2359 cum
2918 2313 3110 2377 quanta
3164 2308 3445 2363 securitate
3470 2309 3654 2371 ametis,
3677 2303 3732 2360 cui

2225 2389 2510 2460 diSpIicere
2554 2392 2698 2448 falsis
2759 2395 3149 2465 suspicionibus
3208 2412 3313 2453 non
3356 2397 3558 2454 timetis.
3614 2396 3736 2452 Viret

2233 2494 2367 2534 uxor
2391 2487 2573 2536 amant
2594 2496 2682 2547 se,
2714 2486 2965 2554 quoniam
2996 2486 3182 2543 ‘vidcnt
3209 2503 3302 2555 se;
3330 2498 3385 2543 et
3410 2489 3538 2558 quod
3565 2503 3647 2541 non
3680 2485 3734 2539 vi-

2229 2569 2359 2625 dent
2382 2611 2398 2638 ,
2431 2572 2613 2628 timent
2641 2574 2693 2628 in
2724 2590 2782 2630 se
2815 2593 2830 2630 :
2864 2591 2963 2632 nec
2986 2578 3116 2633 certi
3144 2579 3380 2650 gaudent
3403 2596 3466 2636 ex
3494 2595 3550 2634 eo
3575 2577 3735 2650 quodin

2225 2660 2507 2718 manifesto
2532 2672 2615 2719 est
2641 2708 2654 2732 ,
2679 2665 2802 2721 dum
2828 2668 2880 2722 in
2907 2670 3117 2725 occulto
3139 2673 3475 2744 suspicantur
3497 2672 3734 2742 plerumque

2225 2753 2366 2825 quod
2398 2771 2501 2810 non
2541 2767 2643 2812 est.
2676 2758 2784 2814 Vos
2810 2759 2864 2815 in
2907 2760 3011 2817 isto
3053 2779 3217 2834 quem
3247 2766 3415 2821 oculis
3440 2781 3535 2821 non
3570 2763 3736 2829 videtis,

2223 2854 2277 2899 et
2305 2844 2406 2901 ﬁde
2430 2849 2740 2920 conspicitis
2759 2893 2773 2917 ,
2798 2866 2897 2906 nec
2918 2851 3123 2909 habetis
3148 2872 3335 2911 verum
3358 2856 3490 2926 quod
3510 2854 3737 2924 reprehen-

2222 2934 2362 2991 datis
2384 2979 2397 3002 ,
2428 2954 2527 2994 nec
2555 2956 2677 2994 eum
2704 2943 2937 2998 metuitis
2967 2960 3035 3001 ne
3065 2945 3132 3001 de
3160 2946 3299 3002 falso
3322 2946 3534 3003 forsitan
3558 2943 3738 3000 offenda-

2225 3027 2313 3082 tis.
2345 3026 2400 3083 Si
2431 3044 2560 3100 ergo
2590 3046 2838 3101 magnum
2869 3048 3107 3090 amorem
3155 3037 3471 3109 conjugibus
3505 3033 3739 3097 deberetis,

2222 3134 2344 3177 eum
2375 3131 2592 3193 propter
2618 3140 2774 3194 quem
2802 3127 3059 3198 conjuges
3085 3128 3293 3187 habere
3332 3130 3565 3185 noluistis
3583 3168 3598 3194 ,
3618 3140 3741 3197 quan-

2224 3223 2333 3268 tum
2364 3230 2544 3270 amare
2575 3215 2816 3271 debetis?
2856 3216 2992 3274 Toto
3021 3220 3175 3277 vobis
3206 3220 3397 3293 ﬁgatur
3421 3223 3470 3276 iu
3499 3220 3659 3283 corde,
3680 3214 3741 3286 qui

2221 3316 2319 3375 pro
2346 3304 2495 3360 vobis
2527 3315 2610 3361 est
2654 3307 2789 3362 fixus
2829 3307 2881 3363 in
2909 3322 3070 3366 cruce
3104 3329 3119 3367 :
3155 3321 3327 3367 totum
3360 3319 3527 3367 teneat
3549 3311 3593 3364 in
3615 3306 3745 3362 animo

2222 3407 2401 3450 vestro
2422 3437 2436 3461 ,
2470 3396 2723 3469 quidquid
2749 3400 2995 3456 noluistis
3019 3405 3274 3473 occupari
3306 3403 3578 3459 connubio.
3600 3399 3743 3453 Parum

2222 3486 2373 3543 vobis
2411 3502 2591 3544 amare
2620 3506 2721 3544 non
2752 3490 2914 3559 licet,
2945 3501 3164 3563 propter
3196 3506 3358 3565 quem
3391 3509 3490 3549 non
3515 3489 3748 3545 amastiset

2220 3580 2361 3651 quod
2387 3581 2591 3638 liceret.
2618 3578 2706 3638 Sic
2745 3585 3045 3639 amantibus
3073 3588 3263 3643 mitem
3289 3594 3345 3643 et
3374 3586 3609 3642 humilem
3630 3577 3747 3637 corde

2221 3673 2420 3727 nullam
2454 3674 2603 3729 vobis
2623 3677 2928 3753 superbiam
2960 3680 3315 3749 pertimesco.

2292 3765 2517 3823 CAPUT
2555 3766 2690 3823 LVI.
2718 3799 2787 3810 —
2810 3770 2900 3825 57.
2941 3769 3214 3827 Conclusio
3246 3773 3432 3844 operis.
3465 3770 3561 3825 Pro
3587 3760 3749 3822 modulo

2221 3855 2397 3927 itaque
2444 3866 2627 3913 nostro
2677 3867 2731 3915 et
2772 3860 2839 3915 de
2883 3863 3166 3919 sanctitate
3214 3879 3321 3935 qua
3365 3854 3744 3919 Sanctimoniales

2220 3951 2433 4021 proprie
2457 3950 2731 4022 dicimini,
2776 3962 2826 4009 et
2869 3954 2935 4010 de
2966 3953 3272 4012 humilitate
3318 3973 3419 4027 qua
3466 3957 3751 4010 conservatur

2220 4043 2475 4115 quidquid
2520 4061 2769 4116 magnum
2802 4047 3070 4115 dicimini,
3118 4050 3254 4105 satis
3304 4049 3465 4105 loculi
3492 4059 3669 4102 smnus.
3691 4036 3751 4093 Di-

2216 4136 2373 4206 gnius
2412 4146 2590 4193 autem
2638 4139 2715 4194 illi
2768 4146 2877 4195 tres
2920 4140 3109 4210 pueri,
3145 4142 3348 4212 quibus
3390 4137 3689 4209 refrigerium
3718 4130 3752 4182 in

2219 4227 2337 4298 igne
2365 4226 2662 4298 prtehebat',
2695 4246 2851 4301 quem
2879 4230 3042 4287 corde
3070 4230 3473 4289 ferventissimo
3496 4224 3751 4299 diligebant.

2217 4334 2313 4373 vos
2357 4318 2423 4374 de
2463 4320 2567 4376 hoc
2605 4322 2862 4390 opusculo
2892 4333 3111 4391 nostro,
3140 4326 3435 4381 verborum
3465 4322 3656 4395 quidem
3682 4330 3756 4369 m1;

2219 4426 2369 4465 mero
2399 4413 2553 4485 longe
2595 4414 2843 4478 brevius,
2874 4414 2966 4470 sed
3008 4417 3252 4487 pondere
3280 4415 3603 4472 auctoritatis
3629 4407 3756 4464 multo

2217 4501 2503 4571 grandius,
2532 4503 2585 4557 in
2614 4504 2814 4575 hymno
2841 4520 2947 4576 quo
2976 4507 3041 4561 ab
3071 4506 3148 4561 eis
3178 4508 3327 4563 Deus
3372 4505 3664 4564 honoratur,
3687 4495 3759 4551 ad-

2219 4602 2494 4646 moneant.
2527 4591 2656 4647 Nam
2687 4596 2950 4649 sanctitati
2977 4598 3336 4654 humilitatem
3365 4601 3415 4653 in
3446 4597 3537 4652 Dei
3564 4592 3757 4650 laudato-

2218 4684 2362 4739 ribus
2386 4686 2768 4757 conju'ugentes
2788 4731 2803 4755 ,
2834 4691 3168 4760 apertissime
3215 4692 3521 4748 docuerunt
3564 4698 3615 4743 ut
3650 4689 3760 4739 tanto

2217 4777 2438 4847 quisque
2463 4791 2645 4834 caveat
2686 4798 2752 4836 ne
2795 4782 3045 4849 snperhia
3091 4782 3416 4854 decipiatur,
3460 4788 3758 4853 quantosan-

2215 4868 2351 4923 Clius
2389 4870 2585 4941 aliquid
2630 4871 2924 4941 proﬁtetur.
2960 4874 3191 4929 Proinde
3221 4891 3322 4929 vos
3352 4890 3561 4945 quoque
3600 4864 3762 4924 laudate

2214 4977 2334 5015 cum
2365 4962 2453 5032 qui
2482 4962 2631 5018 vobis
2663 4972 2874 5033 praestat
2900 4974 2951 5019 ut
2982 4966 3033 5020 in
3061 4965 3256 5021 ardore
3284 4967 3469 5022 medio
3494 4956 3658 5019 smculi
3692 4956 3762 5007 Ιιυο

2209 5051 2330 5123 jus,
2362 5054 2605 5123 quamvis
2631 5055 2879 5125 coniugio
2911 5071 3014 5111 non
3058 5058 3387 5126 eopulemiui
3410 5101 3426 5120 ,
3475 5072 3574 5111 non
3626 5060 3764 5106 tamen

2213 5142 2479 5206 uramiui;
2526 5154 2579 5198 et
2625 5155 2840 5199 orantes
2887 5147 3044 5200 etiam
3096 5162 3190 5217 pro
3251 5148 3443 5215 nobiS,
3490 5126 3802 5199 Benedic-itm.

2211 5235 2374 5288 sancti
2401 5245 2446 5289 et
2473 5235 2685 5289 humiles
2710 5236 2863 5291 corde
2881 5280 2895 5304 ,
2926 5234 3239 5303 Dominum;
3272 5238 3521 5310 hymnum
3549 5234 3681 5290 dicite
3698 5271 3711 5295 ,
3734 5232 3767 5278 εί

2210 5329 2579 5399 superexaltate
2598 5346 2710 5383 eum
2731 5330 2782 5383 in
2806 5330 2991 5384 stecula
3022 5330 3181 5403 (Dan.
3216 5346 3276 5385 ut
3300 5374 3315 5398 ,
3346 5332 3466 5402 87).

2258 5486 2291 5517 τι
2408 5492 2516 5535 ltss.
2542 5493 2596 5536 Al
2617 5486 2754 5549 editi,
2772 5483 2953 5549 nuptiis
2968 5485 3135 5539 restria
3153 5500 3170 5549 ,'
3191 5488 3405 5550 eruisse,
3429 5487 3500 5539 is;
