3930 6368
210 280 3404 340 m

373 420 1011 494 ADMONITIO
1058 422 1176 494 IN
1239 422 1906 494 OPUSCULUM
1936 422 2080 491 DE
2123 421 2415 493 ΒΟΝΟ
2474 417 3187 493 VIDUITATIS.

248 576 502 633 Desiderius
527 572 785 627 Erasmus
844 574 1040 628 nititur
1082 574 1317 629 adimere
1373 575 1475 630 hoc
1511 575 1822 644 npusculum
1880 574 2197 645 Augustino,
2229 583 2282 628 et
2303 571 2609 628 adversario
2635 574 2803 643 ipsius
2829 573 3039 629 Juliano
3086 574 3236 630 dare.
3274 575 3408 643 Qum

186 671 307 725 alicrt
326 669 372 724 in
389 666 568 723 Juliani
585 666 814 734 gratiam
843 678 1175 735 argumenta,
1205 667 1347 737 piget
1378 668 1642 723 refellere.
1670 666 1867 721 Contra
1899 667 2251 735 Augustinum
2280 665 2409 720 nihil
2440 665 2552 720 fere
2576 665 2816 720 obtendit
2848 668 2960 719 nisi
2982 666 3232 722 dictionis
3273 667 3405 722 laci-

186 765 344 815 litatem
372 777 384 812 :
412 758 501 814 sed
533 758 645 811 hrec
674 759 789 827 ipsa
822 757 1047 813 facilitas
1071 760 1319 814 dictionis
1349 760 1589 814 clamitat
1611 775 1744 829 opus
1786 774 1905 815 esse
1931 760 2233 829 Augustini.
2278 759 2508 814 Jacobus
2545 759 2814 814 Painelius
2846 759 2899 812 in
2922 759 3074 814 Notis
3097 761 3162 813 ad
3193 760 3408 815 Tertul-

186 856 279 909 liani
309 854 478 907 librum
511 860 696 905 contra
729 851 1119 921 Hermogenem
1146 893 1160 917 ,
1194 868 1312 922 cap.
1352 854 1399 918 l,
1434 869 1487 906 η.
1515 854 1568 915 ‘7,
1600 852 1653 906 id
1712 853 1890 923 aperis
1939 853 2108 905 citans
2144 851 2288 907 hisce
2314 852 2513 915 verbis,
2566 851 2755 904 Auctor
2780 852 3009 921 opusculi
3034 853 3095 905 de
3138 852 3281 906 Bono
3317 851 3409 907 Vi-

187 950 349 1002 duilalis
382 949 503 1000 inter
540 946 916 1001 lucubrationes
962 946 1031 1000 D.
1072 947 1362 1017 Augustini,
1393 947 1657 1017 significat
1686 956 1873 1015 putare
1906 960 1966 1002 se
1997 944 2122 999 illud
2154 945 2370 999 minime
2394 944 2463 999 ab
2496 945 2791 1014 Augustino
2812 942 3133 1006 confectum.
3171 944 3277 999 Pro
3302 962 3411 1016 qua

189 1041 389 1108 opinione
412 1038 679 1093 Lindanus
706 1038 762 1093 in
790 1038 1064 1108 Panoplia,
1100 1040 1187 1094 lib.
1220 1040 1275 1103 4,
1326 1053 1444 1108 cap.
1479 1038 1567 1104 98,
1618 1048 1984 1109 argumentum
2030 1037 2298 1092 existimat
2348 1052 2454 1090 non
2504 1036 2618 1091 leve
2644 1035 2744 1090 sibi
2775 1044 3057 1113 suppetere
3106 1050 3172 1091 ex
3197 1037 3409 1091 concilii

183 1132 560 1202 Cartlnginensis
592 1130 792 1200 quarti,
821 1130 908 1184 cui
950 1131 1329 1200 subscripsisse
1360 1131 1684 1201 Augustinus
1741 1130 1954 1199 legitur,
1985 1142 2190 1184 canone
2231 1127 2354 1194 104,
2398 1142 2504 1198 quo
2551 1136 2804 1182 statutum
2833 1136 2989 1182 estut
3013 1125 3186 1180 viduae
3211 1142 3329 1197 quae
3351 1143 3414 1183 se

184 1224 367 1277 Domino
402 1222 727 1278 devoverant
759 1230 1008 1291 suscepto
1032 1221 1280 1291 religioso
1306 1220 1489 1275 habitu
1515 1263 1530 1287 ,
1559 1222 1603 1275 si
1641 1219 1709 1273 ad
1736 1220 1946 1289 nuptias
1975 1218 2259 1274 smcnlares
2286 1220 2399 1273 sive
2426 1218 2692 1274 secundas
2732 1227 2915 1288 postea
2947 1204 3270 1284 transierint,
3302 1206 3413 1299 sine

184 1312 527 1368 Christianorum
545 1315 895 1367 communione
920 1322 1175 1377 maneant,
1197 1320 1242 1365 et
1271 1312 1479 1366 crimine
1500 1311 1734 1366 adulterii
1755 1318 2004 1364 notentur.
2029 1308 2229 1379 Nempe
2245 1309 2839 1379 contra,subsequentis
2858 1310 2977 1363 libri
3015 1319 3220 1377 auctor,
3250 1324 3410 1380 capp.

183 1407 236 1461 l0
255 1416 299 1461 et
322 1406 397 1472 ll,
421 1421 513 1461 eos
553 1405 827 1475 redarguit
854 1405 940 1475 qui
968 1412 1152 1475 putant
1179 1405 1437 1475 lapsorum
1463 1422 1493 1457 α
1519 1414 1692 1458 sancto
1713 1405 1970 1475 proposito
1992 1404 2317 1472 feminarum,
2342 1403 2388 1457 si
2422 1404 2704 1473 nupserint,
2750 1421 2851 1459 non
2892 1420 3003 1459 esse
3028 1406 3290 1477 conjugia,
3322 1404 3412 1460 sed

180 1499 408 1564 adulteria,
433 1507 478 1553 et
496 1515 581 1552 eas
607 1498 781 1552 volunt
809 1514 841 1550 a
868 1497 1061 1549 maritis
1085 1506 1347 1566 separatas
1369 1497 1578 1551 reddere
1600 1497 1937 1551 continentia.
1966 1497 2158 1551 Verum
2178 1496 2310 1550 nihil
2338 1495 2424 1550 hic
2443 1498 2767 1567 Augustinus
2784 1499 2850 1552 ab
2872 1499 2964 1553 illo
2977 1514 3182 1555 canone
3205 1500 3415 1554 dissen‘

183 1594 248 1653 tit,
276 1591 352 1659 qui
399 1589 575 1644 talium
614 1587 832 1658 quidem
874 1588 1090 1657 nuptias
1136 1602 1242 1642 non
1294 1589 1489 1658 patitur
1512 1588 1721 1643 censeri
1770 1587 2027 1642 adulteria
2051 1628 2069 1655 ,
2097 1588 2190 1642 sed
2223 1589 2367 1659 ipsos
2400 1598 2576 1643 tamen
2611 1604 2639 1642 a
2670 1589 2945 1660 proposito
2998 1600 3185 1647 saneto
3235 1593 3417 1661 lapsus

181 1680 411 1734 adulteriis
428 1680 637 1749 pejores
659 1678 815 1743 dicit.
849 1679 1027 1748 itaque
1053 1693 1160 1733 non
1190 1680 1435 1749 prohibet
1481 1679 1764 1747 quominus
1790 1679 2051 1734 nubentes
2090 1689 2211 1748 post
2236 1688 2418 1734 votum
2444 1680 2619 1750 aliqua
2661 1682 3229 1738 excommunicationis
3255 1700 3413 1756 poena

181 1772 428 1826 multentur
468 1769 688 1841 perinde
732 1778 889 1840 atque
936 1770 1213 1834 adulterae,
1260 1769 1552 1825 dummodo
1576 1785 1760 1824 earum
1798 1768 2016 1838 nuptiae,
2065 1777 2344 1839 postquam
2374 1768 2659 1825 celebrata:
2686 1781 2832 1837 sunt,
2883 1788 2989 1826 non
3018 1773 3412 1828 rescindantur.

179 1862 296 1919 Nihil
324 1864 450 1918 aliud
492 1864 745 1918 adversus
773 1863 1039 1934 lapsorum
1079 1864 1291 1933 nuptias
1316 1870 1641 1933 praeceptum
1670 1861 1933 1932 reperitur
1978 1863 2338 1931 antiquiorum
2384 1863 2732 1919 conciliorum
2758 1864 3010 1921 decretis.
3046 1867 3099 1920 In
3146 1868 3282 1922 hanc
3302 1856 3416 1922 rem

182 1956 382 2011 celebris
401 1965 651 2010 estcanon
668 1963 849 2010 sextus
869 1955 1108 2010 decimus
1134 1954 1583 2011 Chalcedonensis
1609 1954 1819 2010 concilii
1839 1956 2041 2023 aliquot
2069 1956 2223 2010 annis
2261 1965 2383 2025 post
2423 1956 2705 2026 Augustini
2745 1957 2949 2012 obitum
2973 1959 3050 2014 sic
3075 1956 3373 2016 deﬁnientis
3394 1978 3412 2014 ;

187 2044 351 2116 Siqua
381 2047 508 2117 virgo
528 2063 578 2099 se
602 2047 893 2099 dedicaverit
918 2045 1051 2113 Deo,
1080 2044 1314 2101 similiter
1337 2057 1383 2099 et
1404 2046 1699 2113 monachus,
1723 2064 1824 2100 non
1869 2047 2018 2100 licere
2046 2048 2116 2100 eis
2136 2047 2288 2117 jungi
2312 2049 2521 2116 nuptiis.
2551 2047 2613 2103 Si
2644 2063 2758 2102 vero
2782 2048 2971 2121 inuenti
2998 2051 3183 2121 fuerint
3224 2050 3318 2105 hoc
3338 2055 3420 2122 [n-

189 2137 375 2200 cientes,
391 2146 609 2189 maneant
648 2138 1074 2190 excommunicati.
1107 2135 1388 2192 Statuintus
1408 2154 1521 2192 vero
1549 2154 1694 2209 posse
1716 2138 1770 2192 in
1791 2140 1860 2192 eis
1875 2136 2041 2207 facere
2069 2139 2452 2205 humanitatem,
2474 2139 2518 2193 si
2564 2138 2637 2194 ita
2688 2141 2967 2213 probaverit
2996 2142 3099 2197 loci
3127 2143 3412 2214 episcOpus.

188 2228 418 2284 Caeterum
444 2230 703 2298 Augustini
727 2230 1001 2295 doctrinae,
1033 2245 1192 2301 quam
1218 2230 1304 2284 hic
1328 2230 1394 2284 de
1418 2230 1617 2300 nuptiis
1639 2239 1756 2299 post
1775 2240 1977 2296 votum,
1994 2231 2223 2301 itemque
2252 2231 2304 2285 in
2330 2230 2423 2285 lib.
2451 2229 2520 2286 de
2532 2230 2726 2287 Sancta
2745 2231 3075 2303 Virginitate,
3093 2248 3213 2304 cap.
3245 2235 3333 2299 Si,
3361 2250 3421 2291 et

184 2321 233 2376 in
259 2322 396 2390 epist.
423 2321 523 2377 220
544 2322 608 2377 ad
637 2322 962 2377 Bonifacium
980 2324 1251 2390 comitem,
1281 2339 1335 2376 n.
1361 2322 1449 2390 1⁸2,
1483 2323 1662 2389 tradit,
1691 2322 1930 2377 nonnihil
1955 2323 2093 2377 favet
2114 2322 2411 2395 Cyprianus
2438 2323 2489 2377 in
2518 2324 2675 2393 epist.
2705 2324 2775 2379 62
2796 2325 2863 2379 ad
2897 2325 3265 2397 Pomponium,
3294 2327 3422 2398 Epi-

185 2415 387 2483 phanius
425 2416 473 2470 in
499 2415 687 2471 bzeresi
719 2416 808 2481 61,
839 2430 960 2485 quae
982 2426 1065 2471 est
1103 2416 1554 2486 Apostolicorum,
1593 2426 1699 2471 etc.
1745 2415 1931 2486 Neque
1975 2431 2133 2487 porro
2158 2417 2372 2483 desunt,
2398 2416 2593 2488 quibus
2633 2417 2917 2473 concilium
2956 2435 3115 2488 supra
3150 2420 3421 2477 laudatum

180 2508 578 2579 Carthagincnse,
628 2510 769 2579 quod
818 2511 870 2565 in
911 2511 1097 2567 codice
1138 2526 1403 2566 canonum
1456 2512 1711 2569 Ecclesiae
1757 2510 2022 2567 Africana:
2050 2527 2173 2567 cum
2201 2512 2413 2567 caneris
2452 2507 2973 2582 Carthaginensibus
3008 2512 3126 2583 ejus
3160 2516 3417 2585 temporis

179 2605 382 2658 conciliis
407 2621 511 2659 non
546 2615 741 2673 exstat,
767 2606 1090 2662 dubize'lidei
1118 2607 1381 2663 videatur.
1412 2606 1653 2662 Concilio
1701 2605 2031 2676 Augustinus
2057 2648 2072 2672 ,
2100 2606 2345 2676 quamvis
2390 2604 2445 2660 id
2472 2619 2614 2660 anno
2641 2604 2879 2660 habitum
2900 2602 3249 2677 ednsignetur
3280 2608 3411 2674 598,

179 2711 267 2762 quo
287 2697 364 2753 ille
388 2708 623 2769 tempore
639 2699 853 2770 juvenis
868 2709 922 2754 et
947 2715 1136 2756 recens
1160 2708 1278 2755 erat
1305 2700 1609 2770 episcopus,
1641 2698 1957 2768 subscripsit
1984 2697 2250 2753 secundus
2277 2698 2343 2753 ab
2366 2697 2605 2753 Aurelio.
2638 2696 2773 2753 llinc
2798 2695 2934 2753 forte
2960 2698 3173 2754 errandi
3203 2698 3418 2756 occasio

186 2788 284 2842 data
308 2791 551 2859 Lindano,
579 2793 671 2864 qui
702 2792 1085 2863 subscripsisse
1106 2794 1459 2863 Augustinum
1489 2806 1672 2848 senem
1688 2790 1936 2845 al‘lirmat.

254 2881 611 2954 Subsequentis
636 2885 880 2955 epusculi
902 2885 1225 2940 mentionem
1259 2884 1312 2938 in
1332 2883 1788 2939 Retractationum
1821 2881 1977 2937 libris
2002 2898 2107 2938 non
2127 2881 2252 2937 fecit
2288 2882 2635 2953 Augustinus,
2666 2881 2788 2953 quia
2827 2882 3065 2954 epistola:
3091 2881 3259 2939 forma
3286 2899 3418 2940 coii-

179 2972 395 3043 scn'ptum
416 2984 512 3030 est.
534 2976 587 3031 Id
609 2985 890 3047 propterea
916 2975 1187 3030 Possidius
1212 2989 1330 3046 cap.
1351 2975 1383 3030 7
1442 2975 1582 3029 inter
1622 2974 1890 3043 Epistolas
1915 2981 2162 3028 recenset
2180 2973 2281 3028 hoc
2327 2973 2477 3027 titulo
2501 2991 2514 3026 :
2535 2962 2762 3027 Juliante
2780 2973 2844 3028 de
2888 2973 3081 3030 Sancta
3145 2971 3421 3033 Viduitate.

176 3066 291 3120 (litat
309 3078 358 3122 et
390 3068 496 3125 lere
545 3078 719 3124 totum
768 3070 1072 3124 transcribit
1096 3068 1291 3123 Florus
1320 3083 1415 3124 seu
1444 3068 1585 3123 Beda
1614 3070 1856 3139 vulgatus
1907 3068 1972 3123 ad
2003 3069 2018 3120 l
2050 3068 2175 3123 Cor.
2209 3083 2245 3121 ιι
2268 3075 2322 3123 et
2346 3083 2442 3135 vn,
2469 3073 2535 3122 ad
2574 3067 2804 3138 Philipp.
2847 3084 2928 3133 tv,
2966 3080 3024 3135 et
3064 3069 3165 3124 adl
3192 3071 3331 3126 Tim.
3366 3087 3421 3124 ν.

184 3161 492 3227 Augustinum
528 3161 695 3216 refert
720 3160 996 3231 inscriptio
1021 3160 1261 3230 epistolae
1299 3161 1349 3214 in
1373 3160 1618 3215 omnibus
1638 3161 1870 3232 antiquis
1899 3159 2171 3237 codicibus
2191 3158 2428 3229 praeﬁxa,
2456 3168 2510 3214 et
2531 3173 2590 3214 se
2616 3159 2729 3229 ipse
2749 3159 2980 3215 ostendit
3000 3176 3117 3231 cap.
3147 3163 3232 3227 15,
3266 3177 3424 3218 com-

181 3264 446 3308 memorans
485 3254 656 3309 libnos
678 3268 710 3307 a
740 3267 799 3307 se
818 3252 992 3306 editos
1015 3252 1081 3307 de
1105 3252 1253 3307 Bono
1272 3252 1544 3321 Conjugali
1567 3292 1582 3316 ,
1605 3251 1671 3306 de
1691 3251 1885 3306 Sancta
1916 3234 2248 3320 Virginitate,
2278 3260 2331 3305 ct
2350 3249 2607 3304 adversus
2648 3250 2924 3317 Faustum,
2954 3268 3161 3311 necnon
3184 3252 3300 3324 cap.
3324 3254 3420 3323 25,

174 3342 411 3409 epistolam
444 3344 641 3399 Proba:
668 3344 923 3413 scriptam
939 3344 1005 3398 de
1030 3342 1231 3397 orando
1248 3344 1379 3398 Deo.
1416 3344 1651 3397 Pertinet
1674 3343 1956 3397 Viduitatis
2000 3344 2137 3397 liber
2169 3342 2236 3396 ad
2262 3358 2457 3396 annuzn
2489 3342 2707 3397 circiter
2734 3343 2877 3409 4ης
2912 3345 3144 3415 scriptus
3166 3330 3417 3401 videlicet

173 3443 278 3499 post
305 3434 646 3491 Demetriadis
671 3435 892 3505 virginis
919 3434 1395 3499 consecrationem,
1415 3434 1681 3489 laudatam
1728 3434 1814 3488 hic
1843 3448 1961 3502 cap.
1989 3433 2075 3499 l9,
2110 3440 2356 3502 tanquam
2394 3440 2687 3499 recentem,
2715 3433 2851 3504 quod
2876 3434 3027 3499 modo
3063 3435 3213 3504 coepit
3236 3452 3255 3490 :
3278 3420 3417 3492 hanc

173 3525 261 3577 sub
278 3527 419 3582 linem
445 3529 576 3583 anni
624 3528 733 3582 415
766 3529 955 3582 laetam
982 3526 1381 3581 observavimus
1412 3534 1556 3580 tomo
1583 3524 1639 3589 2,
1666 3524 1734 3579 ad
1762 3524 2042 3595 epistolam
2087 3525 2191 3579 150
2232 3524 2417 3578 Probae
2447 3523 2741 3580 etJuliana:
2766 3525 3046 3582 directam.
3084 3525 3139 3583 In
3163 3512 3335 3597 capite
3357 3512 3428 3605 l7

170 3630 197 3667 a
242 3616 614 3689 Pelagianorum
652 3634 861 3684 errore,
892 3634 1051 3689 quem
1088 3632 1306 3689 serpere
1348 3617 1577 3686 coepisse
1603 3616 1769 3681 dicit,
1803 3616 1963 3670 tacito
1989 3630 2173 3669 eorum
2203 3615 2440 3680 nomine,
2483 3630 2677 3671 cavere
2693 3616 2865 3686 jubet.
2896 3617 2973 3673 De
3001 3616 3103 3674 hac
3128 3619 3241 3689 ipsa
3285 3618 3424 3677 forte

169 3706 493 3767 admonitione
520 3712 739 3768 Juliana
784 3712 980 3782 gratias
1006 3711 1113 3780 agit
1156 3709 1453 3779 Augustino
1502 3708 1691 3763 litteris
1734 3708 1910 3763 citatis
1960 3707 2010 3760 in
2050 3707 2274 3777 epistola
2321 3708 2423 3763 188
2472 3708 2541 3762 ad
2564 3708 2808 3763 eamdem
2836 3705 3101 3764 lulianum
3129 3712 3425 3777 missa,ubi

166 3801 265 3870 ejus
284 3803 559 3863 hxcverba
581 3807 752 3862 refert
772 3804 1098 3875 Augustinus
1129 3821 1145 3858 :
1179 3803 1321 3859 Sane
1360 3802 1498 3873 quod
1522 3818 1603 3855 me
1625 3802 1856 3856 hortatur
1881 3802 2176 3856 Reverentia
2212 3811 2392 3867 vestra,
2424 3818 2486 3855 ne
2511 3818 2658 3858 aures
2682 3802 2975 3875 indulgeant
2995 3805 3075 3859 his
3104 3805 3413 3873 hominibus,

166 3892 240 3955 qui
259 3898 409 3963 proris
436 3895 745 3951 tractatibus
778 3895 1115 3951 venerandam
1140 3893 1294 3963 ﬁdem
1322 3909 1456 3964 stepe
1470 3902 1821 3963 corrumpunt,
1846 3893 2040 3962 gratias
2065 3894 2238 3948 uberes
2263 3908 2362 3964 ago
2387 3902 2490 3971 tam
2517 3894 2618 3964 pia:
2633 3894 2989 3950 editionitioni.

174 4034 361 4052 -Ἇῌ
369 4034 1726 4052 α-Μ-ρ-ῌ

1009 4034 2561 4052 ΜΞ

756 4174 900 4289 S.
976 4173 1737 4287 AURELII
1813 4170 2817 4288 AUGUSTINI

1322 4328 1838 4433 HIPPONENSIS
1876 4365 2233 4431 EPISCOPI

402 4488 743 4650 DE
816 4488 1440 4652 BONO
1525 4465 3023 4858 LVI’llggElTATISi

1727 4913 1860 4971 SEU

197 5045 1093 5163 EPISTOLA
1117 5026 1473 5155 “"AD
1531 5038 2495 5154 JULIANAM
2567 5040 3373 5156 VIDUAM.

1614 5260 1985 5317 61W»

210 5406 364 5456 Viduas
382 5409 461 5459 hic
482 5409 639 5458 docet
665 5413 716 5456 et
739 5405 1045 5456 exhortatur.
1069 5404 1274 5453 Primum
1293 5401 1513 5465 docendo
1530 5402 1702 5463 probat
1721 5407 1900 5451 sanctae
1940 5398 2185 5465 viduitatis
2202 5395 2554 5465 professionem
2587 5402 2767 5465 nuptiis
2787 5382 3217 5465 anteponendam;
3242 5402 3436 5465 nuptias

160 5470 299 5517 tanien
318 5471 562 5521 secundas
579 5505 595 5529 ,
624 5471 719 5518 imo
737 5475 791 5518 et
807 5468 978 5519 tertias
1001 5474 1054 5518 et
1065 5466 1359 5530 quotaslibet
1378 5460 1660 5515 licitas'esse
1676 5498 1691 5524 ,
1718 5476 1811 5513 nec
1826 5474 2039 5525 unquam
2060 5460 2217 5512 malas
2234 5473 2249 5511 :
2275 5467 2330 5512 et
2349 5462 2596 5513 nubentes
2608 5460 2805 5526 quidem
2827 5460 2936 5525 post
2959 5473 3121 5513 votum
3144 5460 3436 5515 ﬁduas'sivo

3093 4071 3412 4082 Ἦ

199 4068 3412 4083 MM

214 5569 1113 5639 (διδωβιβῑοτιρείτφωιωιωλυι
1309 5633 1325 5639 _
1397 5630 1409 5639 .
1558 5628 1603 5639 ..

217 5636 229 5662 ¹
250 5628 425 5705 Titulus
446 5637 505 5705 in
529 5636 826 5705 quiimstlam
984 5634 1095 5685 est:
1127 5642 1194 5687 De
1210 5630 1495 5698 professione
1514 5628 1798 5694 t'iduitatts;
1822 5638 1933 5683 aut:
1960 5640 2028 5683 De
2048 5630 2339 5696 professione
2360 5635 2540 5684 sancite
2560 5628 2833 5683 t'iduitutis.
2852 5630 2984 5693 Apud
3005 5636 3082 5679 Er.
3108 5636 3165 5681 et-
3191 5636 3333 5682 um:
3362 5634 3435 5683 De

164 5689 372 5749 bonum
387 5689 686 5763 perﬁdiane
715 5693 987 5748 Vidttitatis.
