3844 6532
461 362 561 456 ιω

1692 376 1748 431 S.
1789 364 2158 429 AUGUSTINI
2198 365 2498 423 EPISCOPI

462 515 680 579 virgines
699 506 1138 579 ηιετίιορεηιςιειινίς
1187 487 2212 579 asseverassePergameae}???

3640 365 3744 418 45‘)

2237 500 2329 553 pro
2346 487 2620 553 adulteriis,
2646 502 2740 540 nec
2760 490 2916 540 dirimi
2939 495 3185 553 oportere.
3209 489 3384 553 sterila
3405 485 3660 538 viduarum
3684 495 3744 534 es

461 549 1161 641 ἕν’ὲεῗοῊὲάῖιιῑιῖόΒῆῐέο
1179 549 1372 636 Mite
1387 549 1579 636 βειμεεινί
1603 558 1731 641 vult:
1751 549 3746 641 ίδιερξιιξερξξέξ;ὶτξξῑξξιξξὲἱξ’ἓξξιξιῖίὲξιξξξίίιιέὲηιὲρ.διιῑέηιίνεεξεᾞίὲξιξξξξαείηῖῇξξεξξξ

467 610 768 690 ﬁdaﬁda
783 610 1568 690 Wﬁ'ét'itiiiiﬁa'diﬁa‘iiaminus
1583 610 1927 690 continentiam
1939 624 2084 690 suam
2109 610 2346 690 beneficio
2365 615 2450 660 Dei
2468 610 2967 690 tribuatfeav‘eatt'me
2989 610 3420 690 εἰδέω·ιιξοηςξιιιὶςι,Δ
3437 613 3522 674 qui
3544 621 3748 690 serpet}

466 674 767 761 Eé'ﬁé'riiﬁi',“
781 674 1360 754 inﬁmiin—iﬁlli:uiuam
1395 674 1697 736 inimicorum
1718 680 1883 761 gratia:
1905 674 2094 761 Christi.
2120 674 2264 761 lubet
2288 681 2500 761 utsuunlt
2517 689 2660 761 quine
2684 674 2897 761 studium
2917 690 3027 761 cuu‘t
3049 675 3142 724 filLa
3163 676 3351 761 virgine
3375 682 3427 724 et
3463 685 3578 722 cum
3613 682 3749 761 sati-tl

635 760 641 761 ,
813 757 821 761 -
941 756 949 761 .
1003 753 1014 761 .
1157 751 1168 761 ι
1270 758 1294 761 μ
1447 748 1456 761 ι
1498 747 1525 761 ι·
1560 748 1624 761 9..-
1665 743 1848 761 .__:_:.....
1877 752 1927 761 ι...
1964 748 2004 761 ιη
2027 745 2132 761 “non
2179 746 2318 761 nnnl'lu
2345 748 2440 761 nuru
2463 749 2476 761 ι
2498 751 2523 761 η
2549 750 2742 761 “nn—"nn
2787 750 2871 761 In»...
2891 752 2903 761 .
2934 745 2979 761 ns
3022 749 3176 761 n.—nm
3229 738 3408 761 Ληζη--ιι
3430 747 3570 761 ..ιο-ιιι
3591 744 3684 761 ι-ιε

468 732 1368 820 iiiiiih‘c'éiiitijiiftiés
1390 732 1629 797 :rdelieias
1651 732 1930 805 spirituales
1946 737 2159 785 habeant
2178 733 2441 784 carnalium
2463 736 2744 786 deliciartun
2770 738 2904 800 loco;
2933 745 2984 788 et
3008 738 3178 786 famam
3193 732 3408 799 denique
3430 747 3570 786 Silam
3591 739 3751 782 wsw-

467 825 575 872 dire
598 818 991 883 non—negligant.

1895 908 2303 942 —--°—°-——

472 1043 1153 1111 AIIthSTlNUS'EplSCOptlS,
1195 1051 1383 1091 servus
1407 1032 1645 1094 Christi,
1678 1033 2062 1089 servorumque

544 1136 740 1191 Christi
771 1135 811 1200 ¹,
831 1132 1090 1202 religiosae
1118 1126 1326 1182 famulae
1355 1123 1445 1179 Dei
1474 1123 1740 1187 Juuaum,
1763 1119 1815 1172 in
1838 1114 2065 1170 Domino

547 1225 882 1280 dominorum
914 1221 1162 1274 salutem.

546 1329 768 1388 CAPUT
793 1325 1073 1383 PRIMUM.
1102 1353 1176 1364 —
1203 1324 1256 1376 1.
1275 1319 1501 1392 Rogatus
1522 1335 1551 1370 a
1577 1315 1789 1387 Juliana
1812 1309 1982 1366 scribit
2007 1307 2070 1359 de

477 1423 786 1496 professione
813 1417 1091 1471 viduitatis.
1124 1411 1352 1483 Apostoli
1382 1410 1444 1464 de
1473 1410 1567 1462 Itac
1602 1423 1654 1461 re
1681 1403 2069 1496 doctrittautex-

478 1493 647 1589 ponet.
681 1513 758 1569 Ne
805 1510 1044 1582 petitioni
1077 1520 1180 1563 tuae
1208 1514 1260 1561 et
1288 1506 1341 1559 in
1375 1502 1587 1558 Christo
1615 1495 1933 1573 dilectioniil
1955 1493 2072 1547 ditt-

480 1609 584 1662 tius
613 1619 791 1660 essem
816 1602 1026 1656 debitor
1049 1596 1416 1670 promissionis
1437 1609 1571 1648 mea:
1596 1632 1612 1656 ,
1643 1589 1841 1659 arripui
1867 1593 2073 1640 utcum-

479 1711 582 1768 que
621 1695 762 1750 iuter
799 1693 930 1746 alias
968 1689 1368 1761 urgentissimas
1406 1683 1780 1753 occupationes
1822 1690 1969 1732 meas
2005 1673 2074 1730 de

480 1785 812 1859 professione
860 1791 1060 1837 saneta:
1090 1777 1360 1834 viduitatis
1385 1773 1584 1845 aliquid
1610 1773 1676 1826 ad
1717 1779 1767 1824 te
1792 1768 2027 1824 scribere
2059 1782 2074 1818 :

483 1877 734 1950 quoniam
763 1883 818 1930 et
843 1877 1165 1944 praesentem
1187 1885 1273 1925 me
1294 1867 1531 1940 rogando
1559 1863 1793 1920 onerasti
1819 1863 1860 1926 ³,
1880 1869 2075 1915 etcum

484 1968 578 2023 tibi
609 1967 710 2021 hoc
738 1981 844 2019 non
869 1963 1158 2034 potuissem
1192 1975 1386 2030 negare
1407 2000 1421 2028 ,
1454 1971 1597 2027 saepe
1626 1969 1805 2010 meum
1847 1950 2076 2023 prornis-

483 2075 601 2114 sum
625 2058 814 2114 litteris
843 2055 1109 2127 ﬂagitasti.
1139 2053 1195 2108 ln
1244 2068 1350 2123 quo
1396 2065 1525 2104 sane
1554 2063 1716 2119 opere
1742 2053 1926 2100 nostro
1954 2057 2076 2096 cum

483 2149 656 2222 aliqua
685 2151 877 2222 legeris
912 2148 978 2204 ad
1008 2158 1149 2203 tuam
1176 2147 1259 2201 vel
1289 2145 1354 2199 ad
1400 2152 1663 2208 vestram,
1690 2154 1809 2210 qua:
1839 2135 1999 2192 simul
2024 2135 2077 2189 iu

482 2237 699 2300 Christo
720 2241 913 2304 vivitis,
935 2255 1216 2312 personam
1235 2237 1452 2292 minimc
1469 2235 1758 2306 pertinere,
1779 2247 1877 2286 nec
1897 2229 2083 2284 admo-

482 2325 671 2392 nitioni
701 2335 821 2390 vita:
849 2343 1038 2390 vestra:
1080 2332 1296 2404 proprie
1337 2327 1637 2384 necessaria
1658 2368 1672 2393 ,
1701 2340 1808 2378 non
1839 2321 1960 2377 ideo
1989 2320 2083 2376 de-

483 2429 638 2485 bebis
664 2427 686 2458 ⁸
713 2427 978 2498 superflua
1004 2425 1264 2495 judicare.
1295 2424 1414 2478 Ista:
1454 2421 1650 2492 quippe
1679 2418 1869 2472 litterae
1900 2429 2085 2484 quam-

484 2521 567 2574 vis
611 2519 677 2573 ad
721 2521 801 2583 le,
835 2533 942 2572 non
991 2526 1167 2570 tamen
1217 2511 1583 2568 tantummodo
1643 2507 1739 2562 tibi
1791 2503 2084 2560 scribenda:

485 2609 738 2665 fuerunt:
767 2607 860 2662 Sed
888 2615 946 2662 ut
974 2607 1093 2660 aliis
1140 2596 1234 2676 per
1279 2612 1330 2659 te
1367 2616 1578 2673 quoque
1598 2598 1950 2670 prodessent,
1977 2612 2084 2650 non

486 2701 670 2772 utique
695 2715 722 2753 a
747 2698 898 2754 nobis
917 2696 1289 2768 negligendum
1317 2694 1433 2749 fuit.
1461 2691 1726 2761 Quidquid
1743 2705 1870 2759 ergo
1897 2687 1983 2744 hic
2007 2688 2088 2741 in-

486 2791 720 2855 veneris,
755 2789 896 2860 quod
936 2789 1087 2842 vobis
1112 2785 1472 2841 necessarium
1497 2783 1581 2838 vel
1612 2795 1883 2850 nunquam
1907 2776 2085 2844 fuerit,

449 2907 452 2910 «
488 2883 576 2938 vel
602 2881 709 2953 jam
737 2896 841 2936 non
865 2881 962 2945 sit,
997 2889 1052 2934 et
1076 2889 1253 2933 tamen
1282 2877 1399 2932 aliis
1427 2890 1548 2930 esse
1580 2871 1921 2950 perspexeris
1947 2912 1961 2937 ,
1990 2885 2089 2925 nec

491 2969 689 3030 habere
717 2983 769 3027 te
810 2971 1020 3043 pigeat,
1048 2984 1149 3024 nec
1178 2967 1306 3024 dare
1333 2963 1651 3038 legendum;
1677 2975 1733 3020 ut
1761 2971 1817 3020 et
1844 2971 1932 3017 tua
1957 2960 2088 3016 cha-

496 3065 630 3120 ritas
651 3065 722 3119 sit
745 3063 943 3118 utilitas
966 3061 1216 3116 aliorum.

562 3159 620 3211 2.
647 3156 776 3212 Cum
801 3155 959 3226 igitur
979 3155 1032 3209 in
1055 3153 1199 3208 omni
1221 3151 1515 3223 quaestione
1544 3165 1662 3222 quae
1690 3149 1757 3204 ad
1788 3147 1950 3204 vitam
1980 3162 2095 3203 mo-

491 3262 687 3320 resque
720 3248 948 3318 pertinet
972 3288 987 3315 ,
1020 3262 1128 3300 non
1154 3245 1265 3300 sola
1308 3243 1572 3308 doctrina,
1595 3257 1781 3296 verum
1809 3241 1969 3296 etiam
1994 3254 2090 3294 cx-

492 3339 724 3398 hortatio
749 3341 817 3394 sit
849 3338 1185 3401 necessaria;
1215 3345 1273 3390 ut
1296 3334 1539 3390 doctrina
1579 3334 1704 3405 quid
1731 3333 1994 3405 agendum
2024 3333 2092 3386 sit

492 3432 822 3493 noverimus,
852 3429 1220 3485 exhortatione
1267 3436 1446 3481 autem
1477 3414 1788 3490 excitemur,
1824 3441 1891 3479 ne
1920 3424 2094 3494 pigeat

480 3519 654 3597 agere
696 3522 837 3594 quod
884 3521 1147 3592 agendum
1202 3533 1320 3574 esse
1361 3518 1472 3587 jam
1521 3517 1806 3570 novimus:
1838 3515 1962 3585 quid
1995 3530 2093 3584 ego

495 3614 724 3682 amplius
756 3622 806 3666 te
835 3611 1055 3665 doceam
1077 3651 1092 3674 ,
1137 3623 1295 3678 quam
1341 3607 1390 3662 id
1431 3606 1571 3677 quod
1612 3605 1751 3675 apud
1779 3605 2092 3674 Apostolum

498 3703 759 3774 legimus?
783 3703 977 3756 Sancta
1004 3701 1144 3754 enim
1173 3699 1445 3767 Scriptura
1484 3705 1682 3750 nostra:
1715 3695 1972 3750 doctrina:
2003 3711 2094 3750 re-

497 3796 672 3866 gulam
701 3792 842 3862 figit,
873 3807 941 3846 ne
967 3792 1254 3845 audeamus
1275 3805 1452 3859 sapere
1476 3789 1589 3858 plus
1608 3802 1757 3856 quam
1796 3796 1989 3858 oportet
2012 3804 2096 3841 sa-

485 3907 490 3919 τ
502 3902 656 3958 pere;
682 3885 775 3939 sed
799 3884 1092 3952 sapiamus,
1119 3894 1174 3935 ut
1203 3887 1316 3951 ipse
1345 3881 1434 3945 ait,
1468 3879 1536 3932 ad
1562 3879 1970 3947 temperantiam,
1993 3881 2094 3932 sic-

501 3987 557 4032 ut
589 3976 857 4046 unicuique
893 3975 1032 4030 Deus
1077 3975 1291 4044 partitus
1311 3982 1382 4028 est
1420 3985 1704 4027 mensuram
1739 3972 1858 4042 fidei
1898 3971 2092 4045 (Rom.

473 4084 577 4125 ,λιιι
599 4109 615 4132 ,
643 4067 723 4137 3).
752 4067 868 4122 Non
891 4068 964 4122 sit
989 4081 1118 4136 ergo
1158 4064 1289 4120 mihi
1308 4063 1451 4119 aliud
1478 4072 1531 4119 te
1559 4063 1782 4129 docere,
1812 4063 1913 4118 nisi
1933 4064 2096 4119 verba

503 4160 597 4216 tibi
625 4158 860 4214 doctoris
887 4173 1158 4229 exponere
1181 4200 1197 4226 ,
1227 4163 1282 4212 ct
1310 4157 1378 4212 de
1405 4157 1472 4211 iis
1499 4155 1642 4228 quod
1660 4155 1914 4212 Dominus
1934 4156 2097 4212 dede-

501 4251 574 4305 rit
601 4249 893 4319 disputare.

575 4342 799 4399 CAPUT
842 4342 1004 4398 IL—
1057 4331 1109 4398 5.
1168 4341 1409 4413 Innupta:
1453 4343 1594 4413 apud
1645 4341 1944 4415 Apostolum
1996 4359 2098 4398 non

508 4435 632 4490 sola:
653 4435 887 4506 virgines,
921 4433 1012 4489 sed
1050 4434 1201 4488 etiam
1229 4433 1410 4488 vidum.
1452 4433 1540 4487 Ait
1566 4433 1742 4503 itaque
1767 4423 2052 4502 Apostolus
2079 4471 2096 4501 ,

446 4523 450 4528 ’
505 4525 696 4581 doctor
722 4525 972 4580 Gentium
991 4565 1006 4589 ,
1052 4541 1146 4580 vas
1173 4525 1450 4580 electionis
1480 4541 1492 4577 :
1526 4522 1654 4578 Dico
1682 4533 1848 4579 autem
1873 4526 2098 4595 innuptis

507 4624 554 4669 et
578 4615 741 4668 viduis
760 4657 775 4681 ,
806 4617 993 4670 bonum
1031 4633 1138 4672 esse
1159 4615 1264 4671 illis
1300 4617 1343 4670 si
1373 4616 1446 4670 sic
1477 4617 1875 4687 permanserint,
1901 4617 2029 4671 sicut
2053 4626 2099 4672 et

510 4726 619 4779 ego.
646 4709 770 4762 llarc
813 4710 972 4764 verba
1015 4710 1085 4764 ita
1131 4709 1470 4778 intelligenda
1499 4718 1737 4775 suut,ut
1765 4725 1869 4764 non
1918 4710 2101 4764 existi-

512 4814 721 4854 memus
753 4799 936 4855 viduas
967 4816 1070 4855 non
1103 4809 1352 4869 Oportcrc
1383 4800 1631 4870 innuptas
1660 4800 1760 4855 dici
1785 4842 1799 4866 ,
1832 4802 1952 4872 quia
1997 4818 2095 4857 nu-

461 4905 464 4913 ‘
511 4893 647 4962 ptias
686 4891 932 4947 videntur
980 4901 1216 4962 experta:
1249 4909 1264 4946 :
1294 4894 1633 4962 innuptarum
1689 4893 1831 4948 enim
1883 4894 2099 4949 nomine

2176 1022 2294 1078 illas
2341 1024 2634 1094 signiﬁcat,
2672 1040 2791 1096 quae
2835 1042 2941 1082 non
2976 1036 3107 1083 Sunt
3133 1027 3329 1098 nuptiis
3355 1027 3616 1098 alligata,
3653 1029 3756 1082 sive

2176 1115 2404 1182 fuerint,
2437 1119 2548 1172 sive
2574 1136 2678 1173 non
2721 1119 2936 1174 fuerint.
2964 1119 3116 1187 Quod
3162 1121 3267 1174 alio
3290 1119 3407 1175 loco
3435 1119 3643 1189 aperit,
3679 1119 3758 1173 ubi

2174 1209 2284 1263 ait:
2310 1208 2484 1264 Divisa
2508 1221 2580 1263 est
2619 1213 2802 1266 mulier
2827 1212 3039 1284 innupta
3075 1221 3122 1266 et
3146 1213 3303 1283 virgo.
3331 1211 3553 1280 Quando
3583 1212 3760 1279 utique

2177 1310 2230 1354 et
2257 1301 2511 1371 virginem
2541 1304 2812 1374 adjungit,
2843 1304 2967 1373 quid
3012 1304 3290 1358 mulierem
3327 1303 3602 1373 innuptam
3622 1345 3637 1368 ,
3670 1303 3758 1355 nisi

2177 1395 2386 1449 viduam
2413 1397 2523 1451 vult
2550 1397 2804 1468 intelligi?
2833 1397 2984 1453 Unde
3002 1398 3162 1453 etiam
3188 1397 3441 1466 deinceps
3469 1411 3577 1450 uno
3608 1395 3759 1450 innu-

2178 1496 2283 1558 pta:
2313 1489 2527 1544 nomine
2567 1490 2949 1560 professionem
2979 1500 3260 1562 utramque
3285 1491 3661 1561 complectitur
3690 1491 3763 1544 di-

2180 1595 2306 1634 cens
2331 1599 2345 1632 :
2381 1580 2509 1647 Qua:
2543 1583 2753 1652 innupta
2783 1591 2854 1637 est
2878 1625 2893 1650 ,
2924 1582 3142 1637 sollicita
3169 1592 3243 1638 est
3269 1598 3330 1637 ea
3357 1597 3468 1653 qua!
3514 1589 3636 1635 sunt
3671 1580 3766 1634 Do-

2181 1671 2338 1737 mini,
2365 1673 2614 1742 quomodo
2645 1673 2842 1744 placeat
2869 1673 3126 1740 Domino;
3155 1689 3270 1744 quia
3287 1681 3454 1726 autem
3479 1682 3646 1744 nupta
3670 1683 3763 1737 est,

2182 1762 2398 1816 sollicita
2424 1772 2496 1817 est
2534 1780 2591 1818 ea
2616 1781 2726 1835 quae
2751 1774 2866 1819 sunt
2907 1765 3084 1818 mundi
3105 1807 3119 1831 ,
3149 1765 3400 1835 quomodo
3428 1764 3628 1835 placeat
3673 1765 3767 1817 viro

2185 1853 2236 1927 (Ι
2258 1852 2376 1908 Cor.
2411 1870 2487 1909 vtt
2513 1897 2526 1920 ,
2557 1855 2608 1921 8,
2636 1856 2759 1927 54).
2789 1854 3070 1925 lnnuptam
3109 1863 3255 1910 certe
3285 1869 3391 1910 non
3419 1870 3538 1910 eam
3569 1861 3767 1908 tantum

2185 1948 2408 2019 intelligi
2434 1949 2599 2003 voluit
2619 1991 2632 2014 ,
2663 1965 2781 2019 qua:
2811 1964 3081 2019 nunquam
3111 1948 3318 2018 nupsit;
3347 1947 3440 2002 sed
3466 1949 3634 2002 etiam
3663 1963 3766 2002 eam

2185 2056 2303 2110 qum
2325 2039 2630 2110 nuptiarum
2654 2040 2865 2094 vinculo
2889 2055 2981 2111 per
3006 2039 3316 2094 viduitatem
3349 2038 3594 2103 liberata,
3618 2047 3768 2107 nupta

2185 2145 2305 2187 esse
2325 2131 2526 2186 destitit
2555 2150 2567 2185 :
2603 2146 2723 2185 nam
2746 2129 2866 2186 ideo
2887 2141 2938 2186 et
2963 2141 3183 2202 nuptam
3211 2145 3316 2184 non
3338 2129 3466 2184 dicit
3493 2172 3508 2194 ,
3533 2131 3638 2184 nisi
3663 2143 3770 2184 eam

2186 2238 2304 2293 qua:
2321 2222 2492 2276 virum
2519 2222 2710 2287 habet;
2737 2238 2842 2277 non
2873 2222 3029 2277 etiam
3058 2237 3175 2277 eam
3197 2237 3315 2292 qua:
3336 2221 3522 2275 habuit
3546 2264 3562 2288 ,
3588 2232 3649 2276 et
3682 2236 3769 2274 non

2190 2314 2367 2370 habet.
2392 2315 2730 2386 Quapropter
2750 2313 2904 2368 vidua
2931 2314 3105 2368 omnis
3133 2315 3348 2384 innupta
3375 2321 3458 2368 est
3489 2331 3503 2366 :
3537 2312 3639 2367 sed
3665 2312 3769 2382 quia

2189 2421 2297 2462 non
2325 2408 2497 2462 omnis
2526 2407 2745 2476 innupta
2774 2405 2930 2461 vidua
2960 2413 3078 2472 est;
3113 2412 3236 2460 sunt
3267 2404 3408 2459 enim
3435 2412 3491 2458 et
3518 2403 3771 2474 virgines;

2191 2499 2312 2554 ideo
2353 2499 2438 2554 hic
2484 2508 2767 2568 utrumque
2809 2499 3020 2568 posuit,
3052 2497 3142 2551 ubi
3191 2496 3298 2563 ait,
3333 2495 3460 2550 Dico
3501 2506 3680 2549 autem
3713 2497 3777 2547 in-

2191 2592 2363 2663 nuptis
2389 2602 2436 2646 ct
2458 2591 2620 2646 viduis
2643 2593 2662 2645 .'
2679 2601 2926 2662 tanquam
2950 2589 3182 2658 diceret,
3211 2588 3362 2658 Quod
3384 2589 3507 2644 dico
3526 2589 3775 2659 innuptis.

2194 2701 2300 2740 non
2324 2685 2403 2740 eis
2452 2685 2579 2740 solis
2622 2685 2740 2740 dico
2785 2700 2903 2754 quae
2931 2683 3166 2754 virgines
3195 2691 3357 2746 sunt,
3387 2681 3483 2737 sed
3509 2683 3675 2737 etiam
3713 2682 3779 2735 eis

2193 2791 2312 2846 qua:
2339 2775 2512 2831 vidua:
2543 2785 2700 2843 sunt;
2728 2775 2911 2831 bonum
2941 2793 3047 2831 esse
3071 2776 3174 2830 illis
3196 2776 3240 2830 si
3265 2776 3344 2829 sic
3382 2776 3778 2846 permanserint,

2194 2869 2323 2924 sicut
2348 2877 2396 2923 et
2437 2885 2549 2939 ego.
2645 2861 2648 2863 ’

2263 2958 2492 3016 CAPUT
2531 2959 2618 3016 Ill.
2656 2989 2732 3002 —
2776 2960 2830 3016 4.
2875 2959 3075 3015 Bonum
3121 2959 3381 3013 viduitatis
3426 2959 3600 3030 majus
3646 2975 3783 3029 quam

2194 3054 2452 3125 conjugii,
2493 3052 2630 3119 quod
2680 3061 2844 3107 tamen
2869 3069 2981 3107 rere
3021 3052 3224 3106 bonum.
3267 3052 3508 3124 Conjugii
3546 3053 3680 3122 ﬁdes
3705 3095 3718 3118 ,
3747 3061 3787 3103 et

2196 3145 2298 3198 alia
2319 3147 2427 3217 ejus
2451 3146 2580 3199 bona
2599 3187 2613 3210 ,
2640 3144 2751 3200 licet
2777 3145 3020 3199 viduitate
3065 3147 3280 3200 minora.
3307 3147 3445 3200 Ecce
3481 3155 3567 3201 est
3592 3147 3786 3201 bonum

2197 3246 2347 3292 tuum
2394 3239 2442 3292 ei
2485 3238 2626 3293 bono
2675 3249 3077 3309 comparatum,
3117 3239 3257 3310 quod
3314 3239 3444 3294 dicit
3502 3241 3791 3312 Apostolus

2197 3345 2369 3395 suum,
2397 3329 2442 3385 si
2472 3327 2602 3385 ﬁdes
2627 3330 2806 3397 adest;
2840 3333 2946 3386 imo
2971 3333 3092 3402 quia
3125 3331 3256 3387 ﬁdes
3286 3333 3456 3388 adest.
3487 3333 3682 3388 Brevis
3713 3343 3793 3388 est

2197 3423 2297 3476 ista
2341 3421 2581 3476 doctrina
2604 3464 2618 3490 ,
2653 3438 2752 3478 nec
2798 3423 2917 3479 ideo
2945 3425 3335 3480 contemnenda
3360 3465 3372 3488 ,
3401 3426 3526 3495 quia
3569 3425 3755 3481 brevis
3783 3446 3794 3478 :

2199 3511 2292 3567 sed
2320 3512 2439 3567 ideo
2461 3511 2665 3569 facilius
2691 3523 2744 3570 et
2773 3515 2985 3570 charius
3017 3515 3267 3583 tenenda,
3296 3516 3418 3586 quia
3447 3515 3498 3570 in
3529 3517 3800 3572 brevitate

2199 3619 2306 3659 non
2329 3604 2468 3661 vilis.
2498 3604 2615 3659 Non
2654 3605 2797 3660 enim
2845 3607 3231 3677 qualecumque
3258 3606 3458 3660 bonum
3514 3605 3606 3661 hic
3653 3621 3804 3662 com-

2201 3697 2476 3752 mendaret
2522 3699 2810 3768 Apostolus
2835 3741 2850 3765 ,
2881 3699 3021 3770 quod
3053 3698 3176 3755 ﬁdei
3205 3709 3488 3772 nuptarum
3530 3701 3655 3756 sine
3698 3702 3799 3755 ulla

2200 3791 2540 3861 ambiguitate
2583 3793 2889 3863 prteposuit.
2929 3791 3197 3860 Quantum
3225 3802 3402 3848 autem
3447 3793 3661 3848 bonum
3715 3794 3805 3847 ha-

2201 3885 2324 3940 beat
2353 3892 2637 3953 nuptarum
2669 3882 2802 3938 fides
2825 3925 2841 3950 ,
2873 3866 2923 3938 id
2969 3893 3083 3949 est,
3129 3885 3547 3938 Christianarum
3594 3894 3654 3940 et
3685 3885 3808 3940 reli-

2201 3974 2470 4045 giosarum
2516 3973 2952 4043 conjugatarum,
2984 3973 3108 4029 hinc
3151 3972 3372 4044 intelligi
3413 3983 3631 4043 potest,
3664 3975 3809 4044 (ιιιαὰ

2200 4081 2324 4121 cum
2349 4066 2418 4121 de
2454 4065 2702 4135 fugienda
2727 4066 3077 4122 fornicatione
3102 4066 3446 4137 praeciperet,
3482 4067 3576 4121 ubi
3625 4069 3810 4138 utique

2201 4169 2255 4215 et
2282 4159 2593 4230 conjugatos
2618 4159 3009 4230 alloquebatur,
3039 4158 3282 4225 Nescitis,
3307 4158 3479 4228 inquit
3499 4201 3513 4222 ,
3540 4163 3670 4228 quia
3702 4177 3810 4214 cor«

2202 4239 2326 4325 pora
2372 4262 2532 4307 vestra
2557 4251 2778 4306 membra
2805 4261 2922 4306 sunt
2947 4245 3130 4326 Citristi
3155 4249 3270 4322 (Id.
3305 4266 3355 4305 vt
3374 4292 3392 4319 ,
3421 4250 3539 4323 19).
3570 4251 3810 4307 Tantum

2200 4360 2328 4415 ergo
2391 4344 2588 4399 bonum
2641 4353 2724 4399 est
2783 4343 2955 4399 fidelis
3005 4345 3269 4414 coniugii,
3338 4352 3395 4399 ut
3446 4345 3625 4400 etiam
3702 4347 3810 4414 ipsa

2205 4436 2441 4491 membra
2473 4435 2580 4489 sint
2605 4435 2825 4489 Christi.
2864 4435 2977 4490 Hoc
3004 4445 3181 4490 autem
3205 4435 3346 4491 bono
3371 4438 3637 4505 quoniam
3661 4440 3681 4469 ί
3708 4455 3810 4492 me

2203 4529 2308 4584 lius
2334 4539 2412 4583 est
2438 4528 2635 4583 bonum
2661 4528 3002 4588 continentia:
3028 4527 3254 4583 vidualis
3273 4569 3290 4594 ,
3317 4526 3564 4583 non'hac
3595 4529 3810 4598 proles

2205 4620 2354 4675 sione
2383 4619 2434 4673 id
2482 4619 2676 4690 agitur,
2731 4627 2789 4675 ut
2830 4615 3042 4690 aliquid
3078 4620 3196 4689 plus
3239 4619 3309 4674 sit
3345 4619 3625 4686 catholica
3654 4623 3810 4676 vidui

2203 4727 2362 4784 quam
2391 4711 2687 4765 membrum
2717 4709 2943 4778 Christi;
2969 4710 3062 4766 sed
3087 4720 3142 4765 ut
3173 4711 3449 4766 meliorem
3482 4727 3654 4782 quam
3690 4728 3810 4768 cont

2199 4805 2380 4874 jugata
2427 4803 2603 4858 locum
2659 4803 2852 4859 habeat
2901 4805 3040 4859 inter
3099 4805 3337 4859 membra
3385 4803 3615 4860 Christi.
3681 4807 3809 4862 Dici}

2205 4893 2400 4963 quippe
2445 4892 2586 4948 idem
2630 4893 2903 4964 apostolus
2935 4912 2948 4948 :
2978 4894 3123 4949 Sicut
3165 4893 3297 4948 enim
3339 4893 3394 4947 in
3436 4910 3540 4949 uno
3592 4912 3809 4966 corpori

1683 5021 1972 5061 ADMONlTlO
2010 5019 2092 5059 PP.
2133 5020 2613 5061 BENEDICTINORUI.

577 5095 625 5146 in
679 5095 791 5145 libri
830 5095 974 5158 hujus
1017 5095 1355 5158 recognitione
1400 5090 1690 5145 contulimus
1721 5109 1831 5146 cum
1875 5099 2050 5147 Erasmi
2107 5109 2164 5148 ac
2216 5097 2584 5154 Levaniensium
2629 5098 2775 5148 editis
2819 5102 3022 5150 veteres
3059 5099 3252 5150 codices
3306 5099 3577 5152 Gallicanos
3624 5101 3809 5154 ἀιιοὼς

511 5161 621 5214 clm,
651 5157 1212 5223 negittttt,_§orbotticu1u,
1239 5158 1529 5223 victoriatum
1545 5191 1575 5223 ,_
1591 5160 2014 5223 Augustiueusem,
2035 5160 2081 5208 id
2096 5164 2175 5207 est
2197 5173 2228 5208 θ
2243 5159 2538 5208 bibliotheca
2562 5162 3013 5223 Augustinianorum
3049 5163 3192 5210 Paris.
3215 5165 3570 5213 Carnutensem
3595 5165 3809 5214 abbati:

512 5232 558 5270 δ.
585 5221 708 5269 Petri
727 5220 1130 5284 ,taudunensem
1168 5219 1390 5284 Ecclesize
1413 5220 1637 5278 majoris,
1672 5221 2041 5269 Cisterciensem
2059 5255 2072 5280 ,
2112 5224 2540 5283 (:ygirannensem,
2561 5219 2881 5283 Beccensem,
2904 5223 3266 5280 Michaelinum,
3302 5223 3708 5274 sudoenensem
3731 5265 3749 5284 ,
3796 5242 3810 5275 ε

513 5283 894 5351 vetustissituuut
918 5280 1069 5337 mille,
1095 5289 1177 5329 aut
1201 5280 1685 5351 amplius,_annorum
1723 5280 2352 5344 Gertnanensetuftiecnon
2377 5280 2606 5333 Romanos
2623 5280 2875 5336 Vatit'auos’
2899 5293 3020 5347 tres,
3056 5298 3113 5336 ac
3136 5286 3383 5336 variantes
3418 5286 3682 5337 lectiones
3713 5280 3810 5351 tiu:

515 5351 627 5393 tuor
651 5342 952 5404 Belgicorunt
975 5355 1085 5403 qua:
1108 5351 1301 5391 exstant
1317 5342 1442 5404 apud
1467 5344 1804 5391 Lovanicnscs.

592 5425 1103 5504 Comparavimus
1131 5435 1425 5504 praeterea
1455 5444 1552 5488 eas
1579 5444 1783 5487 omnes
1809 5425 2112 5490 editiones
2141 5427 2332 5490 initio
2359 5428 2534 5490 Retr.
2557 5440 2613 5491 et
2643 5430 2928 5492 Confess.
2961 5439 3008 5492 t.
3044 5432 3102 5505 1,
3133 5440 3527 5494 memoratas.
3620 5434 3737 5496 Μ.

579 5530 598 5562 ί
615 5529 688 5576 sic
703 5533 776 5575 Er.
795 5533 849 5576 et
871 5525 1087 5576 nonnulli
1107 5535 1212 5576 Mss.
1232 5534 1285 5577 Αι
1302 5534 1431 5578 l.ov.:
1447 5537 1616 5577 Servus
1638 5541 1882 5578 servorum
1904 5527 2098 5579 (luisti.

513 5589 882 5702 zftgs‘tissimus
896 5590 1206 5638 corbeiensis
1230 5590 1405 5651 codex,
1431 5603 1596 5641 servus
1628 5589 1824 5654 Christi,
1851 5604 2101 5657 servorum

568 5665 610 5701 tr
677 5666 710 5702 t.

501 5660 958 5763 ‘Cn'ngislercieusis
975 5717 1083 5773 Ms.,
1106 5718 1204 5763 tua:
1223 5710 1273 5762 in
1292 5711 1477 5764 Christo
1501 5712 1786 5767 dilectionis.

583 5775 602 5835 ξ
625 5777 696 5823 Sic
713 5780 820 5822 Mss.
846 5773 962 5826 mliti
980 5782 1160 5835 autem,
1189 5773 1447 5827 Itonorusti.

579 5833 601 5864 δ
624 5835 694 5885 sic
731 5841 805 5886 Er.
833 5843 883 5885 et
901 5841 1007 5885 Mss.
1029 5833 1269 5900 [debetis]

2273 5531 2288 5562 ¹
2318 5529 2452 5591 Editi,
2472 5541 2579 5594 quo.
2604 5531 2906 5592 Meliusatss.,
2931 5544 3170 5596 quautam.
