3930 6368
224 351 304 406 ta,
1387 341 1472 395 DE
1513 340 1690 394 BONO
1731 335 2114 395 VlDL’l'l‘ATiS
2151 340 2368 398 LIBER.

231 465 365 515 stulta
388 457 618 512 membra
648 457 923 520 habemus,
953 454 1124 507 omnia
1147 462 1306 506 autent
1333 453 1552 506 membra
1579 467 1679 504 non
1708 466 1818 503 eos-

225 558 315 607 dem
364 564 521 608 actus
568 554 800 618 habent;
841 553 915 604 ita
966 550 1115 603 ntulti
1147 564 1301 601 unum
1343 563 1526 617 corpus
1556 562 1727 599 sumus
1771 544 1823 597 in

217 648 407 700 Utristo
432 687 451 712 ,
499 643 700 716 singuli
749 652 922 698 autem
969 642 1100 695 alter
1135 639 1342 694 alterius
1378 638 1601 694 membra
1632 640 1646 668 ¹
1681 655 1694 690 :
1727 639 1822 689 Ita-

209 743 374 794 lentes
427 740 582 793 dona
633 739 838 791 diversa
880 733 1160 790 secundum
1200 734 1415 806 gratiam
1453 748 1566 803 qua:
1607 732 1725 785 data
1755 741 1825 786 est

206 836 336 888 nobis
362 833 570 906 (Rom.
606 848 688 886 xu
708 873 724 897 ,
751 832 786 887 4
805 831 885 903 6).

254 929 315 984 5.
350 927 499 982 Ideo
526 926 699 981 etiam
729 939 850 978 cum
902 928 1144 976 moneret
1169 919 1477 990 eonjugatos
1497 960 1511 983 ,
1558 934 1625 973 ne
1649 917 1828 972 debito

199 1019 445 1077 cursualis
472 1015 886 1074 commixtionis
913 1013 1220 1069 fraudarem
1247 1012 1498 1074 invicem;
1528 1018 1582 1062 et
1607 1024 1701 1078 per
1727 1009 1828 1062 hoc

196 1115 326 1167 alter
352 1124 576 1166 eorum
607 1117 800 1178 negato
824 1105 926 1161 sibi
968 1104 1148 1159 debito
1182 1100 1482 1171 coniugali,
1513 1114 1608 1169 per
1634 1099 1825 1153 intem-

197 1201 527 1274 perantiam
570 1214 726 1255 suam
777 1205 1011 1252 tentatus
1043 1211 1074 1250 a
1103 1204 1283 1249 satana
1306 1233 1321 1258 ,
1345 1192 1400 1245 in
1427 1190 1828 1245 fornicationem

198 1293 651 1365 prolaberetur:
688 1287 799 1342 Hoc
846 1295 1014 1341 autem
1052 1286 1164 1339 dico
1188 1326 1203 1350 ,
1229 1283 1434 1353 inquit,
1457 1282 1826 1336 secundumse-

197 1386 334 1437 nians
364 1424 384 1448 ,
419 1399 536 1435 non
560 1379 838 1435 secundum
867 1377 1148 1446 imperium.
1189 1373 1316 1428 Volo
1341 1385 1508 1427 autem
1537 1389 1704 1427 omnes
1732 1373 1828 1424 bo-

199 1478 363 1529 uines
389 1477 416 1506 ³
447 1489 574 1528 esse
596 1473 728 1526 sicut
754 1487 832 1523 me
868 1469 1031 1538 ipsum
1057 1485 1075 1522 :
1097 1467 1186 1522 sed
1206 1466 1544 1536 unusquisque
1569 1464 1829 1535 proprium

199 1568 400 1620 donum
449 1565 614 1618 habet
643 1581 676 1615 a
706 1561 845 1624 Deo;
875 1561 1004 1614 alius
1043 1558 1243 1630 quidem
1271 1559 1372 1619 sic,
1398 1557 1530 1610 alius
1554 1572 1667 1609 vero
1685 1557 1756 1608 sic
1785 1554 1826 1608 ³.

259 1655 529 1713 CAPUT
562 1654 652 1709 IV.
681 1683 752 1694 --
790 1652 1060 1706 Viduitatis
1102 1651 1410 1721 professione
1459 1665 1559 1701 non
1596 1647 1831 1701 damnari

202 1749 470 1805 secundas
517 1748 748 1816 nuptias.
777 1743 1215 1814 Cataphrygarum
1249 1751 1297 1795 et
1329 1740 1726 1794 Novatianorum
1758 1756 1831 1793 er-

206 1861 289 1897 ror
315 1859 354 1894 ιι
395 1839 734 1893 Tertulliana
764 1836 1078 1906 prapalatus.
1116 1835 1274 1888 \‘ides
1313 1832 1472 1887 etiam
1499 1831 1829 1902 coniugalem

207 1932 556 2003 pudicitiam
599 1928 817 1987 etthori
862 1925 1138 1982 christiani
1184 1922 1628 1978 matrimonialem
1672 1922 1829 1976 ﬁdem

210 2026 443 2080 donum
474 2036 634 2082 esse,
655 2019 825 2074 ethoc
850 2033 881 2072 a
911 2018 1026 2072 Deo
1053 2035 1065 2070 :
1097 2026 1149 2069 ut
1194 2014 1324 2069 illud
1360 2013 1501 2084 quod
1532 2013 1667 2067 ultra
1698 2011 1832 2067 libe-

220 2128 431 2170 rorum
465 2109 904 2182 procreandorum
927 2106 1299 2163 necessitatem
1329 2104 1544 2159 modum
1577 2117 1833 2158 concum-

218 2203 405 2261 bcndi
454 2203 786 2272 aliquatenus
829 2197 1258 2269 concupiscentia
1304 2195 1533 2252 carnalis
1583 2193 1828 2260 excedit,

213 2314 330 2360 non
357 2295 682 2366 nuptiarum
706 2295 774 2349 sit
799 2292 901 2347 hoc
927 2292 1147 2357 malum,
1165 2289 1261 2346 sed
1282 2288 1491 2345 veniale
1520 2288 1588 2343 sit
1613 2295 1833 2358 propter

209 2391 548 2463 nuptiarum
578 2388 792 2441 bonum.
822 2384 937 2439 Non
963 2383 1104 2439 enim
1145 2381 1214 2437 de
1261 2380 1542 2451 conjugio,
1570 2378 1709 2448 quod
1737 2393 1832 2434 co-

212 2483 448 2553 pulatur
475 2479 772 2532 liberorum
815 2472 1264 2545 procreandorum
1295 2486 1455 2526 causa
1475 2511 1492 2538 ,
1513 2479 1567 2526 et
1611 2469 1711 2525 lide
1734 2486 1831 2539 pu-

212 2573 426 2630 dicitia:
471 2567 809 2638 conjugalis,
859 2576 914 2622 et
964 2564 1352 2630 indissolubili,
1381 2563 1634 2634 quamdiu
1675 2562 1834 2617 ambo

215 2668 454 2729 vivunt,
505 2661 838 2717 matrimonii
891 2668 1266 2723 sacramento,
1311 2673 1431 2729 qua:
1479 2658 1655 2712 omnia
1697 2656 1832 2710 bona

217 2769 386 2823 sunt;
421 2757 525 2812 sed
552 2756 620 2811 de
639 2756 732 2810 illo
762 2752 1046 2808 immodico
1091 2752 1268 2807 carnis
1306 2766 1402 2805 usu
1422 2751 1559 2820 ,.qui
1605 2751 1656 2804 in
1689 2750 1836 2805 inlir-

225 2853 420 2906 mitate
451 2849 749 2919 conjugum
790 2845 1114 2916 agnoscitur,
1143 2853 1199 2900 et
1244 2844 1545 2898 interventu
1576 2843 1697 2897 boui
1729 2857 1833 2896 nu-

228 2943 416 3011 ptialis
466 2941 769 3011 ignoscitur
792 2980 809 3005 ,
839 2936 1266 3007 aitApostolus,
1304 2935 1595 2990 Secundum
1641 2935 1835 2988 veniant

228 3033 367 3097 dico,
395 3047 501 3084 non
527 3030 809 3085 secundum
838 3026 1124 3096 imperium.
1149 3025 1278 3081 Item
1305 3040 1426 3080 cum
1453 3024 1613 3092 dicit,
1648 3023 1836 3079 Mulier

231 3123 448 3193 alligata
487 3132 565 3176 est
591 3121 612 3150 ⁸
633 3162 648 3186 ,
678 3119 920 3186 quamdiu
948 3119 1023 3171 vir
1058 3117 1311 3189 ejussivit
1334 3115 1519 3186 {quod
1547 3116 1588 3169 si
1612 3126 1836 3170 mortuus

235 3214 391 3283 fuerit
421 3213 496 3264 uir
524 3212 638 3282 ejus
659 3252 674 3274 ,
707 3209 914 3264 liberata
941 3217 1014 3263 est
1035 3223 1054 3262 :
1084 3208 1164 3262 cui
1191 3207 1296 3260 vult
1343 3206 1497 3260 nubat
1520 3249 1535 3273 ,
1563 3216 1757 3260 tantum
1781 3207 1836 3262 in

239 3304 459 3358 Domino
484 3322 503 3356 :
527 3303 720 3357 beatior
757 3310 923 3355 autem
962 3301 1090 3366 erit,
1140 3299 1185 3354 si
1227 3298 1300 3354 sic
1349 3298 1710 3368 permanserit,
1757 3314 1837 3352 se-

240 3397 462 3448 cundum
489 3409 658 3447 meum
678 3392 941 3446 consilium
963 3407 983 3457 ;
1011 3391 1140 3445 satis
1160 3389 1394 3445 ostendit
1412 3388 1619 3444 beatam
1639 3403 1758 3444 esse
1783 3389 1836 3444 in

242 3483 471 3539 Domino
510 3485 670 3539 etiam
711 3490 835 3552 post
857 3489 1082 3537 mortem
1109 3480 1206 3535 viri
1235 3481 1425 3535 iterum
1463 3480 1750 3535 nubentem
1778 3479 1838 3533 li-

252 3575 560 3642 delem,sed
584 3578 636 3631 in
663 3575 854 3631 eodem
883 3575 1109 3629 Domino
1132 3573 1344 3628 viduam
1375 3571 1668 3628 beatiorem
1692 3591 1703 3625 :
1735 3572 1836 3627 hoc

251 3675 362 3731 est,
394 3676 453 3720 ut
471 3665 858 3736 Scripturarum
886 3681 990 3720 non
1019 3674 1227 3719 tantum
1251 3663 1445 3728 verbis,
1465 3678 1649 3718 verum
1675 3663 1834 3718 etiam

250 3756 506 3828 exemplis
530 3756 969 3828 loquar,_beatam
998 3771 1117 3811 esse
1142 3754 1285 3809 Ruth
1310 3794 1326 3821 ,
1356 3754 1451 3810 sed
1472 3754 1682 3810 Annam
1713 3755 1838 3810 bea-

251 3849 456 3905 liorem.

319 3941 370 3994 6.
400 3941 738 4012 Quapropter
757 3939 1106 4009 hoeprimum
1128 3947 1337 4009 oportet
1359 3946 1415 3993 ut
1435 3937 1666 4004 noveris,
1687 3938 1830 3992 bono

257 4033 392 4101 Quod
423 4035 623 4106 elegisti
662 4050 768 4088 non
795 4033 1036 4088 damnari
1075 4032 1335 4087 secundas
1362 4032 1596 4102 nuptias,
1628 4031 1720 4085 sed
1751 4032 1833 4084 in-

262 4123 422 4179 ferius
440 4125 708 4181 honorari.
737 4125 869 4179 Nam
893 4125 1030 4179 sicut
1056 4124 1252 4180 bonum
1273 4133 1470 4179 sanctae
1495 4124 1832 4194 virginitatis,

257 4215 393 4282 quod
420 4216 575 4287 elegit
601 4217 712 4272 ﬁlia
744 4226 853 4282 tua,
885 4231 992 4271 non
1019 4216 1236 4270 damnat
1271 4231 1403 4271 unas
1433 4216 1644 4285 nuptias
1686 4224 1832 4279 tuas;

257 4306 334 4359 sic
362 4322 459 4361 nec
482 4307 707 4363 viduitas
733 4316 844 4374 tua,
876 4307 1183 4377 cujusquam
1215 4305 1498 4362 secundas.
1529 4305 1667 4362 llinc
1691 4306 1835 4361 enim

259 4400 489 4453 maxime
518 4397 974 4470 Cataphrygarum
1025 4413 1088 4453 ac
1138 4397 1548 4453 Novatianorum
1605 4397 1835 4453 haereses

260 4496 578 4558 tumuerunt,
619 4507 756 4560 quas
779 4490 958 4544 buccis
988 4489 1320 4553 sonantibus,
1345 4505 1452 4543 non
1483 4488 1833 4558 sapientibus,

263 4578 417 4633 etiam
460 4580 813 4635 Tertullianus
865 4578 1104 4645 inﬂavit,
1140 4579 1265 4632 dum
1315 4577 1581 4633 secundas
1623 4579 1835 4648 nuptias

267 4676 503 4739 tanquam
532 4672 741 4727 illicitas
783 4670 1044 4726 maledico
1070 4671 1228 4725 dente
1255 4669 1510 4736 concidit,
1561 4683 1694 4738 quas
1721 4685 1838 4723 om-

273 4760 390 4815 nino
423 4763 585 4818 licitas
611 4762 899 4832 Apostolus
928 4762 1104 4816 sohria
1135 4769 1313 4816 mente
1338 4759 1602 4815 concedit.
1636 4759 1718 4814 Ab
1740 4759 1839 4815 hac

271 4851 484 4909 sanitate
525 4852 808 4918 doctrinm,
847 4853 1039 4908 nullius
1061 4852 1296 4916 indocti,
1333 4851 1526 4906 nullius
1555 4850 1696 4906 docti
1725 4851 1837 4905 dis-

270 4946 527 5010 putatione
577 4946 879 5011 movearis;
911 4960 1009 5002 nec
1054 4946 1122 4999 ita
1150 4943 1376 5000 extollas
1422 4943 1617 4998 bonum
1668 4951 1838 5009 tuum,

270 5045 319 5085 ut
349 5037 486 5105 quod
514 5038 712 5092 malum
744 5052 849 5091 non
899 5043 1003 5101 est,
1035 5045 1288 5104 tanquam
1317 5033 1515 5088 malum
1533 5032 1842 5089 .crimineris

266 5127 486 5185 alienum
519 5149 534 5184 :
563 5132 659 5187 sed
691 5129 1030 5206 tanto‘magis
1055 5128 1227 5199 gaude
1253 5127 1320 5183 de
1349 5136 1439 5181 tuo
1465 5125 1626 5194 bono,
1645 5134 1843 5196 quanto

259 5303 513 5409 Is(“l-Zditi,
560 5302 685 5352 alter
730 5299 930 5351 alterius
972 5273 1081 5351 sunt
1126 5297 1356 5348 membra.
1401 5297 1579 5355 Abest,
1607 5302 1768 5355 ~sunt,
1816 5308 1842 5343 a

267 5399 420 5531 ritu
451 5427 593 5478 editis
638 5411 892 5477 omissum,
915 5429 1049 5483 erat,
1091 5420 1337 5481 homines;
1369 5419 1497 5484 quod
1531 5420 1581 5468 in
1613 5425 1718 5468 Mss.
1758 5417 1842 5466 ha-

283 5500 328 5531 }C
355 5503 428 5531 ur-

283 5495 496 5610 hillis,
514 5551 638 5601 alius
659 5549 750 5607 sic,
775 5546 900 5610 alius
924 5544 1119 5610 quidem

329 5612 350 5639 ⁵
375 5621 468 5663 son
483 5604 694 5672 additur,
721 5604 763 5661 le
805 5609 815 5618 '
840 5604 970 5659 :voit
988 5621 1055 5657 ex
1079 5605 1282 5669 Epistola
1301 5605 1359 5655 ad
1391 5612 1638 5661 aetnaeos,
1663 5615 1768 5667 cap.
1795 5604 1847 5654 7.

341 5671 388 5721 2.
413 5678 586 5721 uetita:
624 5686 736 5721 (tum
765 5623 866 5721 foe
895 5671 1002 5721 loco
1036 5682 1164 5718 nunc
1203 5669 1252 5716 in
1292 5667 1490 5721 Vulgata
1523 5665 1728 5721 legitur,
1758 5671 1843 5713 sed

270 5670 316 5738 7;
341 5671 388 5730 2,
413 5678 586 5736 petita;
619 5665 736 5738 quae
766 5665 866 5722 hoc
895 5671 1002 5738 loco
1036 5665 1164 5738 nunc
1203 5667 1490 5738 in__\’ulgata
1516 5665 1733 5738 legitur,
1758 5671 1843 5734 seu

271 5730 424 5844 ἶὺεδί
459 5752 485 5788 a
534 5730 693 5788 Bibli'is
742 5736 936 5798 scriptis
983 5730 1356 5782 corbeieusibus
1407 5736 1459 5780 et
1505 5730 1842 5780 Gcrmaueusi-

298 5810 376 5846 us.

3408 355 3514 410 ιδι

1938 450 2103 519 magis
2130 452 2277 507 vides
2309 470 2415 508 non
2443 462 2653 511 tantum
2679 458 2767 512 illo
2797 458 3019 514 devitari
3049 461 3208 526 mala,
3239 463 3332 518 sed
3367 482 3512 534 qutu-

1932 538 2052 594 dam
2083 541 2217 596 bona
2245 545 2404 598 etiam
2433 550 2693 617 superari.
2722 549 2852 602 Mala
2877 560 2999 605 sunt
3024 554 3165 608 enim
3189 555 3509 612 adulterium

1932 633 2012 687 vel
2045 634 2342 690 loruicatio.
3492 628 3495 630 ’

2002 726 2226 781 CAPU'I‘
2267 727 2329 780 V.
2361 759 2436 770 —
2468 729 2748 785 Honestum
2779 734 2878 787 dici
2905 736 3162 794 viduitatis
3189 740 3370 795 bonum
3393 745 3514 812 quia

1934 815 2209 884 honestius,
2243 835 2342 873 non
2372 833 2426 874 ut
2455 831 2598 891 turpe
2623 832 2824 893 putetur
2849 828 3162 897 conjugium.
3196 831 3276 885 Ab
3304 832 3387 887 his
3422 849 3518 887 au—

1933 916 2040 962 tem
2073 907 2265 964 illicitis
2302 911 2454 966 valde
2483 911 2640 982 longe
2666 925 2748 968 est
2772 931 2890 986 qua:
2919 919 3025 971 voti
3058 918 3303 976 libertate
3333 937 3395 977 se
3412 924 3511 977 oh-

1933 997 2180 1065 strinxit,
2213 1010 2265 1054 et
2291 1002 2389 1056 sibi
2416 1003 2575 1058 etiam
2600 1004 2744 1060 licita
2775 1024 2841 1061 ne
2868 1007 3107 1073 licerent,
3141 1025 3246 1064 non
3293 1012 3516 1081 imperio

1933 1087 2084 1157 legis,
2114 1090 2209 1145 sed
2235 1093 2459 1148 consilio
2485 1094 2758 1151 charitatis
2783 1096 2978 1153 ellecit.
3010 1099 3074 1153 Et
3103 1099 3301 1154 bonum
3327 1112 3518 1172 estpu-

1933 1177 2111 1233 dieitia
2138 1180 2450 1252 conjugalis,
2490 1185 2582 1239 scd
2615 1186 2802 1241 melius
2832 1179 3036 1242 bonum
3067 1199 3150 1245 est
3181 1192 3510 1248 continentia

1934 1272 2177 1327 vidualis.
2211 1273 2324 1328 Hoc
2350 1290 2479 1345 ergo
2503 1277 2693 1334 melius
2715 1279 2856 1334 illius
2885 1281 3008 1336 boni
3034 1282 3390 1340 submissione
3419 1285 3518 1338 ho-

1934 1375 2152 1420 noratur
2184 1385 2197 1420 :
2228 1383 2333 1423 non
2361 1369 2488 1424 illud
2519 1369 2715 1427 bonum
2760 1363 2994 1430 melioris
3029 1374 3188 1446 hujus
3225 1376 3381 1433 laude
3417 1378 3516 1433 da-

1935 1467 2166 1514 nauatur.

2007 1553 2058 1604 7.
2098 1553 2248 1620 Quod
2280 1564 2454 1609 autem
2500 1557 2803 1626 Apostolus,
2834 1575 2955 1615 cum
2985 1561 3229 1616 caelibum
3273 1571 3327 1618 et
3355 1563 3512 1617 innu~

1937 1653 2143 1714 ptarum
2196 1649 2598 1704 commendaret
2647 1650 2899 1715 fructum,
2949 1653 3070 1722 quia
3117 1655 3354 1724 cogitant
3398 1671 3516 1723 quin

1937 1748 2064 1791 sunt
2093 1738 2323 1807 Domini,
2349 1741 2616 1809 quomodo
2649 1744 2892 1812 placeant
2914 1745 3043 1811 Deo,
3075 1746 3302 1815 subjecit
3339 1756 3392 1800 et
3420 1748 3513 1810 ait,

1938 1825 2050 1880 Iloc
2075 1836 2240 1882 autem
2266 1830 2334 1883 ad
2361 1832 2630 1886 utilitatem
2656 1845 2871 1888 vestram
2897 1836 3030 1901 dico,
3065 1853 3164 1889 non
3193 1846 3245 1889 ut
3279 1838 3515 1906 laqueum

1935 1921 2072 1973 vobis
2115 1921 2362 1990 injiciam,
2415 1921 2466 1997 id
2496 1932 2598 1991 est,
2625 1940 2732 1980 non
2759 1934 2819 1980 ut
2856 1941 2951 1981 vos
3000 1942 3216 1998 cogam;
3254 1928 3342 1982 sed
3365 1928 3433 1981 ad
3463 1928 3516 1980 id

1933 2013 2068 2082 quod
2096 2013 2358 2068 honestum
2383 2025 2455 2068 est
2485 2031 2503 2069 :
2536 2031 2642 2070 non
2671 2020 2793 2087 quia
2824 2019 3164 2088 innuptarum
3193 2021 3390 2074 bonum
3422 2019 3522 2074 ho-

1935 2113 2146 2158 nestum
2171 2104 2325 2171 dixit,
2366 2105 2486 2160 ideo
2518 2115 2701 2176 putare
2729 2109 2986 2164 debemus
3014 2121 3166 2181 turpe
3195 2126 3315 2167 esse
3337 2112 3519 2166 vincu-

1937 2192 2045 2248 lum
2076 2194 2387 2264 conjugale;
2419 2196 2655 2266 alioquin
2685 2199 2844 2252 etiam
2901 2200 3099 2269 primas
3139 2201 3348 2270 nuptias
3386 2216 3516 2256 cou-

1934 2283 2326 2352 demnabimus,
2369 2303 2499 2358 quas
2529 2304 2627 2343 nec
2656 2290 3040 2362 Cataphryges,
3074 2308 3172 2348 nec
3217 2293 3516 2360 Novatiaui,

1936 2395 2037 2434 nec
2093 2379 2481 2437 disertissimus
2536 2397 2724 2437 eorum
2782 2384 3098 2454 astipulator
3164 2385 3524 2441 Tcrtullianus

1939 2480 2120 2542 turpes
2149 2488 2310 2529 ausus
2335 2483 2422 2529 est
2443 2474 2645 2531 dicere.
2669 2475 2775 2531 Sed
2803 2476 3247 2545 quemadmodum
3279 2494 3399 2532 cum
3423 2480 3519 2543 ait,

1939 2565 2076 2620 Dico
2091 2578 2258 2620 autem
2301 2569 2529 2639 innuptis
2556 2579 2605 2624 et
2646 2569 2828 2634 viduis,
2859 2570 3045 2624 bonum
3075 2587 3180 2626 esse
3224 2573 3326 2626 illis
3378 2573 3422 2626 si
3450 2573 3524 2625 sic

1940 2661 2332 2726 permanserint;
2366 2660 2544 2730 utique
2570 2660 2768 2715 bonum
2798 2662 2970 2730 posuit
2992 2677 3088 2732 pro
3118 2663 3357 2727 meliore,
3385 2679 3522 2733 quin.-

1939 2751 2082 2805 uiam
2115 2766 2273 2806 omne
2300 2751 2441 2822 quod
2473 2751 2614 2807 bono
2657 2762 3022 2823 comparatum
3063 2754 3252 2809 melius
3298 2753 3514 2819 dicitur,

1938 2843 2098 2897 etiam
2146 2843 2248 2898 hoc
2292 2844 2475 2913 procul
2520 2843 2683 2900 dubio
2709 2844 3019 2900 bonum-cst
3065 2863 3078 2900 :
3123 2861 3245 2899 nam
3275 2845 3399 2914 quid
3443 2855 3526 2901 est

1938 2936 2079 2991 aliud
2105 2936 2246 3006 quod
2274 2937 2344 2990 ita
2370 2937 2571 2992 dicitur
2595 2938 2806 3004 melius,
2836 2938 2935 2993 nisi
2957 2937 3296 3009 quodatuagis
3326 2938 3523 2994 bonum

1939 3028 2060 3084 est?
2087 3043 2186 3083 nec
2209 3027 2329 3083 ideo
2353 3039 2742 3099 consequenter
2761 3045 2882 3084 cum
2913 3030 3146 3085 sensisse
3170 3031 3516 3096 arbitramur,

1942 3119 2138 3174 malum
2166 3134 2288 3175 esse
2325 3119 2372 3173 si
2410 3121 2707 3189 nupscrint,
2731 3121 2983 3190 quoniam
3011 3121 3164 3187 dixit,
3208 3121 3394 3175 bonum
3421 3139 3528 3176 esse

1939 3210 2042 3265 illis
2066 3211 2110 3264 si
2130 3213 2202 3265 sic
2233 3212 2599 3282 permanserint
2630 3227 2648 3265 .°
2688 3211 2759 3266 ita
2786 3213 2946 3267 etiam
2970 3227 3091 3268 cum
3121 3214 3214 3278 ait,
3251 3213 3339 3266 sed
3377 3212 3446 3265 ad
3471 3213 3526 3266 id

1940 3302 2077 3373 quod
2122 3303 2383 3357 honesturn
2432 3312 2504 3357 est
2518 3318 2538 3367 ;
2584 3317 2691 3357 non
2749 3302 3148 3357 matrimonium
3201 3310 3354 3371 turpe
3402 3315 3523 3356 esse

1942 3395 2278 3461 monstravit,
2307 3393 2402 3450 sed
2428 3393 2569 3464 quod
2599 3393 2825 3448 honesto
2847 3403 2962 3448 erat
2992 3392 3268 3448 honestius
3295 3406 3523 3462 genera—

1941 3488 2007 3543 lis
2060 3487 2270 3542 honesti
2320 3487 2538 3542 nomine
2592 3485 3004 3542 commendavit.
3062 3485 3197 3553 Quia
3247 3484 3524 3539 honestius

1940 3578 2065 3648 quid
2097 3586 2204 3644 est,
2229 3576 2330 3633 nisi
2352 3577 2494 3648 quod
2515 3578 2682 3648 magis
2708 3577 2989 3632 honestum
3016 3577 3134 3631 est?
3158 3574 3320 3646 Magis
3343 3583 3525 3628 autem

1941 3670 2225 3726 honestqu
2279 3669 2461 3739 utique
2500 3668 2784 3724 honestqu
2824 3677 2926 3723 est.
2968 3668 3165 3736 Aperte
3205 3667 3398 3736 quippe
3425 3663 3524 3718 de-

1939 3762 2158 3818 claravit
2209 3763 2312 3818 hoc
2356 3776 2478 3818 esse
2522 3761 2663 3816 bono
2691 3761 2781 3815 illo
2810 3759 3022 3827 melius,
3055 3759 3145 3814 ubi
3170 3760 3261 3824 ait,
3299 3758 3399 3824 Qui
3435 3756 3526 3810 dat

1940 3864 2189 3920 nuptum,
2235 3853 2356 3907 bene
2401 3853 2558 3925 facit;
2597 3863 2646 3908 et
2676 3853 2764 3923 qui
2813 3869 2913 3906 non
2959 3851 3046 3904 dat
3080 3860 3311 3918 nuptum,
3345 3847 3525 3902 melius

1941 3944 2063 4014 facit
2090 3960 2109 3998 :
2143 3953 2198 3999 et
2227 3943 2330 3998 hoc
2373 3943 2465 3997 illo
2489 3943 2648 3998 beato
2674 3943 2902 4007 beatius,
2945 3941 3033 3997 ubi
3074 3940 3168 4006 ait,
3201 3939 3406 3993 Beatior
3432 3953 3526 3991 au-

1941 4045 2038 4088 tem
2067 4037 2188 4102 erit,
2215 4036 2260 4090 si
2307 4035 2380 4090 sic
2416 4035 2749 4106 permanserit
2779 4035 2821 4107 (Ι
2867 4033 2985 4090 Cor.
3027 4049 3118 4098 vn,
3148 4033 3268 4098 5-8,
3310 4030 3525 4100 55-40).

1939 4126 2088 4184 Sicut
2112 4143 2240 4197 ergo
2269 4127 2410 4182 bono
2442 4127 2640 4181 melius
2675 4136 2729 4180 et
2753 4127 2910 4182 beato
2936 4125 3156 4188 beatius,
3191 4124 3268 4178 sic
3299 4123 3527 4177 honesto

1941 4219 2219 4275 honestius
2243 4226 2346 4285 est,
2375 4218 2518 4288 quod
2546 4218 2830 4272 honestum
2863 4216 3026 4270 voluit
3046 4215 3343 4284 appellare.
3372 4211 3530 4267 Absit

1941 4310 2086 4366 enim
2117 4317 2183 4363 ut
2202 4316 2354 4377 turpe
2393 4308 2464 4362 sit
2488 4306 2628 4362 unde
2655 4307 2878 4375 loquens
2902 4304 3176 4375 apostolus
3196 4302 3385 4358 Petrus
3410 4301 3484 4354 ait
3509 4317 3525 4353 :

1954 4402 2084 4470 Viri,
2104 4401 2344 4457 uxoribus
2370 4400 2544 4454 vestris
2566 4408 2804 4468 tanquam
2829 4397 2935 4450 vasi
2949 4395 3224 4466 inﬁrmiori
3241 4403 3286 4448 et
3305 4392 3530 4464 subjecto

1943 4493 2145 4550 tribuite
2169 4492 2431 4556 honorem,
2455 4489 2602 4561 quasi
2626 4486 2969 4543 coltwredibus
2994 4486 3191 4558 gratim.
3221 4486 3288 4541 Et
3309 4484 3430 4538 illas
3448 4483 3501 4536 al

1941 4586 2186 4656 loquens,
2228 4581 2466 4638 subditas
2513 4595 2634 4637 esse
2660 4579 2791 4635 viris
2822 4579 2932 4634 suis
2957 4577 3212 4648 exemplo
3257 4576 3404 4632 Sane
3427 4573 3522 4630 ad:

1942 4677 2185 4732 hortatur
2211 4694 2223 4729 :
2255 4673 2392 4728 Nam
2418 4673 2490 4728 sic
2515 4672 2769 4744 quaedam,
2813 4670 3003 4741 inquit,
3038 4677 3228 4724 sanctae
3255 4667 3520 4734 mulieres,

1942 4785 2056 4841 qua:
2075 4770 2126 4823 in
2158 4767 2320 4822 Deum
2347 4767 2640 4837 sperabant,
2669 4764 2918 4820 ornabant
2947 4779 3019 4829 se,
3052 4761 3372 4831 obsequentes
3405 4760 3527 4815 uiris

1943 4862 2049 4916 suis
2078 4860 2368 4930 :quomodo
2397 4859 2531 4913 Sara
2554 4856 2813 4912 obediebat
2840 4853 3075 4920 Abrahae,
3104 4854 3364 4908 dominum
3377 4851 3527 4906 illum

1945 4967 2147 5014 vocans,
2189 4951 2356 5020 cujus.
2387 4953 2535 5020 facta:
2559 4949 2677 5002 estis
2706 4947 2829 5016 filia:
2855 4945 3237 5015 benefacientes,
3261 4953 3305 4998 et
3331 4959 3431 4998 non
3459 4942 3531 4995 ti-

1946 5050 2132 5095 mentes
2162 5039 2321 5093 ullam
2356 5039 2779 5109 perturbationem
2808 5035 2848 5107 (l
2882 5034 3027 5090 Petr.
3058 5050 3135 5099 ιιι,
3167 5034 3312 5104 5-7).

2018 5130 2241 5187 CAPUT
2280 5129 2368 5184 Vl.
2390 5160 2461 5168 —
2480 5128 2534 5184 8.
2563 5127 2770 5199 Nuptae
2783 5127 2934 5181 etiam
2949 5140 3157 5196 corpore
3185 5130 3386 5178 sanctas
3400 5137 3530 5188 esse,

1949 5223 2062 5277 licet
2108 5220 2272 5275 minus
2307 5234 2459 5289 quam
2487 5219 2747 5287 innuptas.
2792 5215 2993 5271 Bonum
3017 5212 3275 5269 uiduitatis
3303 5216 3405 5266 non
3432 5211 3532 5265 mi-

1950 5316 2122 5370 nuitur
2167 5312 2374 5367 laudato
2402 5311 2532 5366 bono
2559 5309 2804 5380 conjugii,
2835 5307 2923 5364 sed
2951 5314 3181 5379 augetur.
3222 5303 3302 5359 An
3340 5302 3532 5358 beatior

1951 5409 2099 5462 Anna
2126 5406 2295 5470 vidua,
2323 5419 2475 5473 quam
2506 5401 2644 5455 Ruth
2671 5400 2747 5455 bis
2770 5408 2950 5469 nupta.
2972 5396 3125 5454 Unde
3150 5403 3206 5450 et
3231 5392 3362 5449 illud
3382 5389 3530 5460 quod

1951 5500 2017 5555 de
2065 5498 2298 5568 innupta
2335 5493 2532 5549 Paulus
2581 5489 2853 5562 apostolus
2879 5487 3032 5553 dixit,
3072 5486 3140 5541 Ut
3187 5485 3252 5539 sit
3277 5490 3453 5536 sancta
3479 5487 3528 5533 et

1952 5605 2162 5661 corpore
2189 5598 2235 5643 et
2261 5586 2441 5656 spiritu
2463 5585 2506 5656 (ι
2531 5583 2649 5639 Cor.
2672 5598 2764 5648 vn,
2793 5580 2908 5650 54),
2928 5593 3033 5633 non
3057 5577 3134 5631 sic
3162 5571 3532 5661 accipiendum

1954 5659 2057 5742 est.
2094 5679 2244 5752 ψιειεί
2275 5685 2436 5747 nupta
2467 5673 2639 5730 ﬁdelis
2669 5681 2723 5728 et
2749 5677 2892 5727 casta
2915 5707 2931 5732 ,
2969 5675 3024 5723 et
3059 5659 3351 5722 secundum
3388 5661 3536 5718 Scri-

1960 5786 2142 5848 pturas
2164 5769 2370 5827 subdita
2395 5766 2526 5834 viro,
2562 5781 2668 5823 non
2705 5765 2770 5820 sit
2813 5765 2995 5817 sancta
3019 5770 3266 5831 corpore,
3292 5753 3387 5813 sed
3413 5763 3538 5814 tan-
