3930 6368
486 411 594 471 ιῖιδ

488 526 766 586 tummodo
807 523 1015 596 spiritu.
1060 515 1201 576 Fieri
1229 515 1372 573 enim
1400 529 1506 569 non
1532 519 1706 584 potest
1735 518 1794 564 ut
1831 502 2069 563 sanctiﬁ-

490 630 614 676 cato
650 617 870 691 spiritu,
919 627 1027 670 non
1079 610 1150 668 sit
1199 615 1446 665 sanctum
1498 603 1658 660 etiam
1705 613 1922 671 corpus,
1966 610 2074 668 quo

491 709 853 766 sanetiﬁcatus
878 705 1043 760 utitur
1067 701 1307 773 spiritus.
1335 696 1442 754 Sed
1481 711 1551 752 ne
1575 695 1820 765 cuiquam
1849 705 1946 748 nos
1973 704 2074 770 po-

493 801 598 856 tius
624 796 1008 870 argumentari,
1046 807 1208 866 quam
1248 790 1353 845 hoc
1391 788 1578 854 divino
1605 785 1822 858 eloquio
1849 782 2077 854 probare

496 891 799 958 videamur;
852 887 1104 960 quoniam
1147 884 1339 942 Petrus
1385 880 1575 937 Saram
1622 888 2073 938 commemorans,

494 983 719 1048 Sanctae,
772 980 963 1052 inquit,
1009 977 1249 1034 mulieres
1292 971 1702 1045 tantummodo;
1746 983 1853 1024 non
1906 967 1999 1035 ait,
2031 974 2080 1021 et

495 1087 707 1145 corpore
731 1088 752 1127 :
774 1071 904 1130 illud
929 1067 1168 1141 ejusdem
1206 1065 1352 1128 Pauli
1379 1061 1799 1124 consideremus,
1831 1057 1920 1113 ubi
1949 1070 2080 1145 pro-

497 1143 689 1221 hibens
717 1161 1099 1229 fornicationes
1143 1159 1238 1222 ait,
1272 1155 1497 1221 Nescitis
1525 1153 1643 1227 quia
1670 1165 1892 1221 corpora
1919 1143 2083 1222 vestra

497 1255 721 1312 membra
774 1263 890 1308 sunt
918 1249 1150 1310 Christi?
1183 1249 1392 1305 Tollens
1440 1263 1560 1319 ergo
1607 1232 1830 1301 membra
1873 1241 2082 1308 Christi,

501 1347 688 1420 faciam
717 1346 937 1403 membra
962 1344 1273 1402 meretricis?
1295 1341 1459 1410 Absit.
1500 1338 1708 1394 Audeat
1737 1351 1864 1406 ergo
1893 1330 2103 1404 aliquis

501 1438 680 1494 dicere
725 1435 966 1492 membra
1014 1433 1210 1490 Christi
1242 1442 1422 1487 sancta
1471 1446 1576 1484 non
1620 1442 1741 1483 esse
1791 1435 1928 1481 :aut
1956 1437 2084 1479 vero

501 1528 694 1585 audeat
716 1543 750 1586 a
771 1528 1028 1584 membris
1053 1525 1247 1582 Christi
1274 1524 1508 1579 ﬁdelium
1537 1521 1942 1591 eonjugatarum
1966 1533 2087 1572 eor-

502 1635 633 1691 pora
663 1635 935 1692 separare.
981 1618 1133 1697 Unde
1162 1619 1328 1696 etiam
1377 1615 1536 1696 paulo
1583 1623 1706 1696 post
1744 1613 1818 1668 ait
1850 1629 1864 1667 :
1893 1609 2089 1697 Corpus

502 1690 995 1785 oestrumitemplunt
1097 1709 1233 1768 vobis
1253 1690 1328 1763 est
1355 1690 1795 1778 Spiri'tus‘sancti,
1818 1719 1962 1772 quem
1993 1695 2089 1755 Ita-

506 1804 631 1860 betis
656 1821 690 1859 a
721 1802 829 1859 Deo
864 1818 885 1858 :
907 1812 954 1858 et
983 1819 1085 1857 non
1113 1804 1230 1856 estis
1252 1799 1611 1869 vestri;empti
1628 1799 1760 1853 enim
1787 1796 1904 1852 estis
1934 1797 2092 1868 pretio

506 1914 693 1970 magno
719 1896 761 1970 (l
789 1895 910 1964 Cor.
957 1911 1032 1960 vn,
1077 1896 1167 1959 t5,
1215 1895 1283 1971 19
1301 1903 1347 1947 et
1369 1892 1486 1962 20).
1530 1891 1738 1961 Corpus
1776 1889 2009 1945 ﬁdelium
2040 1897 2095 1946 et

509 1991 748 2060 membra
775 1988 972 2055 Christi
1004 2004 1123 2056 esse
1151 1987 1304 2053 dixit,
1332 1994 1388 2041 ct
1415 1984 1670 2057 templum
1709 1982 1939 2060 Spiritus
1964 1996 2091 2037 san-

509 2057 604 2148 cti,
633 2080 719 2146 ubi
751 2079 990 2150 profecto
1014 2078 1288 2148 utriusque
1306 2067 1474 2131 sexus
1497 2073 1680 2129 ﬁdeles
1705 2057 2092 2150 intelliguntur.

511 2173 588 2228 lbi
617 2149 907 2242 ergoisunt
943 2179 1146 2246 nuptm,
1191 2169 1262 2246 ibi
1305 2176 1361 2223 et
1403 2167 1672 2237 innuptae;
1711 2165 1805 2224 sed
1834 2149 2098 2221 distincta:

511 2264 736 2329 meritis,
765 2273 821 2319 et.
853 2243 1103 2334 tanquam
1145 2243 1402 2329 membris
1427 2259 1667 2316 membra
1696 2259 1934 2335 prtelata,
1966 2273 2100 2326 quo-

513 2372 634 2412 rum
652 2366 828 2412 tamen
851 2365 1035 2411 neutra
1051 2355 1158 2409 sint
1178 2369 1208 2407 a
1228 2367 1453 2423 corpore
1481 2359 1748 2426 separata.
1770 2349 1922 2417 Quod
1947 2349 2103 2420 igitur

516 2447 844 2520 deinnupta
873 2445 1100 2522 loquens
1139 2445 1234 2510 ait,
1279 2441 1346 2505 Ut
1387 2443 1456 2500 sit
1495 2451 1675 2513 saneta
1721 2449 1768 2514 et
1803 2433 2012 2512 torpore
2055 2448 2106 2513 et

518 2539 735 2608 spiritu;
766 2526 1081 2607 ampliorem
1109 2536 1450 2605 innuptarum
1489 2541 1546 2588 et
1587 2533 1642 2587 in
1685 2546 1913 2602 corpore
1957 2538 2012 2586 et
2047 2529 2102 2608 in

519 2629 711 2699 spiritu
739 2626 1213 2684 sanetiﬁcationem
1258 2624 1483 2695 intelligi
1530 2623 1720 2690 voluit,
1771 2637 1876 2678 non
1907 2635 2104 2694 corpus

521 2731 805 2792 nuptarum
833 2721 980 2797 omni
1008 2719 1433 2800 sanctiﬁcatione
1468 2719 1714 2791 privavit.

595 2813 651 2869 9.
695 2812 850 2869 Disce
875 2813 1054 2883 itaque
1081 2811 1280 2869 bonum
1303 2820 1473 2879 tuum,
1511 2811 1620 2880 imo
1649 2818 1920 2888 memento
1958 2808 2101 2886 quod

524 2903 783 2986 didicisti,
831 2905 1030 2983 bonum
1083 2912 1229 2978 tuum
1258 2904 1378 2975 plus
1422 2904 1648 2975 laudari,
1680 2903 1802 2974 quia
1845 2912 1930 2974 est
1966 2901 2113 2975 aliud.

525 2996 726 3053 bonum
755 3012 862 3070 quo
890 2995 1084 3077 sithoc
1106 2995 1316 3073 melius,
1344 3010 1503 3069 quam
1535 2994 1587 3074 si
1609 2995 1766 3070 aliter
1791 2993 1897 3060 hoe
1915 2993 2113 3055 bonum

528 3103 653 3155 esse
681 3080 795 3143 non'
828 3072 1028 3157 posset,
1055 3085 1157 3166 nisi
1195 3071 1326 3143 illud
1352 3086 1551 3152 malum
1571 3071 1734 3153 esset,
1765 3095 1856 3140 aut
1891 3085 2113 3140 omnino

529 3194 640 3250 non
667 3185 831 3245 esset.
869 3178 1078 3234 Habent
1116 3178 1258 3234 oculi
1296 3177 1349 3232 in
1392 3191 1620 3246 corpore
1649 3191 1900 3246 magnum
1944 3175 2115 3230 hono-

530 3285 668 3344 rem,
712 3268 810 3347 sed
836 3269 1100 3347 minorem
1129 3269 1409 3335 baberent,
1453 3267 1500 3323 si
1541 3267 1645 3323 soli
1693 3275 1875 3322 essent
1914 3275 1968 3322 et
2010 3265 2114 3322 alia

532 3359 758 3429 minoris
800 3345 1023 3438 hortaris
1053 3359 1294 3435 membra
1321 3373 1430 3435 non
1466 3367 1668 3426 essent.
1705 3357 1762 3424 In
1812 3357 1951 3420 ctelo
1997 3358 2116 3427 ipso

531 3467 629 3514 sua
656 3453 776 3522 luce
800 3451 886 3508 sol
915 3453 1094 3508 lunam
1125 3461 1364 3523 superat,
1385 3467 1493 3508 non
1525 3453 1793 3521 vituperat
1825 3469 1840 3507 :
1877 3461 1932 3505 et
1962 3449 2116 3504 stella

529 3543 604 3599 ab
621 3543 772 3600 stella
801 3542 981 3600 diﬁ’ert
1005 3543 1058 3598 iu
1086 3544 1254 3615 gloria
1285 3541 1396 3614 (Id.
1427 3558 1517 3608 xv,
1541 3541 1654 3614 ﬂ),
1682 3558 1789 3597 non
1819 3541 2042 3597 dissidet
2060 3541 2116 3596 in

534 3636 811 3714 superbia.
841 3636 966 3704 Ideo
993 3638 1112 3708 fecit
1153 3636 1285 3711 Deus
1313 3637 1504 3703 omnia,
1543 3645 1590 3692 et
1615 3653 1730 3693 ecce
1759 3638 1889 3710 bona
1929 3637 2118 3698 ualde:

535 3735 876 3803 nontantum
899 3728 1058 3792 bona,
1077 3729 1174 3806 sed
1193 3729 1354 3807 etiam
1378 3728 1568 3807 valde;
1600 3743 1707 3798 non
1733 3728 1802 3782 ob
1829 3727 1997 3806 aliud,
2019 3729 2120 3784 nisi

535 3801 662 3891 (illia
687 3827 887 3900 omnia.
917 3817 1050 3901 Nam
1071 3801 1126 3875 et
1154 3835 1250 3898 per
1263 3801 1472 3901 singula
1499 3835 1666 3891 Opera
1687 3801 1984 3886 dicebatur,
2021 3819 2122 3874 Vi-

537 3909 612 3966 dit
649 3894 791 3976 Deus
814 3893 935 3985 quia
955 3893 1137 3965 bonum
1166 3893 1258 3966 est.
1293 3893 1396 3968 Ubi
1425 3919 1603 3965 autem
1631 3911 1802 3977 ontnia
1841 3911 2122 3966 nominata

536 4010 684 4065 sunt,
725 4000 963 4079 additum
998 4009 1082 4056 est
1125 4001 1309 4068 valde,-
1336 4009 1392 4056 et
1413 4001 1610 4056 dictum
1654 4010 1757 4068 est,
1798 3999 1938 4055 Vidit
1980 3999 2124 4066 Deus

540 4096 712 4170 omnia
739 4111 856 4171 qua!
881 4095 1018 4171 fecit,
1049 4104 1095 4150 et
1129 4112 1238 4173 ecce
1273 4097 1404 4161 bona
1446 4097 1595 4151 valde
1617 4095 1772 4168 (Gen.
1801 4093 1866 4169 ιλ.
1903 4094 2128 4170 Meliora

540 4187 684 4255 enim
710 4187 958 4259 quaedam
974 4186 1177 4263 singula
1199 4202 1358 4258 quam
1378 4186 1482 4256 alia
1503 4186 1712 4257 singula
1736 4203 1759 4248 ς,
1781 4185 1877 4242 sed
1899 4186 2127 4258 meliora

536 4277 702 4349 simul
724 4277 902 4360 omnia
941 4269 1098 4350 quam
1142 4279 1396 4350 quaelibet
1435 4266 1662 4354 singula.
1705 4277 1910 4355 Christi
1947 4278 2126 4349 itaque

539 4373 782 4453 doctrina
827 4386 964 4440 sana,
1003 4372 1056 4427 in
1091 4372 1212 4452 ejus
1246 4386 1475 4448 corpore
1519 4386 1705 4427 sanam
1753 4381 1806 4428 te
1844 4371 2004 4427 faciat
2031 4385 2128 4441 per

540 4461 661 4534 eius
685 4465 936 4549 gratiam,
953 4473 1013 4538 ut
1035 4464 1092 4524 id
1103 4463 1248 4536 quod
1271 4463 1392 4539 aliis
1419 4462 1610 4519 melius
1634 4463 1802 4520 habes
1826 4463 1880 4518 in
1901 4477 2136 4535 corpore

541 4563 599 4624 et
623 4546 832 4626 spiritu,
876 4546 1017 4612 idem
1060 4557 1182 4634 ipse,
1221 4557 1445 4632 spiritus
1482 4563 1606 4622 tuus
1643 4557 1732 4627 qui
1775 4557 1988 4627 corpori
2032 4557 2129 4612 do-

541 4647 795 4725 minatur,
833 4640 934 4727 nec
979 4636 1203 4726 extollat
1243 4649 1556 4730 insolenter,
1587 4663 1687 4730 nec
1725 4647 1994 4704 discernat
2036 4649 2125 4723 inr-

542 4735 796 4796 scienter.
1946 4748 1948 4750 τ

614 4825 706 4882 10.
744 4825 855 4905 Nec
879 4827 1004 4898 quia
1023 4826 1134 4898 dixi
1153 4827 1295 4895 Ruth
1317 4827 1552 4895 beatam,
1575 4827 1786 4906 Annam
1807 4829 2126 4901 beatiorem,

542 4932 667 4974 cum
699 4919 784 5004 illa
815 4919 898 4979 bis
934 4920 1193 4991 nupserit,
1230 4921 1346 4979 hac
1384 4934 1492 4974 uno
1519 4920 1636 4978 viro
1661 4921 1777 4993 cito.
1799 4921 2013 4978 viduata
2038 4917 2130 4986 diu

543 5007 760 5076 vixerit,
787 5008 1043 5083 continuo
1065 5007 1226 5070 etiam
1249 5017 1303 5065 te
1340 5008 1616 5077 meliorem
1638 5018 1792 5083 putes
1818 5025 1939 5076 esse
1965 5027 2134 5090 quam

545 5101 712 5160 Rulli.

615 5193 844 5275 CAPﬂI‘
883 5193 995 5280 Ἧι.
1036 5224 1109 5237 --
1127 5194 1337 5252 Sancta
1362 5196 1567 5266 femina
1601 5205 1824 5268 tempore
1849 5197 2002 5271 Legit
2026 5217 2128 5270 non

543 5285 953 5370 concupiscentia
981 5325 998 5354 ,
1040 5286 1129 5342 sed
1164 5285 1448 5361 obedientia
1493 5289 1820 5362 rmttpellente
1853 5289 2127 5368 nubebant.

545 5376 666 5451 Alia
687 5363 885 5448 quippe
909 5378 1238 5456 propheticis
1262 5381 1595 5450 temporibus
1625 5363 1950 5452 sanctarum
1977 5374 2136 5440 femi--

765 5467 1091 5543 dispensatio
1119 5469 1236 5539 l'uit,
1267 5485 1402 5542 quas
1429 5471 1632 5540 nubere
1651 5473 1985 5543 ‘obedientia,
2017 5491 2126 5546 non

544 5560 977 5634 concupiscentia
999 5561 1377 5633 compellebat,
1402 5573 1462 5619 ut
1484 5574 1870 5642 propagaretur
1899 5569 2128 5638 populus

547 5650 664 5718 Dei,
695 5652 750 5707 in
779 5665 887 5723 quo
911 5653 1364 5738 pmitterentur
1407 5655 1687 5726 Prophetas
1715 5657 1918 5714 Christi
1962 5677 1976 5713 :
2005 5674 2127 5716 cum

547 5749 606 5798 et
625 5744 746 5813 ipse
773 5745 1003 5816 populus
1029 5761 1127 5818 per
1148 5762 1209 5804 ea
1238 5763 1358 5820 quae
1384 5748 1437 5804 in
1465 5742 1632 5822 ﬁgura
1660 5751 2042 5823 contingebant
2069 5756 2123 5810 in

549 5832 654 5896 illis
674 5832 720 5904 (ι
737 5832 858 5893 Cor.
897 5852 956 5904 x,
993 5837 1107 5908 Il),
1139 5838 1257 5908 sive
1279 5839 1332 5896 in
1371 5839 1437 5897 iis
1458 5840 1549 5912 qui
1577 5841 1798 5910 scirent,
1821 5842 1939 5902 sive
1973 5844 2031 5909 in
2062 5845 2126 5902 iis

1711 394 1768 450 s.
1809 382 2173 456 AUGUSTINI
2215 383 2515 456 EPISCOPl

3615 387 3696 456 458

2180 499 2270 569 qui
2305 499 2407 559 illa,
2433 497 2720 564 nescirent,
2752 494 2886 551 nihil
2929 493 3074 552 aliud
3115 503 3256 552 esset
3297 483 3445 566 quam
3475 499 3690 570 propheta

2179 589 2397 660 Christi,
2419 606 2484 644 ex
2510 604 2617 661 quo
2637 597 2946 665 nasceretur
2963 587 3124 642 etiam
3147 601 3270 643 caro
3290 587 3493 644 Christi.
3514 589 3574 646 Ut
3591 607 3694 662 ergo

2183 684 2274 740 ille
2303 683 2529 754 populus
2552 689 2951 752 propagaretur,
2991 679 3304 738 maledictus
3333 678 3596 735 habebatur
3623 697 3696 751 per

2182 777 2317 850 legis
2344 775 2660 838 sententiam
2698 773 2790 844 qui
2831 786 2938 833 non
2967 771 3246 826 suscitaret
3287 785 3461 826 semen
3494 771 3543 826 in
3563 771 3699 828 lsrael

2185 865 2362 935 (Deut.
2392 881 2523 933 xxv,
2553 863 2716 936 5-10).
2740 861 2895 919 Unde
2920 870 2972 917 et
2995 870 3195 916 saneta:
3223 861 3461 921 muliBres
3483 861 3697 918 accende-

2183 961 2378 1016 bantur
2403 974 2510 1013 non
2556 954 2846 1026 cupiditate
2871 951 3278 1018 concumbendi,
3319 951 3409 1008 sed
3439 953 3610 1022 pietate
3631 968 3701 1022 pa-

2188 1050 2392 1115 riendi;
2435 1057 2496 1104 ut
2539 1046 2841 1104 rectissime
2893 1043 3182 1101 credantur
3221 1043 3412 1098 coitum
3440 1057 3536 1096 non
3575 1042 3702 1098 luisse

2188 1140 2510 1213 quaesitui-ie,
2545 1139 2590 1207 si
2617 1137 2797 1215 proles
2824 1142 3002 1207 posset
3022 1134 3179 1204 aliter
3204 1133 3497 1204 provenire.
3527 1132 3586 1189 Et
3605 1133 3703 1188 viris

2191 1246 2319 1294 usus
2365 1225 2710 1300 plurimarum
2755 1227 2995 1293 vivarum
3041 1223 3430 1295 concedebatur
3469 1237 3658 1277 uxorum
3693 1240 3705 1276 :

2191 1322 2343 1393 cujus
2368 1322 2446 1377 rei
2474 1336 2580 1376 non
2609 1318 3096 1389 concupiscentiam
3131 1317 3331 1384 carnis,
3362 1315 3451 1388 sed
3477 1315 3709 1392 provides.

2193 1416 2320 1471 tiam
2351 1414 2713 1486 generationis
2747 1410 2915 1467 fuisse
2940 1427 3157 1467 causam
3187 1409 3316 1464 illud
3341 1408 3580 1474 ostendit,
3601 1408 3712 1478 quod

2193 1507 2333 1564 sicut
2354 1507 2480 1561 viris
2505 1505 2703 1560 sanctis
2727 1503 2927 1558 habere
2950 1503 3128 1573 plures
3155 1515 3350 1557 uxores
3376 1500 3529 1565 vivas,
3547 1514 3632 1554 non
3658 1500 3710 1553 ita

2195 1599 2354 1676 etiam
2385 1597 2583 1676 sanctis
2613 1593 3044 1676 feminislicebut
3071 1592 3281 1648 misceri
3310 1591 3505 1646 maritis
3529 1590 3715 1660 pluribus

2195 1667 2332 1749 vivis
2351 1706 2365 1754 ;
2382 1667 2632 1759 quoniam
2656 1669 2815 1741 'tanto
2843 1667 3347 1754 eSSent'turpiores,
3389 1689 3567 1751 quanto
3588 1679 3716 1762 magis

2198 1788 2512 1853 appeterent
2529 1777 2672 1834 unde
2689 1793 2794 1833 nou
2812 1784 2996 1834 essent
3017 1772 3377 1846 fecundiores.
3399 1769 3606 1827 Proinde
3627 1783 3719 1822 san-

2198 1883 2284 1930 cta
2308 1871 2470 1938 Ruth,
2498 1886 2619 1927 cum
2641 1885 2826 1926 semen
2865 1867 3023 1939 quale
3045 1865 3135 1921 illo
3161 1874 3402 1936 tempore
3420 1859 3719 1918 accesserim

2199 1965 2298 2021 fuit
2338 1966 2392 2020 in
2420 1964 2581 2019 Israel
2608 1978 2712 2018 non
2761 1961 3004 2026 haberet,
3038 1968 3252 2014 mortuo
3287 1956 3402 2011 viro
3425 1953 3639 2026 quaesivit
3665 1953 3720 2005 al-

2203 2068 2374 2131 terum
2401 2057 2468 2132 de
2495 2071 2607 2126 quo=
2629 2054 2868 2110 haberet.
2901 2052 3012 2107 liae
3041 2051 3219 2122 itaque
3249 2046 3334 2105 bis
3359 2046 3615 2116 conjugata
3634 2041 3721 2099 ideo

2202 2156 2354 2212 Anna
2381 2147 2586 2220 univira
2615 2145 2772 2209 vidua
2793 2147 2809 2178 ί
2834 2143 3040 2207 beatior
3061 2142 3178 2218 fuit,
3211 2140 3338 2220 quia
3368 2147 3422 2194 et
3449 2133 3725 2208 prophetissa

2203 2242 2403 2300 Christi
2450 2255 2570 2296 esse
2607 2237 2832 2306 meruit;
2874 2251 3037 2308 quam,
3071 2232 3404 2291 credendum
3438 2238 3533 2297 est,
3565 2225 3725 2283 etiamsi

2208 2335 2347 2391 ﬁlios
2365 2334 2540 2390 nullos
2565 2331 2768 2397 habuit,
2798 2328 2939 2402 quod
2961 2327 3174 2398 quidem
3204 2325 3476 2395 Scriptura
3509 2316 3723 2376 reticendo

2207 2428 2420 2498 reliquit
2443 2427 2728 2490 incertum,
2759 2439 2825 2479 eo
2853 2421 3059 2492 Spiritu.
3080 2418 3391 2491 p‘raevidisse
3417 2414 3662 2474 Christum
3679 2423 3727 2464 ex

2208 2503 2414 2598 virgine
2455 2516 2701 2591 proxime
2753 2529 2876 2570 esse
2919 2521 3229 2589 venturum,
3278 2525 3384 2580 quo
3414 2507 3568 2578 potuit
3607 2514 3729 2572 agno:

2209 2591 2457 2684 scere'et
2485 2609 2760 2685 parvulum
2795 2625 2808 2662 :
2843 2606 2984 2672 unde
3024 2605 3218 2676 merito
3246 2603 3407 2674 etiam
3433 2600 3540 2655 sine
3565 2591 3730 2666 ﬁliis,si

2211 2713 2390 2760 tamen
2417 2718 2512 2759 eos
2545 2717 2655 2777 non
2706 2700 2909 2768 habuit,
2941 2698 3212 2761 secundas,
3257 2694 3468 2767 nuptias
3494 2687 3730 2749 recusavit;

2212 2797 2336 2869 quia
2375 2805 2599 2853 noverat
2637 2795 2748 2867 jam
2777 2779 2986 2866 tempus
3013 2807 3134 2848 esse
3161 2806 3275 2862 quo
3311 2789 3515 2857 Christo
3540 2799 3628 2841 non
3647 2779 3733 2838 olli-

2214 2891 2299 2945 cio
2328 2887 2590 2960 pariendi,
2618 2887 2714 2943 sed
2741 2886 2920 2942 studio
2943 2883 3280 2951 continendi,
3306 2896 3405 2938 nec
3430 2875 3732 2948 conjugalibus

2215 2982 2445 3062 fetandis
2468 2980 2784 3059 visceribus,
2808 2978 2904 3053 sed
2937 2975 3342 3061 castiﬁcandis'
3367 2969 3634 3029 vidualibus
3656 2977 3736 3062 me

2217 3057 2387 3144 ribus,
2412 3055 2606 3130 melius
2636 3055 2948 3144 Serviretur.
2980 3055 3038 3133 Si
3061 3084 3200 3137 vero,
3219 3068 3389 3140 etiam
3427 3062 3608 3127 sciebat
3630 3055 3740 3122 Ruth

2217 3183 2318 3241 per
2343 3183 2494 3222 suam
2525 3181 2742 3222 carnem
2790 3159 3069 3236 propagari
3120 3177 3334 3228 semen,
3383 3157 3516 3213 unde
3553 3151 3738 3241 Christus

2218 3239 2436 3315 carnem
2479 3257 2653 3313 fuerat
2683 3255 2980 3332 habiturus,
3009 3261 3070 3335 et
3115 3253 3244 3309 huic
3292 3251 3525 3308 scientia:
3551 3239 3742 3300 nubendo

2222 3352 2462 3431 exhibuit
2483 3352 2858 3422 ministerium,
2881 3365 2984 3405 non
3003 3347 3173 3404 audeo
3187 3349 3303 3423 jam
3322 3346 3496 3402 dicere
3509 3338 3741 3397 beatiorem

2220 3444 2386 3500 fuisse
2411 3447 2577 3500 Ann-.e
2601 3443 2910 3500 viduitatem
2938 3456 3098 3513 quam
3129 3440 3277 3494 illius
3307 3435 3672 3492 fecunditatem.

2257 3549 2260 3551 “
2294 3538 2518 3595 CAPUT
2555 3535 2689 3609 VIII.
2720 3565 2791 3576 —
2811 3536 2899 3596 11.
2941 3532 3154 3603 Nuptiis:
3193 3539 3240 3586 et
3271 3527 3508 3609 secunda
3539 3531 3584 3577 et
3612 3518 3743 3591 prima

2225 3633 2318 3686 hoc
2338 3640 2590 3701 tempore,
2622 3629 2720 3683 nisi
2753 3625 3116 3682 incontinetttia
3153 3623 3221 3689 sit,
3255 3607 3630 3692 impedimento,
3665 3623 3751 3663 catt.

2227 3697 2522 3778 temnendae.
2550 3719 2762 3791 Nuptias
2787 3701 2910 3772 oh'rn
2936 3715 3059 3787 legis
3085 3713 3404 3782 obsequium,
3428 3723 3553 3763 nunc
3577 3697 3748 3770 inﬁrmio‘

2225 3816 2346 3886 tntis
2369 3811 2664 3880 remedium,
2684 3819 2729 3866 et
2755 3807 3080 3878 humanitatis
3099 3804 3364 3860 solatium.
3392 3802 3470 3857 Tu
3489 3810 3644 3854 autem
3668 3801 3753 3860 qllie

2228 3921 2282 3964 et
2299 3908 2433 3962 ﬁlios
2450 3907 2640 3972 habes,
2659 3914 2710 3960 et
2723 3907 2776 3966 in
2787 3919 2852 3961 eo
2868 3901 3047 3959 saeculi
3071 3899 3178 3976 ﬁne
3189 3899 3351 3967 vivis,
3365 3896 3578 3968 quojam
3597 3897 3753 3956 tempus

2228 4009 2434 4056 estnon
2460 3996 2704 4052 mittendi
2732 3993 2963 4064 lapides,
2995 3991 3090 4048 sed
3116 3988 3443 4060 colligendi;
3471 4002 3569 4042 non
3602 3977 3752 4049 amplc-

2229 4091 2427 4168 ctendi,
2445 4090 2543 4147 sed
2558 4086 2866 4145 continendi
2891 4085 2960 4142 ab
2981 4084 3225 4154 amplexu
3246 4082 3450 4153 (Eccle.
3479 4095 3550 4142 tu,
3568 4077 3619 4145 5)
3636 4090 3648 4139 ;
3665 4081 3755 4126 eum

2229 4184 2425 4255 clamet
2454 4180 2775 4256 Apostolus,
2828 4177 2941 4232 Hoc
2977 4187 3142 4231 autem
3178 4174 3320 4240 dico,
3367 4175 3584 4245 fratres:
3605 4175 3755 4231 ιεηψα

2230 4274 2373 4347 breve
2391 4282 2464 4328 est
2481 4287 2500 4338 ;
2524 4270 2774 4342 reliquum
2793 4278 2864 4325 est
2891 4278 2946 4335 ut
2973 4277 3018 4322 et
3035 4267 3120 4337 qui
3148 4264 3336 4320 [tabent
3356 4278 3549 4325 uxores,
3571 4262 3758 4325 tanquam

2230 4382 2332 4421 non
2357 4365 2596 4437 habentes
2613 4364 2712 4422 sint
2734 4378 2758 4417 :.
2777 4361 3010 4433 profecto
3038 4359 3082 4413 si
3111 4356 3380 4433 secundas
3407 4352 3609 4423 nuptias
3639 4354 3777 4437 appet

2231 4459 2417 4526 tisses,
2459 4434 2661 4513 nullum
2691 4453 2986 4530 prophetiae
3014 4451 3096 4508 vel
3141 4449 3275 4525 legis
3319 4446 3651 4517 obsequium,
3675 4433 3760 4530 nill-

2231 4550 2339 4606 lum
2372 4532 2534 4618 prolis
2559 4528 2744 4602 saltem
2775 4544 2990 4602 carnale
3009 4541 3336 4598 desiderium
3360 4583 3374 4607 ,
3413 4537 3508 4605 sed
3529 4535 3676 4592 solius
3701 4528 3762 4618 ia-

2231 4616 2568 4700 continentize
2591 4637 2782 4693 luisset
2805 4635 3079 4700 iudicium.
3113 4632 3360 4688 Fecisses
3399 4631 3538 4688 enim
3569 4621 3687 4696 quod
3708 4616 3761 4671 ait

2231 4730 2554 4800 Apostolus,
2586 4744 2706 4785 cum
2728 4727 2980 4802 dixisset,
3009 4726 3197 4780 bonum
3243 4739 3355 4778 esse
3373 4722 3480 4782 illis
3519 4719 3561 4775 si
3601 4717 3665 4774 sic
3683 4725 3765 4802 μετέ

2233 4799 2508 4878 manserint
2537 4823 2662 4882 sicut
2686 4829 2736 4876 et
2753 4800 2842 4891 ego
2869 4836 2888 4876 :
2916 4819 3170 4897 continuo
3189 4817 3387 4888 quippe
3415 4812 3624 4873 addidit,
3648 4799 3760 4871 Quod

2233 4915 2277 4970 si
2301 4931 2354 4969 se
2378 4932 2477 4968 non
2499 4914 2771 4976 continent,
2792 4913 3017 4965 nubant:
3040 4909 3173 4963 male
3193 4909 3331 4967 enim
3348 4924 3437 4972 eas
3456 4903 3629 4964 nubere
3651 4906 3766 4968 quam

2233 5007 2315 5064 uri
2349 5006 2389 5079 (l
2417 5003 2535 5071 Cor.
2569 5021 2658 5067 vn,
2687 5002 2992 5078 29.,8et9).
3024 5003 3136 5057 lloc
3175 5001 3318 5056 enim
3356 4999 3520 5064 dixit,
3564 5003 3614 5048 ut
3650 4987 3770 5043 elim-

2237 5109 2374 5154 natre
2404 5084 2633 5152 libidinis
2676 5098 2872 5151 malum
2920 5112 3024 5151 non
3056 5095 3477 5164 praecipitaretur
3503 5089 3554 5144 iu
3583 5080 3771 5150 turpitu-

2234 5189 2412 5264 dinem
2443 5189 2937 5265 liagitiorum,cum
2991 5187 3326 5256 exciperetur
3377 5183 3646 5238 honestate
3693 5181 3771 5265 uua-

2235 5259 2484 5354 pliarum.
2513 5282 2724 5360 Gratias
2749 5259 2927 5336 autem
2971 5280 3218 5343 Domino,
3268 5277 3518 5348 quoniam
3563 5258 3774 5342 pcpet'iSli

2234 5373 2380 5448 quod
2423 5357 2564 5431 esse‘
2591 5357 2842 5439 noluisti,
2891 5381 2944 5427 et
2986 5371 3259 5441 virginitas
3296 5369 3466 5440 prolis
3517 5375 3614 5419 tua:
3653 5370 3773 5414 conv

2236 5469 2476 5539 pensavit
2499 5466 2835 5537 dispendium
2863 5462 3178 5532 virginitatis
3206 5471 3326 5516 tum.
3364 5459 3498 5512 Nam
3537 5454 3772 5539 diligenter

2236 5538 2557 5631 interrogata
2582 5558 2821 5613 doctrina
2848 5555 3158 5632 ch'riSIiaua,
3181 5561 3236 5608 et
3262 5550 3460 5622 primas
3475 5538 3772 5615 nuptiasjam

2236 5654 2338 5709 isto
2367 5635 2643 5722 tempore,
2689 5648 2791 5704 nisi
2847 5648 3231 5703 incontineniia
3272 5645 3338 5700 sit
3385 5639 3770 5721 impedimento,

2300 5791 2318 5824 ι
2343 5790 2415 5839 sic
2429 5795 2509 5838 ετ.
2530 5794 2590 5851 et
2610 5779 2824 5851 [eum
2843 5790 2953 5851 lites.
2973 5789 3032 5851 at
3051 5789 3183 5845 l.ov.,
3205 5792 3301 5834 uno
3314 5779 3419 5834 viro
3434 5775 3638 5848 tidnatn.

2301 5855 2320 5887 δ
2343 5850 2556 5908 nonnulli
2580 5845 2710 5912 Mss,
2735 5845 3046 5915 castigandis.
