3930 6368
235 349 319 405 Bt
1425 351 1511 405 DE
1553 350 1729 407 ΒΟΧο
1771 350 1881 405 γιο

1993 350 2158 411 'ATIS
2187 350 2409 407 LIBER.

264 468 684 521 tantemnendas
715 486 856 533 esse
888 470 1215 541 respondet.
1243 467 1336 535 Qui
1378 467 1518 522 enim
1548 465 1698 531 dixit,
1743 463 1803 520 Si
1843 479 1895 523 se

269 573 343 610 non
363 559 675 633 continent,
693 564 912 618 nubant
946 580 964 619 :
990 564 1167 633 potuit
1186 562 1393 627 dicere,
1420 560 1476 615 Si
1500 558 1639 614 ﬁlios
1667 574 1770 613 non
1801 558 1895 611 ha-

267 646 403 711 bent.
438 650 705 719 nubant;
754 655 803 709 si
850 663 984 725 post
1024 652 1464 710 resurrectionem
1497 652 1511 681 ¹
1553 648 1892 721 praedicatio-

260 754 478 810 nrmqne
509 741 739 797 Christi
763 786 780 810 ,
813 745 1038 815 quando
1060 745 1172 815 iam
1202 742 1723 818 omnibusgeutibus
1754 740 1890 796 ﬁlio-

253 843 350 882 rmn
380 832 778 900 spiritualiter
807 836 1200 907 gignendorum
1241 843 1383 889 tanta
1432 834 1667 904 suppetit
1700 832 1851 902 copia
1871 874 1885 897 .

245 926 336 978 cule
369 925 648 987 ofﬁcium
680 938 842 991 esset
889 945 957 985 ex
985 944 1147 986 carne
1193 928 1326 983 ﬁlios
1378 941 1670 998 propagare
1691 968 1704 991 ρ
1737 926 1893 995 quale

233 1018 429 1087 primis
465 1021 845 1091 temporibus
873 1022 989 1077 luit.
1020 1024 1083 1077 Et
1109 1021 1250 1094 quod
1278 1021 1407 1076 alibi
1437 1019 1586 1087 dicit,
1631 1018 1759 1079 ἴε)ίο
1795 1019 1893 1089 ίθίέ

227 1118 304 1162 ter
324 1102 643 1181 juniores’
671 1116 894 1183 nubere,
937 1116 1073 1186 ﬁlios
1129 1132 1391 1184 procreare
1414 1154 1431 1182 ,
1478 1113 1891 1183 matresfamilias

220 1218 332 1256 esse
359 1219 382 1255 :
414 1205 795 1275 nuptiarunt
818 1206 1016 1263 bonum
1040 1206 1331 1278 apostolica
1362 1205 1656 1261 sobrietate
1693 1216 1747 1259 et
1788 1220 1889 1259 auo

215 1293 498 1350 ctoritate
534 1297 939 1363 commendat;
970 1314 1073 1355 non
1110 1296 1424 1368 procreandi
1453 1297 1691 1352 ofﬁcium
1728 1297 1888 1359 etiam

210 1385 327 1453 eis,
383 1403 537 1457 qua:
591 1389 955 1444 continentia:
994 1390 1192 1444 bonum
1236 1389 1491 1460 capiunt,
1540 1398 1795 1458 tanquam
1820 1385 1889 1441 ad

207 1477 629 1548 obsequeIam
660 1478 802 1549 legis
831 1481 1070 1550 imponit.
1115 1480 1355 1550 Denique
1386 1495 1484 1535 cur
1528 1478 1632 1534 hoc
1656 1477 1886 1546 dixerit,

208 1571 468 1639 pandit,
529 1587 677 1626 cum
730 1571 973 1643 adiungit
1004 1582 1058 1627 et
1093 1571 1257 1639 dicit,
1316 1570 1531 1626 Nullam
1576 1570 1889 1625 occasionem

206 1664 351 1717 dare
371 1664 725 1718 adversario
753 1666 1005 1727 maledicti
1025 1668 1219 1737 gratia;
1232 1667 1350 1736 jam
1368 1671 1504 1729 enim
1524 1663 1754 1735 quazdam
1776 1679 1892 1718 cou-

208 1772 392 1815 versa:
444 1768 590 1814 sunt
628 1769 773 1812 retro
808 1769 920 1828 post
946 1770 1177 1813 satanam
1201 1775 1221 1813 :
1250 1767 1308 1814 ut
1334 1759 1417 1825 bis
1456 1759 1635 1815 verbis
1663 1759 1780 1827 eius
1808 1756 1891 1819 in-

211 1850 583 1920 telligamus
605 1892 624 1917 ,
658 1867 757 1906 eas
780 1867 913 1923 quas
935 1852 1135 1908 nubere
1161 1853 1373 1921 voluit,
1420 1853 1611 1909 melius
1652 1853 1889 1923 potuisse

214 1944 559 1999 continere
579 1958 751 2012 quam
773 1945 999 2011 nubere;
1030 1945 1128 2015 sed
1156 1946 1351 2003 melius
1376 1946 1582 2014 nubere
1609 1961 1768 2016 quam
1804 1962 1888 2002 re-

222 2044 326 2092 tro
359 2044 516 2105 post
541 2045 792 2091 satanam
820 2037 931 2105 ire,
960 2037 1010 2093 id
1032 2048 1147 2106 est,
1179 2038 1250 2094 ab
1274 2039 1365 2095 illo
1407 2037 1693 2094 excellenti
1728 2038 1894 2109 virgia

233 2127 409 2181 nalis
438 2127 541 2182 vel
574 2126 805 2183 videatis
836 2130 1092 2186 castitatis
1135 2131 1410 2201 proposito
1433 2170 1450 2198 ,
1496 2131 1550 2185 in
1591 2130 1886 2200 posteriora

234 2218 660 2288 respiciendo,
690 2220 875 2276 cadere
903 2231 957 2277 et
992 2222 1230 2278 interire.
1258 2221 1490 2278 Proinde
1516 2237 1635 2292 qua:
1675 2236 1736 2276 se
1778 2235 1887 2275 non

229 2311 592 2379 continent,
625 2312 843 2379 nubant,
864 2322 1146 2384 antequam
1172 2313 1557 2369 continentiam
1593 2312 1884 2382 proﬁtean-

227 2409 352 2465 tur,
393 2411 720 2473 antequam
751 2403 1146 2461 Deovoveant:
1175 2404 1317 2475 quod
1345 2404 1446 2459 nisi
1483 2404 1728 2470 reddant,
1764 2403 1887 2474 iure

228 2491 630 2553 datnttantur.
666 2492 1017 2564 Alioquippe
1044 2494 1271 2555 locode
1328 2495 1537 2561 talibus.
1569 2494 1901 2565 dicit,.Cunt

231 2582 380 2635 enim
417 2584 481 2636 in
516 2582 731 2637 deliciis
761 2584 959 2654 egerint
991 2583 1044 2638 in
1087 2583 1308 2653 Christo,
1326 2584 1512 2641 nubere
1554 2586 1762 2652 volunt;
1792 2586 1889 2640 ha.

235 2676 425 2731 beatas
458 2676 1376 2749 damnationemquoniamprimam
1401 2679 1556 2747 ﬁdem
1578 2679 1775 2733 irritam
1800 2679 1886 2749 [σε

236 2776 436 2823 canant
466 2766 571 2820 :id
624 2774 738 2833 est,
782 2767 1113 2824 voluntatem
1157 2767 1225 2823 ad
1270 2769 1483 2847 nuptias
1527 2783 1560 2823 a
1609 2770 1886 2845 proposito

244 2857 630 2921 continentia:
678 2855 1020 2923 deﬂexerunt
1059 2860 1121 2927 ’.ί
1152 2857 1362 2915 lrritam
1404 2858 1602 2935 quippe
1643 2859 1889 2917 fecerunt

250 2947 462 3021 ﬁdem,
482 2963 594 3021 qua
615 2948 769 3018 prius
795 2958 1056 3006 voverant
1074 2949 1214 3020 quod
1237 2951 1635 3021 perseverantia
1661 2950 1885 3022 implere

251 3040 576 3096 noluerunt
605 3040 652 3111 (l
677 3039 812 3111 Tim.
835 3039 912 3113 v).
934 3041 1243 3110 Nuptiarum
1267 3042 1425 3114 igitur
1446 3043 1645 3099 bonum
1667 3058 1886 3114 semper

255 3142 343 3187 est
371 3131 613 3202 quidem
640 3131 847 3195 bonum
876 3150 890 3186 :
918 3132 1014 3188 sed
1040 3132 1094 3201 in
1126 3134 1322 3205 populo
1349 3134 1441 3189 Dei
1463 3133 1563 3190 fuit
1598 3134 1884 3205 aliquando

258 3222 406 3295 legis
434 3224 800 3295 obsequium;
848 3239 989 3281 nunc
1031 3234 1113 3282 est
1138 3226 1461 3285 inﬁrmitatis
1480 3227 1798 3296 remedium,
1828 3228 1885 3285 in

266 3315 611 3386 quibusdam
668 3332 800 3371 vero
866 3315 1212 3387 humanitatis
1281 3318 1549 3386 solatium.
1623 3319 1885 3376 Filiorum

272 3408 485 3478 quippe
511 3407 873 3478 procreationi
898 3423 1117 3479 operam
1142 3409 1269 3466 dare
1289 3451 1303 3477 ,
1338 3426 1465 3477 non,
1494 3411 1687 3467 canino
1730 3425 1885 3467 more

280 3513 380 3568 per
410 3514 572 3553 usum
604 3499 964 3569 promiscuum
982 3499 1300 3557 feminarum
1318 3542 1332 3568 ,
1362 3500 1459 3557 sed
1484 3501 1712 3558 honesto
1738 3500 1884 3557 ordi-

294 3606 364 3646 ne
388 3592 680 3663 coniugali,
706 3608 814 3649 non
852 3601 936 3651 est
967 3593 1020 3649 in
1063 3594 1279 3650 homine
1321 3593 1703 3664 improbandus
1742 3592 1879 3661 ali‘ee

297 3691 423 3737 ctus
452 3700 469 3737 :
499 3684 652 3738 etiam
678 3685 855 3755 ipsum
900 3693 1077 3747 tamen
1122 3669 1441 3755 laudabilius
1470 3684 1801 3749 transcendit
1825 3693 1881 3741 et

302 3776 462 3831 vincit
490 3777 724 3835 cretestia
752 3777 993 3849 cogitans
1032 3779 1241 3834 animus
1267 3778 1612 3835 Christianus.

366 3866 591 3923 CAPUT
619 3867 712 3935 IX,
741 3900 812 3910 —-
834 3870 922 3926 12.
953 3869 1159 3924 Nubere
1200 3879 1311 3942 post
1335 3869 1657 3929 continentia
1685 3878 1876 3938 votum,

308 3960 581 4017 damnabile
604 3973 675 4017 est
693 3978 714 4017 :
734 3980 837 4017 non
861 3972 1027 4017 tamen
1054 3961 1359 4017 damnanda:
1389 3962 1517 4019 tales
1542 3962 1751 4033 nuptiae.
1771 3960 1881 4018 Sed

312 4052 564 4120 quoniam,
588 4053 729 4108 sicut
751 4054 841 4113 ait,
861 4052 1117 4109 Dominus
1135 4094 1151 4120 ,
1189 4052 1310 4108 Non
1337 4070 1508 4108 omnes
1533 4053 1740 4125 capiunt
1772 4070 1883 4108 ver.»

314 4139 419 4194 bam
441 4144 530 4197 hoc
555 4143 769 4217 (alatth.
800 4143 1033 4214 small)
1067 4161 1082 4198 :
1112 4159 1230 4214 quae
1269 4152 1445 4214 potest
1491 4158 1620 4215 ergo
1664 4158 1878 4214 capere,

314 4234 503 4302 capiat;
536 4245 593 4290 et
613 4251 733 4306 qua:
759 4250 949 4295 senon
978 4235 1237 4301 continet,
1269 4235 1434 4291 nubat
1456 4253 1471 4289 :
1495 4250 1617 4307 quae
1641 4250 1747 4291 non
1770 4250 1881 4293 ca:-

315 4323 400 4391 pit,
425 4325 713 4393 deliberet;
735 4342 856 4398 quae
886 4341 1137 4398 aggressa
1158 4374 1161 4375 ν
1180 4334 1263 4382 est
1283 4367 1301 4394 ,
1350 4334 1662 4402 perseveret
1689 4344 1705 4383 :
1735 4326 1880 4393 nulla

316 4414 599 4475 adversario
626 4418 786 4474 detur
826 4418 1066 4486 occasio,
1109 4418 1254 4489 nulla
1281 4418 1495 4474 Christo
1537 4419 1883 4476 subtrahatur

321 4506 494 4563 oblatio
518 4509 561 4563 ³.
582 4507 639 4563 In
662 4508 931 4580 coniugali
953 4509 1148 4581 quippe
1170 4509 1387 4565 vinculo
1407 4510 1451 4565 si
1482 4509 1730 4580 pudicitia
1748 4525 1883 4567 con-

323 4610 559 4670 servatur,
588 4600 861 4656 damnatio
898 4616 1005 4659 non
1052 4601 1432 4657 timeturzsed
1481 4602 1535 4657 in
1590 4601 1785 4669 viduali
1829 4611 1884 4658 et

324 4689 536 4760 virginali
578 4693 941 4762 continentia,
970 4693 1284 4761 excellentia
1331 4692 1568 4753 muneris
1606 4693 1885 4764 amplioris

326 4786 597 4852 expetitur;
654 4801 760 4857 qua
824 4787 1057 4857 expetita
1110 4794 1165 4841 et
1216 4785 1385 4843 electa
1434 4794 1487 4841 et
1547 4786 1657 4840 voti
1702 4785 1883 4841 debito

323 4875 472 4933 oblata
496 4877 539 4946 ⁸,
580 4878 698 4950 iam
746 4894 857 4934 non
906 4878 1081 4934 solum
1130 4878 1463 4949 capessere“
1503 4879 1739 4948 nuptias,
1788 4878 1883 4935 sed

320 4970 499 5026 etiamsi
521 4988 629 5027 non
644 4970 897 5039 nubatur,
923 4971 1123 5027 nubere
1150 4972 1285 5027 velle
1309 4971 1612 5027 damnabile
1629 4980 1729 5026 est.
1750 4970 1882 5031 Nam

317 5074 364 5115 at
386 5063 478 5121 hoc
503 5065 901 5121 demonstraret
927 5064 1245 5134 Apostolus,
1274 5080 1379 5118 non
1402 5065 1495 5131 ait,
1523 5063 1650 5120 Cum
1679 5065 1732 5119 in
1752 5064 1883 5119 deli-

311 5154 389 5210 ciis
409 5157 595 5228 egerint
619 5158 675 5212 in
700 5155 919 5222 Christo,
946 5155 1187 5221 nubunt;
1215 5154 1332 5224 sed,
1361 5155 1546 5209 nubere
1574 5156 1744 5211 volunt
1762 5158 1887 5211 :ha-

366 5272 377 5300 '
404 5272 473 5320 sic
501 5270 763 5334 siss._£diti
797 5283 935 5330 vero,
970 5268 1058 5321 sed
1078 5276 1185 5334 post
1208 5266 1639 5329 reatrrectianem;
1664 5275 1717 5320 et
1741 5269 1910 5331 paulo.

307 5341 419 5392 [11st,
443 5332 535 5382 tale
558 5330 771 5396 ofﬁcium
796 5337 962 5383 cesset.
1080 5330 1090 5334 ⁷
1750 5330 1753 5331 ⁷

307 5396 379 5471 Ε]
402 5393 569 5471 ῐξιιρ-εδ
584 5401 729 5471 μξδί,
759 5392 995 5444 volth
1017 5391 1083 5444 ad
1110 5390 1303 5456 nuptias
1326 5404 1359 5442 a
1375 5389 1617 5471 proposito
1643 5391 1885 5443 continen-

304 5459 382 5583 ,ἐξ
403 5521 566 5570 Probae
798 5523 906 5569 uss.
924 5552 941 5581 ,
988 5514 1124 5567 nulla
1173 5513 1353 5568 Christi
1397 5513 1709 5567 subtrahatur
1749 5514 1884 5566 obla-

306 5585 380 5672 ιιοί
402 5644 590 5699 Aliquot
626 5649 736 5696 usi.
754 5678 769 5699 .
810 5647 858 5691 et
885 5639 981 5695 uoti
1003 5638 1165 5692 debito
1196 5637 1362 5695 oblata.
1386 5639 1625 5692 Bedaseu
1647 5638 1815 5690 Florus
1836 5641 1889 5689 in

305 5702 501 5764 tantum;
528 5714 576 5757 et
597 5713 703 5755 rota
726 5705 898 5754 devoto
914 5702 1091 5755 oblata.

300 5767 527 5880 Ek:rtgtiti,
552 5780 646 5820 mn
670 5778 940 5832 capessere.
972 5766 1136 5823 abest,
1161 5771 1437 5826 non,aMss.
1476 5772 1525 5816 et
1564 5778 1590 5816 a
1633 5766 1753 5814 Beda
1796 5778 1886 5815 seu

3481 363 3587 430 458

2003 462 2193 532 battles,
2236 466 2422 535 inquit,
2464 466 2853 535 damnationem,
2902 476 3139 539 quoniam
3168 474 3387 545 primaut
3429 478 3585 547 [idem

2003 555 2197 607 irritam
2221 559 2479 626 fecer-mit;
2501 558 2598 612 ctsi
2626 574 2731 612 non
2763 560 3010 617 nubendo
3036 605 3051 629 ,
3078 575 3283 620 tantum
3312 568 3546 626 voleudo
3568 589 3587 624 :7

2003 662 2107 700 non
2139 648 2256 717 quia
2285 647 2410 717 ipsa:
2440 649 2638 717 nuptia:
2663 649 2745 705 vel
2793 650 2973 707 talium
3000 654 3314 716 damnanda
3336 640 3585 729 judican-

2006 746 2087 791 tur
2112 753 2127 802 ;
2154 737 2246 793 sed
2276 737 2560 793 damnatur
2606 742 2863 812 propositi
2900 745 3043 798 fraus
3070 787 3084 812 ,
3105 747 3389 806 damnatur
3411 751 3578 809 fracta

2002 833 2106 886 Voti
2136 831 2284 897 ﬁdes,
2314 831 2598 887 damnatur
2624 850 2727 888 non
2754 839 3024 907 susceptio
3066 857 3093 890 ει
3128 841 3265 896 bono
3297 843 3572 914 inferiore,

1998 926 2093 982 sed
2134 928 2283 982 ruina
2326 943 2390 982 ex
2436 926 2577 983 bono
2622 932 2896 1001 superiore
2924 944 3228 1004 :poslremo
3261 936 3584 1005 damnantur

2000 1021 2147 1085 tales,
2175 1037 2289 1081 non.
2312 1021 2443 1099 quia.
2458 1023 2787 1103 coniugalem
2823 1025 2980 1087 tidem
3021 1030 3292 1101 posterius
3321 1031 3573 1103 inierunt,

1997 1112 2092 1167 sed
2119 1114 2242 1182 quia
2269 1106 2609 1170 continentiae
2636 1118 2857 1186 primam
2889 1118 3047 1174 ﬁdem
3078 1121 3279 1177 irritam
3309 1122 3571 1181 fecerunt;

1996 1201 2147 1272 Quod
2173 1215 2228 1259 ut
2255 1205 2487 1263 breviter
2513 1208 2804 1265 insinuaret
2830 1211 3138 1281 Apostolus,
3182 1214 3351 1270 noluit
3378 1231 3470 1272 eas
3495 1217 3577 1273 die

1996 1310 2119 1363 cere
2158 1296 2356 1359 habere
2398 1298 2818 1369 damnationem,
2850 1319 2968 1372 qu:e
3000 1314 3118 1373 post
3151 1307 3427 1376 amplioris
3455 1325 3579 1363 san-

1995 1386 2192 1442 ctitatis
2218 1391 2544 1460 propositum
2572 1392 2772 1447 nubunt
2792 1393 2920 1467 (non
2946 1396 3066 1465 quin
3097 1412 3200 1452 non
3227 1397 3570 1467 damnantur,

1994 1477 2087 1533 sed
2120 1495 2186 1533 ne
2207 1480 2258 1533 in
2286 1482 2364 1535 eis
2414 1482 2541 1553 ipsm
2571 1482 2767 1553 nuptis:
2814 1484 3052 1541 damnari
3086 1489 3417 1560 putarentur)
3444 1510 3457 1546 :
3480 1476 3577 1547 sed

1994 1588 2114 1639 cum
2142 1574 2378 1642 dixisset,
2394 1576 2576 1632 nubere
2595 1579 3057 1644 volunt,continuo
3076 1580 3304 1650 addidit,
3335 1583 3576 1642 habentes

1995 1663 2385 1723 damnationem.
2416 1666 2636 1729 Etdixit
2679 1684 2862 1738 quare,
2894 1673 3132 1741 quoniam
3178 1674 3397 1743 priorem
3422 1656 3579 1745 ﬁdens

1992 1753 2187 1809 irritant
2211 1756 2433 1825 fecerunt
2462 1768 2557 1812 :ut
2581 1759 2904 1815 volmttatem
2934 1778 3095 1831 quam
3127 1766 3397 1833 proposito
3433 1766 3579 1820 ceci-

1991 1847 2089 1913 dit,
2121 1860 2375 1919 appareat
2404 1867 2524 1921 esse
2551 1851 2883 1922 damnatam,
2919 1853 3034 1911 sive
3060 1856 3451 1928 subsequantur
3472 1874 3541 1914 nu
3566 1889 3576 1898 -

1992 1938 2137 2009 ptiar,
2166 1941 2281 1995 sive
2308 1940 2504 1997 desint.

2062 2028 2288 2086 CAPUT
2329 2031 2395 2085 Χ.
2420 2063 2495 2072 -
2519 2034 2600 2087 15.
2632 2031 2697 2087 In
2716 2050 2799 2088 eos
2825 2035 2910 2104 qui
2934 2036 3241 2105 lapsarnnta
3260 2048 3436 2093 sancto
3458 2057 3579 2111 pro-

1992 2121 2153 2193 posito
2180 2123 2383 2194 nuptias
2412 2124 2663 2179 adulteria
2686 2141 2795 2181 esse
2814 2127 3007 2183 dicunt.
3038 2127 3263 2183 Ecclesia
3290 2140 3396 2185 tota
3416 2132 3574 2203 virgo,

1992 2213 2224 2272 Proinde
2244 2216 2333 2287 qui
2360 2216 2545 2281 dicunt
2571 2219 2999 2289 taliumnuptins
3044 2236 3151 2277 non
3186 2236 3307 2278 esse
3338 2224 3576 2293 nuptias.

1991 2308 2088 2373 sed
2114 2310 2287 2379 potius
2313 2308 2597 2375 adulteria,
2625 2327 2731 2366 non
2765 2311 2894 2366 mihi
2920 2312 3163 2369 videntur
3182 2316 3311 2368 satis
3330 2323 3489 2371 acute
3512 2332 3577 2389 ac

1991 2400 2270 2473 diligenter
2310 2403 2653 2459 considerare
2694 2403 2821 2475 quid
2850 2404 3031 2459 dicant
3059 2421 3071 2458 :
3101 2403 3234 2460 fallit
3262 2421 3355 2460 eos
3377 2408 3576 2478 quippe

1991 2494 2286 2550 similitudo
2311 2495 2565 2557 veritatis.
2584 2494 2731 2561 .Quia
2759 2495 2902 2551 enim
2924 2495 3231 2567 coniugium
3271 2494 3468 2553 Christi
3496 2497 3579 2552 di-

1991 2592 2182 2641 cuntur
2207 2585 2406 2657 eligere
2426 2602 2546 2656 quac
2572 2584 2877 2641 christiana.
2899 2587 3182 2644 sanctitate
3206 2604 3314 2643 non
3341 2588 3569 2653 nubunt,

1991 2674 2116 2735 hinc
2162 2684 2603 2748 argumentantur
2648 2675 2863 2748 quidam
2904 2676 3266 2735 dicentes:Si
3316 2679 3431 2734 viro
3478 2696 3577 2735 suo

1991 2769 2116 2826 vivo
2137 2764 2259 2840 quae
2284 2770 2439 2826 alteri
2470 2769 3041 2838 nubit,adulteraest,
3073 2771 3211 2827 sicut
3239 2771 3355 2843 ipse
3393 2772 3577 2828 Domi-

1990 2877 2092 2917 nus
2112 2862 2163 2917 in
2192 2862 2478 2935 Evangelia
2505 2863 2745 2920 deﬁnivit
2769 2863 2979 2935 (Matth.
3009 2880 3120 2932 nx,
3154 2863 3243 2938 9);
3282 2864 3406 2921 vivo
3448 2880 3577 2936 ergo

1990 2952 2221 3021 Christo,
2245 2955 2327 3010 cui
2356 2971 2502 3015 mors
2532 2957 2665 3020 ultra
2697 2971 2800 3013 non
2836 2955 3143 3017 dominatur
3162 2956 3338 3027 (Rom.
3374 2972 3449 3025 vt,
3471 2957 3575 3029 9)‘,

1990 3060 2108 3116 qna:
2135 3046 2438 3117 coniugium
2472 3047 2595 3118 eius.
2628 3048 2896 3119 elegerat,
2926 3052 2970 3104 si
2999 3048 3200 3103 homini
3230 3047 3400 3113 nubit,
3430 3049 3579 3106 adul-

1992 3144 2104 3193 tera
2142 3146 2243 3194 est.
2275 3139 2377 3207 Qui
2406 3138 2508 3194 hoc
2531 3138 2739 3207 dicunt,
2772 3151 2929 3197 acute
2984 3140 3201 3211 quidem
3250 3150 3573 3207 moventur;

1989 3228 2297 3299 sedparum
2323 3228 2605 3288 attendunt
2637 3230 2774 3293 hanc
2819 3231 3334 3301 argumentationem
3374 3241 3575 3303 quanta

1988 3336 2168 3377 rerum
2197 3330 2451 3391 sequatur
2494 3323 2817 3383 absurdius.
2869 3323 3007 3378 Cum
3049 3322 3193 3378 enim
3234 3322 3571 3379 laudabiliter

1989 3412 2151 3472 etiam
2171 3400 2383 3469 vivente
2412 3414 2526 3469 viro
2550 3428 2616 3469 ex
2637 3413 2754 3484 ejus
2775 3428 3040 3470 consensu
3075 3412 3457 3468 continentiam
3490 3412 3573 3469 fe—

1989 3504 2133 3560 mina
2157 3502 2370 3559 Christo
2391 3512 2605 3570 voveat,
2621 3503 2731 3574 iam
2756 3502 3046 3560 secundum
3070 3503 3292 3558 istorum
3310 3502 3572 3561 rationem

1988 3596 2132 3651 nulla
2158 3595 2262 3652 hoc
2301 3595 2480 3652 facere
2524 3595 2704 3661 debet,
2757 3611 2825 3653 ne
2866 3595 3039 3667 ipsum
3090 3592 3385 3663 Christum,
3429 3595 3574 3666 quod

1987 3687 2187 3751 sentire
2209 3687 2357 3744 nel'as
2372 3697 2475 3756 est,
2498 3687 2796 3745 adulterum
2819 3685 2997 3753 faciat,
3020 3685 3106 3744 cui
3132 3686 3346 3742 vivente
3373 3686 3568 3743 marito

1988 3779 2163 3841 nubit.
2194 3779 2399 3837 Deinde
2420 3795 2541 3836 cum
2568 3779 2755 3851 prima:
2780 3778 2980 3850 nuptiae
3005 3776 3241 3835 melioris
3269 3777 3378 3833 sint
3398 3776 3575 3833 meriti

1988 3886 2147 3944 quam
2193 3871 2464 3939 secundae,
2505 3871 2643 3928 absit
2689 3880 2747 3927 ut
2783 3877 3087 3926 sanctarum
3132 3868 3414 3925 viduarum
3472 3868 3576 3927 iste

1987 3961 2059 4018 sit
2085 3976 2298 4030 sensus,
2349 3971 2405 4017 ut
2439 3960 2686 4021 Christus
2733 3962 2812 4021 eis
2846 3961 3088 4020 videatur
3113 3960 3264 4031 quasi
3304 3958 3574 4016 secundus

1987 4053 2235 4113 maritus.
2263 4052 2439 4124 Ipsum
2465 4052 2607 4108 enim
2632 4051 2903 4108 habebant
2926 4060 2977 4108 et
3003 4060 3181 4116 antea,
3209 4050 3423 4122 quando
3440 4049 3573 4107 viris

1987 4144 2099 4200 suis
2166 4138 2393 4198 ﬁdeliter
2450 4143 2756 4198 serviebant
2802 4141 3028 4205 subditae
3053 4183 3068 4208 ,
3099 4156 3205 4203 non
3256 4139 3569 4210 carnaliter,

1988 4235 2107 4299 sed,
2133 4232 2484 4304 spiritualiter
2540 4234 2714 4289 virum
2746 4248 2761 4286 :
2792 4232 2879 4297 cui
2930 4230 3167 4287 Ecclesia
3213 4230 3323 4301 ipsa
3354 4272 3370 4297 ,
3420 4228 3575 4299 cuius

1988 4327 2231 4385 membra
2276 4334 2423 4394 sunt,
2468 4325 2663 4396 coniux
2706 4333 2818 4391 est;
2861 4339 2981 4394 quae
3031 4322 3189 4390 lidei,
3240 4322 3394 4393 spei,
3446 4322 3575 4375 cha-

1987 4413 2162 4479 ritatis
2189 4419 2525 4492 integritate,
2572 4433 2679 4474 non
2722 4418 2777 4473 in
2826 4417 2956 4473 solis
2999 4414 3297 4486 virginibus
3349 4411 3572 4493 sanctis,

1989 4512 2087 4571 sed
2114 4511 2274 4574 etiam
2304 4511 2357 4565 in
2389 4508 2562 4567 viduis
2582 4517 2637 4563 ct
2660 4507 2958 4578 coniugatis
2983 4504 3251 4570 ﬁdelibus,
3279 4511 3387 4559 tota
3416 4501 3570 4573 virgo

1989 4612 2091 4661 est.
2117 4603 2385 4660 Universae
2410 4601 2605 4672 quippe
2625 4597 2902 4669 Ecclesiae,
2922 4597 3076 4668 cuius
3096 4595 3182 4650 illa
3201 4594 3379 4651 omnia
3404 4608 3578 4665 mem-

1989 4696 2085 4752 bra
2113 4705 2270 4763 sunt,
2317 4693 2603 4765 Apostolus
2631 4692 2760 4748 dicit
2786 4709 2799 4745 :
2830 4690 3012 4761 Aptavi
3035 4705 3122 4745 vos
3151 4688 3243 4743 uni
3268 4690 3375 4742 viro
3420 4686 3574 4759 virgi-

1990 4807 2104 4846 nem
2129 4799 2319 4844 castam
2342 4788 2574 4843 exhibere
2595 4785 2795 4843 Christo
2824 4783 2890 4857 (ll
2915 4781 3035 4841 Cor.
3066 4798 3140 4849 xx,
3166 4780 3248 4854 2).
3288 4779 3447 4837 Novit
3473 4795 3574 4835 au-

1992 4890 2099 4936 tem
2128 4880 2219 4935 ille
2255 4879 2535 4950 coniugem
2562 4877 2820 4948 virginem
2864 4874 2980 4929 sine
3009 4873 3352 4944 corruptione
3376 4872 3577 4940 letare,

1992 4987 2147 5051 quem
2177 4972 2228 5026 in
2252 4972 2365 5042 ipsa
2391 4970 2549 5026 etiam
2578 4984 2737 5025 carne
2764 4968 2935 5038 potuit
2954 4975 3123 5022 mater
3139 4966 3255 5023 sine
3279 4963 3579 5033 corruptio-

1992 5080 2061 5120 ne
2087 5078 2385 5134 procreare.
2421 5062 2505 5116 Fit
2549 5071 2725 5115 autem
2769 5074 2866 5129 per
2892 5059 3032 5113 hanc
3065 5056 3241 5112 minus
3269 5053 3580 5111 considera-

1994 5168 2099 5214 tam
2127 5157 2466 5228 opinionem,
2498 5170 2600 5226 qua
2632 5161 2820 5223 putant
2850 5152 3119 5221 lapsarum
3162 5163 3194 5204 a
3238 5153 3424 5202 sancto
3452 5158 3580 5213 pro~

1994 5250 2166 5321 posito
2204 5247 2525 5307 feminarum
2547 5286 2562 5312 ,
2593 5244 2641 5300 si
2663 5242 2962 5313 nupserint,
3004 5255 3110 5297 non
3142 5253 3263 5296 esse
3288 5233 3534 5305 coniugia
3556 5273 3573 5299 ,

1992 5358 2100 5401 non
2122 5356 2339 5412 parvum
2362 5338 2560 5394 malum
2580 5377 2597 5404 ,
2627 5344 2686 5391 ut
2725 5350 2757 5391 a
2801 5334 3006 5390 maritis
3034 5340 3355 5403 separentur
3383 5340 3580 5382 uxores

1992 5432 2142 5504 quasi
2170 5431 2425 5489 adulterae
2466 5429 2605 5495 sint,
2636 5442 2744 5483 non
2781 5441 3016 5490 uxores;
3044 5432 3098 5479 et
3127 5436 3249 5478 cum
3277 5419 3462 5477 volunt
3489 5431 3583 5487 eas

1993 5532 2261 5594 separatas
2277 5521 2500 5577 reddere
2526 5517 2889 5582 continentiae,
2912 5515 3115 5572 faciunt
3143 5511 3366 5567 maritos
3394 5523 3578 5590 earum

1995 5616 2262 5670 adulteros
2308 5613 2532 5677 vcros‘,
2574 5627 2695 5666 cum
2744 5610 2857 5665 suis
2909 5605 3166 5662 uxoribus
3203 5602 3336 5657 vivis
3384 5599 3583 5657 alteras

1994 5708 2260 5763 duxerint.

2060 5824 2077 5854 ³
2094 5828 2165 5871 Er.
2188 5826 2239 5869 et
2261 5818 2484 5883 plerique
2504 5825 2627 5875 Mss,
2656 5813 2798 5866 t‘iros.
