3844 6534
589 589 815 650 CAPUT
844 586 931 646 XI.
951 620 1019 631 -—
1043 588 1128 644 ﬂ.
1157 585 1355 660 Lapsus
1373 602 1404 641 a
1427 594 1600 641 sancto
1620 585 1881 659 proposito
1910 585 2095 652 malus,

517 684 712 754 nuptia:
739 692 904 738 tamen
928 681 1189 753 lapsarum
1209 680 1371 735 bona.
1399 678 1732 750 Quapropter
1761 672 1864 735 non
1886 694 2103 750 possum

516 775 732 849 quidem
760 774 959 841 dicere,
981 789 1012 829 a
1042 773 1316 845 pr0posito
1345 773 1565 827 meliore
1591 772 1797 843 lapsas,
1829 772 1873 827 si
1905 786 2103 844 nupse-

513 868 644 936 rint,
691 865 959 933 feminas,
1018 862 1279 920 adulteria
1331 878 1494 930 esse,
1546 878 1661 920 non
1692 862 1934 934 conjugia
1969 861 2103 917 :scd

513 961 672 1032 plane
700 974 811 1014 non
838 957 1190 1013 dubitaverim
1221 955 1431 1021 dicere,
1455 956 1635 1027 lapsus
1658 963 1713 1012 et
1738 956 1918 1011 ruinas
1949 970 1978 1009 a
2008 969 2100 1009 ca-

515 1051 696 1106 stitate
718 1049 1004 1118 sanctiore,
1028 1064 1147 1120 quae
1172 1058 1395 1103 vovetur
1413 1047 1659 1116 Domino,
1683 1046 1958 1102 adulteriis
1982 1060 2104 1102 esse

514 1140 749 1213 pejores.
771 1139 827 1195 Si
856 1140 1020 1206 enim,
1052 1139 1193 1211 quod
1227 1139 1374 1195 nullo
1415 1139 1577 1195 modo
1604 1138 1957 1195 dubitandum
1983 1132 2100 1208 est,

513 1231 583 1288 ad
610 1231 964 1288 oﬁ'ensionem
994 1230 1189 1287 Christi
1217 1230 1483 1302 pertinet,
1506 1246 1625 1289 cum
1654 1230 1954 1287 membrum
1982 1228 2100 1299 ejus

514 1322 678 1379 ﬁdem
705 1338 811 1379 non
834 1331 1010 1379 servat
1038 1324 1230 1378 marito
1255 1340 1269 1390 ;
1297 1330 1498 1397 quanto
1540 1321 1755 1396 gravius
1791 1321 2099 1389 offenditur,

514 1400 638 1471 cum
666 1414 739 1470 illi
768 1415 867 1487 ipsi
894 1429 998 1470 non
1023 1424 1268 1471 servatur
1293 1414 1424 1470 ﬁdes
1445 1414 1497 1468 in
1522 1429 1586 1470 eo
1609 1413 1751 1484 quod
1771 1412 2105 1485 exigitobla-

514 1515 629 1563 tum
649 1548 665 1573 ,
695 1507 785 1577 qui
817 1522 920 1562 non
945 1515 1195 1578 exegerat
1219 1505 1589 1562 offerendum?
1615 1506 1749 1562 Cum
1776 1506 1919 1564 enim
1941 1506 2099 1578 quis-

516 1613 624 1669 que
648 1614 751 1653 non
782 1598 974 1667 reddit,
1015 1597 1158 1669 quod
1211 1614 1318 1653 non
1361 1598 1588 1671 imperio
1638 1599 1969 1669 compulsus,
2004 1596 2099 1654 sed

514 1688 742 1750 emisilio
770 1689 1126 1745 commonitus
1153 1689 1328 1755 vovit;
1349 1697 1495 1744 tanto
1516 1689 1685 1761 magis
1714 1689 1940 1745 fraudati
1987 1689 2099 1744 voti

512 1788 672 1850 auget
691 1779 1018 1851 iniquitatem
1037 1822 1053 1845 ,
1077 1789 1277 1852 quanto
1306 1780 1483 1838 minus
1522 1779 1707 1835 habuit
1735 1781 1966 1836 vovendi
1997 1796 2099 1837 ne-

512 1870 840 1927 cessitatem.
871 1871 995 1927 limo
1022 1871 1141 1927 ideo
1165 1871 1408 1949 disputo,
1431 1887 1498 1949 ne
1527 1872 1801 1928 arbitreris
1814 1874 1895 1929 vel
1909 1889 2100 1933 secun-

512 1960 611 2017 das
636 1962 846 2031 nuptias
874 1962 1073 2018 crimen
1101 1978 1220 2020 esse
1238 2005 1255 2033 ,
1306 1964 1393 2020 vel
1439 1978 1798 2037 quascumque
1841 1967 2054 2037 nuptias
2078 2009 2093 2035 ,

510 2064 635 2106 cum
662 2054 769 2107 sint
797 2054 1022 2129 neptim,
1054 2054 1250 2113 malum
1275 2069 1397 2111 esse
1423 2055 1465 2115 ἕ.
1494 2054 1610 2117 Non
1642 2055 1822 2127 itaque
1850 2057 1967 2114 illas
1997 2057 2096 2115 abs

509 2147 566 2196 te
583 2138 861 2197 damnatas
888 2142 1021 2199 velis
1045 2157 1185 2210 esse,
1210 2143 1306 2199 sed
1334 2152 1561 2217 spretas.
1586 2145 1789 2206 Bonum
1812 2162 1941 2219 ergo
1965 2163 2096 2203 con-

506 2231 747 2289 tinentia:
774 2232 1003 2288 vidualis
1043 2233 1364 2290 iuculentius
1400 2234 1573 2303 decet,
1613 2250 1732 2291 cum
1760 2252 1858 2306 pro
1886 2238 1977 2292 illo
2003 2253 2097 2293 vo-

506 2322 684 2379 vendo
709 2332 762 2380 et
791 2324 1090 2397 proﬁtendo
1108 2334 1338 2401 possunt
1361 2336 1706 2384 contemnere
1724 2327 1938 2385 feminae
1954 2329 2097 2399 quod

505 2422 565 2471 et
587 2414 718 2475 libet
744 2426 797 2473 ct
826 2418 972 2473 licet.
1002 2416 1113 2473 Sed
1146 2428 1267 2489 post
1293 2419 1405 2474 voti
1429 2421 1814 2490 professionem
1847 2437 2098 2492 perseve-

504 2516 690 2564 ranter
718 2506 1034 2566 frenandum
1054 2519 1107 2566 et
1128 2510 1448 2568 vincendum
1478 2521 1561 2568 est
1591 2512 1735 2586 quod
1762 2513 1931 2582 libet,
1973 2515 2094 2587 quia

506 2596 620 2670 jam
642 2615 747 2654 non
778 2600 920 2656 licet.
2076 2606 2079 2609 λ

579 2691 807 2749 CAPUT
822 2692 1035 2751 XII.—f
1046 2694 1100 2750 5.
1117 2692 1306 2749 Nullas
1315 2695 1611 2767 quotaslibet
1625 2697 1827 2770 nuptias
1842 2699 2094 2755 damnan-

506 2782 602 2841 das
629 2800 754 2839 esse.
786 2784 861 2839 De
897 2785 1069 2841 tertiis
1092 2794 1146 2841 et
1170 2786 1238 2842 de
1265 2788 1469 2858 quartis
1493 2797 1549 2845 et
1579 2788 1647 2845 de
1684 2790 1821 2845 ultra
1856 2792 2092 2862 pluribus

506 2875 708 2945 nuptiis
728 2876 904 2932 solent
936 2876 1180 2934 homines
1207 2894 1424 2939 movere
1447 2882 1815 2955 quaestionem.
1856 2883 2005 2940 Unde
2034 2892 2094 2940 ut

504 2966 739 3023 breviter
752 2970 1130 3042 respondeam,
1146 2987 1246 3033 nec
1264 2972 1397 3028 ullas
1409 2975 1617 3047 nuptias
1632 2974 1802 3031 audeo
1813 2975 2086 3045 damnare,

503 3073 606 3114 nec
623 3059 701 3115 eis
715 3061 1087 3120 verecundiam
1107 3065 1504 3122 numerositatis
1521 3065 1751 3123 auferre.
1767 3066 1873 3124 Sed
1892 3085 1960 3125 ne
1975 3071 2092 3126 cui-

503 3163 662 3219 quam
684 3149 917 3209 brevitas
934 3152 1089 3222 hujus
1108 3155 1471 3225 responsionis
1490 3173 1623 3214 mea:
1640 3158 1776 3214 forte
1788 3158 2087 3230 displiceat,

502 3239 723 3296 uberius
741 3240 1094 3311 disputantem
1116 3245 1563 3316 reprehensorem
1585 3264 1763 3306 meum
1790 3251 1976 3308 audire
1990 3267 2088 3323 pa-

502 3339 649 3385 mtus
659 3347 799 3387 sum.
814 3331 1078 3389 Fortassis
1089 3336 1231 3390 enim
1244 3336 1637 3409 alfertaliquam
1651 3340 1935 3410 rationem,
1954 3359 2085 3414 qna-

500 3434 563 3475 re
611 3422 861 3477 secundm
890 3426 1088 3495 nuptiae
1114 3441 1220 3482 non
1250 3427 1589 3498 damnentur,
1623 3433 1792 3487 tertiae
1826 3432 2089 3489 damnen-

501 3519 607 3571 tur.
635 3513 769 3570 Nam
794 3531 913 3588 ego,
937 3517 1073 3575 sicut
1099 3518 1151 3573 in
1179 3520 1401 3577 exordio
1424 3523 1689 3579 sermonis
1716 3522 1875 3595 hujus
1900 3526 2088 3581 admo-

499 3606 622 3671 nui,
657 3622 761 3663 non
814 3609 986 3665 audeo
1030 3612 1149 3680 plus
1191 3627 1383 3683 sapere
1433 3630 1591 3686 quam
1631 3626 1849 3687 oportet
1889 3633 2083 3689 sapere

499 3696 676 3767 (Rom.
708 3715 805 3767 xu,
835 3701 914 3773 5).
941 3700 1072 3771 Quis
1118 3705 1261 3760 enim
1285 3721 1427 3773 sum,
1463 3708 1553 3777 qui
1605 3718 1785 3779 putem
1830 3710 2091 3767 deﬁnien-

499 3786 651 3855 dum,
673 3789 812 3864 quod
840 3807 940 3847 nec
963 3793 1279 3865 Apostolum
1300 3798 1455 3853 video
1469 3799 1762 3856 deﬁnisse?
1787 3804 1877 3859 Ait
1901 3804 2043 3860 enim
2070 3824 2085 3862 :
2132 3821 2143 3831 ·

500 3877 691 3933 Mulier
719 3882 932 3957 alligata
972 3892 1064 3950 est,
1095 3888 1335 3962 quamdiu
1362 3889 1437 3943 uir
1462 3890 1571 3960 ejus
1593 3892 1731 3946 vivit.
1763 3894 1881 3950 Non
1910 3894 2043 3952 dixit
2067 3940 2082 3966 ,

499 3970 743 4045 primus;
772 3980 897 4040 aut,
928 3976 1225 4043 secundus;
1256 3987 1367 4045 aut,
1397 3981 1617 4048 tertius;
1649 3993 1760 4052 aut,
1792 3998 2012 4056 quartus
2031 3992 2083 4045 ἐ

498 4060 626 4129 sed,
650 4062 859 4147 Mulier,
885 4065 1075 4140 inquit,
1112 4068 1326 4142 alligata
1361 4082 1457 4141 est,
1496 4074 1740 4145 quamdiu
1764 4078 1841 4132 vir
1865 4081 1975 4150 ejus
2003 4082 2082 4136 ui-

496 4153 569 4206 uit
590 4168 611 4208 :
634 4144 875 4213 siautem
900 4169 1127 4223 mortuus
1148 4161 1303 4230 fuerit
1340 4165 1417 4219 vir
1452 4144 1583 4239 ejus,
1623 4168 1834 4225 liberata
1859 4144 1974 4241 est;
2001 4177 2085 4230 cui

494 4246 603 4307 vult
642 4250 837 4318 nubat,
864 4259 1060 4311 tantum
1106 4254 1160 4314 in
1207 4254 1446 4313 Domino.
1478 4258 1684 4320 Beatior
1711 4275 1880 4322 autem
1900 4267 2013 4335 erit,
2041 4270 2087 4324 si

494 4337 572 4393 sic
593 4343 924 4418 permanserit
955 4343 996 4417 (Ι
1024 4344 1141 4401 Cor.
1170 4362 1262 4412 vu,
1296 4348 1385 4417 39,
1412 4350 1526 4422 40).
1558 4352 1693 4422 Quid
1718 4354 1841 4411 huic
1869 4369 2085 4415 senten-

496 4429 586 4485 tia:
606 4474 620 4498 ,
652 4441 909 4506 quantum
938 4435 1005 4490 ad
1036 4436 1177 4494 hanc
1201 4455 1314 4495 rem
1345 4442 1558 4509 attinet,
1599 4444 1721 4500 addi
1750 4446 1832 4502 vel
1872 4447 2080 4507 detrahi

490 4520 684 4599 possit,
719 4523 927 4592 ignoro.
946 4524 1147 4583 Deinde
1177 4528 1349 4600 ipsum
1378 4547 1592 4608 quoque
1616 4535 1993 4606 Apostolorum
2015 4556 2080 4600 ac

493 4620 739 4674 nostrum
768 4615 1075 4687 Magistrum
1126 4628 1181 4676 et
1231 4620 1515 4679 Dominum
1562 4626 1723 4682 audio
1774 4628 2081 4689 Sadducmis

495 4706 910 4779 respondentem
940 4751 956 4777 ,
1008 4727 1130 4768 cum
1175 4718 1588 4788 proposuissent
1644 4722 1926 4779 mulierem
1971 4741 2077 4786 non

493 4796 762 4857 univiram
784 4800 869 4859 vel
894 4800 1149 4869 biviram,
1194 4805 1331 4873 sed,
1383 4808 1429 4867 si
1464 4808 1568 4864 dici
1614 4820 1812 4881 potest,
1864 4817 2083 4887 septivi-

491 4899 609 4940 ram
630 4927 647 4953 ,
672 4886 727 4942 in
758 4892 1150 4949 resurrectione
1169 4896 1320 4965 cujus
1344 4895 1529 4955 futura.
1548 4910 1693 4960 esset
1713 4919 1867 4959 uxor.
1900 4886 2079 4965 incre-

489 4986 626 5045 pans
655 4976 796 5032 enim
825 4994 950 5047 eos,
981 4984 1055 5037 ait
1080 5001 1094 5037 :
1127 4981 1351 5055 Erratis,
1386 5005 1487 5044 non
1513 4990 1724 5051 scientes
1753 4993 2069 5069 Scripturas,

491 5084 653 5143 neque
671 5069 901 5125 virtutem
924 5071 1040 5128 Dei.
1065 5073 1132 5129 In
1172 5080 1538 5135 resurrectione
1574 5084 1707 5140 enim
1753 5102 1843 5139 nec
1868 5088 2075 5155 nubent,

491 5176 585 5214 nec
621 5177 803 5216 uxores
828 5161 1011 5219 (lucent
1034 5180 1053 5219 :
1078 5182 1179 5221 non
1203 5168 1337 5221 enim
1363 5169 1603 5241 incipient
1631 5176 1779 5240 mori,
1809 5178 1895 5231 sed
1933 5191 2078 5235 erunt

489 5251 709 5321 cquales
734 5252 943 5329 Angelis
962 5253 1059 5310 Dei
1090 5253 1302 5329 (Matth.
1321 5276 1453 5329 xxn,
1471 5261 1541 5317 29
1559 5274 1605 5317 et
1622 5264 1734 5337 50).
1766 5267 1959 5324 Eorum
1979 5270 2080 5325 ita-

490 5360 596 5416 que
618 5347 1061 5403 resurrectionem
1086 5355 1555 5423 commemoravit,
1579 5359 1667 5427 qui
1694 5371 1973 5432 resurgent
2003 5364 2069 5418 ad

488 5439 673 5504 vitam,
702 5452 808 5492 non
836 5439 926 5514 qui
955 5448 1235 5515 resurgent
1262 5442 1328 5497 ad
1369 5459 1602 5513 pinnam.
1635 5448 1814 5505 Potuit
1832 5466 1959 5523 ergo
1986 5453 2069 5508 di-

489 5540 612 5583 cere
631 5568 647 5598 ,
688 5527 892 5587 Erratis
910 5571 926 5596 ,
950 5531 1249 5589 nescientes
1274 5533 1595 5609 Scripturas.
1624 5556 1797 5611 neque
1818 5544 2067 5601 virtutem

488 5619 623 5687 Dei;
650 5621 702 5677 in
734 5621 822 5680 illa
855 5625 996 5681 enim
1024 5626 1418 5684 resurrectione
1456 5631 1767 5689 multinnbre
1804 5636 1919 5692 ista:
1951 5654 2071 5695 esse

553 5776 1339 5857 Ῐ.Υὲἓ“ο,1ί1π¹ξὲν,9ει.φιφεαιιηηνιε
1358 5783 1567 5857 statim.
1592 5800 1703 5841 cum
1737 5788 1832 5843 siut
1863 5790 2064 5857 nume.

491 5835 667 5907 mrtuus
691 5851 813 5907 esse,
835 5835 1009 5907 absunt
1027 5835 1058 5891 'a
1080 5835 1331 5907 plerisque
1355 5835 1459 5898 Mss.

556 5900 573 5929 '
595 5899 715 5949 Libri
735 5902 947 5964 quidam,
961 5910 1045 5954 aut
1065 5899 1365 5970 ᾇυοιιιδίῦεο.

1752 469 1810 527 S.
1850 462 2212 525 AUGUSTINI
2250 464 2547 522 EPiSCOPI
3607 479 3681 536 ιω

2214 594 2320 635 non
2346 589 2595 652 poterunt
2622 600 2635 639 :
2663 580 2856 640 deinde
2882 584 3093 648 addere,
3116 587 3228 658 quia
3254 604 3342 646 nec
3365 592 3513 664 aliqua
3534 594 3589 650 ibi
3615 613 3679 650 na~

2211 671 2309 726 bit.
2330 671 2435 728 Sed
2466 687 2564 728 nec
2593 674 2784 744 ipsam,
2817 684 2875 730 ut
2904 676 3137 732 videmus
3158 720 3172 743 ,
3207 688 3279 735 tot
3302 684 3561 738 maritorum
3588 702 3676 739 mtt-

2210 759 2395 818 lierem
2426 764 2530 819 ulla
2571 779 2683 820 suae
2728 768 3006 823 sententiae
3051 769 3412 841 signiﬁcatione
3452 774 3674 831 damnavit.

2211 852 2544 925 Quapropter
2578 871 2677 912 nec
2703 867 2887 913 contra
2933 847 3173 916 humana:
3196 864 3495 919 verecundia:
3518 880 3677 920 sensum

2210 946 2383 1002 audeo
2415 946 2596 1004 dicere
2617 990 2632 1013 ,
2666 958 2724 1004 ut
2749 950 2958 1021 quoties
2986 951 3243 1018 voluerit,
3266 954 3382 1008 viris
3405 956 3587 1011 mortuis
3608 972 3678 1009 nu-

2209 1035 2301 1093 bat
2324 1036 2519 1093 femina
2552 1057 2568 1096 :
2595 1054 2697 1095 nee
2718 1055 2784 1095 ex
2813 1056 2934 1097 meo
2958 1042 3115 1097 corde
3140 1052 3326 1113 praeter
3346 1043 3585 1115 Scriptura
3597 1061 3683 1099 san-

2209 1136 2310 1183 cta:
2352 1129 2720 1185 auctoritatem
2755 1132 3073 1202 quotaslibet
3102 1135 3118 1166 ί
3141 1134 3343 1204 nuptias
3365 1135 3511 1190 audeo
3543 1135 3683 1190 conde-

2209 1233 2414 1276 mnare.
2445 1220 2601 1287 Quod
2637 1232 2815 1277 autem
2863 1223 2983 1279 dico
3028 1225 3243 1280 univirae
3268 1224 3443 1293 vidua',
3481 1225 3565 1281 hoc
3599 1226 3682 1281 dico

2208 1310 2354 1365 omni
2382 1311 2555 1366 vidua:
2583 1329 2596 1365 :
2622 1311 2827 1367 beatior
2851 1315 2977 1381 eris,
3004 1315 3049 1370 si
3076 1316 3152 1370 sic
3178 1316 3519 1385 permanseris.

2277 1403 2505 1460 CAPUT
2530 1404 2668 1460 XIII.
2691 1406 2873 1462 —16.
2913 1406 3130 1461 Viduam
3149 1407 3348 1461 biviram
3373 1406 3598 1477 aliquando
3614 1423 3685 1460 esse

2208 1495 2575 1567 prmferendam
2599 1494 2830 1553 univira}.
2874 1498 3151 1553 Viduarstm
3180 1499 3346 1554 merita
3372 1515 3430 1554 ex
3455 1499 3581 1568 ipsius
3599 1514 3682 1551 eon-

2207 1588 2429 1644 tinentiw
2472 1590 2659 1646 viribus
2704 1592 2984 1663 pensanda.
3035 1590 3166 1647 Nam
3216 1602 3270 1649 et
3314 1591 3432 1647 illud
3475 1605 3562 1647 non
3595 1590 3683 1644 insi-

2200 1676 2414 1750 pienter
2441 1682 2664 1752 proponi
2689 1684 2863 1751 solet,
2900 1692 2956 1738 ut
2987 1683 3129 1740 dicat
3166 1684 3254 1754 qui
3288 1691 3476 1754 potest,
3505 1695 3682 1751 quanam

2204 1769 2362 1825 vidua
2400 1772 2605 1827 meritis
2641 1772 2975 1843 prmferenda
3013 1774 3083 1829 sit
3123 1790 3138 1828 :
3176 1782 3347 1830 utrum
3384 1772 3684 1839 univira,qu:e

2203 1876 2325 1918 cum
2355 1862 2576 1919 vixisset
2598 1863 2796 1920 diutius
2818 1880 2939 1921 cum
2970 1866 3183 1934 marito,
3214 1865 3334 1921 ﬁliis
3360 1864 3600 1936 procreatis
3618 1860 3687 1914 stl-

2202 1955 2392 2026 visqne
2416 1955 2647 2023 viduata,
2672 1958 3053 2014 continentiam
3082 1958 3316 2029 professa
3343 1967 3444 2023 est;
3467 1970 3524 2010 an
3545 1967 3685 2022 eaque

2203 2046 2602 2104 adoiescentula
2631 2047 2769 2104 intra
2800 2050 2935 2106 duos
2957 2066 3127 2108 annos
3160 2051 3363 2107 amissis
3381 2048 3557 2105 duobus
3573 2046 3683 2105 viris.

2201 2140 2365 2197 nullis
2405 2140 2472 2196 ad
2519 2142 2935 2198 consolationem
2979 2143 3311 2200 exstantibus
3355 2140 3541 2203 liberis,
3573 2135 3688 2191 couti«

2202 2230 2436 2286 nentiam
2464 2232 2574 2286 Deo
2595 2232 2759 2300 vovit,
2781 2240 2837 2289 et
2860 2234 2913 2289 in
2936 2248 2997 2289 ea
3026 2230 3523 2306 perseverantissima
3548 2226 3685 2282 sancti-

2202 2330 2309 2378 tate
2333 2324 2631 2379 consenuit.
2668 2324 2767 2381 Bic
2791 2341 2852 2382 se
2882 2338 3201 2395 exerceant,
3227 2327 3273 2382 si
3310 2331 3535 2397 possunt,
3561 2320 3687 2388 dispu-

2201 2415 2383 2483 tando,
2413 2423 2470 2471 et
2497 2417 2650 2473 nobis
2670 2418 2869 2490 aliquid
2889 2419 3325 2485 demonstrando,
3350 2418 3431 2488 qui
3452 2416 3509 2471 de
3533 2425 3687 2468 numero

2198 2506 2433 2561 virorum
2460 2549 2475 2575 ,
2509 2523 2615 2563 non
2652 2508 2719 2563 de
2756 2510 2923 2579 ipsius
2957 2511 3301 2566 continentia:
3330 2508 3507 2562 viribus
3529 2508 3689 2575 pensant

2198 2602 2389 2655 merita
2416 2598 2716 2656 viduarum.
2747 2601 2803 2657 Si
2829 2603 2973 2657 enim
3002 2603 3274 2669 dixerint,
3307 2601 3375 2656 illi
3415 2598 3567 2654 bivirm
3594 2593 3688 2648 illam

2191 2689 2460 2745 ‘univiram
2485 2703 2609 2747 esse
2637 2691 3023 2762 praeferendam
3046 2712 3062 2759 ;
3083 2694 3185 2749 nisi
3203 2692 3461 2748 attulerint
3481 2683 3689 2758 Specialem

2198 2780 2427 2852 aliquam
2467 2782 2730 2839 rationem
2775 2784 2858 2840 vel
2900 2788 3272 2842 auctoritatem
3298 2825 3314 2852 ,
3354 2780 3561 2854 profecto
3593 2777 3691 2831 iuve-

2197 2872 2413 2929 nientur
2444 2875 2625 2930 virtuti
2668 2876 2831 2931 animi
2870 2892 2975 2933 non
3015 2878 3277 2949 majorem
3304 2876 3528 2931 virtutem
3550 2866 3690 2930 animi,

2196 2964 2292 3021 sed
2335 2967 2514 3022 carnis
2571 2967 2880 3024 felicitatem
2935 2977 3289 3041 anteponere.
3341 2966 3418 3022 Ad
3465 2961 3692 3019 felicitatem

2194 3057 2395 3128 quippe
2433 3059 2611 3114 carnis
2651 3059 2940 3130 pertinuit,
2970 3071 3028 3117 et
3053 3062 3148 3118 diu
3177 3077 3299 3117 cum
3333 3060 3441 3114 viro
3471 3057 3637 3117 virere,
3659 3057 3693 3102 et

2195 3147 2335 3204 ﬁlios
2368 3164 2669 3219 procreare.
2700 3151 2805 3208 Sed
2834 3152 2881 3207 si
2917 3168 3024 3208 non
3054 3169 3177 3211 eam
3206 3154 3277 3209 ob
3310 3152 3409 3207 hoc
3431 3150 3695 3220 praponunl.

2194 3240 2318 3309 quia
2348 3240 2485 3295 ﬁlios
2514 3241 2726 3310 habuit;
2769 3242 3000 3313 idipsum
3032 3255 3188 3301 certe
3211 3242 3351 3316 quod
3382 3242 3466 3297 diu
3497 3252 3593 3293 cum
3621 3233 3698 3284 viro

2192 3334 2357 3399 vixit,
2398 3334 2525 3405 quid
2544 3335 2694 3390 aliud
2721 3351 2880 3407 quam
2906 3339 3099 3393 carnis
3126 3338 3352 3395 felicitas
3376 3331 3496 3391 fuit?
3524 3327 3701 3386 Meritum

2192 3441 2357 3498 porro
2378 3429 2547 3484 Annae
2566 3428 2707 3486 illius
2725 3445 2790 3485 eo
2809 3431 3041 3487 maxime
3059 3430 3481 3493 commendatur,
3506 3423 3602 3495 quia
3618 3429 3701 3473 cum

2192 3526 2301 3573 tam
2325 3519 2432 3574 cito
2454 3520 2738 3577 extulisset
2759 3522 2954 3590 virum,
2985 3538 3085 3593 per
3117 3525 3376 3596 prolixam
3404 3527 3578 3576 aetatem
3594 3521 3703 3567 suam

2192 3612 2284 3668 diu
2311 3628 2433 3668 cum
2460 3629 2622 3670 carne
2646 3614 2919 3682 conﬁixit,
2950 3625 3004 3671 et
3027 3617 3186 3673 vicit.
3226 3617 3316 3674 Sic
3352 3614 3481 3671 enim
3514 3605 3703 3674 millium

2193 3713 2276 3759 est
2305 3722 2319 3758 :
2348 3703 2418 3758 Et
2441 3714 2550 3759 erat
2573 3708 2720 3760 Anna
2756 3707 3074 3776 praphetissa
3112 3709 3229 3778 ﬁlia
3261 3703 3508 3769 Phanuel,
3539 3698 3589 3752 de
3612 3691 3706 3747 trib!

2191 3796 2320 3869 Aser
2349 3812 2370 3853 :
2391 3797 2501 3853 lucc
2522 3810 2830 3869 processerat
2859 3800 2912 3853 in
2940 3801 3121 3856 diebus
3148 3802 3322 3857 multis
3344 3842 3358 3867 ,
3385 3808 3430 3854 et
3452 3796 3609 3850 vixerat
3627 3799 3704 3839 tum

2191 3891 2298 3945 viro
2328 3906 2420 3945 suo
2447 3892 2595 3947 armis
2618 3900 2809 3960 septem
2843 3908 2875 3945 a
2914 3893 3209 3964 virginitate
3236 3909 3363 3960 sua;
3399 3898 3443 3946 et
3480 3887 3570 3941 hcc
3598 3876 3707 3934 υίδπα

2191 3996 2348 4053 usque
2371 3981 2440 4036 ad
2472 3999 2631 4038 annos
2664 3985 2918 4056 octoginta
2940 3994 3198 4056 quatuor,
3230 4002 3344 4058 qua:
3377 4000 3470 4039 non
3492 3971 3708 4034 discedebat

2191 4071 2255 4125 de
2282 4073 2469 4144 templo
2490 4116 2503 4137 ,
2520 4075 2737 4146 jejuniis
2773 4083 2823 4129 et
2856 4075 3291 4133 obsecrationibus
3315 4075 3517 4131 seruiens
3538 4073 3649 4123 nocte
3668 4073 3707 4111 σε

2186 4163 2275 4216 die
2305 4160 2466 4236 (Luc.
2498 4179 2565 4230 ιι,
2607 4165 2710 4230 56,
2756 4163 2884 4234 57).
2921 4165 3083 4222 Vides
3123 4164 3554 4238 quemadmodum
3581 4161 3709 4211 sancta

2190 4254 2347 4311 vidua
2373 4272 2478 4311 non
2507 4257 2679 4312 solum
2706 4273 2773 4313 eo
2804 4258 3130 4329 praedicatur
3172 4262 3315 4333 quod
3346 4257 3537 4314 univira
3570 4245 3710 4306 fuerit.

2186 4352 2375 4402 verum
2402 4347 2560 4403 etiam
2595 4347 2738 4418 quod
2769 4364 2968 4420 paucos
3005 4366 3183 4409 annos
3214 4369 3339 4410 cum
3368 4350 3545 4406 marito
3575 4336 3713 4396 vixerit

2186 4451 2218 4493 ιι
2243 4437 2546 4509 virginitate
2575 4452 2702 4507 sua,
2737 4449 2793 4496 et
2817 4440 3045 4498 vidualis
3088 4442 3440 4500 continentia:
3467 4448 3630 4494 munus
3649 4441 3694 4482 us

2187 4543 2293 4600 que
2335 4528 2404 4584 ad
2448 4538 2648 4585 tantam
2692 4540 3022 4590 senectutem
3067 4542 3222 4591 tanta
3273 4532 3485 4608 pietatis
3522 4524 3718 4584 sortitum

2186 4619 2515 4691 perduxerit.

2255 4709 2483 4768 CAPUT
2511 4710 2653 4769 XIV.
2688 4743 2762 4755 —
2787 4716 2873 4771 17.
2905 4715 3237 4788 Comparatio
3266 4720 3375 4775 alia
3406 4719 3529 4773 inter
3555 4708 3722 4783 triplice!

2184 4800 2382 4856 viduas.
2424 4800 2651 4858 Julianus
2685 4804 2853 4861 vidule
2876 4808 2975 4862 tria
3000 4818 3211 4880 exoptat
3250 4827 3368 4882 qua:
3393 4809 3546 4863 Anna
3565 4801 3720 4874 [uerunt

2184 4897 2336 4951 bona.
2374 4894 2774 4953 Constituamus
2816 4900 2977 4970 igitur
3018 4910 3144 4958 ante
3190 4905 3386 4960 oculos
3432 4909 3626 4957 nostros
3660 4887 3721 4942 vi-

2182 4987 2317 5043 duas
2338 4995 2477 5054 tres,
2506 4988 2765 5046 habentes
2790 4991 2998 5062 singula
3029 5008 3220 5049 eorum
3258 5010 3381 5065 quae
3415 4993 3535 5048 huic
3565 4985 3725 5042 inerant

2184 5080 2364 5135 omnia
2395 5096 2408 5133 :
2440 5094 2596 5134 unam
2626 5096 2884 5150 ponamus
2924 5085 3184 5139 nniviram
3210 5127 3227 5153 ,
3260 5086 3349 5142 cui
3376 5084 3513 5141 desit
3540 5090 3587 5136 et
3620 5081 3728 5130 tan”

2182 5169 2463 5239 prolixitas
2489 5169 2779 5239 viduitatis,
2812 5172 2953 5243 quod
2978 5173 3069 5229 diu
3096 5188 3221 5229 cum
3256 5176 3457 5231 marito
3489 5167 3672 5227 vixerit,
3693 5166 3731 5213 εί

2185 5267 2389 5316 tantum
2418 5260 2652 5317 studium
2678 5263 2911 5333 pietatis,
2938 5265 3081 5335 quod
3112 5280 3222 5320 non
3255 5267 3331 5321 ita
3356 5262 3571 5337 jejuniis
3593 5266 3639 5314 et
3662 5251 3734 5307 ob'

2183 5351 2573 5409 secrationibus
2592 5353 2793 5409 serviat
2824 5371 2839 5409 :
2865 5355 3111 5424 alteram,
3142 5372 3271 5426 qua:
3298 5364 3425 5428 post
3453 5351 3631 5427 prioris
3653 5356 3737 5400 ma-

2183 5442 2273 5497 riti
2293 5442 2663 5499 brevissimam
2682 5445 2867 5512 vitam,
2883 5448 3044 5502 etiam
3068 5449 3371 5505 secundum
3395 5450 3502 5505 cito
3516 5435 3737 5501 amiserit.

2182 5542 2240 5589 et
2261 5534 2511 5591 diuturna
2537 5545 2696 5592 aetate
2720 5538 2791 5592 sit
2813 5538 2971 5595 vidua
2988 5582 3004 5607 ,
3034 5540 3129 5596 sed
3156 5540 3333 5595 etiam
3376 5542 3493 5612 ipsa
3517 5552 3617 5593 non
3645 5540 3739 5584 ωηο

2184 5634 2291 5681 tam
2316 5625 2415 5683 de!
2426 5641 2643 5698 operam
2662 5630 2988 5700 jejuniorum
3018 5642 3074 5688 et
3096 5634 3541 5690 obsecrationem
3564 5621 3743 5695 religio'

2182 5716 2406 5773 sissima:
2426 5720 2709 5775 servituti:
2735 5722 2966 5790 tertiam,
2989 5739 3109 5794 quae
3136 5739 3247 5780 non
3275 5727 3459 5781 solum
3482 5724 3612 5779 duos
3629 5715 3744 5770 viros

2170 5807 2456 5887 habuerit,
2497 5810 2590 5867 sed
2631 5811 2791 5870 etiam
2832 5827 2953 5870 cum
2993 5816 3257 5875 ambobus
3307 5813 3649 5889 singillatim,
3677 5796 3743 5855 *εί

2254 5921 2269 5952 ³
2292 5922 2364 5972 sic
2384 5928 2491 5972 Mss.
2520 5930 2575 5973 At
2590 5922 2725 5985 editi,
2748 5922 3083 5986 quantaslibet.
