3930 6368
236 413 307 475 ω
1425 410 1511 468 DE
1550 408 1727 465 BONO
1770 406 2158 465 VIDUITATIS
2196 408 2414 471 LIBER.

261 544 344 585 cum
369 527 552 598 aliquo
580 539 797 582 eorum
826 526 1048 583 diutius
1080 527 1291 592 vixerit,
1316 532 1369 581 et
1392 525 1689 595 posteriore
1717 531 1872 578 :etate

259 618 459 686 viduata,
488 618 549 673 in
580 633 701 689 qua
734 619 975 690 quidem
1004 620 1049 673 si
1078 617 1279 673 nubere
1302 616 1571 681 voluisset,
1605 623 1785 685 posset
1819 623 1873 669 et

254 707 359 764 ﬁlios
400 724 758 780 procreare,
793 709 1108 779 susceperit
1145 706 1523 763 continentiam
1563 704 1871 766 vidualem:

245 800 309 855 sed
345 800 484 870 plus
518 800 759 855 intenta
796 801 857 855 in
906 801 1114 864 Deum,
1154 800 1271 869 plus
1296 800 1363 853 sit
1395 797 1620 853 sollicita
1650 812 1768 868 qua:
1798 796 1873 850 illi

238 891 477 962 placeant
508 893 771 948 actitare
795 933 811 957 ,
841 892 933 949 die
962 907 1026 946 ac
1053 902 1212 947 nocte
1235 891 1372 945 sicut
1400 890 1552 944 Anna
1574 888 1792 959 jejuniis
1821 894 1876 943 et

230 985 732 1042 obsecrationibus
784 986 1054 1041 serviens.
1105 984 1163 1041 Si
1215 981 1573 1039 contendatur
1626 996 1872 1052 quamam

218 1078 448 1134 istarum
492 1080 579 1135 sit
630 1080 861 1135 meritis
894 1080 1105 1150 potior,
1148 1079 1267 1150 quis
1308 1094 1415 1133 non
1457 1076 1637 1131 videat
1676 1077 1729 1129 in
1773 1075 1875 1129 hoc

210 1173 534 1229 certamine
569 1172 836 1245 palmam
858 1171 1088 1226 dandam
1109 1184 1227 1226 esse
1248 1168 1437 1239 majori
1458 1168 1874 1238 l'erventiorique

202 1269 451 1339 pietati?
482 1269 575 1323 lta
612 1280 675 1324 et
713 1269 765 1324 si
795 1278 906 1324 tres
938 1268 1057 1323 alia:
1092 1266 1504 1330 constituantur,
1532 1266 1724 1336 quibus
1748 1265 1871 1319 illo-

198 1376 320 1415 rum
358 1362 377 1392 ‘
416 1361 621 1415 trium
652 1360 791 1416 bina
832 1361 1028 1423 insint,
1058 1359 1262 1429 singula
1290 1358 1495 1423 desint;
1524 1358 1642 1428 quis
1668 1357 1874 1411 dubitet

195 1468 292 1508 eas
326 1454 649 1508 meliores
677 1453 822 1519 fore,
851 1452 1039 1523 quibus
1068 1450 1462 1522 pra-pollentins
1491 1451 1646 1505 fuerit
1676 1450 1728 1504 in
1758 1449 1872 1503 suis

190 1546 362 1602 bonis
396 1546 663 1600 duobus
694 1546 785 1615 pia
814 1544 1082 1598 humilitas
1103 1586 1116 1609 ,
1144 1553 1197 1597 ut
1218 1543 1323 1597 alta
1354 1544 1419 1596 sit
1448 1541 1659 1611 pietas?

260 1638 372 1694 18.
400 1636 599 1693 Nulla
634 1636 861 1707 quidem
882 1646 1099 1690 tstarum
1122 1651 1215 1690 sex
1240 1635 1517 1689 viduarum
1543 1645 1645 1689 tua:
1667 1648 1871 1688 normze

190 1729 595 1801 adaequatur.
651 1728 737 1781 'l‘n
786 1728 929 1783 enim
972 1727 1016 1781 si
1062 1725 1162 1780 hoc
1207 1734 1389 1781 votum
1433 1725 1501 1779 ad
1540 1733 1868 1780 senectutem

191 1838 390 1893 usque
444 1820 833 1891 perduxeris,
875 1820 1052 1873 omnia
1087 1819 1185 1873 tria
1226 1828 1379 1888 potes
1415 1817 1611 1873 habere
1633 1858 1647 1882 ,
1680 1817 1871 1887 quibus

195 1918 399 1970 Annae
428 1914 723 1968 meritum
756 1910 1023 1967 excelluit.
1048 1911 1179 1966 Nam
1204 1920 1259 1966 et
1288 1926 1450 1965 unum
1482 1910 1649 1964 virum
1680 1908 1868 1964 habui-

198 2008 323 2073 sti,
360 2016 437 2061 et.
477 2020 611 2061 non
652 2006 748 2059 diu
782 2014 950 2060 tecum
985 2004 1117 2060 vixit
1152 2005 1205 2059 in
1248 2019 1409 2061 carne
1443 2022 1455 2057 :
1485 2018 1548 2059 ac
1578 2018 1673 2073 per
1698 2002 1799 2057 hoc
1822 2001 1867 2057 si

210 2103 597 2162 exhibueris
626 2100 970 2155 obedientiam
1000 2098 1178 2155 verbis
1203 2097 1439 2169 Apostoli
1465 2097 1712 2161 dicentis,
1744 2095 1870 2162 Qut:

213 2204 429 2249 autem
463 2209 597 2246 me
626 2192 778 2247 vidua
797 2201 930 2245 estet
952 2190 1203 2257 desolata,
1230 2190 1445 2261 speravit
1470 2188 1524 2243 in
1552 2188 1825 2242 Dominum
1848 2230 1865 2254 ,

211 2297 270 2346 et
314 2284 589 2359 persistit
621 2286 643 2314 '
666 2284 722 2337 in
763 2284 1066 2337 orationibus
1112 2292 1257 2337 nocte
1289 2298 1349 2335 ac
1385 2281 1500 2347 die;
1545 2290 1704 2350 atque
1739 2280 1867 2335 illud

210 2376 381 2449 quod
415 2376 695 2444 sequitur
723 2374 900 2429 sobria
927 2374 1197 2447 vigilantia
1224 2372 1548 2429 devitaveris
1570 2413 1584 2439 ,
1618 2370 1744 2437 Quia
1772 2386 1869 2424 au-

213 2478 316 2523 tem
351 2470 417 2522 in
453 2468 665 2521 diliciis
695 2469 834 2538 agit,
857 2468 1021 2520 vivens
1052 2476 1251 2520 mortua
1273 2476 1345 2521 est
1370 2468 1388 2538 (
1410 2464 1428 2518 l
1454 2464 1585 2518 Tim.
1608 2480 1661 2531 v,
1692 2465 1747 2532 5,
1772 2462 1863 2537 6):

217 2562 418 2617 omnia
457 2562 559 2617 illa
593 2562 701 2616 tria
729 2562 865 2617 bona
886 2578 1003 2631 qute
1028 2562 1195 2615 Anna:
1224 2558 1456 2623 fuerunt,
1490 2566 1546 2614 et
1564 2565 1654 2613 tua
1684 2567 1862 2614 erunt.

218 2650 345 2707 'l'ibi
377 2663 591 2707 autem
622 2660 754 2705 sunt
791 2660 848 2706 et
888 2651 1002 2715 ﬁlii,
1041 2666 1173 2721 quos
1211 2648 1348 2704 forte
1372 2648 1461 2703 illa
1499 2664 1604 2703 non
1633 2646 1818 2702 habuit
1849 2664 1863 2701 :

223 2760 325 2799 nec
360 2744 508 2798 ideo
536 2742 817 2797 laudanda
848 2756 907 2797 es
928 2785 944 2807 ,
971 2742 1091 2812 quia
1127 2756 1222 2797 eos
1249 2740 1451 2808 habes,
1489 2740 1583 2796 sed
1622 2740 1743 2812 quia
1782 2740 1867 2810 pie

226 2835 455 2888 nutrire
483 2843 659 2904 atque
686 2830 920 2888 educare
948 2832 1149 2887 studes.
1176 2831 1246 2887 Ut
1273 2833 1418 2886 enim
1452 2831 1543 2886 tibi
1576 2845 1865 2886 nasceren-

234 2934 364 2991 tur,
398 2925 798 2991 fecunditatis;
827 2932 887 2980 ut
912 2926 1121 2989 vivant,
1146 2923 1413 2979 fclicitatis
1438 2930 1521 2977 est
1554 2940 1569 2977 :
1597 2931 1655 2977 ut
1686 2931 1864 2977 autem

237 3020 318 3074 sic
354 3020 762 3083 instituantur,
787 3017 1075 3070 voluntatis
1115 3024 1170 3071 et
1208 3015 1505 3085 potestatis.
1549 3013 1607 3067 In
1640 3014 1742 3068 illis
1770 3013 1865 3068 tibi

237 3110 510 3167 homines
538 3108 885 3180 gratulentur
905 3107 947 3174 ³,
973 3106 1025 3161 in
1052 3106 1154 3161 hoc
1177 3115 1227 3164 te
1259 3106 1549 3162 imitentur.
1583 3105 1734 3159 Anna
1766 3119 1866 3174 per

245 3201 644 3272 pmpheticam
670 3198 694 3231 ⁸
732 3198 1011 3256 scientiam
1039 3198 1284 3268 cognovit
1320 3196 1461 3268 apud
1499 3204 1724 3252 matrem
1753 3197 1863 3250 vir-

248 3292 437 3361 ginem
474 3290 795 3355 Christum;
841 3299 891 3345 te
932 3289 1231 3359 evangelica
1261 3288 1431 3359 gratia
1474 3287 1600 3343 fecit
1640 3297 1865 3343 matrem

252 3383 485 3453 virginis
504 3379 734 3437 Christi.
757 3381 851 3435 illa
876 3381 1052 3453 itaque
1072 3388 1256 3436 sancta
1278 3381 1447 3451 virgo,
1473 3394 1629 3450 quam
1648 3379 1865 3435 Christo

258 3476 545 3530 volentem
574 3481 630 3528 et
655 3481 925 3543 petentem
960 3472 1245 3537 obtulistis,
1278 3472 1580 3527 vidualibus
1600 3470 1731 3525 avia:
1755 3486 1867 3525 ma-

270 3569 480 3637 trisque
504 3567 707 3621 meritis
733 3566 936 3620 addidit
960 3564 1159 3635 aliquid
1188 3564 1255 3619 de
1279 3566 1471 3619 merito
1496 3563 1737 3635 virginali
1760 3562 1863 3633 (ιι).

277 3655 406 3713 Non
434 3658 575 3711 enim
596 3658 722 3712 nihil
746 3656 871 3712 inde
896 3656 1117 3722 habetis,
1145 3671 1263 3730 quae
1292 3655 1430 3710 hanc
1460 3655 1667 3711 habetis
1696 3674 1708 3709 :
1738 3657 1864 3710 etin

280 3748 368 3803 illa
397 3749 550 3813 estis,
580 3748 714 3818 quod
737 3750 789 3802 in
820 3747 973 3802 vobis
998 3762 1101 3801 non
1129 3748 1277 3803 estis.
1305 3747 1436 3802 Nam
1464 3757 1521 3803 ut
1546 3756 1731 3803 sancta
1755 3748 1865 3803 vir-

283 3839 471 3909 ginitas
493 3838 822 3894 adimeretur
842 3837 1165 3894 nubentibus
1193 3838 1365 3903 vobis,
1389 3838 1510 3894 ideo
1535 3839 1732 3895 factum
1760 3847 1863 3907 est,

288 3940 341 3985 ut
361 3942 673 3987 nasceretur
697 3948 759 3986 es
791 3932 965 3986 vobis.

353 4024 575 4080 CAPUT
604 4024 720 4078 XV.
750 4053 823 4063 -—
852 4023 939 4078 19.
973 4021 1220 4095 Epilogus
1241 4023 1577 4092 superiorum.
1602 4021 1731 4077 Hmc
1761 4022 1866 4077 ita-

298 4130 387 4185 que
409 4117 472 4171 de
496 4116 703 4171 meritis
743 4115 970 4170 diversis
1003 4115 1402 4185 conjugatarum
1430 4114 1866 4184 diversarumque

298 4206 557 4261 viduarum
581 4208 681 4262 hoc
712 4222 877 4277 Opere
900 4222 1004 4260 non
1033 4206 1384 4276 disputarem,
1409 4206 1452 4260 si
1481 4206 1535 4260 id
1562 4205 1704 4276 quod
1724 4205 1790 4261 ad
1814 4215 1867 4261 te

298 4298 479 4365 scribo,
503 4298 595 4353 tibi
618 4298 985 4352 tantummodo
1006 4297 1314 4353 scriberem.
1343 4296 1447 4352 Sed
1470 4296 1719 4366 quoniam
1740 4305 1866 4353 sunt

300 4392 521 4463 quadam
553 4392 607 4446 in
633 4391 736 4447 hoc
757 4407 955 4462 genere
979 4392 1243 4446 sermonis
1264 4389 1589 4445 difﬁcillimae
1609 4390 1866 4460 quaestio-

303 4496 408 4549 nes,
434 4482 626 4553 aliquid
656 4482 884 4553 amplius
907 4497 1066 4553 quam
1096 4481 1236 4552 quod
1266 4480 1332 4535 ad
1374 4492 1424 4536 te
1452 4480 1665 4550 proprie
1699 4481 1867 4550 perti-

305 4586 399 4645 net,
430 4577 601 4633 dicere
630 4578 794 4643 volui,
826 4584 1043 4649 prOpter
1071 4575 1327 4647 quosdam
1353 4574 1442 4645 qui
1469 4573 1567 4628 sibi
1590 4573 1731 4628 docti
1760 4589 1867 4628 non

304 4667 546 4735 videntur,
576 4669 678 4723 nisi
702 4669 905 4722 alienos
935 4666 1147 4722 labores
1173 4682 1276 4721 non
1294 4665 1587 4736 judicando
1608 4674 1869 4721 conentur

303 4758 567 4827 discutere,
584 4762 680 4816 sed
704 4760 985 4816 lacerando
1005 4759 1354 4815 conscindere
1379 4776 1392 4812 :
1415 4758 1611 4813 deinde
1633 4758 1866 4812 utetiam

304 4858 349 4905 tn
373 4852 477 4921 ipsa
505 4867 610 4908 non
632 4853 806 4907 solum
842 4866 1025 4907 serves
1048 4851 1189 4921 quod
1220 4850 1439 4915 vovisti,
1470 4858 1524 4906 et
1548 4850 1599 4904 in
1627 4864 1693 4904 eo
1728 4850 1869 4904 bono

302 4944 558 5014 proﬁcias;
581 4961 766 5001 verum
788 4946 946 5000 etiam
971 4942 1276 5014 diligentius
1298 4942 1607 5012 ﬁrmiusque
1632 4940 1865 5007 noveris,

300 5034 423 5090 idem
450 5036 651 5093 bonum
681 5044 827 5091 tuum
858 5052 961 5091 non
993 5051 1023 5089 a
1053 5036 1193 5090 malo
1234 5036 1537 5107 nuptiarum
1579 5034 1866 5104 distingui,

296 5129 379 5181 sed
406 5130 548 5185 bono
588 5133 893 5200 nuptiarum
936 5128 1207 5199 anteponi.
1251 5128 1381 5184 Nam
1414 5129 1502 5199 qui
1535 5128 1869 5183 viduatarum

292 5222 598 5279 feminarum
646 5225 857 5294 nuptias
900 5224 1184 5291 damnant,
1231 5223 1440 5278 etiamsi
1486 5221 1869 5277 continentiam

350 5429 365 5458 ¹
384 5434 429 5476 to
450 5434 576 5485 5155.,
601 5426 817 5477 illarum.

349 5490 368 5554 ξ
390 5490 461 5539 Sic
480 5492 697 5554 potiores
717 5497 825 5538 uss.
862 5491 1001 5554 juxta
1029 5501 1259 5554 graecum,
1276 5488 1473 5554 Δἐιρίιίεη
1488 5486 1574 5554 _ep‘t
1595 5487 1674 5539 ton
1699 5486 1870 5548 Theon,

290 5547 367 5619 ι’έά
402 5547 689 5614 arma
732 5559 789 5601 At
822 5547 977 5612 editi,
1026 5547 1644 5615 Eperabitiu'Domin'um,
1682 5554 1727 5599 et
1759 5547 1871 5614 per;

514 5674 666 5725 αωο
679 5683 813 5749 [ΡΥτν
838 5673 1161 5749 9'
1392 5735 1404 5749 .
1452 5735 1483 5749 -.

348 5738 367 5767 ⁸
387 5738 531 5800 anu,
566 5735 860 5802 prophetiae:
890 5738 1056 5799 Aptius
1086 5743 1190 5786 Mss.
1211 5773 1226 5798 ,
1264 5735 1608 5802 propheticum.

344 5822 414 5888 _(a)
445 5823 589 5888 virgo
946 5819 1217 5888 cujusayja
1254 5820 1401 5888 multa
1434 5818 1672 5881 Faltouia,
1720 5823 1871 5869 mater

285 5882 477 5933 Iuliana.
498 5879 581 5933 adi
608 5879 847 5946 ejistolas
863 5879 1111 5943 AuguStini
1136 5879 1220 5931 130
1243 5888 1293 5932 et
1321 5882 1337 5931 l

3470 418 3578 478 με

1984 535 2131 574 suam
2159 522 2440 578 multarum
2465 564 2480 585 .
2512 524 2701 595 quibus
2729 534 2783 581 tu
2810 528 2974 584 uteris
2995 571 3009 598 ,
3041 545 3220 585 rerum
3249 531 3569 589 abstinentia

1984 613 2294 669 mirabiliter
2318 624 2373 671 et
2398 616 2667 672 ferventer
2693 631 3013 688 exerceant,
3044 638 3148 677 non
3175 622 3295 679 ideo
3328 633 3377 680 te
3404 625 3568 680 sedu-

1982 713 2138 769 cant,
2170 714 2227 760 ut
2270 708 2470 762 sentias
2513 709 2654 779 quod
2702 711 2978 781 sentiunt,
3012 716 3219 770 etiamsi
3263 716 3566 774 facerenon

1982 797 2155 865 possis
2171 798 2309 868 quod
2329 798 2545 855 faciunt.
2568 800 2737 857 Nemo
2762 804 2905 858 enim
2926 806 3036 859 vult
3059 822 3178 862 esse
3197 808 3560 878 phreneticus,

1981 887 2192 942 etiamsi
2224 889 2401 945 videat
2436 892 2729 961 phrenetici
2764 894 2905 949 vires
2932 895 3135 952 viribus
3164 914 3415 954 sanorum
3444 916 3566 958 esse

1982 975 2253 1034 fortiores.
2310 981 2581 1053 Przecipue
2628 985 2786 1055 igitur
2822 986 3069 1041 doctrina
3108 1004 3234 1044 sana
3272 992 3562 1049 bonitatem

1982 1070 2239 1141 propositi
2285 1082 2339 1128 et
2378 1085 2533 1131 ornet
2568 1085 2623 1132 et
2658 1079 2879 1134 muniat.
2922 1079 3049 1135 lude
3078 1090 3162 1136 est
3187 1083 3381 1154 quippe
3422 1087 3564 1155 quod

1980 1161 2257 1218 catholica:
2295 1164 2509 1222 femina:
2550 1168 2709 1223 etiam
2755 1171 2949 1239 smpius
2990 1182 3168 1244 nupta:
3192 1216 3208 1241 ,
3242 1189 3348 1230 non
3388 1177 3562 1233 solum

1980 1252 2201 1309 univiris
2228 1255 2405 1311 viduis
2425 1299 2439 1322 ,
2472 1257 2569 1314 sed
2596 1269 2651 1316 et
2677 1260 2970 1332 virginibus
3005 1263 3378 1321 haereticorum
3418 1269 3565 1337 justo

1973 1343 2177 1413 judicio
2206 1348 2579 1417 praeferuntur.
2612 1353 2759 1407 Multi
2785 1364 2912 1409 sunt
2936 1357 3149 1426 quidem
3176 1358 3243 1414 de
3273 1359 3357 1414 his
3388 1362 3558 1417 tribus

1978 1435 2157 1503 rebus,
2184 1439 2436 1509 conjugii,
2462 1440 2734 1499 viduitatis
2758 1451 2813 1500 et
2842 1446 3176 1517 virginitatis,
3200 1450 3559 1520 quzestionum

1977 1527 2147 1595 sinus,
2177 1530 2355 1585 multa:
2381 1533 2756 1603 perplexitates
2787 1554 2801 1590 :
2832 1536 3025 1606 quibus
3053 1537 3372 1609 disputando
3399 1557 3563 1612 pene-

1978 1619 2178 1674 trandis
2204 1621 2287 1676 vel
2313 1621 2666 1679 dissolvendis
2685 1667 2700 1693 ,
2730 1633 2786 1681 et
2813 1627 3015 1698 majore
3044 1644 3171 1683 cura
3202 1646 3337 1701 opus
3364 1641 3481 1700 est,
3507 1642 3563 1688 et

1976 1710 2275 1780 copiosiorc
2305 1728 2581 1781 sermone;
2622 1726 2680 1771 ut
2704 1718 2788 1772 vel
2820 1718 2872 1774 in
2901 1720 3147 1776 omnibus
3180 1722 3258 1778 eis
3292 1735 3439 1780 recte
3467 1740 3557 1779 sa-

1975 1802 2182 1871 piamus
2203 1845 2218 1871 ,
2246 1805 2332 1860 vel
2353 1805 2397 1861 si
2426 1806 2553 1877 quid
2588 1807 2743 1864 aliter
2776 1810 3049 1881 sapimus,
3083 1812 3133 1867 id
3165 1828 3375 1885 quoque
3405 1815 3562 1871 nobis

1975 1892 2117 1947 Deus
2154 1896 2372 1951 revelet.
2414 1888 2822 1965 Verumtamen,
2853 1902 2993 1972 quod
3022 1904 3182 1960 etiam
3224 1904 3330 1961 illic
3372 1922 3562 1964 conse-

1974 1995 2200 2054 quenter
2239 1986 2367 2041 dicit
2410 1990 2726 2058 Apostolus,
2755 1990 2822 2047 In
2847 1994 2982 2064 quod
3012 1997 3355 2066 pervenimus,
3398 2000 3453 2054 in
3491 2016 3550 2054 eo

1972 2077 2285 2132 ambulemus
2308 2078 2562 2151 (Philipp.
2590 2097 2667 2149 ιιι,
2698 2084 2787 2152 15,
2822 2085 2932 2155 l6).
2964 2087 3309 2145 Pervenimus
3334 2099 3515 2147 autem
3536 2132 3554 2159 ,

1973 2167 2114 2238 quod
2144 2168 2211 2223 ad
2242 2169 2380 2225 hanc
2410 2187 2548 2241 rem,
2578 2174 2645 2229 de
2668 2191 2771 2245 qua
2798 2177 3087 2247 loquimur,
3109 2181 3318 2247 attinet,
3346 2192 3406 2237 ut
3431 2198 3562 2238 con-

1974 2260 2249 2316 tinentiam
2281 2264 2527 2335 conjugio
2552 2280 2943 2335 praeponamus,
2975 2280 3213 2326 sanctam
3241 2287 3369 2327 vero
3396 2273 3561 2343 virgi-

1971 2350 2193 2407 nitatem
2237 2354 2398 2408 etiam
2450 2356 2795 2411 continentia:
2844 2357 3074 2425 viduali;
3126 2368 3181 2415 et
3234 2376 3303 2416 ne
3355 2362 3559 2433 aliquas

1972 2442 2206 2513 nuptias,
2245 2459 2365 2515 qua:
2395 2453 2569 2499 tamen
2602 2460 2709 2500 non
2734 2447 2991 2503 adulteria
3012 2491 3027 2517 ,
3057 2450 3151 2504 sed
3183 2452 3377 2521 nuptim
3400 2461 3554 2517 sunt,

1971 2537 2254 2605 cujuslibet
2280 2538 2448 2592 nostri
2471 2548 2844 2595 nostrorumve
2866 2542 3124 2610 propositi
3152 2543 3306 2599 laude
3332 2542 3558 2599 damne-

1971 2644 2111 2683 mus.
2143 2628 2305 2683 Multa
2344 2630 2447 2683 alia
2483 2629 2552 2686 de
2590 2630 2705 2686 istis
2750 2631 2911 2687 rebus
2936 2632 3075 2688 dicta
3103 2644 3227 2688 sunt
3255 2650 3285 2687 a
3311 2634 3463 2689 nobis
3504 2636 3556 2689 in

1970 2722 2107 2777 libro
2132 2721 2200 2776 de
2226 2722 2377 2777 Bono
2403 2722 2678 2794 Conjngali
2699 2765 2713 2789 ,
2745 2733 2800 2779 et
2828 2724 2882 2780 in
2921 2726 3027 2779 alio
3064 2725 3201 2780 libro
3229 2727 3245 2757 ²
3270 2724 3335 2780 de
3363 2724 3556 2780 Sancta

1971 2812 2322 2884 Virginitate;
2373 2822 2427 2870 et
2478 2816 2532 2869 in
2590 2830 2754 2884 opere
2807 2815 2947 2886 quod
2994 2815 3252 2872 adversus
3300 2815 3555 2871 Faustum

1969 2905 2315 2961 Manichmum
2354 2914 2554 2976 quanto
2583 2908 2852 2977 potuimus
2880 2908 3063 2964 labore
3090 2909 3505 2980 conscripsimus
3540 2926 3554 2963 :

1975 2998 2224 3069 quoniam
2254 2998 2678 3054 Patriarcharum
2704 3008 2758 3055 et
2786 3000 3171 3070 Prophetarum
3192 3009 3340 3056 casta
3365 3002 3544 3071 conju-

1971 3090 2058 3160 gia
2084 3089 2482 3145 mordacissime
2513 3091 2956 3161 reprehendendo
2994 3092 3209 3162 scriptis
3238 3093 3349 3149 suis
3370 3134 3385 3159 ,
3418 3107 3556 3164 quo-

1950 3180 2213 3237 ‘rumdam
2241 3181 2573 3237 indoctorum
2607 3183 2814 3239 animos
2842 3200 2873 3239 a
2901 3183 3026 3239 ﬁdei
3053 3186 3282 3239 sanitate
3306 3185 3554 3240 detorsit.
3627 3180 3633 3189 ’

2040 3271 2265 3329 CAPUT
2294 3272 2432 3329 XVI.
2456 3305 2526 3313 —
2544 3274 2632 3330 20.
2656 3273 2788 3330 Pars
2808 3278 3039 3347 opusculi
3060 3277 3281 3331 secunda
3303 3278 3558 3347 pertinens

1971 3365 2039 3418 ad
2067 3364 2482 3419 exhortationem.
2514 3364 2885 3421 Continentiam
2919 3384 3025 3422 esse
3058 3367 3247 3421 donum
3278 3365 3392 3421 Dei.
3423 3366 3556 3423 Pro-

1971 3457 2096 3512 inde
2125 3458 2374 3527 quoniam
2402 3456 2453 3511 in
2481 3457 2703 3513 exordio
2730 3457 2887 3528 hujus
2907 3459 3151 3529 opusculi
3178 3458 3284 3512 duo
3309 3457 3554 3528 quaedam

1971 3549 2271 3603 necessaria
2286 3556 2745 3618 proposueram,et
2756 3548 3089 3619 exsequenda
3104 3549 3373 3620 pollicitus
3384 3564 3553 3614 eram;

1972 3654 2138 3693 unum
2164 3638 2305 3708 quod
2329 3638 2397 3693 ad
2422 3638 2718 3694 doctrinam
2741 3682 2754 3703 ,
2782 3641 3009 3695 alterum
3040 3640 3181 3711 quod
3208 3640 3275 3694 ad
3305 3640 3558 3695 exhorta-

1971 3730 2171 3785 tionem
2203 3732 2467 3800 pertinet;
2499 3741 2552 3787 et
2579 3732 2741 3802 priori
2768 3733 2929 3804 parti,
2962 3744 3019 3787 ut
3051 3733 3215 3804 potui,
3244 3748 3344 3805 pro
3373 3748 3557 3789 suscea

1970 3830 2063 3890 pto
2098 3822 2310 3891 negotio
2337 3836 2441 3878 non
2468 3822 2609 3877 defui
2644 3840 2657 3877 :
2689 3823 2753 3877 ad
2784 3822 3211 3878 exhortationem
3242 3824 3552 3890 veniamus,

1972 3921 2032 3967 ut
2054 3911 2194 3982 quod
2230 3912 2429 3967 bonum
2463 3912 2749 3983 prudenter
2780 3914 2963 3980 scitur,
2997 3916 3158 3969 etiam
3188 3914 3437 3987 diligatur
3465 3932 3556 3971 ar-

1971 4002 2183 4058 denter.
2208 4002 2321 4070 Qua
2350 4003 2400 4057 in
2426 4019 2484 4057 re
2509 4004 2654 4073 prius
2678 4004 2803 4059 illud
2832 4020 3044 4071 moneo,
3070 4015 3128 4061 ut
3149 4016 3555 4076 quantamcum-

1970 4111 2074 4165 que
2107 4095 2200 4150 tibi
2242 4096 2419 4150 inesse
2453 4096 2619 4150 sentis
2660 4096 2760 4166 pia:
2788 4098 3135 4153 continentia:
3177 4098 3549 4164 dilectionem,

1972 4186 2233 4241 beneﬁcio
2263 4186 2354 4240 Dei
2386 4186 2609 4251 tribuas,
2639 4188 2793 4257 eique
2816 4188 3013 4259 gratias
3042 4204 3192 4259 agas,
3220 4191 3309 4260 qui
3346 4191 3415 4246 de
3435 4190 3557 4260 Spi-

1971 4279 2073 4333 ritu
2100 4291 2199 4332 suo
2222 4276 2317 4330 tibi
2347 4285 2551 4330 tantum
2588 4276 2807 4347 largitus
2834 4287 2936 4344 est,
2971 4288 3028 4333 ut
3051 4279 3169 4349 ejus
3198 4280 3250 4334 in
3276 4281 3436 4336 corde
3464 4292 3556 4337 tuo
3580 4275 3584 4280 ’

1973 4372 2233 4428 charitate
2260 4370 2472 4438 diﬁ‘usa,
2495 4371 2656 4427 licitae
2682 4373 2759 4427 rei
2784 4372 3052 4427 licentiam
3076 4374 3168 4428 tibi
3192 4389 3343 4428 amor
3363 4374 3555 4429 melio-

1973 4466 2049 4520 ris
2071 4464 2196 4519 boni
2216 4464 2469 4519 auferret.
2496 4463 2721 4518 Donavit
2743 4463 2884 4518 enim
2908 4480 2974 4519 ne
2995 4465 3186 4519 liberet
3208 4465 3412 4520 nubere
3432 4480 3555 4519 cum

1972 4557 2179 4621 liceret,
2212 4564 2269 4609 ut
2287 4554 2396 4626 jam
2424 4571 2529 4610 non
2553 4555 2737 4610 liceret
2762 4543 2793 4587 ¹’
2810 4556 3019 4610 etiamsi
3042 4556 3265 4621 liberet;
3288 4565 3343 4611 et
3364 4570 3428 4610 ex
3454 4553 3557 4611 hoc

1974 4649 2181 4705 ﬁrmius
2205 4664 2309 4703 non
2334 4649 2552 4714 liberet,
2584 4665 2652 4703 ne
2683 4647 2835 4703 ﬁeret
2862 4647 3003 4718 quod
3031 4663 3137 4702 non
3167 4647 3385 4717 liceret,
3415 4649 3557 4719 quod

1974 4741 2169 4796 factum
2194 4755 2300 4794 non
2325 4750 2408 4794 est
2432 4739 2591 4795 etiam
2628 4753 2750 4793 cum
2784 4739 2967 4794 liceret
2995 4756 3008 4791 :
3035 4748 3350 4809 tantumque
3378 4754 3556 4793 mere-

1974 4836 2112 4890 reris
2144 4834 2301 4889 vidua
2327 4833 2525 4889 Christi
2550 4875 2563 4898 ,
2602 4842 2659 4888 ut
2689 4833 2847 4887 ﬁliam
2877 4848 3090 4903 quoque
3116 4832 3138 4865 ³
3163 4832 3372 4888 videres
3400 4832 3561 4904 virgi-

1975 4941 2100 4981 nem
2127 4925 2325 4980 Christi
2358 4942 2371 4979 ε
2394 4924 2521 4978 dum
2544 4924 2688 4977 enim
2712 4932 2768 4978 tu
2790 4938 2913 4978 oras
2938 4925 3077 4979 sicut
3101 4924 3276 4990 Anna,
3310 4922 3445 4978 facta
3476 4935 3559 4980 est

1976 5018 2065 5074 illa
2093 5016 2236 5088 quod
2270 5016 2453 5071 Maria.
2500 5014 2626 5070 Haec
2669 5015 2809 5070 dona
2851 5014 2943 5069 Dei
2990 5030 3111 5070 esse
3148 5026 3348 5085 quanto
3390 5014 3561 5084 magis

1977 5108 2141 5169 nosti,
2173 5117 2322 5161 tanto
2374 5106 2541 5176 magis
2584 5120 2644 5161 es
2689 5106 2889 5162 eisdem
2918 5106 3072 5161 donis
3097 5106 3249 5161 beata
3279 5124 3293 5160 :
3326 5107 3432 5160 imo
3460 5106 3561 5159 ali-

1977 5209 2061 5256 ter
2087 5215 2193 5254 non
2224 5213 2285 5254 es
2304 5239 2319 5264 ,
2348 5198 2450 5252 nisi
2480 5198 2623 5268 quod
2656 5197 2821 5255 habes
2847 5198 2994 5254 noris
3023 5190 3189 5269 aquo
3215 5198 3431 5253 habeas.
3460 5198 3560 5251 At-

1978 5292 2139 5349 tende
2181 5293 2324 5347 enim
2366 5292 2493 5362 quid
2541 5292 2609 5347 de
2657 5292 2756 5348 hac
2805 5309 2864 5347 re
2908 5293 3197 5362 Apostolus
3242 5290 3374 5346 dixit
3406 5309 3421 5344 :
3450 5287 3564 5344 Nos

1978 5396 2145 5439 autem
2170 5402 2269 5438 non
2298 5384 2531 5453 spiritum
2555 5384 2705 5455 hujus
2727 5384 2904 5437 mundi
2932 5385 3218 5451 accepimus
3239 5425 3253 5450 ,
3276 5382 3366 5437 sed
3392 5381 3566 5453 Spiri-

1980 5484 2085 5530 tum
2106 5475 2191 5546 qui
2212 5491 2272 5528 ea:
2296 5473 2406 5527 Deo
2435 5482 2541 5540 est;
2581 5484 2635 5528 ut
2662 5474 2882 5528 sciamus
2907 5489 3020 5543 qua:
3046 5489 3078 5525 a
3105 5471 3212 5527 Deo
3237 5473 3423 5526 donata
3449 5478 3567 5525 sunt

2046 5632 2061 5697 ξ
2088 5629 2239 5679 Editio
2261 5635 2336 5678 Er.
2358 5628 2460 5697 sola
2473 5630 2667 5697 omittit,
2690 5628 2883 5697 tleBono
2902 5626 3153 5697 conjugali
3174 5632 3220 5678 et
3242 5625 3295 5676 in
3315 5625 3411 5675 alio
3425 5622 3568 5678 libro.

2043 5693 2224 5757 mss,
2240 5704 2352 5757 cum
2373 5690 2555 5751 liceret,
2573 5700 2618 5742 et
2635 5697 2685 5741 ut
2700 5690 2809 5753 jam
2830 5703 2925 5739 non
2949 5688 3127 5738 ticer'et.
3239 5748 3250 5757 _
3386 5756 3389 5757 ν
3512 5748 3523 5757 θ

2046 5756 2067 5786 ³
2084 5748 2420 5817 δίιειιριιξιῆςιιιιεΔ
2433 5748 2609 5817 tussiat
2626 5748 2758 5810 me,
2774 5757 2999 5812 tantaque
3018 5748 3360 5817 morereris,_ut
3375 5756 3419 5817 te
3438 5748 3572 5799 exis-

1981 5821 2105 5882 tente
2128 5813 2284 5882 vidua
2305 5813 2679 5882 Christi,_ﬁliam
2708 5824 2911 5882 quoque,
2938 5818 3034 5882 etc.
3056 5813 3269 5882 Δκίειιὶςειιιι
3296 5813 3426 5882 libri,
3451 5817 3502 5882 ut
3521 5818 3569 5862 te

1983 5877 2215 5930 existente
2239 5875 2386 5929 vidua
2398 5870 2592 5939 Christi,
2616 5870 2747 5941 virgo
2763 5870 2908 5927 etiam
2929 5870 3066 5937 ﬁeret
3080 5880 3163 5925 tua
3184 5870 3288 5937 ﬁlia
3310 5872 3503 5926 Christi.
