3930 6368
480 381 581 451 ιιιό

477 493 620 547 nobis
652 489 708 562 (1
736 490 850 545 Cor.
889 505 961 551 ιι,
992 484 1109 555 l9).
1144 481 1289 538 Multi
1318 481 1512 550 quippe
1543 478 1740 531 habent
1768 476 1931 530 multa
1965 474 2061 529 Dei

478 586 616 637 dona
637 624 651 646 ,
675 591 727 636 ct
756 577 1043 634 nesciendo
1069 591 1098 629 a
1126 591 1231 645 qua
1271 572 1502 638 habent,
1534 570 1695 639 impia
1729 569 1957 621 vanitate
1981 565 2061 635 ja-

478 680 711 726 ctantur.
754 669 922 724 Nemo
960 676 1043 724 est
1079 675 1255 720 autem
1287 663 1442 717 donis
1473 660 1567 716 Dei
1599 660 1788 715 beatus
1809 700 1823 723 ,
1853 658 1941 729 qui
1971 656 2066 711 do-

480 764 629 819 nanti
662 761 847 817 existit
873 760 1131 831 ingratus.
1164 756 1299 824 Quia
1328 762 1381 808 et
1406 752 1536 807 illud
1565 751 1706 822 quod
1747 751 1888 805 inter
1914 764 2065 805 sacra

481 856 735 928 mysteria
758 869 852 909 cor
872 852 1071 907 habere
1098 864 1310 906 sursum
1333 848 1610 917 jubemur,
1643 845 1760 915 ipso
1782 842 2068 914 adjuvante

482 949 535 1004 id
567 948 833 1011 valemus,
865 960 970 1015 quo
996 944 1215 1014 juhente
1240 941 1592 996 admonemur
1620 955 1633 992 :
1666 947 1720 992 et
1743 938 1862 991 ideo
1891 936 2065 1006 sequi-

484 1051 589 1103 tur,
624 1046 684 1092 ιιι
711 1037 776 1092 de
801 1036 901 1091 hoc
933 1043 1079 1091 tanto
1109 1034 1251 1088 bono
1276 1047 1489 1087 sursum
1522 1030 1679 1086 levati
1715 1029 1893 1083 cordis
1913 1069 1928 1095 ,
1964 1043 2067 1083 non

485 1129 639 1184 nobis
660 1127 885 1199 gloriam
916 1126 1065 1196 quasi
1091 1134 1391 1180 nostrarum
1413 1123 1606 1178 virium
1633 1120 1950 1187 tribuamus,
1974 1117 2069 1174 sed

484 1220 711 1273 Domino
736 1220 845 1274 Deo
881 1227 1065 1273 nostro
1092 1216 1287 1288 gratias
1314 1229 1553 1286 agamus.
1583 1213 1694 1267 IIoc
1725 1212 1866 1268 enim
1895 1212 2072 1266 conti-

484 1326 592 1365 nuo
618 1325 1041 1376 commonemur,
1075 1310 1195 1380 quia
1228 1308 1331 1363 hoc
1358 1307 1575 1377 dignum
1602 1314 1723 1374 est,
1750 1303 1852 1360 hoc
1866 1303 2071 1375 justum

486 1409 588 1456 est.
630 1402 952 1477 Recordaris
996 1403 1012 1433 ί
1057 1392 1171 1458 lucc
1216 1400 1378 1457 verba
1422 1397 1562 1472 unde
1600 1398 1737 1466 sint,
1781 1397 1924 1452 intus
1968 1411 2072 1466 qua

485 1496 763 1569 sanctione
798 1505 853 1551 et
888 1505 1083 1566 quanta
1111 1495 1396 1551 sanctitate
1432 1491 1873 1548 commendentur
1907 1506 2072 1562 agno-

488 1585 615 1639 scis.
659 1586 806 1645 Tene
842 1586 1004 1657 igitur
1041 1594 1096 1643 ct
1137 1586 1271 1641 habe
1312 1584 1453 1656 quod
1484 1583 1779 1655 accepisti,
1813 1593 1870 1639 et
1896 1581 2072 1638 datori

487 1677 688 1746 gratias
722 1693 839 1749 age.
873 1677 1126 1747 Quamvis
1150 1678 1291 1751 enim
1323 1676 1572 1746 accipere
1605 1684 1661 1731 et
1686 1675 1884 1730 habere
1922 1683 2073 1735 tuum

484 1769 574 1835 sit,
603 1769 654 1823 id
683 1778 858 1825 tamen
890 1769 1055 1825 habes
1077 1812 1088 1831 ,
1114 1768 1256 1839 quod
1284 1767 1535 1849 accepisti
1566 1783 1579 1819 :
1608 1766 1856 1837 quoniam
1883 1779 2071 1834 supera

483 1864 674 1930 bienti,
703 1872 758 1919 et
778 1879 841 1919 ex
872 1878 934 1918 co
964 1862 1105 1933 quod
1138 1860 1365 1917 habebat
1390 1902 1407 1927 ,
1447 1859 1599 1940 quasi
1626 1874 1656 1912 a
1684 1874 1742 1915 se
1769 1859 1884 1928 ipso
1910 1857 2075 1913 habe-

484 1964 587 2023 ret,
612 1955 771 2027 impie
796 1954 1043 2025 glorianti
1065 1954 1277 2017 Veritas
1301 1968 1394 2023 per
1417 1952 1732 2022 Apostolum
1759 1951 1908 2016 dicit,
1936 1949 2079 2019 Quid,

485 2048 616 2101 enim
639 2048 789 2101 habes
814 2047 947 2117 quod
968 2063 1068 2102 non
1094 2046 1331 2116 accepisti
1350 2046 1376 2099 1’
1398 2044 1461 2101 Si
1482 2054 1651 2099 autem
1670 2046 1927 2116 accepisti,
1948 2046 2081 2117 quid,

482 2138 718 2209 gloriaris
744 2138 887 2207 quasi
911 2153 1011 2191 non
1038 2136 1287 2206 acceperis
1312 2135 1330 2206 (
1353 2134 1370 2188 l
1400 2132 1518 2191 Cor.
1550 2150 1625 2204 tv,
1657 2133 1750 2206 7)?

554 2228 779 2285 CAPUT
823 2228 982 2284 XVII.
1023 2258 1094 2268 —
1126 2229 1215 2283 21.
1257 2227 1445 2284 Contra
1476 2228 1804 2300 Pelagianos,
1853 2228 2068 2289 liberum

482 2319 746 2374 arbitrium
777 2319 848 2375 sic
875 2320 1217 2391 defendentes,
1250 2329 1305 2373 ut
1330 2330 1507 2391 negent
1548 2320 1649 2377 Dei
1674 2323 1913 2392 gratiam.
1945 2321 2071 2376 Ilaec

484 2429 569 2467 ine
610 2413 902 2468 admonere
947 2412 1273 2482 compellunt
1322 2413 1548 2468 cavendi
1600 2422 1760 2483 atque
1801 2414 2070 2470 devitandi

479 2503 833 2573 quorumdam
878 2503 1223 2571 sermonculi,
1269 2504 1360 2574 qui
1407 2520 1503 2574 per
1552 2520 1711 2560 aures
1753 2505 1821 2560 ad
1862 2505 2073 2565 animos

480 2595 773 2650 multorum
816 2610 1033 2665 serpere
1060 2604 1358 2665 cmperunt,
1386 2596 1528 2667 quod
1553 2612 1674 2652 cum
1715 2598 1963 2670 lacrymis
1988 2599 2081 2663 die,

478 2687 704 2743 cendnm
727 2696 830 2754 est,
859 2688 1059 2743 inimici
1081 2689 1268 2759 gratiae
1290 2687 1504 2756 Christi,
1530 2706 1623 2760 per
1637 2707 1773 2761 quos
1789 2692 2065 2761 suadetur,

481 2788 540 2832 ut
566 2794 665 2835 nec
691 2780 862 2834 oratio
886 2779 1038 2835 nobis
1061 2779 1128 2834 ad
1159 2780 1443 2835 Dominum
1475 2782 1777 2836 necessaria
1806 2783 2065 2853 videatur,

480 2887 549 2925 ne
585 2873 841 2928 intremus
890 2872 944 2928 in
985 2873 1354 2930 tentationem.
1397 2874 1487 2930 Sic
1515 2876 1657 2930 enim
1688 2886 1949 2932 conantur
1976 2877 2070 2934 de-

478 2964 697 3021 fendere
727 2966 955 3021 hominis
980 2966 1208 3021 liberum
1233 2966 1534 3035 arbitrium,
1569 2977 1626 3023 ιιι
1652 2984 1716 3023 eo
1746 2968 1880 3036 solo,
1905 2968 2067 3025 etiam

478 3055 575 3112 Dei
614 3058 780 3127 gratia
808 3074 913 3113 non
935 3059 1123 3129 adjuti,
1150 3059 1442 3123 valeamus,
1473 3060 1612 3130 quod
1636 3061 1890 3119 divinitus
1912 3061 2069 3133 jube-

478 3156 582 3212 tur,
615 3148 856 3219 implere.
889 3154 965 3205 Ac
990 3166 1086 3221 per
1111 3150 1211 3207 hoc
1237 3152 1479 3222 sequitur
1500 3159 1556 3206 ut
1584 3151 1780 3207 frustra
1808 3153 2068 3211 Dominus

475 3236 690 3307 dixerit,
744 3237 981 3313 Vigilate,
1038 3250 1085 3297 et
1128 3253 1296 3309 orate,
1329 3260 1391 3298 ne
1432 3244 1625 3299 intretis
1665 3246 2067 3302 intentationem

477 3330 689 3402 (Matth.
716 3348 864 3401 xxvn,
893 3334 984 3405 41)
1010 3343 1097 3391 :ct
1121 3335 1315 3392 frustra
1341 3337 1577 3407 quotidie
1597 3338 1648 3392 in
1665 3338 1776 3409 ipsa
1800 3338 2067 3396 dominica

475 3423 718 3480 oratione
746 3424 1007 3489 dicamus,
1052 3426 1136 3482 Ne
1164 3445 1255 3483 nos
1284 3430 1475 3500 inferas
1503 3430 1558 3483 in
1600 3432 1919 3487 tentationem
1950 3431 2066 3502 (1d.

474 3528 548 3582 vn,
580 3515 689 3587 15).
730 3516 785 3571 Si
815 3518 959 3573 enim
1005 3527 1204 3573 nostra:
1248 3519 1617 3578 tantummodo
1662 3522 1938 3590 potestatis
1984 3532 2069 3579 est

476 3623 544 3660 ne
570 3608 864 3664 tentatione
886 3624 1223 3679 superentur,
1264 3611 1447 3681 utquid
1474 3626 1689 3665 oramus
1715 3628 1783 3669 ne
1808 3613 2067 3669 intremus

478 3698 561 3752 vel
602 3699 889 3755 inferamur
914 3702 965 3755 in
996 3702 1157 3756 eam?
1201 3702 1481 3759 Faciamus
1509 3704 1855 3775 potiusquod
1896 3707 2066 3762 nostri

477 3798 561 3843 est
603 3788 753 3843 liberi
799 3790 1002 3844 arbitrii
1046 3798 1207 3862 atque
1234 3793 1642 3849 absolutissima:
1674 3797 1983 3865 potestatis;
2014 3807 2068 3853 et

476 3878 794 3941 irrideamus
840 3882 1157 3950 Apostolum
1202 3882 1491 3951 dicentem,
1536 3883 1731 3941 Fidelis
1773 3887 1931 3952 Deus,
1980 3890 2067 3959 qui

476 3987 576 4031 non
607 3986 691 4025 vos
718 3973 966 4041 permittet
994 3976 1174 4029 tentari
1200 3992 1354 4046 super
1382 3976 1437 4031 id
1460 3977 1597 4047 quod
1622 3981 1828 4049 potestis
1857 3981 1918 4054 (l
1944 3981 2062 4038 Cor.

476 4076 530 4124 ιι,
568 4060 654 4131 I3)
683 4080 695 4116 :
722 4071 777 4117 et
805 4063 1113 4121 resistamus
1140 4066 1189 4122 ei
1217 4066 1476 4134 dicentes,
1519 4068 1713 4140 thuid
1745 4080 1867 4141 peto
1903 4088 1933 4128 a
1963 4075 2067 4129 Doo

476 4152 642 4220 mino,
666 4154 806 4223 quod
827 4153 880 4208 in
904 4172 1021 4211 mea
1048 4158 1225 4228 posuit
1248 4167 1507 4229 potestate
1526 4161 1553 4214 Ἰ
1586 4160 1694 4217 Sed
1718 4162 1858 4218 absit
1888 4172 1945 4218 ut
1966 4164 2067 4220 hoc

475 4245 666 4314 sapiat,
689 4246 775 4316 qui
798 4262 985 4303 sanum
1012 4251 1168 4320 sapit.
1191 4250 1422 4307 Proinde
1444 4262 1686 4323 petamus
1706 4263 1763 4309 ut
1787 4254 1896 4321 det,
1923 4256 2066 4326 quod

473 4345 531 4390 ut
563 4337 854 4396 habeamus
886 4339 1056 4411 jubet.
1096 4342 1177 4398 Ad
1204 4342 1309 4399 hoc
1336 4345 1478 4400 enim
1507 4346 1647 4417 quod
1678 4346 1914 4403 nondum
1963 4347 2063 4404 ha-

473 4429 829 4504 bemusjubet
850 4443 907 4489 ut
930 4435 1244 4502 habeamus,
1269 4448 1324 4493 ut
1344 4438 1631 4496 admoneat
1646 4442 1772 4512 quid
1800 4452 2061 4513 petamus;

471 4532 526 4577 et
550 4541 670 4581 cum
702 4542 799 4583 nos
825 4529 964 4598 quod
984 4529 1203 4600 jusserit
1228 4532 1268 4597 ',
1299 4547 1459 4602 posse
1488 4532 1870 4602 invenerimus,
1900 4537 2063 4593 etiam

473 4613 576 4670 hoc
604 4618 745 4673 unde
767 4620 1126 4690 acceperimus
1149 4622 1544 4692 intelligamus;
1576 4640 1644 4680 ne
1666 4624 1833 4680 inﬂati
1860 4636 1914 4682 et
1939 4628 2065 4683 elati

474 4704 633 4774 hujus
652 4708 833 4762 mundi
856 4710 1065 4779 spiritu,
1083 4713 1386 4769 nesciamus
1406 4730 1524 4784 qua:
1539 4730 1569 4769 a
1588 4716 1702 4771 Deo
1724 4716 1919 4773 donata
1940 4729 2066 4777 sunt

475 4798 648 4855 nobis.
692 4801 921 4857 Proinde
958 4805 1238 4861 arbitrium
1269 4806 1556 4862 voluntatis
1584 4809 1827 4865 humana:
1861 4827 2064 4883 nequa-

474 4906 633 4959 quam
660 4891 1004 4961 destruituus,
1034 4897 1248 4967 quando
1269 4898 1362 4953 Dei
1390 4900 1614 4969 gratiam
1635 4916 1741 4970 qua
1765 4902 1937 4971 ipsum
1964 4904 2063 4959 ad-

471 4983 686 5051 juvatur
713 4986 1010 5051 arbitrium,
1045 5007 1149 5044 non
1173 4992 1422 5059 superbia
1443 5007 1699 5063 negamus
1719 4994 1943 5065 ingrata,
1968 4995 2065 5051 sed

474 5082 622 5143 grata
655 5077 831 5144 potius
879 5079 1072 5147 pietate
1118 5082 1488 5151 prccdicamus.
1532 5085 1779 5141 Nostrum
1809 5088 1949 5143 enim
1980 5096 2063 5145 est

475 5166 615 5221 velle
643 5184 657 5234 ;
689 5168 782 5223 sed
812 5170 1052 5227 voluntas
1095 5173 1206 5243 ipsa
1235 5182 1293 5231 et
1335 5174 1650 5231 admonetur
1676 5186 1734 5232 ut
1778 5187 1979 5250 surgat,
2008 5190 2063 5237 et

539 5351 654 5418 [sic
688 5350 913 5418 plerique
946 5359 1143 5418 MsstAt
1183 5354 1321 5418 editi,
1355 5354 1441 5418 hoc
1465 5354 1654 5418 justum
1684 5363 1753 5407 est
1787 5358 2057 5411 recordari.

470 5410 615 5480 Paulo
636 5410 742 5473 post
770 5410 1102 5480 Cistereieusis
1122 5416 1278 5480 codex
1307 5410 1365 5465 ὀι
1386 5410 1631 5480 l-‘lorusad
1666 5421 1865 5480 primani
1889 5420 1946 5468 ad
1970 5410 2058 5469 Co-

468 5474 700 5543 rinthios,
717 5487 821 5543 cap.
856 5476 901 5543 2,
931 5477 1129 5543 habent,
1164 5477 1289 5528 inter
1322 5492 1445 5543 quas
1467 5474 1677 5530 actiones
1697 5488 1742 5543 et
1766 5494 1860 5543 qua
1882 5481 2060 5531 sancti-

467 5540 581 5584 tate.
602 5538 909 5604 forbciensis
923 5541 1298 5604 antiquissimus,
1314 5538 1436 5590 inter
1451 5556 1545 5604 qua
1560 5538 1801 5604 sanctione
1816 5550 1861 5592 et
1879 5552 2059 5603 quanta

469 5597 733 5667 smactitute.
777 5600 982 5649 Vaticani
1024 5597 1127 5651 (res
1156 5597 1490 5667 cumtntidem
1513 5602 1778 5667 Gallicanis,
1801 5597 1926 5653 inter
1948 5618 2059 5667 qua:
2145 5634 2149 5650 .

470 5660 623 5723 sancti
644 5674 805 5711 anates
827 5667 873 5711 et
908 5670 1086 5726 quanta
1121 5665 1387 5715 sanctitate.
1429 5672 1568 5715 Forte
1614 5660 1898 5726 legendum,
1928 5660 2056 5716 unde

465 5728 578 5785 sun,
603 5728 648 5770 et
668 5736 765 5785 qua
786 5724 1044 5784 sanctione,
1067 5734 1163 5776 etc.

465 5842 519 5894 ,Β
538 5782 555 5811 ³
579 5780 853 5892 s’ielaliquot
1008 5780 1093 5838 Alii
1128 5802 1242 5839 vero
1266 5802 1375 5839 eum
1415 5789 1574 5847 editis,
1599 5794 1644 5841 ct
1665 5788 1791 5850 quod
1824 5803 1907 5842 nos
1942 5804 2056 5840 cum

523 5858 593 5892 ιδ(
613 5858 640 5892 1
668 5881 677 5892 .

1719 365 1775 420 S.
1818 362 2180 419 AUGUS'I‘INI
2221 361 2519 418 El‘lSCOPI
2618 362 2621 365 ’

3655 366 3751 422 618

2173 484 2391 529 sanatur
2431 486 2487 529 ut
2514 475 2703 539 valeat,
2737 484 2791 532 ct
2817 475 3065 531 dilatatur
3093 488 3148 532 ut
3187 478 3378 547 capiat,
3411 488 3465 533 et
3510 479 3751 549 impletur

2172 577 2231 631 ut.
2260 569 2467 623 haheat.
2506 567 2637 625 Nam
2669 571 2711 624 si
2741 585 2840 625 nos
2866 585 2971 626 non
3002 572 3277 638 vellemus,
3312 587 3411 627 nec
3436 587 3534 626 nos
3579 575 3753 644 utique

2172 663 2535 733 acciperemus
2555 678 2617 720 ea
2636 679 2753 733 quae
2780 663 2995 730 dantur,
3019 679 3119 717 nec
3144 680 3243 720 nos
3262 663 3602 720 haberemus.
3629 666 3754 731 Quis

2172 758 2315 815 enim
2349 755 2570 811 haberet
2598 756 2999 818 continentiam,
3029 765 3083 809 ut
3112 756 3249 810 inter
3277 765 3471 811 cratera
3502 756 3597 811 Dei
3621 756 3755 812 dona

2174 846 2340 917 ipsam
2374 848 2546 916 potius
2576 847 2786 917 loquar,
2828 846 2894 900 de
2925 862 3025 917 qua
3052 847 3118 900 ad
3150 856 3201 901 te
3230 848 3416 917 loquor
3447 865 3463 902 :
3495 849 3638 918 quis,
3674 849 3756 904 in-

2173 952 2355 1007 quam,
2386 937 2604 995 haberet
2632 938 3011 997 continentiam
3043 938 3144 992 nisi
3173 939 3400 993 volens?
3428 940 3552 1010 quia
3578 949 3632 995 et
3662 955 3750 995 ne-

2174 1043 2264 1083 mo
2289 1028 2555 1098 acciperet
2583 1028 2683 1083 nisi
2713 1030 2916 1084 volens.
2957 1030 3064 1085 Sed
3091 1045 3121 1084 a
3149 1046 3255 1102 quo
3282 1030 3459 1101 detur,
3490 1041 3551 1087 ιιι
3578 1044 3755 1091 nostra

2175 1121 2445 1175 voluntate
2468 1120 2635 1191 accipi
2678 1128 2735 1176 et
2773 1120 2951 1177 haberi
2985 1123 3172 1192 possit,
3214 1124 3258 1179 si
3286 1125 3499 1194 quaeris,
3543 1127 3754 1182 attende

2140 1291 2146 1297 ~
2170 1212 2547 1294 Scripturam;
2598 1214 2705 1270 imo
2754 1214 2877 1284 quia
2926 1215 3084 1280 nosti,
3132 1216 3309 1277 recole
3350 1217 3491 1288 quod
3539 1218 3753 1289 legisti:

2176 1303 2303 1359 Cum
2330 1305 2528 1371 scirem,
2567 1304 2756 1375 inquit,
2803 1306 2921 1374 quia
2950 1322 3096 1362 nemo
3133 1323 3240 1362 esse
3268 1317 3427 1377 pOtest
3457 1311 3754 1375 continens,

2177 1398 2272 1452 nisi
2303 1397 2440 1452 Deus
2469 1398 2571 1465 det,
2602 1408 2646 1452 et
2677 1399 2771 1453 hoc
2800 1399 2965 1469 ipsum
2994 1408 3099 1453 erat
3138 1402 3419 1470 sapientie,
3460 1403 3589 1456 scire
3614 1404 3757 1475 cujus

2175 1500 2301 1544 esset
2332 1490 2423 1544 Itoc
2451 1492 2639 1544 donum
2668 1490 2822 1561 (Sap.
2867 1508 2982 1558 vm,
3013 1491 3127 1563 2|).
3168 1491 3355 1564 Magna
3382 1494 3481 1549 ista
3506 1504 3634 1549 sunt
3657 1494 3757 1549 duo

2176 1597 2417 1646 munera,
2466 1582 2723 1653 sapientia
2768 1591 2822 1636 et
2865 1584 3222 1650 continentia;
3254 1586 3512 1655 sapientia
3558 1587 3759 1643 scilicet

2175 1687 2278 1746 qua
2322 1674 2375 1728 in
2408 1674 2499 1729 Dei
2546 1674 2849 1744 cognitione
2901 1674 3214 1745 formantur,
3258 1677 3587 1733 continentia
3635 1693 3759 1733 vero

2175 1781 2277 1836 qua
2324 1764 2447 1820 huic
2499 1766 2695 1821 sacculo
2742 1783 2851 1822 non
2910 1766 3325 1823 conformamur.
3377 1768 3540 1823 lubet
3583 1778 3757 1824 autem

2175 1859 2330 1917 nobis
2358 1859 2497 1914 Deus
2523 1868 2583 1915 ut
2608 1868 2664 1916 et
2687 1860 2955 1931 sapientes
2980 1868 3035 1916 et
3062 1862 3397 1917 continentes
3422 1861 3607 1927 simus,
3644 1863 3757 1919 sine

2175 1950 2368 2020 quibus
2414 1950 2567 2008 bonis
2600 1949 2730 2021 justi
2783 1949 3109 2022 perfectique
3149 1965 3270 2007 esse
3298 1967 3402 2006 non
3453 1967 3753 2022 possumus.

2175 2041 2282 2104 Sed
2309 2058 2524 2099 oremus
2567 2051 2625 2098 ut
2668 2043 2761 2099 det
2804 2042 2945 2113 quod
2983 2042 3133 2113 jubet
3174 2042 3474 2113 adjuvando
3512 2052 3569 2099 et
3598 2044 3759 2114 inSpi-

2175 2136 2363 2202 rando,
2395 2136 2483 2207 qui
2527 2135 2859 2199 commonuit
2898 2135 3026 2206 quid
3072 2135 3209 2191 velle
3248 2134 3541 2191 debeamus
3571 2138 3757 2206 [ιι-τροις

2178 2226 2369 2297 piendo
2396 2236 2449 2283 et
2479 2225 2743 2282 vocando.
2774 2226 3037 2297 Quidquid
3066 2226 3190 2282 hinc
3214 2226 3361 2282 dedit
3391 2228 3432 2295 ί,
3463 2236 3521 2282 ιιι
3542 2243 3756 2283 conser-

2174 2326 2261 2373 vet
2289 2332 2540 2387 oremus;
2572 2316 2713 2387 quod
2752 2326 2928 2372 autem
2959 2317 3195 2374 nondum
3223 2316 3388 2382 dedit,
3419 2326 3476 2372 ut
3518 2320 3758 2388 suppleat

2175 2425 2389 2466 oremus
2422 2428 2435 2463 ;
2470 2420 2647 2466 tamen
2689 2424 2903 2469 oremus
2943 2417 2997 2467 et
3023 2409 3221 2481 gratias
3250 2411 3470 2481 agamus
3512 2410 3582 2465 de
3610 2426 3756 2466 accc.

2174 2504 2317 2574 ptis;
2360 2502 2583 2574 etquod
2627 2503 2861 2558 nondum
2892 2504 3214 2574 accepimus,
3258 2519 3325 2560 eo
3363 2504 3481 2574 ipso
3525 2507 3673 2575 quod
3700 2506 3757 2561 de

2173 2599 2408 2668 acceptis
2435 2598 2626 2669 ingrati
2655 2613 2761 2652 non
2791 2612 2995 2663 sumus,
3024 2611 3120 2652 nos
3144 2607 3461 2667 accepturos
3484 2613 3608 2653 esse
3637 2598 3759 2653 fida-

2173 2706 2312 2746 mus.
2344 2692 2443 2758 Qui
2466 2692 2608 2747 enim
2626 2690 2773 2748 dedit
2790 2690 3086 2761 conjugatis
3114 2690 3356 2747 ﬁdelibus
3376 2699 3436 2745 ut
3454 2692 3757 2746 contineant

2171 2783 2241 2839 ab
2281 2783 2556 2839 adulteriis
2596 2791 2652 2839 et
2701 2782 3157 2847 fornicationibns,
3206 2783 3323 2853 ipse
3367 2783 3515 2839 dedit
3564 2786 3755 2839 sanctis

2172 2874 2464 2945 virginibus
2488 2886 2542 2931 et
2564 2874 2736 2931 viduis
2759 2884 2814 2930 ut
2835 2876 3143 2931 contineant
3166 2875 3233 2930 ab
3260 2875 3405 2937 omni
3432 2875 3753 2939 concubitu;

2172 2970 2358 3041 inqua
2406 2970 2600 3025 virtute
2637 2970 2745 3041 jam
2788 2970 2999 3039 pr0prie
3044 2969 3127 3023 vel
3159 2969 3435 3039 integritas
3476 2969 3564 3024 vel
3588 2970 3754 3025 conti-

2171 3061 2352 3117 nentia
2379 3062 2702 3116 nominatur.
2734 3062 2817 3115 An
2846 3060 2979 3116 forte
3006 3061 3072 3115 ab
3102 3060 3192 3120 illo
3214 3059 3427 3130 quidem
3454 3062 3753 3129 accepimus

2170 3153 2571 3217 continentiam,
2601 3152 2695 3207 sed
2720 3169 2748 3209 a
2776 3153 2931 3207 nobis
2959 3152 3215 3209 habemus
3236 3152 3598 3223 sapientiam?
3625 3153 3753 3223 Quid

2169 3254 2255 3313 est
2279 3261 2408 3317 ergo
2433 3245 2574 3317 quod
2601 3244 2831 3301 Jacobus
2862 3244 3136 3315 apostolus
3170 3244 3318 3311 dicit,
3350 3245 3411 3300 Si
3439 3246 3555 3315 quis
3595 3258 3754 3299 autem

2171 3347 2386 3395 vestrum
2410 3337 2598 3407 indiget
2623 3336 2892 3407 sapientia,
2925 3335 3141 3407 postulet
3163 3353 3195 3389 a
3214 3336 3340 3399 Deo,
3370 3337 3458 3407 qui
3482 3336 3571 3390 dat
3599 3338 3755 3391 omni-

2170 3428 2262 3483 bus
2298 3430 2573 3500 afﬂuenter,
2616 3438 2663 3483 et
2692 3446 2794 3484 non
2816 3430 3159 3502 improperat;
3189 3437 3235 3483 et
3276 3429 3476 3483 dabitur
3500 3429 3580 3484 illi
3627 3429 3757 3498 (Ju-

2171 3520 2281 3574 cobi
2326 3537 2361 3583 l,
2395 3520 2512 3590 5)?
2546 3519 2653 3576 Sed
2707 3520 2776 3576 dc
2814 3520 2913 3575 hac
2949 3520 3263 3591 quazstione,
3309 3528 3364 3575 et
3406 3520 3459 3574 in
3500 3521 3626 3576 aliis
3650 3522 3754 3590 jam

2170 3613 2438 3682 opusculis
2486 3613 2705 3680 nostris,
2752 3621 3004 3683 quantum
3046 3612 3250 3682 adjuvit
3288 3613 3565 3678 Dominus,
3598 3615 3756 3668 multa

2170 3704 2435 3777 diximus;
2469 3712 2523 3759 ct
2567 3704 2718 3771 alias,
2761 3712 3015 3775 quantum
3056 3720 3153 3775 per
3180 3704 3355 3775 ipsum
3380 3706 3714 3777 potuerimus
3739 3747 3752 3771 ,

2168 3767 2290 3851 data
2322 3797 2715 3866 Opportunitate
2756 3796 3015 3851 dicemus.

2240 3888 2466 3945 CAPUT
2505 3888 2689 3944 XVIII.
2721 3919 2793 3928 —
2822 3888 2911 3943 22.
2954 3888 3334 3945 Exlrortationis
3383 3891 3511 3944 vires
3552 3907 3659 3946 esse
3700 3907 3756 3944 es

2169 3981 2353 4053 gratia.
2387 3980 2538 4035 Nunc
2566 3979 2690 4037 inde
2726 3980 2925 4051 aliquid
2967 3981 3086 4036 ideo
3114 3981 3292 4036 dicere
3335 3982 3500 4049 volui,
3543 3990 3753 4053 propter

2169 4073 2429 4149 quosdam
2459 4071 2648 4127 fratres
2686 4082 2894 4128 nostros
2926 4073 3277 4128 amicissimos
3306 4084 3359 4128 et
3383 4074 3753 4129 dilectissimos

2169 4165 2346 4233 nobis,
2392 4180 2491 4221 nec
2520 4165 2780 4223 malitiose
2806 4165 3022 4237 quidem
3053 4166 3223 4221 errori
3270 4165 3394 4221 huic
3435 4167 3747 4237 implicatos,

2169 4258 2263 4313 sed
2292 4258 2591 4328 implicatos
2626 4267 2836 4324 tamen;
2870 4259 2957 4329 qui
2986 4267 3172 4328 putant
3195 4274 3316 4315 cum
3344 4258 3551 4328 aliquos
3588 4258 3653 4313 ad
3674 4258 3757 4328 ju-

2168 4350 2365 4405 stitiam
2388 4350 2744 4421 pietatemque
2767 4349 3135 4414 exhortantur,
3162 4351 3303 4406 vires
3330 4365 3438 4405 non
3460 4348 3750 4405 habituram

2169 4442 2591 4499 exhortationem
2634 4456 2805 4508 suam,
2853 4442 2955 4496 nisi
2982 4449 3149 4496 totum
3178 4441 3327 4510 illud,
3358 4441 3500 4512 quod
3547 4451 3604 4496 ut
3643 4449 3757 4510 agat

2171 4532 2352 4599 homo,
2400 4541 2562 4605 agunt
2606 4547 2743 4599 cum,
2774 4532 3010 4600 homine,
3059 4532 3111 4588 in
3159 4532 3392 4588 hominis
3437 4535 3755 4589 constituant

2170 4634 2451 4695 potestate,
2484 4639 2591 4679 non
2618 4624 2795 4695 adjuta
2839 4622 2933 4679 Dei
2964 4639 3205 4691 munere,
3248 4623 3343 4680 sed
3378 4623 3497 4678 solo
3539 4623 3753 4678 arbitrio

2170 4717 2353 4775 libera:
2383 4717 2668 4773 voluntatis
2710 4725 2921 4772 exserta
2953 4716 3151 4787 :tquasi
3181 4717 3348 4786 possit
3375 4731 3499 4771 esse
3528 4716 3595 4771 ad
3634 4729 3751 4785 per-

2169 4811 2452 4867 ﬁciendum
2499 4826 2633 4881 opus
2659 4810 2857 4866 bonum
2886 4810 3132 4865 voluntas
3158 4809 3349 4875 libera,
3382 4809 3485 4865 nisi
3516 4811 3605 4866 Del
3636 4822 3751 4860 mn-

2168 4919 2299 4960 nere
2340 4904 2581 4960 liberata.
2625 4902 2735 4958 Nec
2759 4901 3042 4957 attendunt
3069 4902 3298 4971 idipsum
3336 4902 3499 4956 etiam
3530 4916 3588 4955 se
3616 4900 3752 4967 ipsos

2171 4994 2266 5050 Dei
2297 4994 2441 5050 dono
2488 4994 2707 5060 habere,
2740 4992 2881 5064 quod
2921 5008 2983 5048 ea
3022 4992 3273 5047 facultate
3298 4992 3661 5053 exhortantur,
3693 4996 3752 5044 ut

2168 5086 2235 5141 ad
2279 5086 2660 5155 capessendam
2706 5087 2865 5140 vitam
2914 5085 3108 5139 bonam
3154 5083 3429 5139 hominum
3459 5084 3751 5139 voluntates

2168 5178 2345 5250 pigras
2368 5179 2623 5246 excitent,
2653 5178 2949 5233 accendant
2975 5177 3215 5249 frigidas,
3247 5179 3517 5248 corrigant
3545 5188 3746 5247 pravas,

2166 5288 2380 5329 aversas
2408 5281 2751 5338 convertant,
2777 5282 3133 5342 repugnantes
3160 5270 3457 5340 paciﬁcent.
3500 5270 3589 5325 Sic
3610 5267 3745 5323 enim

2168 5369 2434 5435 possunt”
2465 5367 2787 5436 persuadere
2828 5366 2968 5436 quod
3012 5366 3259 5421 suadent.
3301 5366 3408 5419 Aut
3451 5365 3496 5418 si
3544 5364 3649 5417 lucc
3694 5362 3747 5414 in

2166 5458 2526 5512 voluntatibus
2547 5458 2818 5513 hominum
2846 5474 2950 5512 non
2981 5464 3160 5529 agunt,
3191 5456 3318 5523 quid
3340 5455 3545 5526 agunt?
3571 5450 3743 5521 utquid

2167 5550 2492 5619 loquuntur?
2524 5549 2801 5603 Dimittant
2831 5564 2923 5604 eas
2953 5550 3128 5619 potius
3152 5548 3375 5603 arbitrio
3405 5562 3524 5602 suo.
3565 5546 3616 5601 Si
3648 5557 3746 5595 au-

2232 5665 2247 5695 ι
2278 5670 2343 5713 Ita
2374 5671 2477 5714 Mss.
2507 5670 2561 5713 Αι
2584 5665 2722 5724 editi,
2756 5662 2833 5715 hic
2873 5663 3024 5716 dedit.
3064 5671 3117 5714 Et
3148 5662 3289 5723 infra,
3332 5671 3382 5715 ut
3427 5662 3615 5727 expleat
3640 5670 3744 5707 orc-

2231 5740 2246 5772 t
2279 5764 2287 5773 .

2166 5739 2390 5860 "fuitut-ni
2411 5786 2487 5860 :‘si
2509 5787 2634 5856 enim
2646 5802 2737 5840 non
2758 5796 2964 5855 passum.
2987 5790 3269 5853 abest,non,
3295 5801 3321 5837 a
3346 5797 3448 5840 \fss.
3466 5788 3545 5853 qui
3561 5791 3604 5836 et
3622 5782 3739 5841 1000s

2164 5849 2207 5902 si
2225 5889 2237 5911 ,
2266 5849 2465 5911 habent,
2485 5849 2571 5902 sic.
