3930 6368
951 303 998 316 ι..

198 365 280 429 uo

229 498 309 540 ten
325 482 382 536 in
407 480 487 536 cis
510 479 647 539 haec
676 493 890 554 agunt,
930 486 1083 542 itane
1116 486 1320 541 tandem
1352 486 1508 543 homo
1531 487 1581 541 in
1610 485 1842 541 hominis

236 578 467 633 voluntate
496 586 657 631 tanta
685 580 811 648 agit
863 580 1170 650 loquendo,
1199 588 1250 635 et
1289 580 1425 635 Deus
1470 580 1575 634 illic
1602 595 1706 633 non
1737 579 1846 648 agit

234 670 393 739 aliquid
423 669 807 739 adiuvando?
843 671 963 726 imo
992 688 1147 738 vero,
1178 671 1500 743 quantalibet
1538 671 1699 726 homo
1724 685 1839 725 ser-

228 762 361 816 monis
393 761 702 817 facultate.
728 763 1081 832 praepolleat,
1124 772 1183 819 ut
1207 763 1421 818 solertia
1448 761 1751 832 disputandi
1790 770 1846 816 et

218 856 462 909 suavitate
490 853 739 909 dicendi
771 856 828 911 in
856 855 1093 911 heminis
1120 857 1385 912 voluntate
1416 858 1615 911 inserat
1644 857 1840 911 verita-

213 955 307 1009 tem,
342 947 573 1001 nutriat
607 947 972 1012 charitatcm,
1005 948 1246 1004 docendo
1274 950 1421 1003 tollat
1450 965 1712 1015 errorem,
1749 964 1840 1005 ex-

200 1037 464 1091 hortando
511 1047 829 1108 torporem
861 1058 876 1095 :
908 1038 1084 1110 Neque
1123 1040 1208 1110 qui
1246 1040 1442 1110 plantat
1485 1049 1558 1094 est
1605 1038 1837 1107 aliquid,

190 1146 333 1199 neque
363 1131 473 1199 qui
506 1133 707 1204 rigat;
739 1132 833 1203 sed
860 1133 944 1209 qui
972 1134 1326 1187 incrementum
1350 1133 1437 1186 dat
1472 1130 1603 1186 Deus
1631 1129 1687 1205 (Ι
1716 1131 1834 1188 Cor.

182 1239 246 1288 tu,
294 1224 403 1294 7).
456 1222 720 1279 Frustra
776 1227 971 1295 quippe
1018 1227 1292 1296 operarius
1336 1227 1513 1281 omnia
1558 1226 1881 1305 moliretur”

174 1316 575 1383 extrinsecus,
616 1318 734 1372 nisi
773 1318 992 1383 Greater
1035 1318 1353 1374 intrinsecus
1383 1319 1611 1374 latenter
1646 1334 1839 1390 opera-

170 1418 343 1469 retur.
393 1408 613 1480 Spero
642 1425 786 1481 ergo
816 1410 913 1467 has
937 1412 1137 1475 litteras
1161 1426 1308 1466 meas
1336 1412 1528 1467 merito
1555 1411 1841 1468 Excellen-

170 1503 245 1557 tia:
272 1512 514 1556 vestrm
544 1503 677 1556 cito
705 1502 764 1556 in
794 1518 983 1557 manus
1009 1503 1167 1558 etiam
1198 1503 1380 1557 talium
1407 1517 1527 1558 esse
1554 1511 1834 1559 venturas:

165 1590 283 1661 ideo
318 1591 643 1645 nonnulla
697 1591 830 1647 hinc
874 1591 1094 1648 dicenda
1136 1592 1423 1648 arbitratus
1454 1608 1592 1647 sum.
1633 1591 1841 1647 Deinde

164 1692 218 1747 ut
241 1694 303 1737 tu
338 1684 484 1753 ipsa
513 1692 582 1755 et
617 1698 980 1754 quantumque
1007 1683 1123 1738 alia:
1151 1683 1325 1751 viduae
1350 1684 1447 1737 ista
1472 1683 1716 1753 legerint,
1750 1683 1835 1738 vel

164 1790 285 1837 cum
321 1774 636 1845 leguntur
679 1774 970 1838 audierint,
1004 1774 1256 1829 noveritis
1282 1788 1376 1829 vos
1411 1773 1476 1828 ad
1505 1773 1834 1843 diligendum

165 1876 218 1920 et
253 1865 639 1921 habendum
670 1865 1017 1921 continentia:
1045 1864 1242 1920 bonum
1278 1864 1397 1933 plus
1427 1862 1684 1934 proﬁcere
1715 1878 1843 1919 ora—~

166 1958 446 2011 tionibus
482 1957 727 2020 vestris,
759 1972 913 2026 quam
939 1955 1398 2010 exhortationibus
1434 1954 1630 2010 nostris
1660 1972 1675 2009 ε
1701 1969 1837 2024 ᾳιιοτ

168 2050 341 2104 niam
400 2048 461 2102 si
517 2046 662 2116 quid
690 2062 785 2101 vos
805 2046 1032 2117 adjuvat,
1066 2046 1213 2116 quod
1259 2047 1407 2101 vobis
1442 2046 1604 2101 etiam
1650 2055 1837 2101 nostra

178 2140 633 2201 ministrantur
656 2138 892 2207 alloquia,
922 2146 1089 2193 totum
1121 2138 1260 2192 illius
1282 2137 1467 2208 gratiae
1496 2132 1833 2193 tribuendum

180 2211 300 2293 est.
350 2232 418 2291 in
459 2231 631 2301 Cujus
654 2245 801 2299 utan»
817 2239 945 2294 sunt,
976 2230 1117 2297 sicut
1146 2229 1403 2302 scriptum
1429 2236 1530 2296 est,
1577 2237 1625 2284 et
1671 2244 1762 2285 nos
1786 2236 1834 2282 et

180 2340 484 2379 sermones
510 2322 688 2377 nostri
714 2321 862 2394 (Sap.
891 2338 980 2385 vn,
1012 2322 1122 2389 16)..

247 2414 527 2471 CAPUT
595 2412 835 2468 XlX.——
860 2413 949 2468 23.
986 2412 1306 2469 Ex/tortatur
1345 2413 1413 2468 ad
1442 2412 1698 2468 viduitatis
1738 2412 1832 2469 b0-

184 2528 331 2564 num.
387 2506 471 2563 Ut
507 2517 629 2560 tota
654 2507 864 2561 intentio
887 2506 1113 2561 Julianus
1148 2506 1313 2560 viduae
1340 2508 1402 2561 sit
1426 2506 1494 2561 ad
1531 2506 1834 2575 placendum

190 2601 317 2665 Deo.
375 2600 756 2654 Demetriadi:
800 2600 1006 2671 virginis
1035 2599 1253 2668 uviatque
1281 2598 1460 2668 ipsius,
1504 2597 1709 2668 perinde
1753 2606 1834 2650 at-

193 2710 279 2763 que
324 2694 563 2765 matris,
591 2691 704 2745 vult
736 2708 842 2746 esse
882 2706 1035 2745 unum
1074 2690 1297 2744 studium
1338 2688 1442 2744 Deo
1486 2688 1738 2759 placendi.
1775 2687 1833 2743 Si

198 2766 323 2858 ergo
359 2784 639 2839 nondum
680 2784 796 2839 Deo
828 2783 1065 2841 vovisses
1092 2781 1475 2837 continentiam
1519 2780 1784 2836 vidualem
1813 2820 1833 2853 ε

203 2877 655 2931 exhoruremur
694 2873 937 2944 proiecto
983 2882 1041 2927 nt
1085 2888 1310 2941 voveres
1338 2890 1351 2926 :
1380 2873 1504 2942 quia
1548 2888 1676 2927 vero
1721 2872 1831 2942 jam

208 2970 431 3032 vovisti,
466 2968 836 3022 exhortamur
875 2975 932 3019 ut
958 2980 1287 3034 perseveres.
1327 2963 1472 3018 Talia
1495 2962 1625 3017 mihi
1657 2973 1835 3021 tamen

209 3060 367 3114 video
397 3074 534 3114 esse
580 3056 838 3123 dicenda,
866 3056 1056 3126 quibus
1086 3070 1204 3109 eam
1247 3054 1471 3125 diligant
1495 3062 1549 3109 et
1575 3054 1834 3124 arripiant

214 3164 255 3206 et
283 3168 425 3222 qua:
450 3149 640 3205 adhuc
680 3150 887 3205 nubere
911 3147 1232 3218 cogitabant.
1272 3147 1469 3201 Aurem
1501 3147 1661 3218 igitur
1682 3146 1835 3203 incli~

219 3258 419 3298 nemus
452 3241 724 3313 Apostolo
758 3259 772 3295 :
805 3240 929 3308 Quae
954 3240 1167 3310 innupta
1189 3248 1281 3306 est,
1307 3239 1498 3309 inquit,
1517 3239 1731 3294 sollicita
1754 3248 1827 3294 est

226 3351 267 3389 ea
298 3351 431 3402 qua
455 3343 583 3407 sunt
612 3332 843 3397 Domini,
870 3342 925 3403 ut
945 3331 1008 3386 sit
1031 3340 1205 3385 sancta
1228 3339 1275 3386 et
1301 3346 1509 3399 corpore
1543 3338 1590 3383 et
1614 3329 1836 3398 spiritu;

230 3444 329 3496 qua
350 3436 539 3480 autem
570 3435 736 3494 nupta
753 3433 848 3490 est,
869 3424 1086 3478 sollicita
1106 3431 1177 3476 est
1201 3438 1315 3492 qua:
1335 3432 1452 3476 sunt
1480 3423 1674 3488 mundi,
1704 3439 1836 3493 quo-

237 3522 389 3572 modo
420 3519 623 3588 placeat
651 3518 756 3572 viro
780 3516 800 3589 (
822 3516 842 3570 ι
867 3517 985 3571 Cor.
1033 3532 1128 3583 vn,
1158 3517 1274 3586 54).
1314 3515 1431 3570 Νοη
1470 3516 1564 3583 ait,
1597 3516 1835 3572 Sollicita

248 3619 326 3664 est
355 3624 424 3664 ea
451 3626 573 3679 qua:
599 3619 722 3664 sunt
754 3610 958 3676 mundi,
992 3620 1051 3663 ut
1077 3617 1260 3665 sancta
1289 3624 1395 3664 non
1426 3610 1496 3664 sit
1523 3628 1535 3665 :
1564 3610 1659 3665 sed
1688 3621 1837 3667 certe

251 3700 433 3753 minor
456 3709 542 3754 est
582 3714 640 3754 ea
662 3700 957 3770 conjugalis
982 3700 1234 3755 sanctitas
1256 3703 1297 3767 ί,
1323 3716 1392 3756 ex
1416 3715 1479 3755 ea
1508 3711 1656 3769 parte
1682 3715 1838 3756 cura-

254 3807 367 3847 rum
392 3808 501 3862 qua
520 3792 1100 3863 .mundanacogitatur
1128 3794 1394 3863 voluptas.
1435 3793 1698 3864 Quidquid
1731 3794 1836 3848 ita-

258 3900 349 3951 que
376 3884 697 3939 intentionis
722 3885 889 3939 animi
914 3885 1076 3940 etiam
1107 3884 1190 3939 his
1232 3885 1393 3939 rebus
1438 3884 1837 3954 impenderetur

262 3974 440 4041 quibus
466 3974 785 4045 placendum
811 3984 956 4029 esset
979 3976 1115 4040 viro,
1142 3975 1394 4045 colligere
1419 3975 1649 4046 quodam
1676 3976 1837 4031 modo

265 4073 314 4133 et
337 4066 572 4137 redigere
597 4066 757 4121 debet
785 4067 1008 4136 innupta
1036 4067 1326 4122 christiana
1356 4068 1410 4122 in
1440 4083 1557 4122 eam
1586 4068 1841 4124 intentio-

266 4172 378 4220 nem
404 4174 502 4229 qua
546 4158 864 4229 placendum
909 4169 993 4215 est
1035 4160 1282 4215 Domino.
1326 4160 1388 4214 Et
1416 4160 1537 4216 vide
1564 4162 1586 4192 ²
1612 4162 1693 4215 cui
1724 4162 1840 4232 pla-

268 4258 394 4312 ceat,
419 4265 534 4320 qua:
556 4250 786 4305 Domino
813 4250 985 4319 placet
1013 4259 1110 4306 :et
1135 4250 1315 4320 utique
1338 4259 1484 4306 tanto
1505 4260 1591 4307 est
1614 4252 1835 4319 beatior,

271 4352 453 4408 quanto
491 4344 611 4412 plus
637 4343 817 4413 placet
858 4344 937 4407 ei;
978 4353 1180 4411 quanto
1223 4352 1401 4397 autem
1447 4346 1617 4415 magis
1640 4346 1840 4417 cogitat

272 4446 326 4483 ea
351 4449 463 4501 quze
491 4442 614 4493 sunt
657 4434 861 4498 mundi,
892 4443 1040 4487 tanto
1076 4434 1251 4489 minus
1280 4435 1472 4504 placet.
1505 4433 1715 4491 Placete
1740 4437 1840 4491 ita-

274 4537 363 4589 que
385 4533 487 4580 tota
516 4526 807 4583 intentione
828 4528 1072 4599 specioso
1088 4526 1257 4582 forma
1275 4543 1383 4597 pra:
1407 4528 1527 4583 ﬁliis
1545 4530 1837 4585 hominum.

276 4612 388 4681 Ejus
408 4617 546 4671 extim
571 4618 738 4688 gratia
766 4619 839 4672 illi
869 4619 1110 4688 placetis,
1136 4636 1255 4689 qua).
1283 4620 1470 4676 diffusa
1498 4631 1581 4677 est
1607 4623 1656 4677 in
1690 4624 1841 4680 labiis

278 4705 393 4771 ejus.
432 4708 643 4763 Placete
684 4709 757 4763 illi
788 4724 850 4763 ea
887 4724 1099 4780 quoque
1146 4719 1293 4780 parte
1335 4712 1689 4781 cogitationis,
1722 4730 1842 4784 qum

278 4810 601 4867 occuparetur
650 4800 871 4861 mundo.
921 4809 979 4854 ut
1022 4800 1323 4873 placeretur
1352 4805 1487 4857 viro.
1529 4804 1737 4859 Placete
1767 4805 1841 4859 illi

276 4890 346 4958 qui
373 4890 640 4961 displicuit
668 4892 888 4957 mundo,
920 4901 977 4947 ut
1006 4894 1279 4962 placentes
1316 4895 1365 4949 ei
1397 4894 1751 4951 liberarentur
1777 4913 1841 4951 ex

270 4985 469 5039 mundo.
513 4986 667 5041 llunc
693 4986 836 5041 enim
882 4987 1184 5056 speciosum
1229 4986 1400 5042 forma
1441 5004 1552 5058 prae
1580 4988 1703 5045 ﬁliis
1749 4990 1846 5045 ho-

265 5077 455 5134 minum
482 5078 731 5132 viderunt
771 5078 1014 5135 homines
1040 5079 1095 5135 in
1134 5095 1294 5137 cruce
1318 5082 1582 5152 passionis
1606 5100 1630 5148 ;⁴
1652 5091 1707 5138 et
1743 5100 1845 5139 non

259 5169 425 5225 habuit
447 5173 669 5244 speciem
706 5188 867 5241 neque
888 5172 1141 5240 decorem,
1183 5174 1274 5228 sed
1302 5176 1456 5246 facies
1481 5178 1588 5247 ejus
1610 5177 1803 5247 objecta
1827 5220 1843 5245 ,

258 5274 298 5316 et
323 5265 566 5334 deformis
596 5264 783 5333 positio
820 5265 930 5334 ejus
961 5263 1113 5335 (Ιωί.
1144 5281 1256 5331 uti,
1299 5266 1376 5339 5).
1420 5268 1498 5322 Ex
1530 5269 1628 5323 hac
1669 5278 1844 5324 tamen

257 5354 590 5411 deformitate
620 5355 995 5425 Redemptoris
1020 5359 1203 5421 vestri,
1234 5361 1466 5414 manavit
1491 5362 1720 5429 pretium
1749 5363 1845 5417 de-

259 5450 393 5503 coris
420 5450 608 5514 vestri,
653 5448 750 5504 sed
778 5448 990 5504 decoris
1018 5451 1307 5506 interioris.
1347 5453 1526 5507 Omnis
1554 5456 1694 5509 enim
1726 5456 1848 5525 pul-

259 5540 486 5595 chritudo
507 5542 636 5611 [ilic
659 5541 792 5612 regis
812 5541 1114 5596 intrinsecus
1138 5541 1310 5613 (Psat.
1342 5560 1485 5608 xuv,
1515 5545 1569 5611 ὅ,
1598 5544 1707 5617 Η).
1742 5546 1851 5602 Hac

321 5695 334 5725 ¹
562 5705 722 5757 prope
741 5700 849 5743 Mss.
869 5696 922 5742 et
944 5691 1127 5756 Flm'us,
1168 5694 1252 5749 sed
1276 5702 1402 5748 certe
1425 5694 1581 5749 minor
1603 5701 1671 5749 est
1690 5696 1854 5750 dum

255 5763 492 5808 miculas.

313 5820 335 5850 ι
351 5818 423 5869 sic
445 5825 552 5871 Itis.
574 5821 633 5867 Αι
655 5814 801 5875 editi,
834 5819 881 5867 et
896 5812 1075 5883 rideat.

1363 368 1448 423 DE
1490 366 1665 423 ΒΟΝΟ
1706 363 2099 424 VIDUITATIS
2138 369 2366 428 LIBER.

3434 381 3539 438 M6

1954 487 2343 556 pulchritudine
2370 492 2445 547 illi
2493 493 2734 561 placete;
2766 493 2900 549 hanc
2942 495 3391 565 pulchritudinem
3419 510 3535 555 stu-

1950 580 2098 635 diosa
2144 598 2271 639 cura
2320 593 2375 639 et
2418 586 2642 641 sollicita
2693 587 3014 656 cogitatione
3057 591 3380 660 componite.
3420 590 3536 645 Non

1945 682 2091 727 amat
2114 673 2202 729 ille
2232 674 2557 729 fallaciarum
2588 675 2737 731 fucos
2772 695 2785 731 :
2815 678 2956 731 veris
2986 680 3181 734 veritas
3208 680 3534 746 delectatur;

1948 773 2002 819 et
2028 766 2138 833 ille,
2166 768 2210 821 si
2238 769 2379 838 quod
2408 769 2579 839 legisti
2625 756 2891 840 agnoscis,
2922 772 3118 827 veritas
3142 782 3381 828 vocatur.
3425 774 3536 845 Ego

1946 871 2077 919 sum,
2108 857 2296 926 inquit,
2325 860 2424 923 via,
2448 868 2495 912 et
2522 861 2719 925 veritas,
2751 868 2798 914 et
2821 861 2923 914 vita
2949 861 3128 930 (Joan.
3156 879 3270 927 xrv,
3294 863 3373 929 6).
3400 863 3538 919 Cur—

1946 946 2047 1000 rite
2075 946 2141 1001 ad
2182 948 2329 1002 illum
2380 966 2473 1019 per
2517 950 2699 1016 illum;
2745 951 2949 1020 placete
2994 951 3065 1005 illi
3096 966 3161 1006 ex
3195 953 3284 1006 illo
3310 970 3333 1017 ;.
3371 954 3534 1010 vivite

1945 1052 2065 1092 cum
2097 1039 2206 1105 illo,
2239 1040 2291 1093 in
2321 1041 2431 1108 illo,
2464 1040 2531 1097 de
2572 1042 2680 1096 illo.
2724 1043 3015 1098 Aﬁ‘cctibus
3044 1044 3183 1101 veris
3217 1053 3273 1100 et
3312 1047 3535 1101 sanctis-

1945 1129 2078 1184 sima
2105 1132 2345 1186 castitate
2367 1146 2396 1186 a
2423 1132 2536 1187 viro
2565 1133 2652 1187 tali
2681 1142 2855 1189 amate
2880 1136 3072 1189 amari.

2014 1222 2104 1277 94.
2144 1223 2340 1278 Audiat
2383 1224 2497 1279 haec
2532 1226 2750 1294 virginis
2787 1227 2947 1280 etiam
2978 1235 3175 1283 sancta:
3222 1228 3391 1298 prolis
3430 1236 3534 1284 tua:

1943 1316 2089 1369 auris
2116 1316 2355 1372 interior.
2392 1318 2586 1374 Videro
2608 1320 2623 1350 ⁸
2643 1327 2897 1389 quantum
2926 1332 2977 1374 te
3000 1320 3265 1390 praecedat
3290 1321 3342 1375 in
3370 1336 3536 1391 regno

1942 1406 2103 1478 Regis
2132 1408 2270 1463 illius
2299 1428 2312 1463 :
2340 1410 2441 1465 alia
2471 1412 2693 1481 quaestio
2736 1420 2837 1467 est.
2876 1413 3156 1469 lnvenistis
3187 1422 3383 1479 tamen,
3415 1429 3532 1469 ma-

1942 1506 2025 1553 ter
2051 1508 2108 1555 et
2149 1499 2275 1568 ﬁlia,
2320 1502 2404 1555 cui
2441 1503 2762 1572 contemptis
2791 1505 3007 1573 nuptiis,
3038 1504 3124 1558 illa
3173 1504 3439 1571 omnibus,
3473 1514 3533 1559 tu

1940 1592 2213 1658 secundis,
2235 1593 2627 1663 pulchritudine
2638 1595 2897 1649 castitatis
2924 1595 3077 1649 simul
3102 1595 3311 1664 placere
3333 1594 3531 1651 debea-

1942 1682 2029 1737 tis.
2069 1683 2224 1739 Certe
2267 1684 2313 1738 si
2341 1686 2517 1739 mariti
2562 1695 2744 1741 essent
2772 1687 2962 1756 quibus
3005 1687 3320 1757 placendum
3348 1696 3533 1755 esset,

1934 1772 2044 1843 jam
2072 1783 2124 1830 te
2167 1775 2390 1839 fortasse
2430 1791 2551 1831 cum
2583 1776 2685 1832 ﬁlia
2716 1777 2937 1847 puderet
2984 1778 3163 1833 ornari
3193 1797 3206 1832 :
3239 1794 3381 1834 nunc
3424 1794 3533 1835 non

1939 1866 2133 1937 pudeat
2174 1882 2330 1939 agere
2373 1868 2563 1939 quibus
2592 1869 2748 1924 simul
2788 1870 3090 1936 ornemini;
3139 1871 3260 1941 quia
3293 1886 3399 1925 non
3445 1877 3532 1927 est

1938 1958 2305 2023 criminosum,
2338 1960 2432 2015 sed
2474 1961 2648 2029 potius
2671 1960 2982 2030 gloriosum,
3017 1970 3073 2015 ut
3096 1960 3162 2016 ab
3188 1962 3279 2015 illo
3305 1976 3412 2016 uno
3458 1961 3534 2016 si.

1938 2050 2049 2105 mul
2086 2051 2363 2107 amemini.
2400 2051 2717 2108 Simulatum
2742 2062 2919 2108 autem
2949 2053 3236 2109 candorem
3262 2069 3326 2109 ac
3363 2055 3532 2110 rubo-

1938 2156 2051 2196 rem
2099 2151 2153 2196 et
2194 2143 2477 2213 pigmentis
2524 2142 2713 2197 illitum
2760 2159 2866 2198 non
2917 2144 3271 2210 adhiberetis,
3321 2146 3532 2200 etiamsi

1938 2234 2081 2290 viros
2104 2235 2374 2291 haberetis
2401 2252 2415 2301 ;
2446 2250 2549 2290 non
2579 2244 2826 2307 putantes
2855 2236 3045 2306 dignos
3069 2252 3203 2307 quos
3232 2236 3484 2293 falleretis
3508 2280 3527 2306 ,

1938 2340 2038 2380 nec
2066 2340 2161 2380 vos
2191 2341 2309 2396 qua:
2345 2326 2531 2382 fallere
2560 2327 2825 2382 deberetis
2858 2343 2871 2379 :
2905 2344 3045 2383 nunc
3089 2343 3216 2399 ergo
3257 2329 3330 2383 illi
3357 2328 3531 2399 Regi,

1936 2417 2027 2487 qui
2054 2418 2222 2472 unica:
2250 2432 2477 2487 sponsa),
2507 2417 2658 2488 cujus
2685 2418 2923 2473 membra
2950 2420 3097 2484 estis,
3127 2419 3359 2489 speciem
3401 2435 3531 2475 con.

1936 2512 2152 2580 cupivit,
2181 2512 2443 2567 veraciter
2467 2511 2629 2567 simul
2655 2512 2879 2582 placete,
2910 2513 3070 2567 simul
3114 2513 3405 2579 inltmrete;
3439 2513 3530 2567 illa

1937 2602 2239 2673 integritate
2285 2603 2563 2674 virginali,
2608 2612 2665 2658 tu
2712 2603 3037 2659 continentia
3096 2603 3313 2671 viduali,
3359 2604 3531 2659 amba:

1937 2693 2330 2763 pulchritudine
2361 2693 2642 2764 spirituali.
2684 2693 2740 2748 In
2787 2708 2890 2763 qua
2931 2693 3323 2764 pulchritudine
3368 2694 3532 2748 etiam

1937 2786 2080 2841 illius
2102 2786 2240 2849 avia,
2269 2800 2454 2841 socrus
2485 2794 2595 2848 tua,
2623 2801 2740 2856 quae
2759 2785 2868 2856 jam
2900 2794 3047 2841 certe
3075 2784 3269 2849 senuit,
3298 2793 3379 2841 est
3408 2785 3531 2854 pul-
3604 2831 3609 2837 .

1936 2877 2065 2934 chra
2095 2878 2366 2934 vobiscum
2401 2878 2496 2950 (a).
2536 2878 2785 2949 Vigorem
2812 2880 3007 2949 quippe
3051 2878 3209 2947 hujus
3236 2876 3532 2948 pulchritu~

1936 2970 2078 3026 diuis
2119 2972 2244 3027 dum
2290 2970 2530 3027 extendit
2568 2971 2622 3025 in
2668 2972 2933 3026 anteriora
2978 2972 3230 3031 eharitas.
3263 2986 3446 3040 rugam
3476 2971 3531 3026 in

1937 3078 2002 3119 ea
2030 3079 2133 3119 non
2160 3061 2283 3118 facit
2312 3062 2606 3117 annositas.
2650 3062 2869 3117 Habetis
2898 3064 3173 3119 vobiscum
3204 3077 3363 3116 anum
3400 3077 3529 3116 san-

1938 3164 2079 3211 ctam
2105 3164 2159 3209 et
2185 3155 2237 3209 in
2266 3153 2425 3210 domo
2449 3162 2501 3208 et
2528 3154 2579 3208 in
2608 3153 2838 3219 Christo,
2865 3169 3023 3224 quam
3047 3153 3113 3208 de
3137 3152 3530 3222 perseverantia

1938 3247 2263 3309 consulatis;
2291 3245 2557 3316 quomodo
2582 3260 2700 3299 cum
2730 3244 2818 3298 illa
2840 3244 2922 3299 vel
2949 3245 3034 3297 illa
3062 3244 3352 3299 tentatione
3377 3246 3397 3275 '
3430 3260 3531 3312 pu-

1937 3338 2205 3409 gnandum
2232 3338 2317 3403 sit,
2351 3336 2478 3407 quid
2504 3335 2768 3407 agendum
2797 3344 2853 3391 ut
2883 3335 3034 3391 facile
3062 3344 3366 3405 superetur,
3388 3324 3531 3404 quod

1939 3429 2325 3485 munimentum
2356 3428 2693 3493 sumendum,
2722 3442 2792 3482 ne
2824 3426 2976 3481 facile
3000 3441 3187 3481 rursus
3213 3426 3530 3482 insidietur:

1940 3531 1993 3576 et
2021 3520 2068 3576 si
2094 3520 2219 3590 quid
2247 3518 2550 3589 hujnsmodi
2592 3527 2695 3585 est,
2736 3518 2895 3573 docet
2922 3533 3016 3573 vos
3053 3518 3398 3572 diuturnitate
3418 3518 3531 3588 jam

1940 3621 2106 3677 certa,
2127 3625 2309 3666 amore
2334 3610 2612 3669 benevola.
2640 3609 2835 3679 pietate
2863 3608 3109 3675 sollicita,
3138 3617 3295 3663 astate
3319 3610 3530 3679 sectus;

1941 3703 2018 3757 Tu
2043 3702 2327 3773 praecipue,
2363 3709 2417 3755 tu
2447 3701 2666 3756 consule
2696 3701 2746 3754 in
2778 3699 2968 3753 talibus
2991 3714 3132 3765 eam,
3159 3714 3278 3769 qum
3313 3709 3531 3768 experta

1940 3804 2024 3850 est
2062 3794 2202 3865 quod
2244 3803 2462 3864 experta
2493 3808 2572 3848 es.
2613 3792 2745 3847 Nam
2778 3793 2955 3862 proles
2996 3800 3171 3846 vestra
3200 3791 3328 3846 illud
3358 3793 3529 3846 canti-

1941 3900 2061 3940 cum
2089 3894 2285 3951 cantat,
2316 3884 2456 3955 quod
2485 3884 2541 3938 in
2583 3882 2901 3954 Apocalypsi
2931 3883 3032 3935 nisi
3062 3882 3293 3952 virgines
3317 3890 3533 3937 cantare

1942 3992 2047 4032 non
2092 3984 2315 4047 possunt
2360 3973 2541 4047 (Apoc.
2587 3989 2698 4038 XIV,
2729 3975 2782 4039 5,
2813 3974 2894 4045 ιι).
2932 3973 3038 4027 Pro
3067 3972 3332 4027 ambabus.
3353 3981 3532 4027 tamen

1941 4068 2093 4123 vobis
2138 4066 2414 4122 sollicitius
2458 4074 2575 4119 orat
2597 4080 2755 4134 quam
2802 4080 2898 4133 pro
2937 4080 2996 4119 se
3033 4064 3147 4133 ipsa
3180 4063 3315 4118 :sed
3364 4064 3534 4133 magis

1942 4178 2040 4233 pro
2080 4170 2240 4233 nepte
2262 4161 2485 4215 sollicita
2512 4168 2615 4222 est,
2646 4161 2731 4213 cui
2759 4157 3141 4213 vincendarum
3182 4158 3531 4211 tentationum

1942 4258 2169 4325 spatium
2213 4254 2333 4325 plus
2378 4260 2544 4307 restat
2593 4266 2851 4305 annorum
2886 4268 2899 4304 :
2933 4260 2984 4305 te
3016 4256 3192 4304 autem
3232 4250 3374 4304 videt
3417 4264 3532 4304 aevo

1943 4362 2042 4403 suo
2067 4346 2397 4409 viciniorem,
2430 4352 2485 4399 et
2530 4344 2646 4412 ejus
2690 4342 2813 4396 ﬁlia:
2853 4351 3102 4403 matrem,
3153 4355 3312 4408 quam
3364 4338 3407 4393 si
3442 4355 3532 4393 nu-

1944 4447 2109 4509 ptam,
2140 4436 2281 4507 quod
2305 4435 2415 4504 jam
2442 4449 2546 4488 non
2575 4434 2714 4497 licet,
2748 4439 2907 4499 atque
2936 4430 3091 4493 absit,
3130 4429 3375 4492 vidisses,
3406 4436 3532 4497 puto

1944 4529 2085 4601 quod
2118 4542 2307 4599 parere
2329 4542 2449 4581 cum
2492 4525 2578 4579 illa
2604 4523 2929 4580 erubuisses.
2970 4522 3237 4590 Quantum
3281 4529 3361 4574 est
3404 4535 3532 4589 ergo

1945 4621 2084 4693 quod
2106 4621 2218 4692 jam
2247 4619 2340 4675 tibi
2375 4616 2688 4689 periculosa:
2716 4622 2883 4670 restat
2903 4614 3096 4680 aetatis,
3125 4628 3243 4683 quae
3273 4612 3395 4667 ideo
3424 4628 3530 4666 non

1945 4715 2142 4769 diceris
2179 4713 2317 4778 avia,
2363 4721 2421 4766 ut
2466 4719 2769 4765 sanctarum
2818 4708 3197 4777 cogitationum
3228 4713 3283 4760 et
3309 4720 3532 4774 operum

1948 4806 2139 4862 fetibus
2179 4820 2301 4860 cum
2349 4803 2456 4859 ﬁlia
2502 4802 2674 4869 possis
2712 4815 2831 4855 esse
2876 4798 3143 4854 fecunda?
3188 4797 3304 4852 Non
3355 4797 3534 4867 itaque

1948 4896 2214 4953 immerito
2239 4894 2407 4964 magis
2449 4908 2547 4963 pro
2572 4893 2657 4946 illa
2688 4892 2912 4946 sollicita
2941 4900 3022 4946 est
3048 4891 3185 4956 avia,
3215 4904 3314 4959 pro
3339 4905 3442 4959 qua
3481 4897 3531 4944 et

1948 4997 2007 5043 tu
2034 4996 2202 5042 mater
2226 5003 2240 5040 :
2277 4986 2398 5055 quia
2424 4993 2479 5039 et
2522 4983 2693 5051 majus
2722 4991 2803 5037 est
2831 4981 2971 5051 quod
3002 4983 3163 5048 vovit,
3210 4989 3263 5036 et
3292 4990 3457 5036 totum
3483 4980 3533 5034 ei

1947 5088 2115 5137 restat
2153 5078 2293 5148 quod
2319 5076 2477 5131 modo
2506 5076 2667 5144 erepit
2691 5058 2733 5127 ⁵.
2775 5074 3035 5128 Exaudiat
3066 5074 3321 5127 Dominus
3350 5087 3538 5141 preces

1950 5169 2085 5241 ejus,
2115 5177 2173 5224 ut
2196 5176 2376 5223 sancto
2406 5165 2427 5197 ⁸
2456 5165 2822 5236 obsequamini
2850 5164 3055 5220 meritis
3084 5164 3220 5233 ejus,
3266 5179 3385 5233 qum
3413 5177 3536 5216 car-

2015 5326 2032 5357 ι
2065 5325 2201 5383 Fditi,
2235 5336 2344 5387 quo:
2364 5335 2490 5387 vero.
2520 5327 2575 5370 At.
2594 5327 2731 5387 Mss,
2766 5320 2961 5382 videro;
2985 5322 3165 5371 omisso
3187 5356 3202 5381 ,
3235 5332 3362 5385 quae.
3409 5326 3541 5369 Unus

1954 5385 2374 5449 AugustinenSium
2394 5385 2556 5441 habet,
2579 5385 2757 5435 ridere.

2020 5444 2264 5519 ίξίριωρς.
2298 5460 2395 5495 uno
2431 5455 2642 5517 excepto
2672 5444 3113 5519 augustinen'sinm,
3140 5446 3219 5519 qui
3238 5445 3542 5519 habetzcurn

1952 5507 2046 5581 illa.
2061 5508 2267 5560 beltuina
2281 5502 2633 5559 tcutationefAt
2651 5502 2787 5566 editi,
2808 5519 2917 5555 cum
2940 5504 3026 5555 illa
3050 5502 3216 5555 contra
3239 5502 3362 5553 bella
3383 5507 3537 5551 tenta-

1953 5579 2364 5704 quéorbeiensls
2380 5632 2736 5682 vetustissimus
2757 5635 2810 5679 et
2828 5626 2909 5679 alii
2929 5635 3032 5677 tres
3054 5634 3182 5685 Mss,
3207 5624 3332 5687 quod
3350 5620 3541 5673 modtco

1955 5702 2231 5825 “minus
2247 5762 2374 5805 nota!
2394 5762 2523 5825 Mss._,
2540 5761 2587 5825 et
2608 5759 2803 5825 sanctae.

2028 5820 2100 5883 (ιι)
2133 5818 2282 5871 Proba
2296 5808 2617 5869 Demetriadis
2631 5816 2755 5876 avia,
2774 5822 2941 5863 socrus
2959 5808 3173 5885 Juliang.
3240 5832 3241 5835 η
