3930 6368
226 313 320 378 ιῖιθ
1485 328 1570 382 DE
1608 329 1784 385 BONO
1827 331 1879 385 Vl

1995 333 2214 390 ITA'I'IS
2257 335 2474 392 LIBER.

263 431 444 486 Placete
483 434 748 488 erunibus
798 454 900 506 per
937 442 1148 504 omnia,
1178 439 1301 493 sicut
1344 446 1388 492 et
1429 455 1520 510 ego
1553 440 1782 494 omnibus
1808 458 1896 509 per

276 523 415 577 omnia
457 524 668 591 placeo,
729 543 848 580 non
891 543 1142 599 querens
1181 528 1310 598 quod
1347 529 1468 582 mihi
1497 530 1618 584 utile
1663 540 1759 597 est,
1805 533 1894 584 sed

273 616 377 683 quod
405 616 615 680 multis,
662 625 724 669 ut
765 619 906 672 salui
934 620 1068 687 ﬁant
1102 619 1146 688 (I
1187 618 1300 674 Cor.
1333 636 1389 684 x,
1417 619 1526 688 35).
1568 619 1624 674 In
1664 621 1892 689 quadam

269 709 405 762 etiam
463 708 885 766 exhortatione
937 711 1115 766 dicit:
1146 710 1224 765 De
1265 719 1460 777 cwlero,
1508 712 1711 780 fratres,
1749 727 1889 780 quie-

258 816 464 869 cimquc
504 810 642 854 sunt
677 816 838 869 vero,
870 819 1202 872 quacumque
1230 813 1423 867 sancta,
1459 818 1782 872 quwcumque
1798 803 1892 872 ju-

251 902 332 957 sto,
375 908 754 962 quacumque
803 901 972 962 casta,
1013 909 1336 966 quacumque
1389 894 1707 958 charissima,
1754 909 1890 964 qua:-

242 999 460 1052 cnmque
487 985 660 1038 bona:
703 985 889 1055 famaz,
921 987 1085 1055 siqua
1106 987 1278 1051 virtus,
1307 987 1351 1038 si
1380 1003 1481 1056 qua
1509 987 1643 1052 laus,
1670 987 1777 1040 hwc
1801 1003 1888 1040 co—

232 1076 412 1144 gitate,
465 1093 604 1147 qua:
663 1089 716 1131 et
765 1077 1036 1143 didicistis,
1081 1087 1128 1132 et
1155 1079 1438 1148 accepistis,
1487 1087 1533 1132 et
1553 1077 1792 1146 audistis,
1842 1089 1889 1133 et

226 1169 437 1222 vidistis
471 1170 533 1222 in
569 1187 666 1224 me
693 1170 962 1244 (Philipp.
987 1185 1070 1236 Iv,
1098 1170 1130 1225 8
1151 1178 1194 1223 et
1222 1169 1303 1240 9).
1332 1169 1520 1225 Cernis
1546 1170 1889 1240 quemadmo-

221 1260 355 1312 dum
412 1260 583 1315 intcr
631 1261 813 1315 multa
861 1277 979 1331 quae
1017 1259 1346 1315 exhortando
1389 1263 1736 1326 commonuit,
1781 1277 1886 1315 non

217 1352 564 1421 neglexerit
615 1367 856 1422 ponere,
903 1367 1224 1422 quaecumque
1262 1351 1406 1406 bonw
1434 1356 1621 1422 famw;
1651 1351 1888 1406 duobus-

211 1461 325 1514 que
355 1445 583 1499 verbis
630 1453 831 1500 cuncta
863 1444 1196 1508 concluserit,
1233 1443 1325 1499 ubi
1363 1445 1457 1510 ait,
1494 1445 1538 1498 si
1572 1460 1672 1513 quo
1707 1445 1882 1511 virtus,

208 1535 251 1587 si
277 1551 401 1603 qua
435 1535 605 1588 laus.
658 1534 749 1588 Ad
778 1534 1024 1589 virtutem
1067 1549 1293 1604 namque
1333 1535 1602 1604 pertinent
1626 1547 1744 1604 quae
1785 1550 1884 1588 an-

210 1637 304 1681 tea
358 1626 743 1680 memoravit
787 1627 961 1688 bona;
1003 1625 1140 1679 fama
1171 1641 1322 1692 vero,
1370 1625 1438 1680 ad
1486 1626 1720 1681 laudem.
1751 1626 1884 1682 Puto

209 1715 377 1786 quod
409 1732 545 1770 non
583 1716 815 1771 Iaudem
841 1715 1112 1770 hominum
1141 1730 1239 1785 pro
1264 1730 1459 1786 magno
1481 1717 1722 1773 sumebat
1742 1722 1886 1787 Apo-

211 1807 444 1873 stolus,
480 1808 616 1862 alio
647 1807 777 1862 loco
805 1806 1008 1870 dicens,
1041 1805 1172 1860 Mihi
1199 1816 1366 1862 autent
1390 1808 1653 1862 minimum
1676 1817 1747 1863 est
1774 1817 1828 1862 ut
1852 1826 1884 1863 a

214 1898 381 1952 vobis
417 1898 736 1968 dijudica,
778 1907 864 1952 aut
899 1897 961 1952 ab
999 1897 1218 1952 humano
1247 1898 1329 1953 die
1358 1897 1400 1969 (I
1425 1898 1547 1955 Cor.
1582 1914 1655 1966 Iv,
1694 1899 1782 1970 5);
1829 1908 1885 1956 et

218 1989 407 2052 alibi,
449 1988 524 2044 Si
561 1990 854 2045 hominibus
879 1988 1148 2060 placerem,
1185 1988 1372 2044 Christi
1399 2005 1568 2045 servus
1599 2006 1700 2044 non
1726 2007 1884 2045 essent

229 2080 483 2150 (Colat.
513 2096 561 2146 ι,
594 2081 729 2150 10);
767 2089 816 2136 et
841 2081 1060 2148 iterum,
1101 2080 1238 2134 Nam
1262 2081 1428 2152 gloria
1456 2089 1625 2136 nostra
1654 2081 1760 2137 lucc
1788 2091 1882 2149 cst,

235 2172 647 2226 tatimom’nm
685 2173 986 2228 conscientitc
1016 2181 1200 2228 nostra:
1231 2172 1299 2247 (II
1329 2173 1448 2228 Cor.
1467 2189 1505 2240 ι,
1536 2173 1650 2244 12).
1679 2174 1786 2230 Sed
1819 2175 1882 2228 il-

235 2263 454 2317 lorum
487 2263 758 2329 duorum,
788 2263 836 2318 id
863 2273 962 2331 est,
992 2263 1300 2320 bonaz'vita:
1329 2274 1383 2320 et
1407 2264 1564 2321 honre
1596 2266 1772 2334 fumat,
1795 2267 1880 2322 vel

228 2354 410 2425 quod
456 2354 697 2410 brevius
747 2355 957 2423 dicitur,
995 2354 1208 2410 virtutis
1245 2362 1302 2410 et
1327 2355 1520 2422 laudis,
1565 2371 1728 2411 unum
1758 2371 1884 2428 pro-

230 2456 374 2517 pter
410 2461 482 2501 se
526 2447 715 2516 ipsum
746 2446 1136 2516 sapientissime
1174 2445 1458 2514 retinebat,
1499 2447 1727 2502 alterum
1754 2463 1880 2518 pro-

230 2546 371 2608 pter
403 2537 567 2592 alios
602 2536 1105 2594 misericordissime
1130 2538 1460 2608 providebat.
1487 2539 1595 2596 Sed
1629 2542 1878 2611 quoniam

230 2629 614 2700 quantalibet
645 2629 883 2684 humana
923 2629 1130 2685 cautela
1173 2630 1507 2701 suspiciones
1548 2632 1881 2689 malevolen-o

234 2721 511 2776 tissimas
562 2735 678 2776 non
721 2728 900 2791 potest
938 2722 1083 2776 omni
1125 2736 1193 2776 ex
1234 2730 1387 2793 parte
1413 2723 1604 2790 vitare,
1650 2724 1740 2780 ubi
1783 2740 1880 2795 pro

237 2812 692 2867 existimatione
740 2820 923 2866 nostra
960 2810 1213 2882 quidquid
1249 2823 1396 2869 recte
1419 2828 1705 2884 possumus
1740 2814 1881 2872 lece-

243 2905 463 2969 rimus,
491 2905 542 2958 si
575 2904 749 2974 aliqui
768 2902 839 2958 de
859 2903 1010 2959 nobis
1033 2905 1120 2960 vel
1139 2905 1277 2961 mala
1302 2906 1550 2977 ﬁngendo
1567 2909 1607 2974 ί,
1637 2909 1720 2964 vel
1741 2909 1879 2966 male

247 2995 584 3061 credendo,
614 2996 817 3050 l’amam
841 3004 1075 3050 nostram
1095 2995 1407 3054 decolorare
1429 3007 1710 3065 conantur,
1741 3000 1881 3055 adsit

246 3087 634 3143 conscientia:
660 3087 934 3154 solatium,
960 3089 1224 3158 planeque
1256 3090 1414 3144 etiam
1444 3091 1714 3160 gaudium,
1737 3093 1878 3162 quod

250 3195 490 3236 merces
519 3190 710 3234 nostra
737 3195 929 3251 magna
955 3189 1038 3236 est
1066 3181 1120 3235 in
1159 3181 1330 3248 costis,
1352 3182 1514 3237 etiam
1551 3197 1671 3238 cum
1697 3183 1880 3239 dicunt

253 3271 532 3327 Itoniines
578 3271 723 3325 mala
763 3272 928 3325 multa
965 3271 1035 3326 de
1079 3271 1253 3336 nobis,
1303 3272 1388 3342 pie
1427 3281 1604 3327 latitet]
1630 3274 1878 3344 justeque

256 3364 593 3420 viventibus
620 3361 832 3433 (Manli.
863 3379 916 3430 v,
948 3364 1038 3428 tl,
1071 3362 1184 3433 I2).
1211 3362 1304 3419 Illa
1340 3364 1482 3419 enim
1521 3379 1728 3420 merces
1764 3374 1879 3421 tan-

262 3472 446 3526 quam
471 3456 801 3525 stipendium
833 3464 917 3511 est
939 3455 1304 3524 militantium,
1336 3471 1433 3526 per
1455 3472 1605 3512 arma
1636 3458 1876 3528 justitirc,

273 3561 398 3600 non
429 3547 604 3601 solum
632 3547 869 3612 dextera,
902 3562 1088 3602 verum
1131 3557 1186 3604 et
1223 3548 1478 3615 sinistra;
1524 3564 1618 3618 per
1655 3550 1878 3620 gloriam

286 3636 504 3691 scilicet
532 3646 585 3690 et
618 3637 1019 3708 ignobilitatem,
1055 3653 1149 3709 per
1174 3638 1444 3695 infamiam
1485 3651 1539 3696 et
1577 3641 1768 3696 bonam
1801 3642 1876 3697 l‘a-

288 3745 440 3784 mam
468 3727 535 3799 (II
557 3728 668 3784 Cor.
700 3747 771 3796 vr,
805 3732 857 3798 7,
886 3731 965 3801 8).
1409 3740 1412 3741 '

359 3818 594 3876 CAPUT
631 3821 821 3876 XXIII.
860 3852 932 3862 -—-
958 3822 1052 3878 28.
1095 3823 1417 3879 Continentes
1464 3835 1794 3895 perseverent,
1831 3837 1879 3881 et

293 3915 406 3968 aliis
430 3916 765 3984 persuadeant
794 3917 1170 3972 continentiam.
1200 3917 1488 3973 Conclusio.
1518 3921 1669 3990 Agite
1698 3921 1876 3991 itaque

297 4024 505 4065 ursum
531 4017 791 4074 vestrum,
831 4018 887 4066 et
925 4018 1331 4080 perseveranter
1371 4011 1588 4076 currite,
1635 4021 1692 4068 ut
1729 4027 1878 4068 com-

305 4099 668 4168 prehendalis;
709 4111 765 4157 et
803 4102 1052 4172 exemplo
1074 4103 1195 4158 vitae
1237 4101 1729 4174 exhortationisque
1757 4120 1875 4160 ser-

303 4206 452 4246 mone
496 4192 665 4260 rapitc
709 4192 764 4246 in
794 4192 1041 4251 eumdem
1079 4207 1295 4249 cursum
1325 4202 1558 4250 vestrum
1586 4209 1874 4264 quascum-

303 4297 402 4352 que
426 4285 724 4352 potueritis.
753 4283 868 4340 Non
893 4299 990 4340 vos
1013 4283 1080 4339 ah
1106 4284 1210 4340 hoc
1235 4283 1432 4350 studio,
1458 4300 1564 4356 quo
1589 4285 1782 4340 multas
1809 4285 1876 4341 ad

307 4373 604 4431 imitandum
648 4376 914 4442 excitatis,
951 4376 1159 4448 frangat
1203 4378 1418 4448 querela
1464 4392 1746 4446 vanorum,
1785 4378 1876 4448 qui

308 4463 478 4522 dicunt
520 4486 534 4522 :
581 4469 863 4536 Quomodo
897 4469 1178 4524 ‘subsistet
1229 4484 1397 4539 genus
1447 4469 1769 4535 humanum,
1831 4471 1877 4525 si

307 4574 483 4616 omnes
521 4560 720 4618 fuerint
759 4563 1128 4617 continentes?
1163 4562 1323 4630 Quasi
1355 4571 1572 4632 propter
1611 4562 1752 4617 aliud
1794 4578 1880 4619 re-

307 4652 531 4708 tardetur
555 4653 658 4709 hoc
685 4655 959 4720 naculum,
993 4655 1092 4710 nisi
1131 4665 1190 4710 ut
1219 4655 1502 4726 impleatur
1527 4655 1874 4725 praedestina-

308 4751 386 4798 ως
409 4760 659 4801 numerus
686 4745 776 4801 ille
801 4754 1128 4812 sanctorum,
1161 4761 1264 4814 quo
1305 4747 1462 4802 citius
1487 4746 1726 4817 impleto,
1757 4761 1878 4816 pro-

306 4833 433 4891 fecto
467 4853 567 4892 nec
609 4839 870 4893 terminus
909 4838 1088 4915 saeculi
1127 4837 1421 4894 dill‘eretur.
1460 4838 1568 4893 Nec
1613 4837 1742 4892 illud
1783 4853 1876 4891 vos

362 4966 535 5028 'Editi,
559 4968 633 5018 cel
665 4965 790 5019 male
809 4966 1052 5033 ﬁngenao.
1077 4969 1304 5019 meliores
1319 4975 1447 5029 Mss,
1468 4969 1613 5019 ntala.

3487 359 3592 416 450

2003 446 2237 502 retardet
2267 448 2332 503 ab
2354 450 2528 506 studio
2558 455 2910 520 persuadendi
2942 459 3058 515 aliis
3096 457 3292 518 bonum
3321 480 3578 538 vestrum,

2002 538 2049 591 si
2085 538 2291 595 dicatur
2337 541 2485 598 vobis
2518 543 2689 600 :Cum
2735 557 2789 602 et
2833 551 3026 619 nuptiae
3064 553 3218 609 home
3263 557 3399 623 sint,
3445 575 3578 630 quo-

2003 629 2163 684 modo
2184 640 2340 686 erunt
2360 634 2536 710 omnia
2563 635 2701 691 bona
2729 638 2782 692 in
2804 639 2999 696 Christi
3022 658 3264 715 corpore,
3293 656 3347 704 et
3376 629 3576 721 majora

2002 719 2205 775 scilicet
2230 729 2283 776 et
2312 723 2536 791 minora,
2566 727 2610 781 si
2636 743 2824 784 omnes
2849 733 3188 790 continentiae
3231 739 3384 795 laude
3419 719 3577 812 atque

2000 826 2182 869 amore
2212 815 2565 871 ‘imitentur?
2608 819 2805 887 Primo,
2850 824 2971 893 quia
3011 830 3250 884 conando
3298 841 3356 885 ut
3396 848 3584 890 omnes

1999 905 2106 961 sint
2137 908 2489 975 continentes,
2525 917 2649 966 tunc
2677 922 2831 968 erunt
2867 915 2950 969 vel
2986 931 3185 985 pauca}.
3222 921 3397 991 Neque
3435 925 3577 979 enim

1999 1013 2166 1050 omnes
2194 999 2397 1067 capiunt
2420 1001 2619 1054 verbum
2648 1003 2759 1057 hoc.
2793 1003 2895 1059 Sed
2918 1008 3166 1075 quoniam
3195 1011 3445 1079 scriptum
3471 1025 3578 1076 est,

2003 1089 2102 1154 Qui
2129 1099 2290 1159 potest
2332 1108 2527 1161 capere,
2571 1095 2734 1165 capiat
2770 1096 2984 1163 (.Ilatth.
3015 1115 3123 1164 xlv,
3167 1103 3255 1165 II,
3291 1102 3415 1174 I2);
3456 1114 3581 1158 tunc

1997 1179 2210 1249 capiunt
2249 1196 2366 1251 qua:
2413 1194 2654 1252 possunt,
2697 1187 2740 1238 si
2782 1202 2880 1241 nec
2917 1189 3022 1242 illis
3051 1205 3169 1259 qua:
3211 1208 3315 1246 non
3361 1195 3576 1263 capiunt

1998 1277 2250 1325 taceatur.
2282 1273 2500 1341 Deinde,
2531 1291 2630 1332 nec
2653 1278 2838 1333 timere
2861 1279 3118 1336 debemus
3147 1299 3213 1338 ne
3235 1285 3367 1338 forte
3393 1302 3580 1342 omnes

1997 1360 2229 1428 capiant,
2263 1371 2315 1416 et
2353 1363 2548 1432 aliquid
2574 1365 2641 1420 de
2671 1367 2965 1424 minoribus
2990 1369 3165 1436 bouis,
3199 1372 3250 1426 id
3285 1383 3366 1428 est
3395 1377 3582 1445 conju-

1994 1448 2125 1516 gulis
2155 1448 2262 1503 vita
2281 1452 2324 1515 ³,
2350 1451 2544 1506 Christi
2576 1454 2716 1508 desit
2748 1456 2800 1508 in
2843 1472 3086 1526 corpore.
3125 1460 3179 1514 Si
3219 1463 3360 1516 enim
3389 1477 3578 1518 omnes

1995 1539 2261 1596 audierint
2285 1551 2339 1596 et
2367 1557 2553 1600 omnes
2581 1548 2842 1616 ceperint,
2874 1549 3167 1620 intelligere
3195 1553 3450 1610 debemus
3477 1557 3580 1612 hoc

1989 1628 2166 1697 Ipsum
2212 1631 2376 1686 fuisse
2411 1633 2864 1703 prmdestinatum,
2919 1649 2975 1694 ut
3011 1643 3307 1713 conjugalia
3339 1645 3475 1700 bona
3523 1647 3576 1702 in

1992 1719 2201 1775 illorum
2227 1737 2449 1778 numero
2479 1726 2838 1782 membrorum
2863 1729 2971 1798 jam
3001 1732 3283 1797 sul'liciant,
3315 1750 3432 1804 qua:
3471 1746 3575 1792 tam

1993 1811 2166 1865 multa-
2201 1828 2268 1867 ex
2304 1814 2402 1869 hac
2427 1815 2533 1869 vita
2563 1817 2904 1873 transierunt.
2937 1819 3118 1891 Neque
3156 1823 3300 1877 enim
3340 1841 3498 1892 nunc,
3529 1829 3576 1882 si

1990 1913 2177 1957 omnes
2221 1901 2419 1959 fuerint
2462 1907 2832 1974 continentes,
2883 1909 3138 1966 honorem
3188 1914 3574 1970 continentium

1990 1990 2164 2046 daturi
2192 2003 2318 2048 sunt
2345 1995 2424 2049 eis
2459 1997 2548 2064 qui
2580 1998 2922 2053 tricenarium
2946 2000 3194 2068 fructum,
3224 2005 3270 2058 si
3306 2005 3358 2058 in
3385 2006 3576 2076 conju—

1989 2083 2092 2153 gali
2137 2083 2278 2139 bono
2315 2085 2430 2155 ipse
2478 2087 2787 2157 intelligitur
2809 2090 2850 2156 ³,
2885 2090 2995 2160 jam
3041 2091 3322 2149 dominicis
3365 2096 3574 2153 horreis

1989 2173 2282 2229 intulerunt
2324 2174 2432 2247 (Id.
2463 2192 2582 2243 xm,
2621 2178 2702 2249 8).
2748 2179 3030 2235 Ilabebunt
3072 2198 3200 2253 ergo
3241 2185 3352 2239 illic
3391 2188 3569 2241 omnia

1992 2262 2091 2318 ista
2121 2264 2258 2317 bona
2302 2279 2456 2320 suum
2485 2266 2684 2332 locum,
2723 2269 2931 2324 etiamsi
2981 2271 3231 2343 deinceps
3273 2275 3413 2330 nulla
3440 2278 3570 2332 velit

1989 2353 2212 2422 nubere,
2237 2355 2320 2410 vel
2361 2371 2520 2412 nemo
2548 2357 2744 2414 dueere
2784 2375 3025 2416 uxorem.
3057 2363 3256 2419 Securo
3285 2365 3459 2436 itaque
3487 2367 3573 2422 in-

1990 2454 2125 2502 state
2153 2447 2344 2517 quibus
2372 2450 2615 2518 potestis,
2645 2459 2704 2506 ut
2723 2452 2852 2507 liant
2878 2454 3020 2523 quod
3037 2469 3132 2509 vos
3157 2457 3286 2511 estis
3308 2475 3322 2512 :
3343 2465 3399 2512 et
3422 2471 3575 2514 orate

1990 2541 2268 2610 vigilanter
2293 2550 2450 2612 atque
2476 2541 2771 2612 ferventer,
2803 2554 2860 2599 ut
2896 2545 3162 2615 adjutorio
3190 2548 3425 2604 dextera:
3475 2551 3581 2605 Ex-

1987 2632 2117 2686 celsi
2145 2641 2200 2687 et
2237 2633 2560 2689 abundantia
2588 2634 3100 2692 misericordissima:
3127 2639 3314 2708 gratiae
3343 2639 3575 2707 Domini,

1988 2731 2042 2777 et
2065 2725 2417 2791 perseveretis
2446 2725 2500 2780 in
2539 2740 2606 2781 eo
2643 2725 2788 2796 quod
2815 2727 2966 2794 estis,
3011 2737 3063 2782 et
3105 2727 3392 2796 proﬁciatis
3421 2730 3488 2785 ad
3527 2731 3579 2785 id

1988 2814 2129 2884 quod
2157 2816 2326 2870 eritis.

2059 2905 2148 2961 ‘29.
2183 2905 2384 2961 Deinde
2412 2908 2636 2962 obsecro
2660 2923 2756 2963 vos
2785 2924 2880 2978 per
2906 2909 3050 2963 illum
3075 2924 3106 2964 a
3131 2925 3235 2980 quo
3265 2920 3321 2966 et
3347 2911 3451 2967 hoc
3476 2911 3572 2966 do.

1988 3010 2117 3050 num
2161 2996 2477 3065 accepistis,
2526 3008 2580 3052 et
2621 2997 2779 3068 hujus
2821 2998 2946 3053 doni
2985 3001 3202 3069 praemia
3229 3003 3493 3071 speratis,
3525 3011 3580 3057 ut
3633 3058 3646 3074 ,

1987 3103 2075 3143 me
2115 3103 2325 3158 quoque
2363 3089 2692 3143 orationibus
2732 3091 2922 3146 vestris
2962 3091 3314 3148 memineritis
3340 3093 3579 3150 inserere

1988 3194 2107 3234 cum
2154 3188 2262 3233 tota
2305 3179 2597 3236 domestica
2644 3189 2816 3236 vestra
2865 3181 3121 3237 Ecclesia.
3165 3182 3573 3240 Ordinatissimc

1987 3269 2183 3339 quippe
2226 3270 2468 3338 provenit
2512 3279 2572 3325 ut
2615 3271 2774 3325 matri
2805 3280 2996 3327 vestrae
3029 3272 3138 3342 jam
3177 3274 3474 3343 grandaava:
3510 3277 3580 3330 de

1987 3360 2228 3416 oratione
2270 3360 2550 3430 epistolam
2597 3361 2888 3417 scriberem
2931 3361 3044 3433 (a);
3085 3362 3153 3417 ad
3183 3363 3351 3432 ipsam
3382 3365 3579 3436 quippe

1990 3452 2219 3509 maxime
2259 3453 2491 3523 pertinet
2532 3452 2736 3507 orando
2777 3463 3090 3509 concertare
3126 3468 3220 3523 pro
3242 3455 3394 3511 vobis
3415 3497 3429 3522 ,
3458 3471 3576 3526 quae

1973 3544 2054 3598 .de
2091 3559 2150 3600 se
2187 3545 2364 3598 minus
2393 3543 2619 3600 sollicita
2645 3552 2729 3599 est
2753 3559 2912 3614 quam
2941 3543 3007 3600 de
3037 3545 3188 3600 vobis
3216 3563 3228 3598 :
3259 3555 3312 3600 et
3339 3555 3399 3602 ut
3425 3546 3494 3602 ad
3525 3557 3578 3603 te

1989 3641 2165 3710 potius
2193 3653 2350 3708 quam
2380 3637 2447 3693 ad
2479 3639 2621 3693 illam
2651 3639 2752 3694 hoc
2775 3638 2842 3693 de
2866 3638 3190 3694 continentia
3217 3639 3412 3693 viduali
3441 3653 3576 3709 opu-

1961 3733 2191 3786 sculum
2239 3731 2509 3795 facerem;
2557 3730 2681 3800 quia
2727 3730 2820 3786 tibi
2866 3745 3122 3800 superare
3163 3729 3336 3785 adhuc
3367 3741 3570 3798 restat,

1987 3825 2126 3896 quod
2171 3827 2282 3895 jam
2324 3835 2455 3881 tetas
2498 3824 2643 3879 illius
2683 3825 2971 3893 superavit.
3002 3823 3166 3894 Virgo
3188 3831 3366 3880 autem
3393 3835 3574 3879 sancta

1987 3921 2165 3992 proles
2192 3927 2370 3974 vestra
2393 3959 2408 3986 ,
2440 3918 2484 3973 si
2507 3917 2707 3988 aliquid
2734 3916 2801 3972 de
2829 3931 2923 3972 sua
2953 3915 3287 3986 professione
3308 3915 3578 3971 desiderat

1987 4029 2056 4070 ex
2086 4011 2358 4068 laboribus
2387 4011 2584 4068 nostris
2603 4051 2619 4077 ,
2646 4009 2806 4065 habet
2831 4007 3089 4079 grandem
3115 4007 3311 4071 librum
3339 4008 3407 4064 de
3425 4007 3576 4064 Sen-

1986 4113 2070 4159 cta
2104 4102 2414 4172 Virginitate
2434 4141 2448 4166 ,
2480 4114 2638 4169 quem
2667 4099 2826 4170 legat.
2855 4099 2932 4155 De
2955 4113 3062 4168 quo
3087 4098 3310 4168 legendo
3338 4099 3498 4155 etiam
3525 4108 3576 4153 te

1987 4207 2454 4258 commonueram,
2493 4191 2743 4261 quoniam
2779 4191 2944 4246 multa
2977 4190 3213 4245 continet
3235 4190 3459 4259 utrique
3481 4205 3577 4246 ne-

1986 4286 2218 4344 cessaria
2245 4283 2494 4347 castitati,
2521 4283 2624 4337 hoc
2647 4290 2750 4346 est,
2777 4281 3019 4352 virginali
3041 4289 3200 4349 atque
3220 4279 3434 4344 viduali,
3457 4294 3577 4348 quae

1988 4379 2077 4434 hic
2118 4385 2401 4447 propterea
2442 4373 2635 4445 partim
2676 4367 2904 4427 tenuiter
2929 4371 3106 4440 attigi,
3139 4371 3328 4438 partim
3359 4368 3576 4424 omnino

1989 4468 2304 4540 przrtermisi
2326 4508 2344 4531 .
2381 4466 2504 4536 quia
2542 4464 2615 4519 ibi
2645 4463 2914 4533 copiosius
2940 4460 3224 4530 disputavi.
3258 4459 3578 4513 Perseveres

1988 4563 2041 4617 in
2066 4560 2236 4632 gratia
2261 4557 2482 4614 Christi.

2053 4703 2065 4733 ί
2099 4701 2172 4750 sic
2191 4706 2300 4747 Mss.
2328 4703 2383 4746 At
2407 4695 2540 4754 editi,
2571 4692 2763 4743 tandem
2786 4698 2926 4755 atque
2949 4703 3175 4741 amorem.

2052 4766 2071 4795 ι
2097 4769 2169 4810 Fr.
2198 4768 2251 4810 et
2273 4760 2441 4821 plures
2464 4755 2736 4823 δξβξηυὶιφ.
2851 4815 2860 4823 ,
2967 4812 2996 4823 ..
3048 4813 3058 4823 .
3215 4810 3225 4820 .
3411 4810 3420 4818 .
3461 4818 3469 4823 _

2053 4826 2073 4856 ³
2095 4830 2159 4873 tta
2333 4827 2390 4870 At
2433 4810 2587 4878 editi,
2629 4816 2710 4880 qui
2753 4812 2996 4878 conjugali
3039 4813 3159 4864 bona
3207 4810 3357 4861 inesse
3403 4810 3576 4859 intelli-

1989 4894 2351 5029 guggﬁpistola
2370 4961 2474 5021 150,
2505 4960 2565 5009 ad
2595 4959 2809 5009 Proham.

369 5312 447 5372 In
476 5310 678 5372 libros
714 5308 791 5372 de
821 5308 1152 5390 Coniugiis
1185 5307 1575 5369 Adulterinis
1614 5303 1751 5366 vide
1799 5301 1908 5363 lib.
1941 5300 2000 5365 2.
2037 5317 2170 5379 cap.
2215 5297 2314 5371 57,
2348 5294 2924 5366 Retractationum,
2977 5297 3124 5351 tom.
3156 5287 3214 5360 1,
3258 5282 3381 5345 col.
3421 5280 3541 5341 653
3564 5324 3580 5353 ,

296 5411 513 5484 urbis,
530 5411 771 5493 Scripsi
799 5409 962 5474 duos
996 5409 1222 5485 libros,
1251 5426 1440 5489 usque
1468 5405 1548 5470 ad
1579 5403 1782 5475 verba,
1830 5403 1986 5465 Mihi
2019 5400 2395 5479 scripseras.
2483 5396 2567 5457 M.
