3930 6368
186 281 251 341 λῶ
736 278 839 334 DE
893 276 1245 335 CONJUGHS
1282 270 1754 339 ADULTERINIS,
1797 269 1857 326 S.
1902 270 2274 330 AUGUSTINI
2330 274 2534 333 LIBER
2572 272 2851 340 PRIMUS.

190 394 361 455 Deinde
388 406 515 449 cum
556 391 770 448 dictum
810 402 937 459 est,
970 393 1281 463 Quicumque
1309 392 1553 446 dimiserit
1578 401 1785 444 uxorem

188 506 344 552 suam,
383 495 597 556 excepta
633 502 796 538 causa
836 485 1226 555 fornicationis,
1265 484 1386 555 facit
1410 500 1519 537 eam
1546 482 1785 537 maecltari

184 581 370 649 (Matth.
401 594 469 643 ν,
501 576 602 645 '52)
628 592 646 640 ;
678 576 958 647 quomodo
985 576 1184 630 dictum
1212 574 1535 629 intellecturi
1564 586 1783 641 sumus,

180 671 261 725 nisi
306 668 661 739 prohibitum
712 681 834 721 esse
881 665 1086 719 homini
1129 664 1395 719 dimittere
1436 680 1691 730 uxorem,
1740 663 1782 717 si

180 761 298 816 nulla
351 752 531 814 causa
586 757 958 812 fornicationis
1000 755 1306 812 exstiterit?
1349 756 1416 810 Et
1455 755 1654 809 dictum
1705 763 1787 808 est

178 868 320 924 quare
342 896 358 915 ,
391 867 469 906 ne
500 852 717 906 scilicet
744 847 903 904 faciat
930 864 1048 904 eam
1081 846 1336 903 mmehari
1368 864 1382 903 :
1411 846 1598 917 utique
1628 845 1780 910 ideo,

176 949 271 1018 quia
310 945 551 1000 etiamsi
595 960 705 998 non
744 943 855 1012 ipsa
890 941 1183 1006 dimiserit,
1222 940 1317 995 sed
1343 940 1557 996 dimissa
1584 937 1742 994 fuerit
1765 979 1780 1006 ,

173 1042 248 1093 erit
277 1036 511 1092 mmcha
539 1078 556 1099 ,
590 1035 637 1089 si
669 1033 928 1103 nupserit.

223 1128 469 1186 CAPUT
502 1127 599 1182 ΙΙΙ.
634 1157 699 1167 -
727 1126 890 1181 Locus
919 1125 1148 1195 Apostoli
1175 1124 1238 1178 de
1258 1124 1466 1177 muliere
1494 1138 1605 1193 qua:
1624 1139 1655 1176 a
1676 1125 1782 1177 viro

168 1223 455 1294 fornicante
501 1219 763 1283 discedit,
815 1216 1192 1288 intelligendus.
1244 1215 1467 1284 Propter
1510 1214 1609 1268 hoc
1654 1229 1782 1283 ergo

168 1326 253 1369 tam
288 1328 576 1383 magnum
603 1312 834 1373 malum,
866 1324 971 1363 non
997 1310 1116 1363 licet
1140 1308 1341 1362 homini
1363 1308 1628 1362 dimittere
1651 1318 1782 1362 uxo-

168 1420 259 1461 rem
280 1446 298 1469 ,
334 1406 454 1459 nisi
485 1419 560 1458 ex
589 1417 750 1457 causa
778 1400 1163 1455 fornicationis.
1197 1400 1347 1454 Tunc
1371 1400 1511 1454 enim
1541 1415 1643 1453 non
1669 1399 1783 1467 ipse

165 1498 492 1555 dimiuendo
538 1496 667 1551 facit
704 1495 1036 1559 adulteram,
1081 1493 1175 1548 sed
1217 1492 1436 1547 dimittit
1461 1491 1780 1549 adulteram.

165 1591 286 1660 Quid
334 1590 390 1645 si
442 1604 583 1658 ergo
626 1586 805 1653 dicat,
854 1584 1071 1639 Dimitto
1105 1583 1318 1655 quidem
1360 1590 1579 1638 uxOrem
1607 1598 1780 1637 meum

170 1686 269 1739 sine
316 1682 441 1737 ulla
486 1696 656 1736 causa
700 1676 1101 1739 fornicationis,
1148 1675 1241 1730 sed
1269 1675 1549 1729 continens
1575 1687 1784 1744 permaé

168 1775 347 1831 ueho?
397 1773 603 1828 ideone
636 1770 878 1825 dicemus
906 1783 1029 1822 eum
1066 1768 1284 1836 impune
1305 1762 1500 1820 fecisse
1528 1763 1669 1835 quod
1701 1764 1780 1818 fe-

170 1867 269 1922 cit?
318 1865 466 1934 Quis
508 1863 614 1917 hoc
650 1862 829 1916 dicere
867 1858 1121 1920 audebit,
1166 1857 1253 1927 qui
1296 1855 1626 1910 voluntatem
1675 1854 1781 1909 Do-

172 1957 299 2010 mini
346 1956 479 2008 hanc
518 1952 735 2007 dicentis
771 1948 1058 2018 intelligit?
1088 1946 1349 2013 Quoniam
1378 1960 1475 2001 nec
1502 1945 1782 2000 continen-

181 2048 267 2102 tia:
295 2061 475 2100 causa
506 2043 698 2099 dimitti
717 2043 993 2113 coniugem
1019 2041 1183 2095 voluit
1202 2082 1217 2108 ,
1248 2040 1339 2111 qui
1366 2039 1533 2095 solam
1563 2054 1779 2095 causam

184 2134 571 2192 fornicationis
599 2133 809 2203 excepit.

244 2230 307 2284 3.
352 2226 663 2280 Redeamus
692 2225 843 2295 igitur
871 2223 938 2278 ad
979 2224 1089 2293 ipsa
1121 2223 1362 2294 Apostoli
1400 2222 1565 2279 verba
1591 2224 1779 2280 dicen-

181 2318 238 2373 tis
260 2361 277 2386 ,
316 2317 422 2371 His
440 2328 610 2370 autem
631 2318 716 2386 qui
738 2327 855 2370 sunt
880 2317 932 2370 in
954 2316 1191 2386 conjugio
1221 2316 1460 2386 prtecipio
1482 2357 1495 2382 ,
1523 2334 1623 2371 non
1651 2334 1740 2387 ego
1762 2359 1777 2384 ,

181 2413 255 2467 sed
274 2410 565 2475 Dominus,
589 2427 796 2465 uxorem
821 2427 853 2463 α
875 2411 982 2464 viro
1005 2426 1104 2463 non
1126 2410 1380 2464 discedere
1406 2425 1427 2474 ;
1450 2414 1585 2482 quod
1614 2412 1658 2465 si
1681 2412 1782 2466 dis.

183 2504 410 2569 cesserit,
444 2518 657 2555 ntanere
690 2502 959 2571 innuptam
989 2517 1009 2565 ;
1051 2510 1103 2555 et
1134 2515 1255 2555 eum
1298 2500 1443 2555 velut
1479 2500 1779 2571 interroge-

186 2611 315 2663 mus,
347 2605 405 2650 et
434 2604 693 2664 tanquam
723 2602 1043 2663 praesentem
1070 2592 1300 2663 quodam
1331 2591 1493 2647 modo
1532 2594 1780 2648 consula-

190 2702 295 2744 mus
320 2707 335 2743 :
361 2687 476 2743 Cur
501 2686 710 2751 dixisti,
752 2685 1029 2756 Apestoie,
1068 2684 1203 2754 quod
1239 2684 1282 2739 si
1309 2684 1623 2751 discesserit,
1671 2701 1781 2739 ma-

189 2799 289 2838 nere
317 2784 595 2854 innuptam
627 2782 655 2835 .’
681 2781 903 2836 Licetne
927 2780 1236 2848 discedere,
1264 2795 1331 2834 an
1362 2795 1469 2835 non
1517 2780 1641 2835 licet
1667 2779 1692 2833 ?
1720 2780 1778 2836 Sl

190 2889 284 2930 non
306 2874 465 2938 licet,
493 2889 594 2928 cur
640 2872 890 2943 prmcipis
928 2871 1223 2927 discedenti
1253 2878 1311 2925 ut
1357 2881 1573 2926 maneat
1618 2871 1779 2926 inuu-

191 2976 268 3037 pta
295 2968 322 3021 τ
345 2967 400 3023 Si
428 2976 608 3021 autem
631 2964 760 3019 licet
782 3006 797 3030 ,
830 2961 1075 3034 profecto
1114 2970 1197 3017 est
1236 2962 1418 3033 aliqua
1465 2976 1624 3017 causa
1674 2976 1781 3033 qua

190 3060 357 3116 liceat.
385 3060 518 3115 Hmc
543 3066 727 3113 autem
754 3057 1003 3127 inquisita
1030 3072 1137 3111 non
1166 3056 1454 3124 invenitur,
1488 3056 1588 3111 nisi
1619 3073 1778 3126 quam

192 3154 349 3207 solam
376 3151 631 3207 Salvator
669 3149 880 3219 escepit
901 3188 917 3214 ,
950 3148 1002 3203 id
1030 3156 1147 3215 est,
1197 3162 1358 3202 causa
1390 3147 1776 3203 fornicationis.

194 3244 256 3299 Ac
299 3258 399 3313 per
436 3242 543 3296 hoc
583 3255 692 3296 non
737 3240 991 3311 praecepit
1041 3240 1328 3311 Apostolus
1368 3240 1683 3305 mulierem,
1733 3242 1779 3296 si

193 3334 513 3399 discesserit,
542 3346 766 3387 manere
794 3332 1087 3402 innuptam,
1110 3333 1210 3387 nisi
1238 3347 1356 3402 qua:
1384 3332 1469 3387 illa
1495 3347 1654 3387 causa
1679 3333 1780 3387 dis-

194 3427 326 3482 cedit
368 3434 400 3480 a
426 3426 567 3492 viro,
594 3440 699 3495 qua
728 3424 843 3480 sola
873 3425 920 3479 ei
949 3425 1146 3480 licitum
1174 3434 1259 3481 est
1284 3425 1560 3482 discedere
1586 3442 1616 3481 a
1640 3428 1775 3483 viro.

197 3517 295 3573 libi
318 3518 460 3571 enim
497 3516 689 3571 dicitur
711 3557 726 3580 ,
774 3513 1030 3586 Prwcipio
1072 3533 1174 3570 non
1213 3516 1467 3571 discedere
1500 3534 1522 3583 ;
1561 3516 1695 3587 quod
1736 3518 1780 3571 si

201 3608 502 3673 discesserit,
522 3622 717 3660 orauere
740 3606 1007 3677 innuptam
1029 3606 1208 3671 ;absit
1229 3618 1286 3662 ut
1308 3617 1491 3662 contra
1516 3606 1620 3663 huc
1645 3623 1781 3677 prcus

199 3709 404 3768 ceptum
442 3695 615 3764 faciat,
657 3712 777 3767 qua:
805 3696 886 3753 sic
918 3696 1143 3752 discedit
1186 3706 1245 3751 ut
1298 3698 1514 3767 innupta
1564 3712 1781 3767 perma-

204 3799 331 3844 neat.
374 3789 491 3845 Nisi
534 3804 663 3859 ergo
693 3789 782 3844 illa
826 3788 1154 3859 intelligatur
1199 3790 1285 3844 cui
1335 3789 1458 3843 licet
1502 3789 1779 3845 discedere

210 3880 544 3949 (nouantem
574 3883 699 3937 licet
726 3882 830 3936 nisi
868 3881 983 3935 viro
1010 3880 1332 3953 foruicante)
1357 3923 1371 3947 ,
1400 3880 1669 3952 quomodo
1690 3881 1781 3951 ju-

210 3971 341 4029 betur
377 3974 604 4044 innupta
624 4016 639 4041 ,
671 3972 716 4028 si
743 3973 1045 4028 discesserit
1077 4013 1090 4038 ,
1123 3972 1486 4043 permanere?
1525 3972 1654 4039 Quis
1698 3981 1781 4028 cst

212 4067 288 4135 qui
314 4066 449 4122 dicat
500 4084 516 4121 :
562 4067 623 4122 Si
666 4065 979 4121 discesserit
1029 4066 1219 4121 mulier
1256 4080 1286 4119 a
1322 4065 1438 4120 viro
1467 4081 1569 4120 nou
1600 4064 1778 4120 furni-

211 4171 379 4226 cante,
426 4162 655 4231 innupta
684 4168 1014 4230 permaneat,
1046 4174 1166 4213 cum
1198 4159 1247 4214 ei
1278 4159 1380 4214 nisi
1401 4174 1431 4213 a
1470 4160 1582 4214 viro
1614 4159 1779 4213 forni-

210 4260 345 4307 cante
395 4252 684 4308 discedere
726 4251 946 4306 omnino
975 4266 1081 4306 non
1123 4251 1331 4306 liceat?
1360 4252 1562 4307 Sensus
1603 4251 1782 4322 itaque

212 4342 297 4399 iste
320 4356 441 4400 tuus
466 4352 725 4415 quantum
757 4342 1067 4399 adversetur
1110 4345 1322 4400 vinculo
1349 4345 1615 4416 coniugali
1642 4387 1656 4412 ,
1693 4344 1779 4401 ubi

215 4433 449 4491 Dominus
478 4450 581 4491 nec
621 4435 1002 4491 continentiam
1031 4436 1197 4491 voluit
1252 4438 1489 4508 suscipi,
1530 4438 1631 4492 nisi
1668 4440 1781 4509 puri

216 4527 555 4598 concordique
583 4541 846 4583 consensu
870 4569 885 4593 ,
915 4537 1041 4598 puto
1079 4530 1219 4600 quod
1246 4530 1356 4601 jam
1390 4531 1672 4602 intelligas.

272 4617 493 4676 CAPUT
532 4617 625 4674 iV.
654 4648 727 4659 —
745 4620 798 4675 4.
831 4619 1103 4690 Apostolus
1125 4622 1256 4675 utale
1277 4620 1565 4676 intellectus
1586 4622 1648 4676 de
1668 4639 1780 4675 mu—

223 4710 316 4766 liere
334 4714 393 4767 ob
414 4712 741 4768 continentice
761 4714 998 4783 placitum
1020 4714 1322 4769 discedente.
1348 4715 1452 4771 Sed
1477 4731 1588 4771 rem
1612 4715 1783 4785 ipsam

226 4803 351 4867 paulo
392 4805 638 4875 apertius
684 4804 1061 4874 proloquamur
1083 4847 1095 4871 ,
1128 4815 1182 4861 et
1218 4807 1370 4876 quasi
1399 4807 1785 4862 constituamus

226 4906 321 4952 ante
362 4898 575 4953 oculos.
625 4899 761 4952 Ecce
803 4898 997 4967 placuit
1024 4899 1350 4954 continentia
1398 4900 1637 4962 mulieri,
1672 4900 1785 4954 viro

231 5001 309 5043 non
332 4991 534 5062 placuit
568 5010 581 5045 :
614 4991 857 5047 discessit
894 4991 961 5045 ab
988 5007 1055 5047 eo
1082 4992 1291 5060 mulier,
1318 5003 1372 5047 et
1415 5008 1482 5048 cu
1505 4994 1578 5063 pit
1608 4995 1786 5048 vivere

231 5084 552 5144 continenter,
583 5083 695 5152 ipsa
718 5083 919 5139 scilicet
937 5094 1081 5139 casta
1109 5098 1354 5139 mansura
1374 5127 1388 5150 ,
1426 5085 1519 5139 sed
1546 5084 1783 5151 factum,

220 5176 336 5244 quod
370 5176 631 5231 Dominus
660 5192 766 5231 non
790 5176 904 5231 .vuit
928 5219 943 5245 ,
973 5176 1273 5232 adulterum
1303 5177 1474 5231 virum
1507 5193 1520 5241 ;
1550 5176 1638 5247 qui
1663 5193 1787 5231 cum

208 5281 261 5323 se
283 5284 385 5325 non
425 5269 767 5335 continuerit,
790 5269 1010 5323 alteram
1031 5277 1252 5339 qumret.
1280 5270 1415 5338 Quid
1458 5284 1644 5325 sumus
1702 5270 1786 5324 di-

208 5361 333 5415 cturi
370 5360 604 5422 mulieri,
625 5360 722 5414 nisi
748 5359 888 5431 quod
915 5359 1042 5415 dicit
1069 5359 1320 5417 Ecclesia:
1341 5377 1466 5416 sana
1495 5361 1734 5417 doctrina
1765 5360 1789 5415 ?

209 5449 384 5507 Redde
411 5452 653 5508 debitum
680 5454 818 5519 viro,
846 5467 914 5507 ne
937 5451 1063 5506 dum
1093 5460 1144 5507 tu
1170 5454 1364 5523 quaeris
1392 5454 1533 5509 unde
1563 5454 1790 5525 amplius

211 5540 501 5611 hortareris,
543 5544 635 5600 ille
674 5544 816 5600 unde
842 5544 1125 5599 damnetur
1151 5547 1401 5602 inveniat.
1437 5547 1548 5601 lloc
1569 5548 1711 5601 enim
1737 5555 1791 5602 et

232 5631 289 5686 illi
308 5638 613 5692 diceremus
631 5678 647 5704 ,
674 5636 719 5691 si
759 5648 810 5692 tc
835 5636 1052 5693 nolente
1070 5639 1339 5696 continere
1362 5641 1640 5697 voluisset.
1666 5640 1789 5696 Non

238 5727 342 5783 enim
372 5729 541 5784 habes
585 5736 903 5811 potestatem
945 5729 1178 5798 corporis
1205 5732 1274 5786 tui
1296 5771 1312 5801 ,
1346 5732 1440 5787 sed
1484 5731 1574 5787 ille
1610 5751 1622 5787 :
1652 5733 1788 5788 sicut

3378 273 3483 350 ὶδι

1900 400 1999 442 nec
2030 387 2117 443 ille
2150 389 2309 445 habet
2338 401 2648 461 potestatem
2676 399 2917 467 corporis
2937 401 3040 469 sui,
3070 403 3165 460 sed
3201 406 3275 460 tu.
3307 409 3481 465 Nolite

1896 479 2122 535 invicem
2152 480 2418 547 fraudare.
2448 487 2546 541 nisi
2577 504 2642 542 ex
2686 505 2972 547 consensu.
3010 493 3143 551 Cum
3184 496 3298 554 lucc
3322 511 3481 571 atque

1895 570 2196 641 hujusmodi
2225 575 2374 644 plura
2405 594 2521 647 qua:
2567 580 2632 633 ad
2675 581 2773 636 hoc
2813 586 3109 652 pertineant
3148 570 3479 660 dixerimus,

1894 663 2135 733 plaeetne
2166 666 2257 720 tibi
2300 676 2359 722 ut
2400 670 2550 724 nobis
2580 672 2769 727 mulier
2795 688 2857 728 ex
2896 677 2995 730 ista
3028 688 3113 734 tua
3141 683 3343 739 ratione
3396 701 3480 740 rc-

1894 755 2153 824 spondeat
2186 758 2210 811 ‘t
2238 759 2349 829 Ego
2376 761 2687 831 Apostoium
2710 764 2869 820 audio
2892 767 3151 825 dicentem
3178 815 3192 840 ,
3228 774 3478 845 Prwcipio

1891 846 2148 902 mulierem
2172 866 2203 902 a
2225 852 2330 905 viro
2352 869 2450 907 non
2489 855 2741 910 discedere
2770 872 2791 922 ;
2814 860 2949 930 quod
2972 862 3015 915 si
3049 862 3345 930 discesserit,
3378 886 3479 922 ma-

1890 953 2007 992 nere
2028 938 2315 1011 innuptam,
2338 953 2424 997 aut
2445 945 2549 999 viro
2569 958 2664 1000 suo
2687 951 3005 1006 reconciliari
3034 968 3053 1007 :
3082 958 3205 1011 ecCc
3228 957 3471 1027 discessi,

1890 1028 2015 1083 nolo
2057 1033 2390 1088 reconciliari
2432 1036 2584 1101 viro,
2631 1038 2725 1094 sed
2766 1041 2983 1112 innupta
3026 1060 3332 1115 permaneo.
3362 1051 3479 1106 Non

1890 1120 2034 1174 enim
2066 1122 2177 1187 ait,
2209 1122 2263 1179 Si
2306 1124 2650 1195 discesserit,
2693 1146 2911 1187 manere
2951 1135 3259 1207 innuptam,
3306 1140 3478 1197 donec

1888 1211 2004 1265 viro
2038 1227 2135 1267 suo
2184 1217 2601 1286 reconcilietur;
2635 1221 2759 1307 sed,
2796 1240 3035 1292 manere,
3080 1229 3284 1299 inquit,
3324 1233 3476 1285 inmt-

1889 1310 2045 1372 ptam,
2073 1314 2159 1358 aut
2194 1308 2299 1360 viro
2329 1325 2419 1361 suo
2443 1313 2776 1367 reconciliari.
2806 1315 2934 1381 lloc,
2964 1318 3152 1389 inquit,
3186 1320 3357 1388 faciat,
3388 1330 3479 1379 aut

1888 1392 2017 1448 illud
2060 1412 2074 1449 :
2128 1411 2291 1451 unum
2332 1399 2600 1456 eduobus
2647 1404 2948 1475 eligendum
3007 1413 3245 1479 permisit
3297 1430 3312 1480 ;
3367 1431 3476 1471 non

1886 1494 2065 1540 autem
2104 1487 2157 1542 in
2191 1488 2377 1544 horum
2422 1492 2647 1549 alterum
2694 1501 2967 1569 compulit.
3000 1502 3214 1560 Manere
3257 1507 3475 1577 innupta

1886 1576 2049 1648 eligo,
2083 1594 2145 1635 ac
2167 1580 2242 1636 sic
2262 1586 2583 1656 prmceptum
2615 1588 2825 1660 impleo.
2865 1592 3102 1665 Corripe,
3151 1613 3343 1669 argue,
3391 1576 3477 1657 in-

1886 1682 2065 1740 crepa,
2098 1682 2247 1728 utere
2272 1691 2372 1745 qua
2403 1678 2632 1733 volueris
2661 1684 2971 1749 severitate,
3006 1688 3048 1741 si
3082 1704 3330 1758 impsero.

1957 1760 2180 1854 CAPUT
2220 1764 2435 1823 V.-—5.
2485 1769 2755 1839 Refutatur
2802 1774 2892 1828 illa
2938 1777 3283 1849 interpretatio
3331 1783 3474 1854 Apo—

1885 1852 2022 1908 stolt.
2064 1855 2199 1922 Quid
2229 1857 2353 1914 huic
2397 1865 2756 1920 contradicunt
2791 1885 2805 1934 ;
2843 1870 2939 1924 uisi
2964 1914 2979 1937 ,
3023 1872 3337 1939 Apostolum
3368 1852 3476 1935 non

1886 1942 2025 2000 bene
2070 1946 2370 2020 intelligis?
2411 1950 2594 2024 Neque
2625 1957 2765 2010 enim
2814 1958 2901 2014 ille
2931 1965 3309 2034 praecepisset,
3360 1970 3403 2023 si
3443 1985 3473 2024 a

1885 2038 2000 2093 viro
2049 2038 2393 2107 discesserit,
2438 2045 2708 2114 innuptam
2762 2066 2976 2106 manere
3021 2056 3329 2125 mulierem,
3372 2060 3475 2115 nisi

1885 2146 2004 2186 eam
2041 2133 2126 2187 cui
2148 2134 2421 2192 discedere
2453 2138 2688 2195 licuisset
2712 2183 2726 2208 ,
2755 2141 2841 2195 illa
2872 2160 2975 2198 una
3002 2147 3244 2204 videlicet
3273 2166 3429 2205 causa
3453 2182 3473 2219 ,~

1885 2239 2005 2295 qua:
2031 2226 2100 2280 ibi
2132 2237 2409 2297 pr0pterea
2437 2232 2589 2285 tacita
2618 2243 2729 2298 est,
2757 2235 2876 2303 quia
2908 2237 3181 2292 notissima
3208 2250 3290 2295 est
3311 2284 3325 2308 ,
3374 2242 3475 2298 hoc

1886 2323 1989 2383 est,
2014 2314 2396 2373 fornicationis.
2426 2320 2574 2376 lianc
2594 2323 2734 2377 enim
2760 2326 2928 2379 solam
2947 2328 3084 2382 Deus
3112 2332 3362 2401 magister
3382 2349 3475 2387 ex-

1885 2408 2044 2478 cepit,
2071 2425 2191 2464 cum
2215 2412 2282 2466 de
2307 2412 2619 2470 dimittenda
2641 2416 2952 2487 loqueretur
2979 2437 3143 2476 uxore
3175 2439 3190 2487 ;
3224 2424 3477 2495 deditque

1884 2498 2110 2571 intelligi
2137 2503 2296 2559 talem
2319 2504 2545 2561 formam
2568 2508 2726 2562 etiam
2756 2508 2805 2563 iu
2838 2510 2951 2565 viro
2974 2528 3093 2567 esse
3121 2516 3434 2571 servandam
3458 2535 3471 2571 :

1883 2594 2136 2664 quoniam
2183 2608 2291 2649 non
2331 2597 2502 2651 solum
2547 2598 2737 2654 mulier
2785 2618 2888 2655 non
2936 2602 3095 2659 habet
3151 2616 3471 2676 potestatem

1884 2683 2127 2754 corporis
2160 2686 2276 2756 sui,
2315 2688 2407 2742 sed
2441 2688 2522 2743 vir
2551 2707 2565 2755 ;
2599 2690 2693 2745 sed
2723 2692 2970 2748 similiter
2997 2704 3052 2749 ct
3076 2697 3155 2751 vir
3181 2713 3286 2753 non
3317 2698 3477 2755 habet

1885 2788 2203 2849 potestatem
2231 2782 2473 2852 corporis
2502 2784 2604 2849 sui,
2634 2783 2726 2839 sed
2756 2787 2967 2843 mulier.
2994 2788 3126 2843 Cum
3155 2806 3282 2862 ergo
3326 2801 3475 2848 tuum

1885 2871 2133 2926 maritum
2177 2885 2401 2944 arguere
2430 2875 2496 2929 de
2546 2874 2888 2933 fornicatione
2936 2896 3039 2934 nou
3089 2883 3298 2952 possis,
3337 2901 3474 2955 quo-

1885 2961 2045 3017 modo
2070 2970 2225 3033 putas
2250 2964 2387 3034 quod
2423 2965 2581 3021 abeo
2608 2968 2835 3024 discedis
2879 2986 2983 3025 non
3026 2974 3273 3029 nubendo
3314 2992 3477 3031 excu-

1884 3070 2035 3122 sare,
2076 3070 2105 3109 a
2135 3071 2241 3127 quo
2285 3058 2375 3111 tibi
2419 3072 2522 3112 nou
2570 3059 2695 3114 licet
2737 3063 2954 3117 omnino
2981 3064 3304 3122 discedere?
3340 3068 3474 3124 Cum

1887 3144 2001 3201 haec
2030 3162 2058 3201 a
2099 3147 2251 3202 nobis
2280 3149 2470 3203 mulier
2496 3149 2760 3215 audierit,
2804 3163 2932 3222 puto
2976 3155 3117 3224 quod
3166 3158 3305 3212 nolis
3353 3174 3473 3214 eam

1884 3239 1963 3295 sic
1989 3240 2314 3311 respondere
2341 3281 2355 3305 ,
2386 3250 2441 3295 ut
2465 3241 2605 3297 dicat
2650 3252 2928 3313 preptcrea
2969 3261 3026 3301 se
3069 3265 3283 3302 manere
3312 3250 3475 3304 innu-

1884 3337 2027 3401 ptam
2049 3371 2064 3399 ,
2095 3331 2216 3402 quia
2246 3332 2361 3387 sine
2385 3334 2491 3387 ulla
2522 3334 2617 3387 viri
2651 3333 2998 3391 fornicatione
3025 3338 3303 3403 discessit;
3352 3357 3472 3396 nam

1884 3424 1929 3476 si
1979 3421 2067 3477 ille
2118 3419 2410 3479 fornicatus
2437 3433 2615 3491 esset,
2649 3441 2755 3480 non
2797 3428 2967 3482 solum
3016 3429 3117 3483 sibi
3156 3430 3470 3501 discedere,

1884 3530 2067 3568 verum
2095 3516 2254 3569 etiam
2292 3515 2493 3571 nubere
2521 3518 2778 3573 licuisset.
3432 3522 3433 3525 ’

1955 3604 2181 3662 CAPUT
2204 3605 2289 3663 Vl.
2316 3634 2382 3647 ι-
2403 3608 2453 3663 6.
2480 3606 2723 3663 Pollentii
2741 3611 3004 3677 sententia,
3029 3612 3230 3667 mulieri
3250 3603 3311 3668 tib
3333 3616 3477 3671 adut-

1886 3706 1989 3752 tero
2019 3697 2294 3753 discedenti
2329 3701 2529 3771 nuptias
2555 3717 2669 3755 cum
2692 3702 2793 3756 alio
2836 3720 2936 3758 non
2964 3722 3071 3759 esse
3109 3717 3356 3777 prwcepto
3396 3725 3477 3763 ve-

1886 3790 2033 3857 titas;
2063 3790 2151 3844 sed
2176 3800 2369 3845 tantum
2400 3802 2603 3862 propter
2636 3793 2959 3864 opprobrium
2988 3798 3239 3856 vitandas.
3268 3799 3477 3871 Nequa-

1884 3894 2041 3948 quam
2066 3879 2167 3934 hoc
2208 3880 2294 3935 illa
2323 3880 2524 3937 diceret
2548 3924 2561 3947 ,
2586 3898 2706 3938 cum
2743 3895 2796 3938 et
2836 3884 2949 3954 ipse
2974 3886 3047 3940 sis
3077 3890 3471 3945 verecundatus

1886 3971 2040 4025 istam
2068 3972 2385 4028 mulieribus
2405 3974 2532 4028 dare
2562 3975 2854 4030 licentiam.
2887 3976 3072 4033 Dixisti
3127 3979 3268 4034 enim
3301 4000 3314 4034 :
3353 4001 3370 4033 ι
3419 3980 3476 4037 Si

1894 4081 1912 4115 ι
1959 4063 2041 4118 vir
2070 4079 2288 4118 uxorem
2318 4064 2611 4118 adulteram
2635 4065 2934 4131 dimiserit,
2964 4076 3015 4122 et
3044 4069 3200 4123 aliam
3231 4071 3439 4126 (luxerit
3460 4113 3475 4135 ,

1892 4173 1911 4207 ι
1959 4156 2151 4210 mulier
2179 4164 2385 4209 tantum
2418 4156 2763 4225 approbrium
2804 4157 3041 4213 habebit.
3069 4160 3123 4215 Si
3151 4169 3327 4216 autem
3357 4180 3476 4217 mna

1893 4266 1911 4298 ς
1960 4246 2059 4300 lier
2096 4261 2254 4316 supra
2281 4245 2419 4301 dicta
2455 4262 2611 4301 causa
2642 4248 2810 4302 virum
2856 4248 3138 4317 dimiserit,
3179 4262 3231 4305 et
3251 4253 3339 4306 alii
3382 4271 3482 4308 nu-

1894 4356 1913 4389 ι
1963 4335 2158 4406 pserit,
2194 4351 2299 4390 non
2331 4337 2413 4391 vir
2444 4346 2669 4402 tantum,
2699 4338 2793 4392 sed
2825 4346 2878 4393 et
2920 4341 3108 4395 mulier
3135 4343 3478 4411 approbrium

1894 4445 1912 4479 ι
1962 4426 2195 4481 habebit.
2236 4446 2254 4479 ι
2286 4426 2447 4496 Cujus
2477 4428 2757 4482 sentcntiae
2789 4438 2893 4482 tuae
2916 4430 3175 4485 rationem
3206 4431 3476 4487 reddens:

1894 4540 1913 4574 ι
1963 4522 2147 4577 Dicent
2172 4523 2335 4587 enim,
2366 4521 2560 4592 inquis,
2585 4537 2703 4577 eam
2732 4521 2852 4577 ideo
2874 4521 3208 4587 discessisse,
3238 4532 3293 4577 ιιῑ
3319 4525 3480 4580 alium'

1896 4635 1914 4669 ι
1961 4616 2133 4671 virum
2163 4615 2263 4671 sibi
2295 4615 2642 4685 conjungeret
2667 4660 2679 4683 ,
2712 4617 2810 4671 etsi
2854 4617 2974 4671 talis
3004 4618 3137 4673 forte
3167 4617 3321 4673 fuerit
3347 4635 3481 4690 qua-

1896 4727 1914 4759 ‹
1964 4709 2030 4763 lis
2074 4723 2105 4762 a
2146 4723 2250 4777 quo
2295 4707 2541 4762 discessit
2594 4724 2608 4773 ;
2658 4723 2914 4778 perquam
2966 4709 3123 4765 facile
3170 4711 3313 4766 enim
3354 4712 3483 4767 viris

1897 4819 1915 4852 ι
1961 4808 2076 4867 est,
2130 4799 2180 4853 iu
2217 4799 2315 4853 hoc
2343 4799 2512 4854 morbi
2542 4799 2724 4853 vilium
2756 4800 2978 4855 irruere.
3007 4800 3061 4855 Si
3098 4811 3274 4856 autem
3320 4812 3372 4857 et
3402 4804 3483 4873 ip-

1898 4914 1915 4946 ι
1966 4910 2080 4948 sum
2128 4892 2429 4957 dimiserit,
2481 4902 2535 4947 et
2577 4892 2664 4946 alii
2697 4893 2965 4962 mqseril,
3008 4895 3175 4964 magis
3214 4895 3486 4965 magisque

1897 5006 1916 5039 ι
1964 4987 2142 5040 dicent
2188 5000 2305 5040 eam
2354 4984 2788 5039 numerositatem
2831 4985 3066 5038 virorum
3117 4987 3424 5055 appetisse;
3463 5004 3481 5038 ι

1892 5079 2001 5134 llac
2043 5077 2245 5133 reddita
2288 5078 2493 5131 ratione
2517 5076 2793 5131 concludis
2818 5118 2833 5143 ,
2881 5086 2933 5132 et
2968 5076 3140 5131 dicis:
3175 5096 3195 5129 ι
3238 5076 3329 5131 His
3358 5090 3487 5146 ergo

1899 5192 1918 5225 ι
1967 5172 2311 5244 pertractatis
2334 5172 2416 5226 vel
2443 5171 2601 5226 etiam
2633 5168 2888 5225 discussis
2917 5212 2932 5237 ,
2962 5180 3174 5239 Oportet
3205 5169 3484 5224 mulierem

1900 5283 1918 5317 ι
1966 5265 2139 5319 virum
2188 5263 2441 5328 tolerare,
2482 5270 2573 5315 aut
2619 5261 2892 5330 innuptam
2932 5274 3169 5314 manere.
3211 5279 3230 5313 ι
3280 5260 3484 5314 Βοηιιιιι

1893 5359 2052 5429 plane
2102 5355 2297 5412 dedisti
2346 5355 2628 5409 consilium
2673 5351 3025 5419 mulieribus,
3057 5360 3112 5406 ut
3149 5367 3270 5407 cum
3317 5352 3487 5407 sciant

1894 5454 1995 5510 sibi
2023 5468 2142 5509 esse
2189 5450 2507 5521 permissum
2534 5489 2549 5514 ,
2594 5447 2638 5502 si
2662 5447 2936 5501 adulteros
2970 5447 3109 5499 viros
3140 5445 3435 5500 dimiserint
3466 5486 3480 5508 ,

1895 5546 2012 5601 aliis
2052 5538 2357 5614 conjugari,
2407 5528 2510 5595 non
2560 5548 2732 5593 tamen
2785 5536 2981 5591 faciant
3021 5544 3239 5605 propter
3286 5550 3486 5602 Oppi-o-

1896 5639 2068 5696 brium
2103 5655 2117 5703 ;
2149 5636 2242 5691 sed
2270 5636 2445 5705 potius
2476 5632 2703 5686 tolerent
2732 5630 2890 5681 etiam
2915 5629 3188 5682 adulteros
3216 5627 3377 5691 viros,
3421 5645 3488 5682 ne

1898 5731 2179 5788 videantur
2208 5728 2306 5783 hac
2331 5725 2616 5784 occasione
2637 5720 2815 5775 multis
2840 5718 2975 5775 velle
3000 5719 3231 5789 misceri,
3261 5732 3325 5775 eo
3347 5720 3488 5791 quod
