3930 6368
525 326 630 386 485

521 441 735 500 difﬁcile
772 436 841 491 sit
883 441 934 487 ut
965 444 1067 483 non
1099 423 1259 480 talem
1288 418 1523 473 inveniat
1551 411 1743 468 mulier
1771 408 1854 461 cui
1899 403 2101 467 nubat,

521 497 695 606 qualis
739 528 893 584 fuerit
928 535 1085 594 quem
1117 514 1347 576 dimisit,
1379 507 1628 581 quoniam
1670 500 1824 558 valde
1965 497 2108 599 hunc

524 588 767 681 morbum
814 588 1229 686 sunt-proclives
1254 602 1373 658 viri.
1404 600 1538 655 Cum
1577 610 1706 665 ergo
1747 606 1847 648 nos
1882 588 2107 644 dicimus

523 720 682 774 etiam
713 713 787 769 illi
818 678 1057 771 mulio-ri,
1088 718 1206 772 qua:
1236 698 1403 751 virum
1430 689 1779 745 fornicantem
1810 678 2105 744 dimiserit,

525 806 676 864 alteri
701 803 899 859 nubere
922 812 1024 852 non
1044 768 1237 853 licere,
1268 797 1321 841 tu
1343 792 1517 839 autem
1539 780 1672 835 dicis
1693 777 1853 831 licere
1872 768 2108 842 quidem,

525 900 619 957 sed
652 912 755 951 non
785 890 1038 962 expedire
1071 903 1086 953 ;
1118 883 1325 951 utrique
1351 873 1537 948 procul
1564 870 1724 925 dubio
1743 867 1975 962 dicimus
1992 876 2111 918 eam

526 1005 647 1060 quae
682 952 1028 1042 fornicantem
1054 978 1222 1031 virum
1252 969 1500 1031 dimittit,
1528 962 1729 1019 nubere
1760 974 1866 1012 non
1894 952 2111 1010 debere.

526 1047 726 1137 V'erum
776 1076 877 1130 hoc
928 1073 1186 1133 interest,
1242 1061 1381 1132 quod
1433 1071 1565 1121 nos,
1612 1050 1824 1124 quando
1862 1047 2115 1117 conjuch

466 1190 470 1196 ‘
527 1171 685 1226 ambo
714 1162 1172 1223 cbristianisunt,
1219 1150 1467 1215 mulieri,
1522 1147 1565 1202 si
1609 1160 1640 1200 a
1669 1144 1784 1197 viro
1820 1140 2117 1195 fornicante

529 1258 871 1321 discesserit,
903 1254 1125 1310 dicimus
1153 1263 1255 1303 non
1286 1246 1445 1300 licere
1472 1239 1626 1296 alteri
1660 1236 1862 1291 nubere
1886 1273 1901 1297 ,
1942 1247 1973 1286 a
2001 1230 2118 1285 viro

531 1366 707 1412 autem
736 1368 841 1407 non
883 1346 1177 1403 fornicante
1217 1355 1323 1394 non
1363 1336 1523 1391 licere
1554 1330 1772 1386 omnino
1796 1323 2113 1412 discedere:

534 1459 590 1504 tu
615 1461 742 1501 vero
772 1442 924 1504 dicis,
956 1438 999 1492 si
1028 1434 1216 1490 mulier
1239 1445 1267 1483 a
1306 1429 1424 1482 viro
1453 1439 1559 1478 non
1598 1420 1891 1476 fornicanle
1918 1410 2121 1469 disces—

532 1539 662 1594 serit
691 1576 705 1601 ,
733 1548 836 1589 non
867 1531 916 1586 ei
962 1528 1123 1583 licere
1165 1520 1317 1577 alteri
1384 1516 1616 1578 nubere,
1671 1517 1889 1581 propter
1915 1517 2117 1575 prtece-

532 1599 721 1702 ptutnv;
746 1628 791 1681 si
815 1635 991 1681 autem
1018 1636 1048 1675 a
1075 1617 1366 1673 fornicante
1391 1605 1718 1669 discesserit,
1734 1616 1838 1656 non
1869 1599 1926 1658 ei.
1937 1609 2119 1702 ἐκρε-

533 1684 649 1777 dire
691 1684 892 1774 nubere
943 1719 1157 1783 propter
1203 1700 1568 1775 Opprobrium.
1622 1694 1902 1750 Mulierem
1937 1684 2121 1783 itaque

538 1829 643 1868 non
669 1818 951 1880 nupturam
971 1799 1249 1859 discedere
1274 1812 1305 1850 a
1328 1794 1465 1860 viro,
1499 1791 1611 1846 sive
1644 1784 1940 1840 fornicante
1961 1821 1976 1847 ,
2008 1778 2122 1833 sive

536 1918 644 1960 non
676 1898 1006 1961 fornicante,
1038 1888 1321 1962 permittis.

607 1989 833 2048 CAPUT
876 1981 1136 2041 Vll.—-7.
1174 1976 1394 2048 Prtecipi
1421 1984 1478 2028 ut
1506 1974 1722 2041 innupta
1746 1974 1947 2020 maneat
1973 1962 2124 2017 etiam

538 2098 653 2155 quas
695 2083 758 2135 ab
807 2076 1039 2132 adultero
1084 2069 1312 2126 discedit.
1361 2066 1531 2121 Porro
1576 2062 1762 2117 beatus
1800 2053 2121 2127 Apostolus,

539 2149 649 2230 imo
679 2186 772 2241 per
825 2164 1138 2237 Apostolum
1181 2158 1477 2223 Dominus,
1523 2153 1645 2223 quia
1691 2149 1966 2205 mulierem
2019 2158 2123 2197 non

516 2262 796 2337 permittit
821 2275 851 2314 a
892 2258 1006 2312 viro
1036 2270 1138 2310 non
1170 2251 1464 2307 fornicante
1492 2244 1768 2302 discedere
1809 2258 1823 2306 ;
1868 2248 2036 2294 restat
2060 2243 2120 2289 ut

538 2329 657 2416 eam
685 2352 1000 2427 prohibeat,
1024 2348 1068 2402 si
1089 2341 1429 2406 discesserit,
1459 2339 1664 2393 nubere
1683 2376 1697 2401 ,
1725 2347 1882 2402 quam
1910 2329 2130 2401 permit-

542 2451 606 2505 tit
634 2464 665 2502 a
687 2420 991 2500 fornicante
1014 2436 1311 2494 discedere.
1352 2431 1429 2487 De
1465 2444 1569 2500 qua
1594 2426 1735 2482 enim
1765 2423 1977 2488 dicitur,
2011 2420 2066 2474 Si
2097 2435 2126 2473 a

542 2541 659 2596 viro
686 2533 1024 2598 discesserit,
1052 2544 1158 2584 non
1188 2525 1350 2580 nubat
1373 2539 1387 2587 ;
1432 2536 1494 2576 ea
1523 2516 1825 2573 conditione
1853 2511 2130 2568 discedere

546 2628 867 2703 permittitur
892 2665 907 2689 ,
940 2630 996 2676 ut
1029 2634 1135 2674 non
1162 2616 1344 2671 nubat.
1387 2612 1442 2667 Si
1473 2624 1601 2679 ergo
1630 2606 1848 2676 elegerit
1890 2619 1995 2703 non
2030 2618 2131 2656 nu-

545 2690 704 2787 bere,
755 2733 859 2779 non
894 2724 975 2770 est
1009 2727 1106 2767 cur
1143 2706 1491 2779 prohibeatur
1519 2698 1813 2755 discedere.
1864 2690 2013 2749 Sicut
2041 2691 2129 2747 illa

546 2814 616 2870 de
642 2784 744 2881 qua
774 2806 967 2861 dicitur
986 2844 1002 2870 ,
1029 2800 1084 2856 Si
1110 2814 1168 2853 se
1196 2812 1301 2851 non
1330 2792 1587 2855 continet,
1609 2788 1773 2843 nubat
1803 2785 1856 2858 (1
1889 2784 2007 2839 Cor.
2036 2799 2129 2848 vn,

548 2904 618 2975 9)
649 2876 675 2969 ξ
693 2902 790 2955 hac
812 2898 993 2966 utique
1018 2890 1329 2950 conditione
1353 2902 1457 2941 non
1483 2882 1755 2939 continere
1781 2876 2130 2953 permittitur,

548 2971 610 3051 ut
629 3002 801 3047 tamen
830 2988 1008 3044 nubat.
1029 2985 1086 3041 Si
1112 2996 1242 3053 ergo
1262 2977 1483 3049 elegerit
1504 2973 1724 3037 nubere,
1750 2971 1869 3042 cogi
1906 2984 2010 3024 non
2033 2983 2133 3038 po-

550 3096 657 3146 test
696 3085 988 3142 continere.
1030 3079 1182 3134 Sicut
1224 3088 1351 3143 ergo
1392 3070 1492 3125 ista
1532 3066 1866 3123 incontinens
1896 3060 2135 3131 compel-

550 3179 680 3237 litur
726 3176 959 3236 nubere,
1001 3179 1057 3225 ut
1100 3166 1271 3239 possit
1294 3161 1436 3234 quod
1474 3175 1579 3215 non
1608 3157 1847 3213 continet
1870 3169 1976 3208 non
2019 3166 2139 3207 esse

550 3269 854 3329 damnabile
889 3283 903 3323 :
936 3265 1013 3320 sic
1048 3278 1079 3318 a
1108 3261 1226 3316 viro
1269 3258 1355 3312 illa
1383 3252 1697 3317 discedens,
1732 3250 1952 3319 innupta
1992 3261 2142 3302 com-

552 3365 770 3437 pellitur
795 3371 1137 3431 permanere,
1169 3361 1230 3407 ut
1259 3349 1423 3421 possit
1452 3345 1593 3418 quod
1620 3341 1845 3398 discedit
1877 3356 1981 3395 non
2021 3354 2141 3395 esse

552 3433 836 3528 culpabile.
860 3448 1207 3520 Culpabiliter
1245 3454 1421 3498 autem
1466 3455 1495 3492 a
1537 3438 1652 3492 viro
1694 3451 1801 3490 non
1850 3433 2142 3488 fornicante

554 3525 802 3610 discedit,
832 3542 1038 3600 etiamsi
1066 3540 1284 3607 innupta
1314 3529 1683 3604 permanserit.
1708 3528 1803 3581 Illa
1831 3540 1959 3596 ergo
1983 3525 2139 3578 innu-

558 3650 649 3711 pta
686 3649 905 3693 manere
934 3630 1239 3703 praecipitur
1259 3667 1274 3692 ,
1315 3624 1360 3679 si
1391 3620 1727 3681 discesserit,
1761 3633 1879 3687 quae
1904 3631 1935 3671 a
1976 3615 2144 3670 forni-

558 3707 716 3786 cante
754 3725 1001 3783 discedit.
1028 3724 1158 3788 Quae
1181 3734 1301 3773 cum
1332 3717 1401 3770 ita
1428 3731 1487 3769 se
1517 3712 1785 3777 habeant,
1814 3710 1858 3764 si
1887 3724 1953 3765 eo
1986 3707 2146 3762 modo

558 3816 978 3880 intellexerimus
1024 3807 1337 3880 Apostolum
1363 3847 1378 3872 ,
1421 3812 1479 3858 ut
1517 3800 1831 3857 mulieribus
1870 3799 2144 3862 dicamus,

557 3915 634 3971 Ita
664 3911 827 3968 nolite
854 3904 1129 3963 discedere
1156 3916 1188 3955 a
1232 3900 1362 3954 viris
1388 3897 1579 3953 vestris
1617 3895 1776 3950 etiam
1816 3893 2023 3963 pudicis
2043 3933 2058 3957 ,
2092 3899 2151 3946 ut

560 4007 607 4061 si
649 3999 927 4059 discedere
972 3990 1278 4055 volueritis,
1330 3989 1563 4059 innupta:
1614 3983 1919 4049 maneatis;
1959 3996 2149 4039 omnes

561 4095 757 4169 quibus
792 4086 1054 4163 placuerit
1096 4080 1445 4142 continentia.
1481 4079 1640 4133 etiam
1672 4092 1780 4131 non
1809 4075 2149 4131 consentien-

562 4165 704 4246 tibus
732 4184 862 4240 viris
886 4223 901 4247 ,
928 4174 1309 4236 existimabunt
1337 4171 1436 4226 sibi
1474 4170 1634 4225 licere
1670 4167 1966 4223 discedere.
1998 4165 2150 4233 Quod

565 4277 756 4353 procul
793 4272 957 4331 dubio
994 4268 1117 4341 quia
1158 4264 1467 4336 permittere
1506 4275 1612 4317 non
1637 4257 1933 4324 debemus,
1985 4264 2151 4313 restat

563 4349 625 4429 ut
652 4368 794 4442 quod
824 4366 1025 4422 dictum
1052 4369 1135 4416 est
1156 4399 1172 4426 ,
1219 4356 1263 4412 si
1284 4353 1584 4419 discesserit,
1617 4368 1818 4433 manere
1838 4349 2108 4416 innuptam
2131 4390 2147 4417 ,

563 4468 633 4525 de
653 4466 744 4522 illa
769 4462 969 4519 dictum
1000 4455 1195 4511 docere
1214 4450 1524 4513 debeamus,
1556 4445 1642 4500 cui
1663 4445 1825 4500 licere
1851 4442 2149 4523 discedere,

566 4578 672 4618 non
696 4560 874 4629 utique
904 4551 1005 4609 nisi
1036 4565 1065 4603 a
1093 4546 1386 4604 fornicante
1409 4582 1425 4609 ,
1457 4540 1762 4596 didicimus.
1791 4535 1870 4593 Ne
1906 4536 1954 4592 si
1994 4537 2154 4591 aliter

566 4627 934 4709 docuerimus,
964 4643 1185 4697 obtentu
1223 4634 1563 4693 continentiae
1604 4631 1983 4701 perturbemus
2011 4627 2153 4684 chri-

568 4745 740 4801 stiana
778 4735 1051 4808 coniugia,
1100 4740 1156 4787 et
1201 4737 1387 4785 contra
1429 4724 1986 4781 misericordissimam
2035 4723 2150 4776 Do-

569 4834 700 4890 mini
725 4836 1052 4902 prteceptnm
1081 4821 1331 4876 dimissos
1369 4832 1399 4871 a
1420 4814 1816 4872 continentibus
1845 4814 2155 4868 mulieribus

568 4925 964 4982 incontinentes
990 4916 1162 4980 viros,
1191 4910 1277 4966 vel
1323 4924 1352 4963 a
1379 4906 1776 4964 continentibus
1810 4906 1938 4962 viris
1969 4907 2152 4962 incon-

572 5018 805 5073 tinentes
824 5008 1073 5063 mulieres
1099 5004 1152 5058 in
1182 4998 1444 5055 adulteria
1475 4997 1879 5066 compellamus.

640 5100 867 5163 CAPUT
910 5096 1037 5151 Vlll.
1057 5123 1128 5135 -—
1151 5093 1206 5148 8.
1241 5091 1425 5145 Parem
1451 5105 1559 5142 esse
1584 5090 1636 5141 in
1662 5104 1721 5141 ea
1745 5103 1800 5141 re
1823 5091 2039 5159 formam
2064 5088 2159 5142 uiri

573 5211 620 5257 et
659 5193 905 5252 mulieris.
930 5185 1060 5242 lllttd
1089 5199 1215 5255 ergo
1238 5179 1378 5251 quod
1410 5179 1683 5243 Dominus,
1714 5193 1818 5233 non
1857 5179 2074 5249 quidem
2104 5178 2155 5234 in

573 5305 822 5350 sermone
852 5287 969 5356 ipso
997 5280 1087 5352 qui
1121 5274 1481 5347 exponebatur
1521 5288 1549 5326 a
1598 5272 1752 5329 nobis
1777 5315 1792 5339 ,
1843 5272 1936 5329 sed
1980 5282 2159 5333 tamen

572 5385 697 5441 alibi
723 5382 798 5437 ait
824 5420 841 5447 ,
871 5378 1179 5444 Quicumque
1218 5367 1461 5423 dimiserit
1495 5382 1701 5421 uxorem
1734 5383 1879 5421 suam
1903 5409 1917 5433 ,
1966 5368 2061 5421 nisi
2099 5385 2162 5422 ea:

571 5491 731 5534 causa
750 5466 1097 5544 fornicationis
1111 5503 1126 5529 ,
1151 5469 1196 5515 et
1216 5458 1371 5513 aliam
1396 5456 1613 5522 duxerit,
1637 5458 1913 5512 moechatur
1934 5456 2156 5527 (Matth.

573 5584 688 5632 xu,
714 5564 813 5633 9),
845 5559 888 5615 si
916 5557 1017 5611 hoc
1043 5551 1203 5608 modo
1232 5546 1627 5618 intelligendum
1653 5557 1734 5602 est
1758 5588 1772 5612 ,
1814 5556 1873 5602 ut
1915 5548 2160 5617 quicum-

539 5640 551 5650 ’
576 5675 681 5730 que
725 5667 883 5711 causa
929 5642 1289 5703 fornicationis
1332 5639 1592 5695 dimiserit
1620 5648 1674 5694 et
1715 5639 1873 5694 aliam
1911 5640 2156 5707 duxerit,

579 5764 690 5804 non
714 5742 1009 5803 meachetur
1036 5756 1051 5808 ;
1097 5752 1202 5793 non
1229 5732 1436 5790 videtur
1469 5731 1521 5786 in
1547 5730 1646 5791 hac
1670 5747 1827 5788 causa
1854 5748 1949 5804 par
1988 5732 2158 5791 forma

1398 302 1484 357 DE
1522 289 1869 354 CONJUGIIS
1906 281 2384 355 ADULTERINIS,
2425 287 2484 344 S.
2525 284 2893 347 AUGUSTlNl

2212 416 2332 457 esse
2358 402 2532 457 mariti
2569 410 2624 457 et
2652 403 2833 457 uxoris
2865 418 2878 455 :
2911 396 3334 471 quandoquidem
3358 396 3551 452 mulier
3585 396 3775 455 etiamsi

2211 509 2370 549 causa
2401 493 2764 549 fornicationis
2788 490 3092 548 discesserit
3119 505 3148 543 a
3179 489 3296 543 viro
3322 496 3377 544 et
3397 488 3487 543 alii
3518 490 3771 558 nupserit,

2212 582 2511 640 moechatur
2541 602 2557 652 ;
2589 586 2667 640 vir
2692 593 2871 639 autem
2908 583 2951 638 si
2996 581 3181 637 eadem
3206 594 3365 636 causa
3392 594 3616 635 uxorem
3641 580 3775 635 dimi-

2214 678 2345 732 serit
2366 686 2420 733 et
2443 677 2601 732 aliam
2621 665 2852 741 duxerit,
2884 688 2988 728 non
3013 670 3327 727 moechatur.
3352 672 3420 725 At
3443 670 3489 725 si
3516 685 3608 740 par
3628 669 3773 727 forma

2214 774 2298 824 est
2326 770 2377 822 in
2408 778 2663 839 utroque,
2690 776 2912 836 uterque
2934 764 3230 819 moechatur
3252 803 3268 827 ,
3295 760 3342 816 si
3374 776 3435 817 se
3473 760 3624 816 alteri
3661 761 3772 830 jun-

2219 864 2394 924 xerit,
2424 863 2582 916 etiam
2622 875 2742 916 cum
2772 874 2830 915 se
2871 874 2901 913 a
2927 854 3221 912 fornicante
3248 853 3583 924 disiunxerit.
3611 853 3776 909 Parem

2218 970 2346 1010 vero
2383 967 2502 1007 esse
2530 950 2751 1006 formam
2784 952 2836 1005 in
2868 948 2968 1004 hac
3010 962 3168 1005 causa
3197 945 3296 1000 viri
3328 954 3488 1015 atque
3525 944 3742 998 mulieris
3762 985 3774 1008 ,

2220 1043 2292 1098 ibi
2309 1042 2543 1099 ostendit
2568 1044 2852 1112 Apostolus
2882 1039 3062 1112 (quod
3093 1051 3238 1109 smpe
3276 1035 3773 1092 commemorandum

2219 1141 2381 1204 est),
2429 1135 2515 1189 ubi
2560 1150 2680 1188 cum
2724 1132 2983 1197 dixisset,
3028 1124 3171 1185 Uxor
3191 1146 3292 1184 non
3329 1128 3475 1182 habet
3515 1136 3774 1197 potestatem

2221 1226 2444 1297 corporis
2468 1225 2586 1293 sui,
2616 1223 2703 1278 sed
2724 1222 2797 1277 vir
2826 1238 2846 1287 ,'
2880 1218 3074 1292 adjecit
3109 1231 3267 1291 atque
3311 1220 3426 1285 ait,
3472 1216 3705 1274 Similiter
3738 1226 3776 1271 tt

2221 1317 2296 1371 vir
2315 1334 2414 1370 non
2435 1316 2579 1369 liabet
2603 1325 2893 1387 potestatem
2914 1314 3140 1384 corporis
3164 1313 3243 1368 sui
3266 1355 3280 1378 ,
3308 1309 3397 1366 sed
3424 1311 3621 1365 mulier.

2293 1408 2519 1464 CAPUT
2558 1405 2650 1462 IX.
2691 1437 2763 1447 —
2798 1407 2850 1462 9.
2894 1405 3121 1476 Objectio
3157 1404 3397 1459 Pollentii
3432 1420 3497 1457 ea:
3524 1402 3629 1456 loco
3656 1396 3773 1453 Mat-

2228 1502 2367 1557 tlttri.
2412 1498 2684 1571 Refellitur
2721 1516 2785 1554 ex
2811 1499 2966 1553 simili
3004 1498 3115 1552 loco
3155 1494 3355 1549 Jacobi.
3405 1493 3618 1548 Peccata
3652 1493 3775 1563 igno-

2232 1597 2474 1650 rantium.
2507 1594 2592 1649 Ea:
2623 1594 2798 1648 Marco
2844 1603 2889 1647 et
2931 1588 3072 1654 Luca
3115 1588 3387 1645 Matthteus
3427 1584 3772 1657 intelligendus.

2232 1705 2251 1739 t
2286 1685 2394 1743 Cur
2418 1700 2562 1757 ergo,
2594 1686 2789 1755 inquis,
2818 1680 3133 1753 interposuit
3158 1674 3414 1735 Dominus
3439 1691 3648 1733 causam
3688 1672 3778 1730 for-

2232 1798 2250 1831 ι
2285 1778 2585 1844 nicationis,
2613 1784 2667 1832 et
2693 1791 2799 1831 non
2824 1775 2998 1847 potius
3021 1772 3341 1845 generaliter
3364 1770 3457 1834 ait,
3482 1768 3777 1837 Quicumque

2234 1889 2251 1922 ι
2286 1867 2552 1925 dimiserit
2580 1884 2800 1924 uxorem
2842 1882 2992 1922 suam
3021 1876 3075 1921 et
3102 1862 3261 1920 aliam
3297 1862 3532 1928 duxerit,
3572 1861 3777 1916 mtecha-

2235 1983 2255 2017 ι
2295 1973 2410 2028 tur;
2442 1963 2486 2018 si
2512 1971 2564 2018 et
2591 1962 2678 2016 ille
2698 1959 2940 2016 moechus
2967 1966 3051 2014 est
3076 1960 3117 2025 ί,
3147 1957 3236 2027 qui
3256 1955 3479 2012 dimissa
3516 1952 3777 2008 furnicante

2234 2074 2253 2108 t
2288 2056 2515 2111 muliere
2544 2055 2762 2109 alteram
2802 2050 2981 2106 ducit?
3016 2069 3034 2102 ι
3083 2048 3276 2116 Credo,
3323 2048 3448 2118 quia
3493 2045 3620 2101 illud
3659 2043 3777 2114 quod

2228 2148 2401 2220 majus
2421 2158 2521 2214 est,
2544 2148 2647 2203 hoc
2670 2145 2923 2201 Dominus
2939 2156 3363 2199 commemorare
3392 2144 3412 2173 ¹
3441 2140 3623 2196 voluit.
3644 2138 3779 2206 llajus

2230 2242 2372 2297 enim
2399 2238 2714 2294 adulterium
2743 2251 2863 2292 esse
2881 2236 2999 2307 quis
3020 2242 3196 2305 negat,
3215 2247 3381 2288 uxore
3399 2247 3504 2287 non
3523 2230 3780 2285 [emicante

2231 2330 2447 2386 dimissa
2476 2328 2699 2384 alteram
2727 2327 2957 2394 ducere,
2988 2341 3147 2396 quam
3188 2325 3233 2380 si
3275 2323 3623 2379 fornicantem
3662 2320 3780 2389 quis—

2231 2437 2337 2493 que
2364 2420 2661 2486 dimiserit,
2698 2428 2755 2475 et
2785 2429 2910 2474 tunc
2951 2419 3173 2473 alteram
3202 2412 3448 2472 duxerit?
3472 2412 3586 2467 Non
3612 2412 3713 2483 quia
3737 2419 3783 2465 et

2234 2515 2337 2569 hoc
2362 2513 2682 2569 adulterium
2712 2528 2816 2568 non
2845 2522 2960 2579 est;
2987 2511 3080 2568 sed
3106 2512 3229 2582 quia
3254 2510 3430 2565 minus
3458 2517 3560 2575 est,
3588 2508 3667 2563 ubi
3697 2507 3785 2561 for-

2234 2608 2447 2663 nicante
2471 2606 2692 2663 dimissa
2720 2608 2887 2661 altera
2937 2605 3169 2662 ducitur.
3196 2603 3327 2659 Nam
3364 2602 3525 2659 simili
3554 2602 3785 2657 locutione

2235 2715 2360 2755 usus
2387 2700 2550 2755 etiam
2583 2699 2873 2770 Apostolus
2897 2697 3127 2753 Jacobus
3166 2697 3239 2750 ait
3268 2712 3280 2748 :
3310 2695 3505 2752 Scienti
3547 2695 3688 2764 igitur
3711 2691 3784 2744 bo-

2235 2809 2356 2846 num
2384 2796 2570 2863 facere,
2610 2800 2657 2845 et
2690 2808 2791 2845 non
2822 2789 3049 2859 facienti,
3090 2787 3351 2860 peccatum
3387 2796 3463 2839 est
3488 2780 3576 2839 illi
3601 2782 3785 2854 (Jacobi

2236 2900 2311 2950 tv,
2343 2882 2467 2955 l7).
2508 2882 2774 2954 Numquid
2813 2881 2933 2937 ideo
2976 2896 3081 2935 non
3124 2886 3396 2949 peccatum
3437 2888 3520 2931 est
3550 2876 3620 2930 illi
3656 2874 3787 2928 etiam

2244 2976 2335 3047 qui
2360 2975 2534 3031 nescit
2557 2973 2757 3031 bonum
2796 2972 2993 3038 facere,
3035 2979 3092 3027 et
3134 2967 3254 3024 ideo
3292 2982 3399 3023 non
3438 2965 3599 3022 facit?
3629 2961 3790 3033 Utique

2245 3078 2523 3142 peccatum
2553 3076 2665 3135 est;
2694 3066 2789 3123 sed
2820 3065 2923 3122 hoc
2944 3065 3183 3136 gravius,
3215 3062 3262 3117 si
3290 3060 3450 3117 etiam
3478 3059 3611 3114 sciat
3636 3069 3685 3113 et
3708 3072 3789 3111 non

2240 3161 2435 3218 faciat:
2467 3176 2567 3217 nec
2605 3158 2739 3214 illud
2783 3157 2902 3214 ideo
2928 3156 3163 3220 nullum,
3194 3152 3319 3225 quia
3348 3151 3546 3207 minus.
3591 3148 3655 3206 Ut
3692 3163 3792 3218 ergo

2242 3252 2432 3308 eodem
2479 3251 2644 3307 modo
2672 3258 2960 3319 utrumque
3003 3246 3282 3303 dicamus:
3329 3243 3468 3299 sicut
3510 3241 3793 3313 quicumque

2243 3342 2509 3398 dimiserit
2559 3356 2805 3406 uxorem,
2861 3347 3088 3409 excepta
3140 3351 3299 3393 causa
3344 3331 3719 3397 fornicationis,
3754 3337 3793 3384 et

2246 3434 2406 3490 aliam
2436 3433 2669 3499 duxerit,
2696 3430 3029 3498 mteeltatur;
3054 3430 3130 3485 ita
3158 3429 3478 3500 quicumque
3505 3427 3608 3482 scit
3631 3425 3793 3479 bonum

2247 3525 2447 3590 facere,
2478 3534 2532 3579 et
2560 3540 2668 3580 non
2707 3522 2853 3589 facit,
2884 3528 3086 3593 peccat.
3114 3519 3219 3576 Sed
3254 3517 3694 3590 quemadmodum
3732 3514 3795 3568 hic

2218 3629 2397 3693 recte
2427 3615 2535 3670 dici
2578 3631 2685 3670 non
2714 3623 2919 3686 potest,
2959 3613 3101 3683 Ergo
3143 3612 3188 3666 si
3229 3611 3431 3677 nescit,
3462 3626 3570 3666 non
3611 3616 3793 3681 peccat;

2218 3780 2221 3783 _
2253 3715 2379 3762 sunt
2404 3706 2549 3761 enim
2588 3705 2747 3760 etiam
2795 3712 3009 3775 peccata
3039 3702 3395 3772 ignorantium
3420 3743 3435 3767 ,
3466 3700 3702 3772 quamvis
3725 3697 3797 3752 mi-

2254 3814 2385 3854 nora
2413 3814 2573 3869 quam
2600 3799 2880 3852 scientium
2908 3813 2920 3849 :
2952 3797 3023 3851 ita
3054 3810 3153 3850 nec
3181 3794 3289 3849 illic
3324 3804 3470 3849 recte
3508 3793 3611 3848 dici
3638 3798 3795 3863 potest.

2258 3890 2400 3961 Ergo
2432 3890 2475 3944 si
2507 3904 2667 3944 causa
2700 3888 3063 3944 fornicationis
3092 3886 3369 3951 dimiserit,
3400 3896 3455 3942 et
3479 3886 3637 3941 aliam
3662 3884 3797 3940 duxe-

2253 3985 2344 4047 rit,
2371 3997 2477 4035 non
2504 3981 2831 4045 moechatur;
2856 3990 2940 4036 est
2963 3980 3105 4037 enim
3132 3979 3414 4036 moechatio
3438 3994 3625 4034 eorum
3650 3979 3795 4038 etiam,

2222 4146 2225 4149 γ
2253 4076 2341 4145 qui
2373 4074 2505 4128 alias
2535 4073 2756 4137 ducunt,
2786 4071 2986 4127 relictis
3014 4081 3232 4142 propter
3262 4071 3663 4126 fornicationem
3691 4067 3799 4139 prio-

2254 4167 2438 4233 ribus;
2466 4165 2561 4221 scd
2597 4166 2781 4234 utique
2811 4165 2983 4220 minor
3004 4179 3163 4235 quam
3193 4179 3379 4219 eorum
3423 4164 3513 4235 qui
3560 4178 3663 4218 non
3705 4175 3799 4230 pro-

2254 4269 2373 4330 pter
2407 4257 2818 4313 fornicationem
2846 4256 3140 4323 dimittunt,
3170 4264 3227 4311 et
3257 4255 3451 4311 alteras
3479 4254 3696 4311 ducunt.
3724 4252 3799 4307 Pe-

2258 4358 2365 4406 test
2390 4348 2605 4421 quippe,
2632 4348 2771 4403 sicut
2794 4347 2990 4402 dictum
3020 4355 3123 4409 est.
3155 4346 3349 4402 Scienti
3373 4347 3559 4401 bonum
3584 4349 3803 4417 facere,et

2257 4458 2357 4496 non
2383 4441 2609 4513 facienti,
2643 4448 2901 4510 peccatum
2931 4447 3002 4493 est
3032 4439 3148 4503 illi;
3185 4437 3373 4493 eodem
3412 4438 3574 4493 modo
3615 4446 3670 4494 et
3704 4431 3803 4490 illud

2256 4530 2388 4600 dici,
2423 4531 2714 4587 Dimittenti
2747 4545 2966 4584 uxorem
3001 4529 3117 4585 sine
3154 4544 3313 4585 causa
3353 4527 3739 4589 fornicationis,
3766 4534 3804 4577 t-t

2256 4623 2413 4678 aliam
2441 4621 2680 4690 ducenti,
2706 4620 2989 4676 mtechatio
3017 4629 3101 4676 est
3128 4620 3227 4675 illi.
3254 4620 3707 4688 Quemadmodum
3730 4617 3804 4685 igi-

2258 4725 2345 4771 tur
2364 4716 2409 4770 si
2431 4715 2746 4779 dixerimus,
2775 4714 3106 4784 Quicumque
3133 4714 3412 4768 mulierem
3436 4728 3465 4766 a
3490 4713 3678 4767 marito
3700 4725 3805 4780 pra-

2260 4816 2342 4863 ter
2365 4822 2579 4862 causam
2612 4805 2977 4861 fornicationis
3016 4804 3288 4878 dimissam
3329 4802 3577 4869 duxerit,
3610 4799 3808 4857 macha-

2261 4910 2368 4965 tur,
2401 4900 2584 4971 procul
2621 4899 2783 4954 dubio
2816 4914 3002 4955 verum
3046 4898 3307 4965 dicimus;
3357 4912 3457 4953 nec
3501 4907 3673 4952 tamen
3715 4893 3809 4947 ideo

2266 4991 2414 5046 illum
2441 4992 2528 5062 qui
2561 5001 2781 5063 propter
2808 5005 3022 5046 causam
3050 4988 3418 5045 fornicationis
3446 4989 3708 5045 dimissam
3734 4983 3810 5036 du-

2244 5082 2417 5167 ‘xerit,
2454 5080 2523 5136 ab
2551 5080 2653 5137 hoc
2677 5080 2901 5137 crimine
2924 5080 3273 5147 absolvimus,
3301 5080 3391 5135 sed
3424 5089 3675 5149 utrosalue
3699 5089 3809 5131 mm-

2263 5176 2394 5231 chos
2433 5189 2554 5231 esse
2598 5173 2818 5229 minime
2857 5173 3163 5229 dubitamus
3196 5190 3209 5226 :
3251 5174 3322 5228 ita
3362 5187 3483 5227 eum
3519 5171 3609 5243 qui
3652 5178 3811 5240 put-ter

2264 5286 2478 5326 causam
2506 5266 2872 5325 fornicationis
2911 5283 3133 5323 uxorem
3159 5266 3423 5323 dimiserit
3451 5274 3507 5321 et
3549 5265 3699 5319 aliam
3732 5259 3813 5314 du-

2264 5363 2425 5427 xerit,
2469 5361 2735 5418 nttechum
2776 5360 3216 5432 pronuntiamus;
3246 5374 3345 5413 nec
3374 5359 3493 5413 ideo
3521 5368 3689 5412 tamen
3716 5364 3812 5407 eum

2267 5458 2357 5528 qui
2386 5465 2602 5527 preptcr
2636 5469 2849 5509 causam
2889 5451 3254 5508 fornicationis
3294 5450 3577 5518 dimiserit,
3618 5456 3673 5503 et
3707 5447 3813 5500 alte-

2269 5564 2381 5604 ram
2409 5546 2643 5610 duxerit,
2674 5545 2741 5599 ab
2769 5543 2925 5615 huius
2952 5544 3154 5616 peccati
3184 5542 3302 5600 labe
3331 5541 3682 5601 defendimus.
3708 5539 3812 5592 Am-

2329 5685 2345 5715 ι
2382 5688 2506 5737 λιες..
2533 5676 2634 5729 siet
2655 5675 2737 5729 ille
2760 5677 3022 5730 mutatus
3032 5684 3121 5729 est.

2330 5746 2349 5776 θ
2383 5748 2432 5791 tu
2456 5748 2583 5803 tis-5.,
2609 5742 2955 5791 commendare.
