3930 6368
172 262 242 321 ω
1073 284 1077 291 .
1566 245 1763 300 LIBER
1804 244 2073 301 PRIMUS.

180 375 439 439 bosen'tm,
468 372 610 429 licet
649 372 896 427 alterum
935 369 1108 424 altero
1140 365 1368 435 gravius,
1409 361 1644 417 mteehos
1684 372 1762 415 ta-

187 486 296 526 tuen
321 481 436 523 esse
458 463 885 534 cognoscimus.
910 459 1095 528 Neque
1122 456 1261 511 enim
1285 453 1563 523 quisquam
1594 452 1663 505 ita
1689 459 1774 505 est

192 559 457 623 absurdus,
501 565 564 610 ut
602 553 887 610 mtechum
936 557 1095 620 neget
1137 562 1256 603 esse
1283 548 1371 615 qui
1400 543 1611 598 duxerit
1655 558 1773 597 eam

184 668 328 723 quam
368 649 611 704 maritus
640 654 868 716 propter
901 656 1115 697 causam
1154 636 1517 692 fornicationis
1560 633 1772 702 abiecit,

179 762 287 802 cum
317 741 612 799 machum
642 739 785 793 dicat
811 751 934 791 eum
973 734 1063 804 qui
1091 731 1304 786 duxerit
1329 743 1446 784 eam
1484 741 1602 797 quae
1641 740 1777 794 pra:-

184 848 252 891 ter
279 847 521 890 causam
559 826 934 884 fornicationis
972 824 1176 891 abiecta
1219 828 1303 874 est
1346 836 1359 871 :
1406 819 1483 872 sic
1524 830 1652 885 ergo
1689 814 1778 869 isti

178 927 329 981 ambo
366 932 513 979 sunt
551 919 771 976 moechi.
809 916 961 973 Unde
999 930 1123 970 cum
1160 912 1406 977 dicimus,
1449 909 1777 976 Quicumque

179 1017 471 1071 mulierem
507 1019 707 1082 prmter
730 1022 943 1063 causam
979 1002 1343 1059 fornicationis
1381 1016 1411 1053 a
1454 1000 1569 1053 viro
1595 996 1777 1051 dimis-

175 1124 283 1163 sam
319 1106 583 1170 duxerit,
613 1102 945 1163 mmchatur;
967 1097 1035 1151 de
1065 1110 1171 1149 uno
1195 1093 1409 1164 quidem
1439 1092 1674 1160 ipsorum
1700 1087 1780 1142 di-

172 1200 371 1263 cimus,
409 1210 523 1248 nec
554 1204 734 1247 tamen
773 1189 891 1244 ideo
931 1185 1186 1242 tumchari
1232 1196 1489 1252 negamus
1529 1194 1648 1234 eum
1692 1177 1782 1246 qui

170 1303 290 1343 eam
320 1284 579 1345 duxerit,
608 1296 767 1351 quam
797 1286 1017 1349 propter
1044 1290 1255 1329 causam
1285 1270 1648 1327 fornicationis
1676 1283 1782 1322 ma-

170 1383 305 1434 ritus
344 1375 675 1432 dimiserit:
709 1372 779 1425 ita
818 1384 939 1424 cum
982 1368 1139 1421 ambo
1168 1366 1275 1419 sint
1322 1361 1515 1418 mtechi
1543 1400 1559 1426 ,
1600 1368 1655 1414 et
1696 1358 1784 1412 ille

166 1471 387 1523 scilicet
418 1466 522 1536 qui
566 1461 830 1518 dimiserit
871 1473 1091 1513 uxorem
1135 1470 1285 1509 suam
1336 1461 1530 1523 praeter
1570 1464 1784 1504 causam

168 1555 572 1614 fornicationis
592 1563 647 1607 et
673 1552 831 1606 aliam
856 1547 1087 1610 duxerit,
1115 1554 1169 1599 et
1196 1544 1283 1598 ille
1310 1542 1398 1612 qui
1429 1549 1643 1610 propter
1662 1554 1785 1593 cauo

168 1666 287 1705 sam
324 1644 719 1703 fornicationis
748 1655 916 1695 uxore
946 1638 1161 1692 dimissa
1203 1650 1261 1689 se
1298 1632 1449 1687 alteri
1498 1630 1785 1700 copulave-

170 1743 234 1795 rit
262 1756 280 1804 ;
322 1736 583 1808 profecto
612 1733 825 1804 quando
851 1730 919 1786 de
949 1745 1054 1784 uno
1082 1743 1265 1783 eorum
1308 1726 1554 1794 legimus,
1582 1737 1690 1777 non
1715 1722 1786 1776 ita

174 1831 501 1899 intelligere
529 1826 808 1890 debemus,
836 1821 984 1891 quasi
1015 1836 1079 1874 ex
1123 1819 1223 1872 hoc
1259 1818 1392 1871 alter
1427 1814 1668 1870 mtechus
1694 1829 1788 1868 ne-

176 1932 348 1994 gatus
381 1921 480 1983 sit,
510 1916 653 1987 quod
681 1916 818 1968 alter
844 1925 1129 1980 expressus
1158 1910 1247 1962 sit.

262 2014 367 2067 10.
399 2009 516 2065 Sed
536 2009 581 2062 si
607 2009 705 2061 hoc
732 2004 1053 2073 evangelista
1076 2000 1371 2063 ilatthtcus,
1396 1998 1516 2068 quia
1536 2010 1792 2066 expressa

189 2118 315 2158 una
350 2102 543 2169 specie
565 2098 775 2151 alteram
800 2095 981 2160 tacuit,
1006 2093 1129 2148 facit
1155 2091 1225 2145 ad
1267 2089 1662 2160 intelligendum
1691 2086 1794 2142 dif-

199 2195 393 2255 ficile;
426 2186 687 2257 numquid
714 2200 807 2239 non
838 2186 925 2239 alii
947 2183 1269 2255 generaliter
1296 2181 1521 2251 idipsnm
1548 2180 1617 2233 ita
1646 2193 1795 2233 com-

194 2284 355 2355 plexi
388 2289 539 2344 sunt,
569 2289 625 2333 ut
652 2278 714 2333 de
741 2287 959 2347 utroque
1010 2283 1189 2345 posset
1232 2273 1486 2343 intelligi?
1522 2272 1653 2326 Nam
1704 2287 1792 2327 εε-

188 2373 446 2430 cundum
487 2370 719 2424 Marcum
756 2369 835 2423 sic
862 2368 1115 2437 scriptum
1141 2374 1261 2420 est:
1296 2363 1604 2433 Quicumque
1645 2361 1795 2415 diuti-

190 2468 320 2541 serit
374 2478 595 2517 uxorem
636 2477 803 2526 suam,
850 2469 894 2513 et
942 2459 1151 2511 alteram
1202 2456 1446 2519 duxerit,
1495 2454 1798 2507 adulterium

192 2557 477 2610 committit
504 2570 660 2624 super
683 2568 826 2616 eam;
858 2561 902 2605 et
928 2550 971 2605 si
1001 2566 1128 2604 uxor
1158 2548 1401 2602 dimiserit
1438 2547 1600 2600 virum
1629 2562 1795 2611 suum,

192 2658 240 2701 et
267 2647 365 2699 alii
394 2644 653 2715 nupserit,
678 2643 955 2698 ma’cltatur
987 2640 1175 2713 (Marc.
1201 2656 1255 2705 Χ,
1287 2641 1345 2695 il
1370 2649 1415 2692 et
1440 2637 1562 2711 12).
1592 2637 1798 2695 Secun-

196 2740 329 2793 dum
376 2738 581 2792 Lucam
611 2735 735 2790 sic:
782 2733 958 2788 Omnis
998 2734 1082 2803 qui
1126 2732 1328 2786 dimittit
1376 2746 1581 2785 uxorem
1629 2746 1798 2796 suam,

202 2845 250 2883 et
297 2829 519 2881 alterunt
567 2825 731 2891 ducit,
780 2825 1087 2887 intre/tatuz;
1128 2832 1174 2877 et
1216 2823 1300 2893 qui
1330 2822 1589 2876 dimissam
1624 2837 1657 2875 a
1694 2821 1802 2876 uiro

206 2919 390 2985 ducit,
445 2917 728 2973 imre/tatur
775 2913 946 2987 (Luc.
993 2928 1124 2981 xvr,
1182 2913 1247 2968 18
1277 2913 1319 2983 ).
1370 2913 1471 2979 Qui
1523 2926 1651 2983 ergo
1702 2927 1802 2967 nos

206 3025 440 3078 sunms,
493 3020 551 3064 ut
598 3010 877 3074 dicamus,
939 3006 1035 3061 Est
1088 3004 1178 3077 qui
1233 3003 1572 3070 intuebatur,
1638 3018 1804 3059 uxore

209 3120 309 3159 sua
340 3102 565 3157 dimissa
595 3101 819 3155 alteram
851 3100 1069 3161 ducens,
1116 3107 1170 3152 et
1211 3104 1293 3151 est
1340 3096 1429 3164 qui
1462 3095 1563 3148 hoc
1603 3092 1803 3149 faciens

215 3211 326 3249 neu
355 3192 678 3257 nitechatnr,
722 3207 842 3246 cum
874 3189 1217 3260 Evangelium
1247 3188 1389 3243 dicat
1417 3202 1631 3242 onmem
1665 3202 1804 3243 mte-

218 3286 373 3341 cltari
406 3288 496 3356 qui
526 3284 632 3339 hoc
660 3283 820 3337 facit?
850 3282 1077 3336 Proinde
1106 3280 1149 3334 si
1180 3280 1499 3349 quicumque
1527 3278 1629 3331 hoc
1666 3276 1807 3332 fece-

215 3381 308 3443 rit,
358 3378 548 3439 idest,
581 3375 756 3429 omnis
784 3373 873 3443 qui
903 3372 1003 3427 hoc
1028 3371 1235 3437 fecerit,
1279 3379 1336 3423 ut
1376 3384 1540 3423 uxore
1585 3383 1679 3422 sua
1720 3366 1804 3422 di-

213 3472 386 3524 missa
416 3468 641 3521 alterunt
666 3466 843 3530 ducat,
872 3462 1203 3528 merebatur;
1236 3463 1353 3516 sine
1381 3460 1711 3515 dubitatione
1735 3459 1807 3513 ibi

220 3570 353 3615 sunt
400 3557 579 3621 ambo,
607 3566 660 3610 ct
696 3556 783 3625 qui
829 3564 1019 3624 praeter
1060 3568 1275 3607 causam
1324 3549 1704 3616 fornicationis,
1754 3556 1809 3603 et

224 3651 321 3720 qui
375 3659 593 3719 propter
634 3663 841 3702 causam
886 3646 1247 3701 fornicationis
1290 3643 1508 3698 dimittit
1555 3656 1802 3699 uxorem.

228 3741 341 3797 lloc
373 3750 460 3796 est
488 3740 658 3805 enim,
690 3739 995 3808 Quicumque
1032 3736 1273 3790 dimiserit
1300 3753 1318 3789 :
1346 3734 1447 3788 hoc
1482 3742 1583 3801 est,
1622 3732 1799 3787 Omnis

228 3834 309 3901 qui
340 3831 574 3885 dimittit.

297 3921 529 3977 CAPUT
585 3919 654 3975 Χ.
708 3950 777 3960 --
825 3919 912 3973 H.
971 3916 1199 3971 Matt/tui
1247 3918 1386 3970 locus
1459 3923 1700 3970 tractatus
1758 3915 1811 3968 in

237 4015 368 4068 libris
424 4030 553 4082 quos
604 4012 721 4083 legit
776 4009 1095 4072 Pollentius,
1141 4007 1389 4077 quomodo
1449 4006 1645 4059 habeat.
1696 4004 1812 4059 Non

237 4117 409 4161 autent
440 4105 602 4175 (sicut
657 4103 836 4157 nescio
891 4116 1055 4170 quare
1112 4100 1203 4154 tibi
1258 4101 1426 4153 visum
1472 4100 1589 4170 est)
1623 4140 1639 4167 ,
1691 4114 1812 4154 cum

238 4196 504 4267 Evangelii
565 4192 855 4249 secundum
915 4190 1214 4243 ltlattltwum
1278 4189 1437 4242 verba
1480 4189 1811 4258 prolbrrem,

240 4288 552 4358 pra-tcrmisr
587 4283 730 4355 quod
758 4287 1009 4353 scriptum
1040 4291 1152 4345 est,
1196 4290 1244 4334 et
1287 4281 1443 4333 aliam
1489 4280 1720 4344 duxerit;
1762 4288 1816 4335 et

238 4379 307 4432 sic
332 4378 469 4443 dixi,
496 4375 773 4429 mter/tatur
805 4390 823 4425 :
861 4372 953 4427 sed
996 4387 1057 4426 ea
1084 4370 1241 4425 verba
1283 4370 1430 4438 posui
1460 4383 1578 4439 qua:
1608 4371 1660 4424 in
1697 4384 1813 4424 ser-

242 4483 394 4523 mone
441 4467 538 4521 illo
577 4466 786 4535 prolixo
828 4464 1087 4533 leguntur,
1130 4475 1287 4530 quem
1334 4460 1589 4514 Dominus
1633 4459 1817 4515 habuit

243 4559 288 4609 in
318 4567 525 4611 monte.
561 4555 713 4608 llune
741 4553 880 4608 enim
913 4550 1241 4605 tractandum
1282 4563 1615 4619 susceperam
1641 4589 1656 4614 ,
1698 4565 1815 4619 quae
1866 4566 1879 4579 ι

245 4649 393 4702 verba
422 4646 536 4701 illic
569 4646 639 4698 ita
666 4644 906 4713 leguntur
936 4649 991 4695 ut
1032 4640 1178 4710 posui
1206 4682 1220 4706 ,
1268 4640 1319 4694 id
1349 4647 1464 4704 εει,
1502 4639 1817 4708 Quicumque

249 4741 484 4794 dimiserit
528 4752 738 4790 uxorem
784 4750 959 4800 suam,
1002 4742 1207 4801 excepta
1250 4748 1402 4785 causa
1446 4729 1813 4798 fornicationis,

254 4833 355 4898 facit
378 4847 495 4886 eam
522 4826 760 4882 mter/tari
783 4842 802 4891 ;
827 4836 871 4879 et
895 4826 978 4893 qui
1004 4824 1223 4877 solutam
1252 4840 1282 4875 a
1310 4823 1416 4875 viro
1449 4821 1668 4884 duxerit,
1695 4837 1818 4875 ma:-

253 4924 436 4977 ctuuur.
485 4921 590 4977 Ubi
620 4920 719 4975 etsi
750 4918 1001 4972 nonnulla
1039 4915 1360 4985 exemplaria
1386 4913 1564 4967 verbis
1593 4911 1820 4967 diversis

254 5015 490 5069 eumdem
530 5025 745 5066 sensum
786 5008 981 5062 habent
1010 5007 1411 5075 interpretatum
1436 5046 1451 5071 ,
1494 5020 1599 5058 non
1646 5013 1821 5058 tamen

252 5108 306 5159 ab
332 5123 394 5162 eo
434 5104 581 5176 quod
615 5080 925 5171 intelligitur
952 5099 1274 5167 discrepant.
1323 5098 1438 5151 Alia
1484 5097 1680 5168 quippe
1725 5096 1821 5150 ha—

246 5197 380 5263 bent,
415 5198 731 5264 Quicumque
757 5192 1043 5246 dimiserit:
1082 5191 1202 5256 alia,
1248 5188 1530 5258 Omnisqui
1559 5188 1819 5241 dimiserit.

237 5293 477 5360 itemque
514 5288 641 5351 alia,
686 5296 892 5352 excepta
921 5301 1072 5337 causa
1100 5282 1445 5354 fornicationis
1470 5297 1486 5334 :
1514 5282 1615 5335 alia
1636 5323 1651 5348 ,
1693 5297 1823 5351 prte-

238 5392 313 5434 tcr
337 5397 549 5435 causam
580 5377 930 5448 fornicationis
956 5392 973 5429 :
1002 5376 1124 5440 alia,
1152 5376 1249 5429 nisi
1274 5375 1334 5429 ob
1362 5390 1566 5428 causam
1596 5376 1823 5446 fornica-

239 5473 411 5527 tionis.
444 5472 581 5527 ltctn
621 5470 743 5533 alia,
789 5470 875 5538 qui
902 5467 1119 5522 solutam
1148 5483 1179 5520 a
1207 5468 1311 5521 viro
1354 5467 1575 5534 duxerit,
1604 5468 1822 5521 mter/ta-

243 5576 325 5615 tur
342 5581 361 5617 :
389 5565 516 5629 alia,
544 5563 632 5634 qui
670 5561 929 5615 dimissam
956 5574 988 5610 a
1014 5559 1116 5612 viro
1144 5560 1361 5626 duxerit,
1402 5560 1697 5613 moechatur.
1728 5559 1825 5615 Ubi

257 5663 367 5720 puto
409 5653 552 5725 quod
596 5650 780 5705 videas
823 5649 958 5703 nihil
991 5648 1244 5704 interesse
1270 5650 1337 5706 ad
1367 5666 1526 5706 unam
1558 5650 1829 5705 eamdenk

604 5741 686 5803 Ss
701 5758 821 5802 scr
863 5743 1145 5801 Avccsr.
1176 5740 1282 5801 Vl.
1786 5742 1789 5743 ⁷

3355 254 3458 312 458

1883 376 1987 428 quo
2033 363 2366 418 sententiam.
2407 364 2659 433 Quamvis
2688 367 2814 421 illud
2854 368 3118 435 ultimum,
3150 368 3200 422 id
3231 378 3336 436 est,
3366 372 3455 440 qui

1880 453 2139 508 dimissam
2182 472 2215 507 a
2261 457 2366 510 viro
2409 458 2627 524 duxerit,
2648 459 2959 525 metabatur;
2997 460 3050 515 in
3099 475 3164 514 co
3207 474 3453 516 sermone

1880 558 2037 612 quem
2077 546 2331 602 Dominus
2360 548 2483 603 fecit
2524 550 2578 603 in
2621 560 2832 615 monte,
2880 553 3117 606 nonnulli
3158 552 3373 607 codices
3396 565 3456 608 et

1881 636 2037 700 ει·ωεὶ
2064 645 2117 690 ει
2142 637 2289 692 latini
2316 652 2420 693 non
2453 640 2697 694 habeant.
2724 641 2897 695 Credo
2922 651 3220 711 propterea,
3250 644 3370 713 quia
3401 654 3459 697 et

1883 724 1956 779 ibi
1984 726 2273 794 explicatus
2316 727 2404 783 hic
2431 743 2621 784 sensus
2669 730 2838 797 putari
2883 731 3086 799 potuit,
3132 732 3183 784 in
3223 748 3287 785 eo
3315 730 3456 801 quod

1882 817 2124 884 superius
2139 816 2336 871 dictum
2356 827 2457 884 est,
2473 821 2591 887 facit
2614 835 2724 872 eam
2745 822 3000 873 mwchari.
3017 820 3293 887 Quomodo
3312 824 3453 877 enim

1883 906 2099 961 dimissa
2122 908 2179 961 fit
2199 909 2426 975 mtecha,
2454 911 2552 964 nisi
2579 909 2669 964 liat
2686 910 2777 981 qui
2797 926 2913 964 eam
2946 910 3161 966 duxerit
3183 913 3458 967 machus?

1956 1000 2179 1055 CAPUT
2218 1001 2310 1055 XI.
2341 1032 2414 1043 —
2450 1001 2538 1056 12.
2573 1003 2715 1056 Alius
2755 1002 2987 1057 Hattluei
3027 1003 3169 1057 locus
3196 1004 3463 1057 subobscu-

1884 1106 1991 1156 rus,
2024 1091 2112 1145 sed
2152 1090 2215 1144 ab
2256 1093 2573 1163 cvangelistis
2615 1093 2741 1147 aliis
2773 1093 3091 1163 explanatus.
3127 1094 3296 1149 Verba
3334 1110 3464 1149 vero

1886 1196 2003 1248 qua:
2034 1180 2149 1249 ipse
2175 1182 2419 1250 posuisti,
2449 1182 2589 1237 unde
2628 1183 2721 1237 tibi
2751 1184 2922 1237 visum
2962 1192 3042 1239 est
3072 1200 3177 1239 non
3207 1185 3464 1239 maechari

1888 1285 2010 1323 cum
2031 1270 2117 1339 qui
2148 1282 2363 1341 propter
2385 1287 2599 1326 causam
2628 1273 2988 1327 fornicationis
3009 1288 3227 1329 uxorem
3249 1273 3467 1329 dimise-

1890 1362 1958 1415 rit
1995 1371 2048 1416 ct
2091 1363 2248 1417 aliam
2292 1364 2540 1430 duxerit,
2587 1365 2814 1420 obscure
2853 1365 3065 1435 quidem
3108 1366 3276 1435 posita
3320 1374 3462 1420 sunt.

1893 1453 2041 1508 Unde
2072 1469 2175 1510 non
2204 1456 2370 1510 miror
2409 1456 2460 1509 in
2500 1457 2578 1510 eis
2613 1456 2968 1526 intelligendis
3012 1456 3256 1511 laborare
3300 1455 3467 1512 lecto-

1891 1563 2003 1601 rem
2030 1563 2043 1601 :
2074 1547 2168 1602 sed
2195 1562 2301 1602 non
2341 1562 2466 1603 sunt
2492 1549 2544 1602 in
2574 1563 2640 1603 eo
2670 1563 2916 1602 sermone
2944 1549 3182 1616 Domini,
3221 1549 3311 1617 qui
3347 1558 3472 1604 tunc

1892 1655 2034 1693 :t-me
2066 1640 2406 1706 tractabatur,
2452 1642 2664 1710 quando
2692 1642 2779 1696 illa
2820 1642 3148 1711 conscripsi,
3188 1658 3306 1712 qua:
3348 1656 3471 1696 cum

1894 1730 2099 1800 legeres
2127 1739 2179 1786 te
2204 1741 2506 1786 moverunt.
2540 1732 2676 1787 Alibi
2710 1732 2906 1802 quippe
2940 1731 3078 1787 idem
3105 1731 3386 1787 Matthteus
3409 1747 3471 1785 ea

1900 1821 2180 1876 Dominum
2224 1822 2425 1878 dixisse
2464 1823 2721 1890 narravit,
2755 1838 2861 1878 non
2888 1838 3008 1879 cum
3035 1824 3184 1878 illum
3212 1824 3474 1894 prolixum

1897 1912 2095 1966 faceret
2138 1912 2193 1965 in
2232 1920 2412 1967 monte
2442 1928 2769 1980 sermonem,
2815 1913 2911 1969 sed
2952 1929 3074 1969 cum
3120 1915 3476 1985 interrogatus

1895 2011 2039 2057 esset
2065 2017 2097 2056 a
2126 2002 2408 2058 Pharisaeis
2434 2013 2609 2057 utrum
2643 2004 2827 2058 liceret
2862 2020 2929 2058 ex
2958 2019 3291 2076 quacumque
3316 2021 3475 2059 causa

1897 2094 2165 2148 dimittere
2194 2110 2436 2149 uxorem.
2476 2095 2577 2149 Sec
2619 2095 2757 2165 quod
2798 2097 2973 2150 minus
3003 2097 3311 2167 intelligitur
3336 2099 3478 2167 apud

1900 2187 2228 2254 Matthaeum,
2266 2186 2404 2256 apud
2443 2189 2577 2242 alios
2620 2189 2975 2258 evangelistas
3018 2189 3237 2260 intelligi
3281 2198 3475 2260 potest.

1899 2278 2232 2349 QuaprOpter
2271 2294 2391 2332 cum
2432 2279 2715 2349 legerimus
2755 2279 2807 2332 in
2854 2279 3140 2349 Evangelio
3187 2280 3480 2336 secundum

1900 2370 2225 2435 Matthteum,
2254 2368 2569 2439 Quicumque
2592 2370 2835 2424 dimiserit
2865 2386 3074 2424 uxorem
3098 2371 3198 2424 nisi
3234 2370 3295 2425 ob
3321 2374 3481 2443 fonti.

1903 2463 2171 2527 cntionem,
2210 2470 2305 2516 aut
2338 2461 2477 2531 quod
2522 2462 2690 2528 magis
2728 2462 2782 2515 in
2823 2475 3000 2531 grazco
3039 2462 3252 2532 legitur,
3301 2471 3483 2532 prater

1903 2569 2110 2607 causam
2139 2552 2507 2623 fornicationis,
2535 2562 2580 2606 et
2604 2552 2761 2606 aliam
2790 2551 3012 2623 duxerit,
3035 2553 3312 2607 moechatur
3333 2568 3352 2607 :
3374 2568 3480 2608 non

1904 2643 2164 2699 debemus
2192 2643 2447 2698 continuo
2487 2653 2675 2713 putare
2710 2643 2860 2698 illum
2907 2658 3013 2699 non
3053 2643 3348 2710 rtuecbari,
3393 2646 3483 2714 qui

1906 2742 2124 2804 prepter
2152 2748 2365 2788 causam
2396 2732 2765 2788 fornicationis
2806 2733 3093 2798 dimiserit,
3123 2744 3176 2790 et
3201 2735 3358 2789 aliam
3387 2734 3487 2790 du-

1906 2828 2075 2893 xerit;
2121 2826 2215 2881 sed
2261 2825 2436 2880 adhuc
2489 2825 2780 2896 ambigere,
2810 2824 2982 2881 donec
3012 2825 3353 2896 Evangeliurn
3398 2842 3487 2882 se—

1909 2919 2142 2974 cundum
2162 2918 2295 2974 alios
2318 2918 2669 2988 evangelistas
2688 2933 2720 2973 a
2742 2919 2935 2987 quibus
2958 2917 3061 2972 hoc
3083 2928 3355 2974 narratum
3380 2930 3484 2985 est,

1911 3009 2269 3065 consulamus.
2296 3007 2436 3075 Quid
2462 3008 2507 3063 si
2536 3009 2680 3064 enim
2710 3009 3000 3064 secundum
3027 3008 3352 3076 Mattharum,
3381 3026 3486 3065 non

1909 3101 2124 3171 quidem
2149 3099 2291 3171 quod
2317 3099 2385 3154 ad
2408 3100 2544 3154 hanc
2570 3116 2682 3155 rem
2712 3100 2941 3169 pertinet
2969 3099 3168 3155 dictum
3189 3109 3272 3155 est
3296 3109 3486 3165 totum,

1910 3193 2005 3249 sed
2036 3194 2106 3248 ita
2134 3208 2255 3263 pars
2284 3192 2425 3247 dicta
2449 3200 2550 3257 est,
2572 3200 2632 3246 ut
2653 3192 3035 3261 intelligeretur
3060 3208 3092 3246 a
3121 3202 3271 3261 parte
3298 3200 3487 3258 totum,

1910 3286 2052 3358 quod
2089 3294 2335 3356 tanquam
2379 3284 2725 3353 explanantes
2750 3283 2957 3338 Marcus
2985 3292 3040 3337 et
3071 3283 3263 3349 Lucas,
3294 3292 3350 3337 ut
3378 3284 3491 3337 cla-

1914 3386 2058 3433 reret
2083 3377 2237 3447 plena
2264 3376 2549 3441 sententia,
2580 3383 2748 3429 totum
2790 3374 2967 3428 dicere
2991 3374 3333 3429 maluerunt?
3357 3375 3489 3431 Cum

1913 3469 2091 3538 itaque
2116 3467 2345 3537 primum
2370 3481 2479 3520 non
2503 3464 2806 3520 dubitantes
2830 3479 3015 3519 verum
3039 3479 3165 3520 esse
3181 3464 3325 3535 quod
3350 3467 3491 3537 apud

1913 3558 2215 3613 Matthmum
2243 3557 2452 3627 legitur,
2485 3554 2794 3624 Quicumque
2830 3554 3074 3608 dimiserit
3114 3570 3321 3609 uxorem
3345 3573 3493 3611 suam

1915 3658 2119 3719 prapter
2129 3664 2330 3702 causam
2347 3646 2711 3715 fornicationis,
2726 3654 2771 3698 et
2782 3645 2936 3698 aliam
2952 3644 3169 3711 duxerit,
3186 3646 3459 3700 moechatur
3474 3662 3495 3710 ;

1915 3740 2282 3811 quresierimus
2318 3749 2497 3793 utrum
2535 3746 2740 3792 tantum
2779 3737 2879 3793 iste
2915 3737 3217 3793 mtechetur
3251 3738 3495 3795 ducendo

1917 3833 2141 3886 alteram
2187 3845 2442 3896 uxorem,
2500 3830 2593 3900 qui
2635 3838 2830 3900 printer
2873 3844 3087 3884 causam
3132 3828 3497 3885 fornicationis

1919 3924 2148 3994 priorem
2179 3923 2461 3987 dimiserit,
2493 3937 2562 3975 an
2588 3922 2763 3976 omnis
2788 3921 2878 3990 qui
2906 3922 3122 3976 dimissa
3160 3937 3327 3977 uxore
3365 3923 3498 3977 alte—

1918 4030 2033 4068 ram
2062 4012 2292 4077 duxerit,
2330 4020 2389 4066 ut
2416 4011 2487 4065 ibi
2524 4010 2593 4064 sit
2617 4011 2775 4064 etiam
2803 4010 2892 4064 ille
2917 4010 3008 4080 qui
3034 4010 3383 4066 fornicantcm
3418 4011 3500 4066 di-

1919 4105 2122 4159 miserit
2151 4122 2163 4156 :
2195 4118 2371 4158 nonne
2396 4100 2686 4156 secundum
2713 4101 2944 4155 Marcum
2971 4102 3378 4171 respondebitur
3405 4120 3500 4157 no-

1919 4196 2020 4260 bis,
2050 4194 2186 4263 Quid
2215 4193 2455 4262 quaeritis
2484 4200 2659 4245 utrum
2692 4192 2781 4246 ille
2806 4192 2875 4246 sit
2903 4193 3167 4259 mtechus,
3197 4204 3251 4247 et
3277 4194 3366 4248 ille
3393 4210 3496 4248 non

1919 4286 2021 4342 sit?
2050 4285 2360 4351 Quicumque
2387 4283 2632 4338 dimiserit
2660 4298 2866 4335 uxorem
2893 4298 3060 4349 suam,
3081 4292 3128 4337 et
3152 4284 3309 4337 aliam
3334 4285 3499 4338 dm-

1919 4378 2004 4443 rit,
2031 4374 2334 4429 adulterium
2359 4372 2638 4426 committit.
2665 4371 2855 4427 Nonne
2883 4373 3042 4427 etiam
3070 4372 3364 4428 secundum
3390 4372 3498 4427 Lu-

1921 4482 2035 4521 cam
2080 4466 2283 4519 dicetur
2326 4464 2497 4531 nobis,
2538 4463 2677 4531 Quid
2716 4463 2980 4534 ambigitis
3025 4474 3200 4519 utrum
3266 4465 3357 4520 ille
3404 4466 3501 4534 qui

1926 4565 2141 4627 propter
2169 4569 2384 4610 causam
2432 4554 2794 4609 fornicationis
2838 4569 3058 4610 uxorem
3099 4555 3402 4623 dimiserit,
3446 4567 3504 4613 et

1924 4646 2079 4700 aliam
2124 4645 2367 4711 duxerit,
2415 4660 2524 4700 non
2569 4646 2900 4700 mmehetur?
2943 4644 3119 4699 Omnis
3161 4648 3247 4715 qui
3294 4647 3503 4705 dimittit

1925 4752 2131 4789 uxorem
2159 4752 2321 4800 suam,
2348 4744 2395 4787 et
2426 4735 2563 4788 ducit
2586 4735 2818 4801 alteram,
2846 4736 3138 4792 moechatur.
3161 4738 3240 4793 Ac
3260 4753 3358 4808 per
3377 4739 3480 4795 hoc
3499 4782 3513 4802 .

1925 4826 2172 4894 quoniam
2202 4824 2278 4879 fas
2308 4839 2413 4878 non
2442 4833 2524 4879 est
2553 4832 2611 4878 ut
2648 4824 3032 4895 Evangelistas,
3060 4827 3302 4895 quamvis
3328 4827 3506 4884 diver-

1926 4916 2000 4972 sis
2024 4915 2198 4971 verbis
2228 4916 2293 4970 de
2323 4930 2426 4970 una
2454 4930 2514 4971 re
2540 4916 2838 4985 loquentes,
2861 4916 2929 4971 ab
2957 4932 3063 4971 uno
3092 4933 3251 4974 sensu
3286 4921 3503 4977 eadem-

1926 5022 2030 5077 que
2056 5007 2312 5061 sententia
2339 5006 2624 5061 dissentire
2647 5005 2911 5072 dicamus;
2937 5017 3100 5062 restat
3126 5020 3183 5063 ut
3201 5010 3504 5067 Matthteum

1927 5100 2285 5171 intelligamus
2314 5113 2344 5152 a
2374 5108 2523 5169 parte
2553 5106 2721 5153 totum
2752 5099 3050 5169 significare
3075 5103 3328 5173 voluisse,
3355 5120 3505 5159 eam-

1929 5190 2049 5245 dem
2093 5199 2267 5243 tamen
2302 5190 2534 5245 tenuisse
2563 5189 2912 5252 sententiam,
2960 5200 3017 5244 ut
3059 5191 3331 5250 dimittens
3376 5211 3509 5251 uso-

1930 5297 2041 5336 rem
2069 5290 2121 5335 et
2160 5281 2384 5336 alteram
2422 5282 2622 5337 ducens
2646 5323 2661 5348 ,
2704 5295 2812 5336 non
2851 5282 3065 5351 quidam
3108 5284 3423 5353 mwehetur,
3455 5287 3509 5343 id

1929 5379 2033 5434 est,
2063 5372 2151 5441 qui
2180 5380 2372 5442 printer
2396 5371 2800 5427 fornicationem
2824 5374 3104 5439 dimiserit,
3134 5375 3347 5445 quidam
3381 5391 3510 5431 vero

1932 5479 2042 5518 non
2069 5464 2384 5530 mtechetur,
2414 5463 2591 5529 idest,
2620 5465 2711 5534 qui
2741 5473 2957 5535 propter
2984 5464 3391 5520 fornicationem
3429 5467 3512 5520 di-

1930 5557 2154 5623 miserit,
2181 5556 2275 5611 sed
2305 5558 2480 5610 omnis
2505 5557 2595 5626 qui
2632 5557 2848 5611 dimittit
2878 5572 3100 5610 uxorem
3139 5571 3310 5621 suam,
3334 5567 3390 5611 et
3412 5556 3500 5612 du.

1932 5648 2003 5703 cit
2030 5648 2272 5716 alteram,
2296 5646 2551 5701 mmehari
2578 5646 2793 5700 minime
2821 5645 3108 5699 dubitctur.

2893 5736 3228 5819 (Quiuzcj
