  <div class='ocr_page' id='page_1' title='image "/cluster/home/n/w/nwhite01/storage/ocr_20150623/40-41/uva.x000217726/235.png"; bbox 0 0 3930 6368; ppageno 0'>
   <div class='ocr_carea' id='block_1_1' title="bbox 506 256 614 313">
    <p class='ocr_par' dir='ltr' id='par_1_1' title="bbox 506 256 614 313">
     <span class='ocr_line' id='line_1_1' title="bbox 506 256 614 313; baseline 0.028 -4"><span class='ocrx_word' id='word_1_1' title='bbox 506 256 614 313; x_wconf 62' lang='grc'><strong>433</strong></span> 
     </span>
    </p>
   </div>
   <div class='ocr_carea' id='block_1_2' title="bbox 578 356 2088 433">
    <p class='ocr_par' dir='ltr' id='par_1_2' title="bbox 578 356 2088 433">
     <span class='ocr_line' id='line_1_2' title="bbox 578 356 2088 433; baseline -0.011 -9"><span class='ocrx_word' id='word_1_2' title='bbox 578 369 802 426; x_wconf 77' lang='lat' dir='ltr'><strong>CAPUT</strong></span> <span class='ocrx_word' id='word_1_3' title='bbox 832 369 944 424; x_wconf 81' lang='lat' dir='ltr'><strong>XII.</strong></span> <span class='ocrx_word' id='word_1_4' title='bbox 966 398 1035 410; x_wconf 86' lang='lat'><strong>---</strong></span> <span class='ocrx_word' id='word_1_5' title='bbox 1066 368 1128 420; x_wconf 74' lang='lat'><strong>13</strong></span> <span class='ocrx_word' id='word_1_6' title='bbox 1185 364 1367 418; x_wconf 78' lang='lat' dir='ltr'><strong>Mulier</strong></span> <span class='ocrx_word' id='word_1_7' title='bbox 1389 362 1450 415; x_wconf 89' lang='lat' dir='ltr'><strong>ob</strong></span> <span class='ocrx_word' id='word_1_8' title='bbox 1477 362 1857 433; x_wconf 84' lang='lat' dir='ltr'><strong>fornicationem</strong></span> <span class='ocrx_word' id='word_1_9' title='bbox 1877 356 2088 411; x_wconf 85' lang='lat' dir='ltr'><strong>dimissa</strong></span> 
     </span>
    </p>
   </div>
   <div class='ocr_carea' id='block_1_3' title="bbox 512 445 2088 528">
    <p class='ocr_par' dir='ltr' id='par_1_3' title="bbox 512 445 2088 528">
     <span class='ocr_line' id='line_1_3' title="bbox 512 445 2088 528; baseline -0.009 -14"><span class='ocrx_word' id='word_1_10' title='bbox 512 477 609 514; x_wconf 88' lang='lat' dir='ltr'><strong>non</strong></span> <span class='ocrx_word' id='word_1_11' title='bbox 635 470 792 514; x_wconf 83' lang='lat' dir='ltr'><strong>cessat</strong></span> <span class='ocrx_word' id='word_1_12' title='bbox 813 476 916 513; x_wconf 80' lang='lat' dir='ltr'><strong>esse</strong></span> <span class='ocrx_word' id='word_1_13' title='bbox 940 473 1069 511; x_wconf 71' lang='lat' dir='ltr'><strong>uxor</strong></span> <span class='ocrx_word' id='word_1_14' title='bbox 1095 457 1202 528; x_wconf 78' lang='lat' dir='ltr'><strong>ejus</strong></span> <span class='ocrx_word' id='word_1_15' title='bbox 1222 456 1306 526; x_wconf 87' lang='lat' dir='ltr'><strong>qui</strong></span> <span class='ocrx_word' id='word_1_16' title='bbox 1329 454 1539 507; x_wconf 87' lang='lat' dir='ltr'><strong>dimisit.</strong></span> <span class='ocrx_word' id='word_1_17' title='bbox 1563 451 1693 506; x_wconf 85' lang='lat' dir='ltr'><strong>Nam</strong></span> <span class='ocrx_word' id='word_1_18' title='bbox 1715 462 1770 506; x_wconf 88' lang='lat' dir='ltr'><strong>et</strong></span> <span class='ocrx_word' id='word_1_19' title='bbox 1803 449 1926 504; x_wconf 82' lang='lat' dir='ltr'><strong>illud</strong></span> <span class='ocrx_word' id='word_1_20' title='bbox 1947 445 2088 519; x_wconf 86' lang='lat' dir='ltr'><strong>quod</strong></span> 
     </span>
    </p>
   </div>
   <div class='ocr_carea' id='block_1_4' title="bbox 512 540 2092 616">
    <p class='ocr_par' dir='ltr' id='par_1_4' title="bbox 512 540 2092 616">
     <span class='ocr_line' id='line_1_4' title="bbox 512 540 2092 616; baseline -0.007 -13"><span class='ocrx_word' id='word_1_21' title='bbox 512 554 672 608; x_wconf 65' lang='lat' dir='ltr'><strong>etiam</strong></span> <span class='ocrx_word' id='word_1_22' title='bbox 698 550 1205 612; x_wconf 79' lang='lat' dir='ltr'><strong>secunduInLucaiu</strong></span> <span class='ocrx_word' id='word_1_23' title='bbox 1237 547 1497 616; x_wconf 87' lang='lat' dir='ltr'><strong>sequitur,</strong></span> <span class='ocrx_word' id='word_1_24' title='bbox 1525 543 1626 609; x_wconf 87' lang='lat' dir='ltr'><strong>Qui</strong></span> <span class='ocrx_word' id='word_1_25' title='bbox 1648 543 1908 596; x_wconf 84' lang='lat' dir='ltr'><strong>dimissam</strong></span> <span class='ocrx_word' id='word_1_26' title='bbox 1933 557 1964 593; x_wconf 91' lang='lat' dir='ltr'><strong>a</strong></span> <span class='ocrx_word' id='word_1_27' title='bbox 1988 540 2092 594; x_wconf 83' lang='lat' dir='ltr'><strong>riro</strong></span> 
     </span>
    </p>
   </div>
   <div class='ocr_carea' id='block_1_5' title="bbox 514 633 2096 710">
    <p class='ocr_par' dir='ltr' id='par_1_5' title="bbox 514 633 2096 710">
     <span class='ocr_line' id='line_1_5' title="bbox 514 633 2096 710; baseline -0.005 -16"><span class='ocrx_word' id='word_1_28' title='bbox 514 644 672 707; x_wconf 86' lang='lat' dir='ltr'><strong>ducit,</strong></span> <span class='ocrx_word' id='word_1_29' title='bbox 697 642 991 703; x_wconf 70' lang='lat' dir='ltr'><strong>nime/tatur,</strong></span> <span class='ocrx_word' id='word_1_30' title='bbox 1015 637 1283 710; x_wconf 90' lang='lat' dir='ltr'><strong>quomodo</strong></span> <span class='ocrx_word' id='word_1_31' title='bbox 1310 649 1393 692; x_wconf 89' lang='lat' dir='ltr'><strong>est</strong></span> <span class='ocrx_word' id='word_1_32' title='bbox 1421 636 1640 692; x_wconf 89' lang='lat' dir='ltr'><strong>verum?</strong></span> <span class='ocrx_word' id='word_1_33' title='bbox 1661 633 1940 702; x_wconf 84' lang='lat' dir='ltr'><strong>Quomodo</strong></span> <span class='ocrx_word' id='word_1_34' title='bbox 1963 646 2096 686; x_wconf 87' lang='lat' dir='ltr'><strong>moe-</strong></span> 
     </span>
    </p>
   </div>
   <div class='ocr_carea' id='block_1_6' title="bbox 513 728 2098 802">
    <p class='ocr_par' dir='ltr' id='par_1_6' title="bbox 513 728 2098 802">
     <span class='ocr_line' id='line_1_6' title="bbox 513 728 2098 802; baseline -0.008 -13"><span class='ocrx_word' id='word_1_35' title='bbox 513 733 725 798; x_wconf 85' lang='lat' dir='ltr'><strong>chatur,</strong></span> <span class='ocrx_word' id='word_1_36' title='bbox 767 732 866 785; x_wconf 90' lang='lat' dir='ltr'><strong>nisi</strong></span> <span class='ocrx_word' id='word_1_37' title='bbox 896 732 1016 802; x_wconf 87' lang='lat' dir='ltr'><strong>quia</strong></span> <span class='ocrx_word' id='word_1_38' title='bbox 1049 732 1136 784; x_wconf 90' lang='lat' dir='ltr'><strong>illa</strong></span> <span class='ocrx_word' id='word_1_39' title='bbox 1165 745 1325 800; x_wconf 89' lang='lat' dir='ltr'><strong>quam</strong></span> <span class='ocrx_word' id='word_1_40' title='bbox 1353 728 1519 792; x_wconf 75' lang='lat' dir='ltr'><strong>duxit,</strong></span> <span class='ocrx_word' id='word_1_41' title='bbox 1553 741 1624 782; x_wconf 89' lang='lat' dir='ltr'><strong>eo</strong></span> <span class='ocrx_word' id='word_1_42' title='bbox 1665 728 1874 780; x_wconf 87' lang='lat' dir='ltr'><strong>vivente</strong></span> <span class='ocrx_word' id='word_1_43' title='bbox 1915 739 1945 777; x_wconf 88' lang='lat' dir='ltr'><strong>a</strong></span> <span class='ocrx_word' id='word_1_44' title='bbox 1989 738 2098 793; x_wconf 84' lang='lat' dir='ltr'><strong>quo</strong></span> 
     </span>
    </p>
   </div>
   <div class='ocr_carea' id='block_1_7' title="bbox 514 813 2095 885">
    <p class='ocr_par' dir='ltr' id='par_1_7' title="bbox 514 813 2095 885">
     <span class='ocr_line' id='line_1_7' title="bbox 514 813 2095 885; baseline -0.007 -9"><span class='ocrx_word' id='word_1_45' title='bbox 514 824 732 879; x_wconf 85' lang='lat' dir='ltr'><strong>dimissa</strong></span> <span class='ocrx_word' id='word_1_46' title='bbox 779 831 894 885; x_wconf 89' lang='lat' dir='ltr'><strong>est,</strong></span> <span class='ocrx_word' id='word_1_47' title='bbox 941 821 1117 875; x_wconf 87' lang='lat' dir='ltr'><strong>adhuc</strong></span> <span class='ocrx_word' id='word_1_48' title='bbox 1160 835 1292 874; x_wconf 73' lang='lat' dir='ltr'><strong>uxor</strong></span> <span class='ocrx_word' id='word_1_49' title='bbox 1333 819 1505 872; x_wconf 87' lang='lat' dir='ltr'><strong>aliena</strong></span> <span class='ocrx_word' id='word_1_50' title='bbox 1549 817 1664 872; x_wconf 89' lang='lat' dir='ltr'><strong>est?</strong></span> <span class='ocrx_word' id='word_1_51' title='bbox 1705 816 1764 870; x_wconf 90' lang='lat' dir='ltr'><strong>Si</strong></span> <span class='ocrx_word' id='word_1_52' title='bbox 1806 814 1948 869; x_wconf 87' lang='lat' dir='ltr'><strong>enim</strong></span> <span class='ocrx_word' id='word_1_53' title='bbox 1984 813 2095 882; x_wconf 87' lang='lat' dir='ltr'><strong>jam</strong></span> 
     </span>
    </p>
   </div>
   <div class='ocr_carea' id='block_1_8' title="bbox 518 904 2094 982">
    <p class='ocr_par' dir='ltr' id='par_1_8' title="bbox 518 904 2094 982">
     <span class='ocr_line' id='line_1_8' title="bbox 518 904 2094 982; baseline -0.006 -14"><span class='ocrx_word' id='word_1_54' title='bbox 518 931 651 982; x_wconf 70' lang='lat' dir='ltr'><strong>sum,</strong></span> <span class='ocrx_word' id='word_1_55' title='bbox 682 929 786 968; x_wconf 85' lang='lat' dir='ltr'><strong>non</strong></span> <span class='ocrx_word' id='word_1_56' title='bbox 813 914 1002 969; x_wconf 61' lang='lat' dir='ltr'><strong>alienae</strong></span> <span class='ocrx_word' id='word_1_57' title='bbox 1032 913 1285 966; x_wconf 73' lang='lat' dir='ltr'><strong>miscetur</strong></span> <span class='ocrx_word' id='word_1_58' title='bbox 1312 910 1484 976; x_wconf 76' lang='lat' dir='ltr'><strong>uxori,</strong></span> <span class='ocrx_word' id='word_1_59' title='bbox 1515 910 1697 978; x_wconf 88' lang='lat' dir='ltr'><strong>utique</strong></span> <span class='ocrx_word' id='word_1_60' title='bbox 1726 923 1830 962; x_wconf 91' lang='lat' dir='ltr'><strong>non</strong></span> <span class='ocrx_word' id='word_1_61' title='bbox 1858 904 2094 960; x_wconf 62' lang='lat' dir='ltr'><strong>moecha-</strong></span> 
     </span>
    </p>
   </div>
   <div class='ocr_carea' id='block_1_9' title="bbox 516 999 2093 1072">
    <p class='ocr_par' dir='ltr' id='par_1_9' title="bbox 516 999 2093 1072">
     <span class='ocr_line' id='line_1_9' title="bbox 516 999 2093 1072; baseline -0.008 -10"><span class='ocrx_word' id='word_1_62' title='bbox 516 1018 604 1062; x_wconf 86' lang='lat' dir='ltr'><strong>tur</strong></span> <span class='ocrx_word' id='word_1_63' title='bbox 631 1027 643 1061; x_wconf 94' lang='lat'><strong>:</strong></span> <span class='ocrx_word' id='word_1_64' title='bbox 673 1007 971 1063; x_wconf 62' lang='lat' dir='ltr'><strong>moechatur</strong></span> <span class='ocrx_word' id='word_1_65' title='bbox 994 1015 1166 1059; x_wconf 69' lang='lat' dir='ltr'><strong>autem</strong></span> <span class='ocrx_word' id='word_1_66' title='bbox 1191 1021 1205 1068; x_wconf 90' lang='lat'><strong>;</strong></span> <span class='ocrx_word' id='word_1_67' title='bbox 1234 1004 1407 1058; x_wconf 88' lang='lat' dir='ltr'><strong>aliena</strong></span> <span class='ocrx_word' id='word_1_68' title='bbox 1435 1010 1515 1056; x_wconf 87' lang='lat' dir='ltr'><strong>est</strong></span> <span class='ocrx_word' id='word_1_69' title='bbox 1553 1015 1682 1072; x_wconf 78' lang='lat' dir='ltr'><strong>ergo</strong></span> <span class='ocrx_word' id='word_1_70' title='bbox 1708 999 1795 1055; x_wconf 90' lang='lat' dir='ltr'><strong>cui</strong></span> <span class='ocrx_word' id='word_1_71' title='bbox 1823 999 2093 1054; x_wconf 87' lang='lat' dir='ltr'><strong>miscetur.</strong></span> 
     </span>
    </p>
   </div>
   <div class='ocr_carea' id='block_1_10' title="bbox 530 1093 2096 1166">
    <p class='ocr_par' dir='ltr' id='par_1_10' title="bbox 530 1093 2096 1166">
     <span class='ocr_line' id='line_1_10' title="bbox 530 1093 2096 1166; baseline -0.007 -10"><span class='ocrx_word' id='word_1_72' title='bbox 530 1105 694 1157; x_wconf 83' lang='lat' dir='ltr'><strong>Porro</strong></span> <span class='ocrx_word' id='word_1_73' title='bbox 725 1102 770 1155; x_wconf 80' lang='lat' dir='ltr'><strong>si</strong></span> <span class='ocrx_word' id='word_1_74' title='bbox 799 1101 972 1154; x_wconf 87' lang='lat' dir='ltr'><strong>aliena</strong></span> <span class='ocrx_word' id='word_1_75' title='bbox 1000 1108 1102 1165; x_wconf 90' lang='lat' dir='ltr'><strong>est,</strong></span> <span class='ocrx_word' id='word_1_76' title='bbox 1134 1098 1234 1153; x_wconf 90' lang='lat' dir='ltr'><strong>hoc</strong></span> <span class='ocrx_word' id='word_1_77' title='bbox 1259 1105 1362 1161; x_wconf 89' lang='lat' dir='ltr'><strong>est,</strong></span> <span class='ocrx_word' id='word_1_78' title='bbox 1405 1096 1520 1166; x_wconf 78' lang='lat' dir='ltr'><strong>ejus</strong></span> <span class='ocrx_word' id='word_1_79' title='bbox 1545 1110 1575 1148; x_wconf 92' lang='lat' dir='ltr'><strong>a</strong></span> <span class='ocrx_word' id='word_1_80' title='bbox 1605 1109 1710 1164; x_wconf 92' lang='lat' dir='ltr'><strong>quo</strong></span> <span class='ocrx_word' id='word_1_81' title='bbox 1738 1093 1953 1147; x_wconf 87' lang='lat' dir='ltr'><strong>dimissa</strong></span> <span class='ocrx_word' id='word_1_82' title='bbox 1979 1099 2096 1154; x_wconf 90' lang='lat' dir='ltr'><strong>est;</strong></span> 
     </span>
    </p>
   </div>
   <div class='ocr_carea' id='block_1_11' title="bbox 521 1185 2097 1262">
    <p class='ocr_par' dir='ltr' id='par_1_11' title="bbox 521 1185 2097 1262">
     <span class='ocr_line' id='line_1_11' title="bbox 521 1185 2097 1262; baseline -0.006 -15"><span class='ocrx_word' id='word_1_83' title='bbox 521 1194 729 1247; x_wconf 85' lang='lat' dir='ltr'><strong>etiamsi</strong></span> <span class='ocrx_word' id='word_1_84' title='bbox 781 1201 998 1262; x_wconf 75' lang='lat' dir='ltr'><strong>propter</strong></span> <span class='ocrx_word' id='word_1_85' title='bbox 1041 1189 1407 1245; x_wconf 68' lang='lat' dir='ltr'><strong>ﬁirnicutionis</strong></span> <span class='ocrx_word' id='word_1_86' title='bbox 1460 1203 1673 1243; x_wconf 80' lang='lat' dir='ltr'><strong>causam</strong></span> <span class='ocrx_word' id='word_1_87' title='bbox 1716 1185 1934 1240; x_wconf 85' lang='lat' dir='ltr'><strong>dimissa</strong></span> <span class='ocrx_word' id='word_1_88' title='bbox 1977 1193 2097 1249; x_wconf 91' lang='lat' dir='ltr'><strong>est,</strong></span> 
     </span>
    </p>
   </div>
   <div class='ocr_carea' id='block_1_12' title="bbox 522 1275 2099 1339">
    <p class='ocr_par' dir='ltr' id='par_1_12' title="bbox 522 1275 2099 1339">
     <span class='ocr_line' id='line_1_12' title="bbox 522 1275 2099 1339; baseline -0.006 -1"><span class='ocrx_word' id='word_1_89' title='bbox 522 1285 758 1339; x_wconf 88' lang='lat' dir='ltr'><strong>nondum</strong></span> <span class='ocrx_word' id='word_1_90' title='bbox 801 1283 1116 1337; x_wconf 84' lang='lat' dir='ltr'><strong>dimittentis</strong></span> <span class='ocrx_word' id='word_1_91' title='bbox 1158 1297 1290 1336; x_wconf 79' lang='lat' dir='ltr'><strong>uxor</strong></span> <span class='ocrx_word' id='word_1_92' title='bbox 1313 1294 1432 1335; x_wconf 84' lang='lat' dir='ltr'><strong>esse</strong></span> <span class='ocrx_word' id='word_1_93' title='bbox 1461 1279 1709 1333; x_wconf 87' lang='lat' dir='ltr'><strong>cessavit.</strong></span> <span class='ocrx_word' id='word_1_94' title='bbox 1744 1276 1802 1332; x_wconf 88' lang='lat' dir='ltr'><strong>Si</strong></span> <span class='ocrx_word' id='word_1_95' title='bbox 1827 1284 2003 1331; x_wconf 85' lang='lat' dir='ltr'><strong>autem</strong></span> <span class='ocrx_word' id='word_1_96' title='bbox 2034 1275 2099 1329; x_wconf 89' lang='lat' dir='ltr'><strong>il-</strong></span> 
     </span>
    </p>
   </div>
   <div class='ocr_carea' id='block_1_13' title="bbox 523 1368 2104 1446">
    <p class='ocr_par' dir='ltr' id='par_1_13' title="bbox 523 1368 2104 1446">
     <span class='ocr_line' id='line_1_13' title="bbox 523 1368 2104 1446; baseline -0.007 -15"><span class='ocrx_word' id='word_1_97' title='bbox 523 1379 628 1432; x_wconf 89' lang='lat' dir='ltr'><strong>lius</strong></span> <span class='ocrx_word' id='word_1_98' title='bbox 655 1393 774 1433; x_wconf 82' lang='lat' dir='ltr'><strong>esse</strong></span> <span class='ocrx_word' id='word_1_99' title='bbox 803 1378 1061 1442; x_wconf 76' lang='lat' dir='ltr'><strong>cessavit,</strong></span> <span class='ocrx_word' id='word_1_100' title='bbox 1087 1377 1196 1446; x_wconf 86' lang='lat' dir='ltr'><strong>jam</strong></span> <span class='ocrx_word' id='word_1_101' title='bbox 1229 1374 1386 1444; x_wconf 82' lang='lat' dir='ltr'><strong>hujus</strong></span> <span class='ocrx_word' id='word_1_102' title='bbox 1413 1380 1495 1429; x_wconf 88' lang='lat' dir='ltr'><strong>est</strong></span> <span class='ocrx_word' id='word_1_103' title='bbox 1523 1372 1607 1426; x_wconf 90' lang='lat' dir='ltr'><strong>cui</strong></span> <span class='ocrx_word' id='word_1_104' title='bbox 1634 1370 1787 1425; x_wconf 88' lang='lat' dir='ltr'><strong>alteri</strong></span> <span class='ocrx_word' id='word_1_105' title='bbox 1813 1368 2025 1437; x_wconf 89' lang='lat' dir='ltr'><strong>nupsit:</strong></span> <span class='ocrx_word' id='word_1_106' title='bbox 2050 1374 2104 1421; x_wconf 89' lang='lat' dir='ltr'><strong>et</strong></span> 
     </span>
    </p>
   </div>
   <div class='ocr_carea' id='block_1_14' title="bbox 520 1458 2102 1538">
    <p class='ocr_par' dir='ltr' id='par_1_14' title="bbox 520 1458 2102 1538">
     <span class='ocr_line' id='line_1_14' title="bbox 520 1458 2102 1538; baseline -0.006 -17"><span class='ocrx_word' id='word_1_107' title='bbox 520 1470 564 1522; x_wconf 83' lang='lat' dir='ltr'><strong>si</strong></span> <span class='ocrx_word' id='word_1_108' title='bbox 593 1469 749 1538; x_wconf 84' lang='lat' dir='ltr'><strong>hujus</strong></span> <span class='ocrx_word' id='word_1_109' title='bbox 778 1479 880 1530; x_wconf 90' lang='lat' dir='ltr'><strong>est,</strong></span> <span class='ocrx_word' id='word_1_110' title='bbox 909 1483 1015 1522; x_wconf 91' lang='lat' dir='ltr'><strong>non</strong></span> <span class='ocrx_word' id='word_1_111' title='bbox 1043 1467 1284 1522; x_wconf 74' lang='lat' dir='ltr'><strong>moechus</strong></span> <span class='ocrx_word' id='word_1_112' title='bbox 1315 1464 1633 1535; x_wconf 84' lang='lat' dir='ltr'><strong>judicaudus</strong></span> <span class='ocrx_word' id='word_1_113' title='bbox 1672 1472 1779 1526; x_wconf 87' lang='lat' dir='ltr'><strong>est,</strong></span> <span class='ocrx_word' id='word_1_114' title='bbox 1813 1460 1907 1516; x_wconf 89' lang='lat' dir='ltr'><strong>sed</strong></span> <span class='ocrx_word' id='word_1_115' title='bbox 1937 1458 2102 1513; x_wconf 82' lang='lat' dir='ltr'><strong>mari-</strong></span> 
     </span>
    </p>
   </div>
   <div class='ocr_carea' id='block_1_15' title="bbox 522 1549 2106 1630">
    <p class='ocr_par' dir='ltr' id='par_1_15' title="bbox 522 1549 2106 1630">
     <span class='ocr_line' id='line_1_15' title="bbox 522 1549 2106 1630; baseline -0.005 -18"><span class='ocrx_word' id='word_1_116' title='bbox 522 1571 627 1616; x_wconf 87' lang='lat' dir='ltr'><strong>tus.</strong></span> <span class='ocrx_word' id='word_1_117' title='bbox 653 1561 755 1616; x_wconf 87' lang='lat' dir='ltr'><strong>Sed</strong></span> <span class='ocrx_word' id='word_1_118' title='bbox 787 1562 908 1630; x_wconf 86' lang='lat' dir='ltr'><strong>quia</strong></span> <span class='ocrx_word' id='word_1_119' title='bbox 944 1575 1048 1614; x_wconf 86' lang='lat' dir='ltr'><strong>non</strong></span> <span class='ocrx_word' id='word_1_120' title='bbox 1079 1576 1199 1613; x_wconf 90' lang='lat' dir='ltr'><strong>eum</strong></span> <span class='ocrx_word' id='word_1_121' title='bbox 1240 1559 1485 1612; x_wconf 90' lang='lat' dir='ltr'><strong>maritum</strong></span> <span class='ocrx_word' id='word_1_122' title='bbox 1527 1556 1656 1610; x_wconf 90' lang='lat' dir='ltr'><strong>dicit</strong></span> <span class='ocrx_word' id='word_1_123' title='bbox 1696 1549 2106 1624; x_wconf 76' lang='lat' dir='ltr'><strong>Scriptura,sed</strong></span> 
     </span>
    </p>
   </div>
   <div class='ocr_carea' id='block_1_16' title="bbox 521 1647 2103 1718">
    <p class='ocr_par' dir='ltr' id='par_1_16' title="bbox 521 1647 2103 1718">
     <span class='ocr_line' id='line_1_16' title="bbox 521 1647 2103 1718; baseline -0.006 -12"><span class='ocrx_word' id='word_1_124' title='bbox 521 1653 819 1718; x_wconf 68' lang='lat' dir='ltr'><strong>moechum;</strong></span> <span class='ocrx_word' id='word_1_125' title='bbox 865 1652 1037 1707; x_wconf 88' lang='lat' dir='ltr'><strong>adhuc</strong></span> <span class='ocrx_word' id='word_1_126' title='bbox 1077 1653 1166 1708; x_wconf 90' lang='lat' dir='ltr'><strong>illa</strong></span> <span class='ocrx_word' id='word_1_127' title='bbox 1194 1652 1336 1705; x_wconf 90' lang='lat' dir='ltr'><strong>illius</strong></span> <span class='ocrx_word' id='word_1_128' title='bbox 1381 1659 1482 1714; x_wconf 89' lang='lat' dir='ltr'><strong>est,</strong></span> <span class='ocrx_word' id='word_1_129' title='bbox 1522 1665 1551 1702; x_wconf 91' lang='lat' dir='ltr'><strong>a</strong></span> <span class='ocrx_word' id='word_1_130' title='bbox 1597 1663 1704 1718; x_wconf 88' lang='lat' dir='ltr'><strong>quo</strong></span> <span class='ocrx_word' id='word_1_131' title='bbox 1742 1647 1902 1702; x_wconf 87' lang='lat' dir='ltr'><strong>etiam</strong></span> <span class='ocrx_word' id='word_1_132' title='bbox 1943 1658 2103 1699; x_wconf 89' lang='lat' dir='ltr'><strong>causa</strong></span> 
     </span>
    </p>
   </div>
   <div class='ocr_carea' id='block_1_17' title="bbox 522 1737 2103 1815">
    <p class='ocr_par' dir='ltr' id='par_1_17' title="bbox 522 1737 2103 1815">
     <span class='ocr_line' id='line_1_17' title="bbox 522 1737 2103 1815; baseline -0.004 -19"><span class='ocrx_word' id='word_1_133' title='bbox 522 1745 890 1815; x_wconf 73' lang='lat' dir='ltr'><strong>fornicationis</strong></span> <span class='ocrx_word' id='word_1_134' title='bbox 919 1745 1123 1814; x_wconf 76' lang='lat' dir='ltr'><strong>objecta</strong></span> <span class='ocrx_word' id='word_1_135' title='bbox 1155 1753 1256 1799; x_wconf 86' lang='lat' dir='ltr'><strong>est.</strong></span> <span class='ocrx_word' id='word_1_136' title='bbox 1287 1743 1356 1797; x_wconf 78' lang='lat' dir='ltr'><strong>Et</strong></span> <span class='ocrx_word' id='word_1_137' title='bbox 1386 1741 1505 1796; x_wconf 88' lang='lat' dir='ltr'><strong>ideo</strong></span> <span class='ocrx_word' id='word_1_138' title='bbox 1532 1753 1921 1811; x_wconf 82' lang='lat' dir='ltr'><strong>quamcumque</strong></span> <span class='ocrx_word' id='word_1_139' title='bbox 1945 1737 2103 1792; x_wconf 79' lang='lat' dir='ltr'><strong>etiam</strong></span> 
     </span>
    </p>
   </div>
   <div class='ocr_carea' id='block_1_18' title="bbox 522 1832 2105 1904">
    <p class='ocr_par' dir='ltr' id='par_1_18' title="bbox 522 1832 2105 1904">
     <span class='ocr_line' id='line_1_18' title="bbox 522 1832 2105 1904; baseline -0.004 -16"><span class='ocrx_word' id='word_1_140' title='bbox 522 1837 637 1904; x_wconf 81' lang='lat' dir='ltr'><strong>ipse</strong></span> <span class='ocrx_word' id='word_1_141' title='bbox 661 1837 752 1891; x_wconf 86' lang='lat' dir='ltr'><strong>illa</strong></span> <span class='ocrx_word' id='word_1_142' title='bbox 779 1837 999 1892; x_wconf 87' lang='lat' dir='ltr'><strong>dimissa</strong></span> <span class='ocrx_word' id='word_1_143' title='bbox 1028 1837 1174 1890; x_wconf 79' lang='lat' dir='ltr'><strong>ducit</strong></span> <span class='ocrx_word' id='word_1_144' title='bbox 1200 1850 1446 1900; x_wconf 79' lang='lat' dir='ltr'><strong>uxorem,</strong></span> <span class='ocrx_word' id='word_1_145' title='bbox 1486 1835 1606 1903; x_wconf 82' lang='lat' dir='ltr'><strong>quia</strong></span> <span class='ocrx_word' id='word_1_146' title='bbox 1639 1847 1758 1888; x_wconf 89' lang='lat' dir='ltr'><strong>cum</strong></span> <span class='ocrx_word' id='word_1_147' title='bbox 1791 1832 1964 1886; x_wconf 85' lang='lat' dir='ltr'><strong>alieno</strong></span> <span class='ocrx_word' id='word_1_148' title='bbox 1990 1844 2105 1883; x_wconf 87' lang='lat' dir='ltr'><strong>ma-</strong></span> 
     </span>
    </p>
   </div>
   <div class='ocr_carea' id='block_1_19' title="bbox 519 1921 2108 1994">
    <p class='ocr_par' dir='ltr' id='par_1_19' title="bbox 519 1921 2108 1994">
     <span class='ocr_line' id='line_1_19' title="bbox 519 1921 2108 1994; baseline -0.004 -14"><span class='ocrx_word' id='word_1_149' title='bbox 519 1928 629 1982; x_wconf 87' lang='lat' dir='ltr'><strong>rito</strong></span> <span class='ocrx_word' id='word_1_150' title='bbox 657 1927 988 1994; x_wconf 88' lang='lat' dir='ltr'><strong>eoneumbit,</strong></span> <span class='ocrx_word' id='word_1_151' title='bbox 1019 1927 1260 1982; x_wconf 80' lang='lat' dir='ltr'><strong>adultera</strong></span> <span class='ocrx_word' id='word_1_152' title='bbox 1287 1936 1389 1980; x_wconf 86' lang='lat' dir='ltr'><strong>est.</strong></span> <span class='ocrx_word' id='word_1_153' title='bbox 1410 1925 1562 1980; x_wconf 86' lang='lat' dir='ltr'><strong>Unde</strong></span> <span class='ocrx_word' id='word_1_154' title='bbox 1586 1932 1764 1977; x_wconf 85' lang='lat' dir='ltr'><strong>autem</strong></span> <span class='ocrx_word' id='word_1_155' title='bbox 1791 1921 1902 1976; x_wconf 90' lang='lat' dir='ltr'><strong>ﬁeri</strong></span> <span class='ocrx_word' id='word_1_156' title='bbox 1933 1927 2108 1990; x_wconf 90' lang='lat' dir='ltr'><strong>potest</strong></span> 
     </span>
    </p>
   </div>
   <div class='ocr_carea' id='block_1_20' title="bbox 521 2014 2108 2090">
    <p class='ocr_par' dir='ltr' id='par_1_20' title="bbox 521 2014 2108 2090">
     <span class='ocr_line' id='line_1_20' title="bbox 521 2014 2108 2090; baseline -0.003 -18"><span class='ocrx_word' id='word_1_157' title='bbox 521 2028 582 2073; x_wconf 88' lang='lat' dir='ltr'><strong>ut</strong></span> <span class='ocrx_word' id='word_1_158' title='bbox 616 2019 825 2075; x_wconf 85' lang='lat' dir='ltr'><strong>adulter</strong></span> <span class='ocrx_word' id='word_1_159' title='bbox 847 2020 1008 2074; x_wconf 88' lang='lat' dir='ltr'><strong>etiam</strong></span> <span class='ocrx_word' id='word_1_160' title='bbox 1039 2021 1152 2090; x_wconf 85' lang='lat' dir='ltr'><strong>ipse</strong></span> <span class='ocrx_word' id='word_1_161' title='bbox 1183 2034 1287 2074; x_wconf 92' lang='lat' dir='ltr'><strong>non</strong></span> <span class='ocrx_word' id='word_1_162' title='bbox 1316 2019 1405 2086; x_wconf 89' lang='lat' dir='ltr'><strong>sit,</strong></span> <span class='ocrx_word' id='word_1_163' title='bbox 1432 2032 1552 2072; x_wconf 88' lang='lat' dir='ltr'><strong>cum</strong></span> <span class='ocrx_word' id='word_1_164' title='bbox 1573 2024 1784 2072; x_wconf 82' lang='lat' dir='ltr'><strong>constet</strong></span> <span class='ocrx_word' id='word_1_165' title='bbox 1803 2014 2108 2070; x_wconf 77' lang='lat' dir='ltr'><strong>adulterare</strong></span> 
     </span>
    </p>
   </div>
   <div class='ocr_carea' id='block_1_21' title="bbox 519 2113 898 2182">
    <p class='ocr_par' dir='ltr' id='par_1_21' title="bbox 519 2113 898 2182">
     <span class='ocr_line' id='line_1_21' title="bbox 519 2113 898 2182; baseline 0 -17"><span class='ocrx_word' id='word_1_166' title='bbox 519 2127 677 2182; x_wconf 89' lang='lat' dir='ltr'><strong>quam</strong></span> <span class='ocrx_word' id='word_1_167' title='bbox 705 2113 898 2166; x_wconf 77' lang='lat' dir='ltr'><strong>duxit?</strong></span> 
     </span>
    </p>
   </div>
   <div class='ocr_carea' id='block_1_22' title="bbox 591 2201 2108 2271">
    <p class='ocr_par' dir='ltr' id='par_1_22' title="bbox 591 2201 2108 2271">
     <span class='ocr_line' id='line_1_22' title="bbox 591 2201 2108 2271; baseline -0.004 -15"><span class='ocrx_word' id='word_1_168' title='bbox 591 2203 815 2258; x_wconf 81' lang='lat' dir='ltr'><strong>CAPUT</strong></span> <span class='ocrx_word' id='word_1_169' title='bbox 846 2201 1056 2256; x_wconf 86' lang='lat' dir='ltr'><strong>Xlll.—-</strong></span> <span class='ocrx_word' id='word_1_170' title='bbox 1076 2203 1162 2257; x_wconf 77' lang='lat' dir='ltr'><strong>i-i.</strong></span> <span class='ocrx_word' id='word_1_171' title='bbox 1185 2203 1454 2256; x_wconf 86' lang='lat' dir='ltr'><strong>Dimittere</strong></span> <span class='ocrx_word' id='word_1_172' title='bbox 1479 2202 1707 2270; x_wconf 77' lang='lat' dir='ltr'><strong>inﬁdeles</strong></span> <span class='ocrx_word' id='word_1_173' title='bbox 1737 2201 1978 2271; x_wconf 86' lang='lat' dir='ltr'><strong>conjuges</strong></span> <span class='ocrx_word' id='word_1_174' title='bbox 2007 2213 2108 2250; x_wconf 90' lang='lat' dir='ltr'><strong>non</strong></span> 
     </span>
    </p>
   </div>
   <div class='ocr_carea' id='block_1_23' title="bbox 523 2290 2109 2363">
    <p class='ocr_par' dir='ltr' id='par_1_23' title="bbox 523 2290 2109 2363">
     <span class='ocr_line' id='line_1_23' title="bbox 523 2290 2109 2363; baseline -0.001 -17"><span class='ocrx_word' id='word_1_175' title='bbox 523 2297 672 2349; x_wconf 84' lang='lat' dir='ltr'><strong>licere</strong></span> <span class='ocrx_word' id='word_1_176' title='bbox 707 2296 859 2348; x_wconf 85' lang='lat' dir='ltr'><strong>sentit</strong></span> <span class='ocrx_word' id='word_1_177' title='bbox 905 2294 1227 2360; x_wconf 80' lang='lat' dir='ltr'><strong>Pollentius;</strong></span> <span class='ocrx_word' id='word_1_178' title='bbox 1273 2295 1441 2356; x_wconf 78' lang='lat' dir='ltr'><strong>licere,</strong></span> <span class='ocrx_word' id='word_1_179' title='bbox 1470 2293 1556 2348; x_wconf 86' lang='lat' dir='ltr'><strong>sed</strong></span> <span class='ocrx_word' id='word_1_180' title='bbox 1585 2310 1684 2347; x_wconf 89' lang='lat' dir='ltr'><strong>non</strong></span> <span class='ocrx_word' id='word_1_181' title='bbox 1712 2293 1948 2363; x_wconf 72' lang='lat' dir='ltr'><strong>expedire</strong></span> <span class='ocrx_word' id='word_1_182' title='bbox 1988 2290 2109 2346; x_wconf 81' lang='lat' dir='ltr'><strong><em>dicit</em></strong></span> 
     </span>
    </p>
   </div>
   <div class='ocr_carea' id='block_1_24' title="bbox 520 2382 2108 2456">
    <p class='ocr_par' dir='ltr' id='par_1_24' title="bbox 520 2382 2108 2456">
     <span class='ocr_line' id='line_1_24' title="bbox 520 2382 2108 2456; baseline -0.003 -17"><span class='ocrx_word' id='word_1_183' title='bbox 520 2386 853 2456; x_wconf 76' lang='lat' dir='ltr'><strong>Augustinus.</strong></span> <span class='ocrx_word' id='word_1_184' title='bbox 897 2385 1014 2438; x_wconf 85' lang='lat' dir='ltr'><strong>Jam</strong></span> <span class='ocrx_word' id='word_1_185' title='bbox 1045 2400 1186 2439; x_wconf 91' lang='lat' dir='ltr'><strong>nunc</strong></span> <span class='ocrx_word' id='word_1_186' title='bbox 1225 2385 1351 2439; x_wconf 90' lang='lat' dir='ltr'><strong>illud</strong></span> <span class='ocrx_word' id='word_1_187' title='bbox 1393 2384 1663 2439; x_wconf 83' lang='lat' dir='ltr'><strong>videamus</strong></span> <span class='ocrx_word' id='word_1_188' title='bbox 1689 2382 1829 2454; x_wconf 89' lang='lat' dir='ltr'><strong>quod</strong></span> <span class='ocrx_word' id='word_1_189' title='bbox 1856 2383 1930 2436; x_wconf 88' lang='lat' dir='ltr'><strong>ait</strong></span> <span class='ocrx_word' id='word_1_190' title='bbox 1960 2382 2108 2450; x_wconf 86' lang='lat' dir='ltr'><strong>Apo-</strong></span> 
     </span>
    </p>
   </div>
   <div class='ocr_carea' id='block_1_25' title="bbox 525 2475 2109 2548">
    <p class='ocr_par' dir='ltr' id='par_1_25' title="bbox 525 2475 2109 2548">
     <span class='ocr_line' id='line_1_25' title="bbox 525 2475 2109 2548; baseline -0.003 -16"><span class='ocrx_word' id='word_1_191' title='bbox 525 2480 698 2534; x_wconf 87' lang='lat' dir='ltr'><strong>stolus</strong></span> <span class='ocrx_word' id='word_1_192' title='bbox 732 2520 748 2544; x_wconf 91' lang='lat'><strong>,</strong></span> <span class='ocrx_word' id='word_1_193' title='bbox 777 2479 980 2533; x_wconf 70' lang='lat' dir='ltr'><strong>Creteris</strong></span> <span class='ocrx_word' id='word_1_194' title='bbox 1003 2487 1170 2532; x_wconf 84' lang='lat' dir='ltr'><strong>autem</strong></span> <span class='ocrx_word' id='word_1_195' title='bbox 1196 2494 1286 2548; x_wconf 83' lang='lat' dir='ltr'><strong>ego</strong></span> <span class='ocrx_word' id='word_1_196' title='bbox 1315 2478 1449 2544; x_wconf 85' lang='lat' dir='ltr'><strong>dico,</strong></span> <span class='ocrx_word' id='word_1_197' title='bbox 1482 2494 1582 2530; x_wconf 87' lang='lat' dir='ltr'><strong>non</strong></span> <span class='ocrx_word' id='word_1_198' title='bbox 1609 2475 1858 2530; x_wconf 89' lang='lat' dir='ltr'><strong>Dominus</strong></span> <span class='ocrx_word' id='word_1_199' title='bbox 1879 2490 1896 2528; x_wconf 90' lang='lat'><strong><em>:</em></strong></span> <span class='ocrx_word' id='word_1_200' title='bbox 1914 2475 1981 2529; x_wconf 90' lang='lat' dir='ltr'><strong>ad</strong></span> <span class='ocrx_word' id='word_1_201' title='bbox 2011 2475 2109 2528; x_wconf 87' lang='lat' dir='ltr'><strong>im-</strong></span> 
     </span>
    </p>
   </div>
   <div class='ocr_carea' id='block_1_26' title="bbox 521 2567 2106 2642">
    <p class='ocr_par' dir='ltr' id='par_1_26' title="bbox 521 2567 2106 2642">
     <span class='ocr_line' id='line_1_26' title="bbox 521 2567 2106 2642; baseline -0.003 -14"><span class='ocrx_word' id='word_1_202' title='bbox 521 2573 666 2642; x_wconf 79' lang='lat' dir='ltr'><strong>paria</strong></span> <span class='ocrx_word' id='word_1_203' title='bbox 693 2573 918 2636; x_wconf 88' lang='lat' dir='ltr'><strong>scilicet,</strong></span> <span class='ocrx_word' id='word_1_204' title='bbox 952 2573 1052 2628; x_wconf 90' lang='lat' dir='ltr'><strong>hoc</strong></span> <span class='ocrx_word' id='word_1_205' title='bbox 1081 2580 1184 2638; x_wconf 91' lang='lat' dir='ltr'><strong>est,</strong></span> <span class='ocrx_word' id='word_1_206' title='bbox 1229 2573 1317 2626; x_wconf 91' lang='lat' dir='ltr'><strong>ubi</strong></span> <span class='ocrx_word' id='word_1_207' title='bbox 1346 2586 1451 2626; x_wconf 92' lang='lat' dir='ltr'><strong>non</strong></span> <span class='ocrx_word' id='word_1_208' title='bbox 1497 2571 1655 2625; x_wconf 90' lang='lat' dir='ltr'><strong>ambo</strong></span> <span class='ocrx_word' id='word_1_209' title='bbox 1684 2569 1958 2624; x_wconf 82' lang='lat' dir='ltr'><strong>christiani</strong></span> <span class='ocrx_word' id='word_1_210' title='bbox 1990 2567 2106 2624; x_wconf 83' lang='lat' dir='ltr'><strong>fue-</strong></span> 
     </span>
    </p>
   </div>
   <div class='ocr_carea' id='block_1_27' title="bbox 524 2661 2105 2734">
    <p class='ocr_par' dir='ltr' id='par_1_27' title="bbox 524 2661 2105 2734">
     <span class='ocr_line' id='line_1_27' title="bbox 524 2661 2105 2734; baseline -0.002 -17"><span class='ocrx_word' id='word_1_211' title='bbox 524 2672 662 2724; x_wconf 82' lang='lat' dir='ltr'><strong>rant,</strong></span> <span class='ocrx_word' id='word_1_212' title='bbox 710 2664 957 2734; x_wconf 75' lang='lat' dir='ltr'><strong>conjugis</strong></span> <span class='ocrx_word' id='word_1_213' title='bbox 998 2663 1249 2734; x_wconf 82' lang='lat' dir='ltr'><strong>loquitur.</strong></span> <span class='ocrx_word' id='word_1_214' title='bbox 1299 2661 1450 2731; x_wconf 86' lang='lat' dir='ltr'><strong>Quod</strong></span> <span class='ocrx_word' id='word_1_215' title='bbox 1495 2661 1622 2715; x_wconf 90' lang='lat' dir='ltr'><strong>mihi</strong></span> <span class='ocrx_word' id='word_1_216' title='bbox 1649 2661 1821 2715; x_wconf 89' lang='lat' dir='ltr'><strong>visum</strong></span> <span class='ocrx_word' id='word_1_217' title='bbox 1865 2668 1947 2715; x_wconf 88' lang='lat' dir='ltr'><strong>est</strong></span> <span class='ocrx_word' id='word_1_218' title='bbox 1983 2673 2105 2715; x_wconf 90' lang='lat' dir='ltr'><strong>eum</strong></span> 
     </span>
    </p>
   </div>
   <div class='ocr_carea' id='block_1_28' title="bbox 524 2751 2108 2822">
    <p class='ocr_par' dir='ltr' id='par_1_28' title="bbox 524 2751 2108 2822">
     <span class='ocr_line' id='line_1_28' title="bbox 524 2751 2108 2822; baseline -0.001 -14"><span class='ocrx_word' id='word_1_219' title='bbox 524 2755 796 2810; x_wconf 88' lang='lat' dir='ltr'><strong>monendo</strong></span> <span class='ocrx_word' id='word_1_220' title='bbox 820 2754 1041 2810; x_wconf 75' lang='lat' dir='ltr'><strong>dixisse.</strong></span> <span class='ocrx_word' id='word_1_221' title='bbox 1065 2755 1197 2822; x_wconf 88' lang='lat' dir='ltr'><strong>Quia</strong></span> <span class='ocrx_word' id='word_1_222' title='bbox 1229 2755 1368 2809; x_wconf 87' lang='lat' dir='ltr'><strong>enim</strong></span> <span class='ocrx_word' id='word_1_223' title='bbox 1393 2755 1583 2822; x_wconf 74' lang='lat' dir='ltr'><strong>conjux</strong></span> <span class='ocrx_word' id='word_1_224' title='bbox 1613 2753 1788 2807; x_wconf 89' lang='lat' dir='ltr'><strong>ﬁdelis</strong></span> <span class='ocrx_word' id='word_1_225' title='bbox 1808 2751 2108 2822; x_wconf 86' lang='lat' dir='ltr'><strong>relinquere</strong></span> 
     </span>
    </p>
   </div>
   <div class='ocr_carea' id='block_1_29' title="bbox 525 2843 2106 2917">
    <p class='ocr_par' dir='ltr' id='par_1_29' title="bbox 525 2843 2106 2917">
     <span class='ocr_line' id='line_1_29' title="bbox 525 2843 2106 2917; baseline -0.001 -18"><span class='ocrx_word' id='word_1_226' title='bbox 525 2850 809 2917; x_wconf 81' lang='lat' dir='ltr'><strong>conjugem</strong></span> <span class='ocrx_word' id='word_1_227' title='bbox 853 2847 995 2902; x_wconf 82' lang='lat' dir='ltr'><strong>licite</strong></span> <span class='ocrx_word' id='word_1_228' title='bbox 1033 2848 1206 2917; x_wconf 90' lang='lat' dir='ltr'><strong>potuit</strong></span> <span class='ocrx_word' id='word_1_229' title='bbox 1233 2845 1520 2910; x_wconf 88' lang='lat' dir='ltr'><strong>inlidclem,</strong></span> <span class='ocrx_word' id='word_1_230' title='bbox 1563 2845 1682 2899; x_wconf 87' lang='lat' dir='ltr'><strong>ideo</strong></span> <span class='ocrx_word' id='word_1_231' title='bbox 1707 2843 1819 2900; x_wconf 88' lang='lat' dir='ltr'><strong>ﬁeri</strong></span> <span class='ocrx_word' id='word_1_232' title='bbox 1861 2845 1962 2899; x_wconf 92' lang='lat' dir='ltr'><strong>hoc</strong></span> <span class='ocrx_word' id='word_1_233' title='bbox 1998 2859 2106 2898; x_wconf 90' lang='lat' dir='ltr'><strong>non</strong></span> 
     </span>
    </p>
   </div>
   <div class='ocr_carea' id='block_1_30' title="bbox 528 2934 2108 3008">
    <p class='ocr_par' dir='ltr' id='par_1_30' title="bbox 528 2934 2108 3008">
     <span class='ocr_line' id='line_1_30' title="bbox 528 2934 2108 3008; baseline -0.001 -17"><span class='ocrx_word' id='word_1_234' title='bbox 528 2937 808 3001; x_wconf 87' lang='lat' dir='ltr'><strong>Dominus,</strong></span> <span class='ocrx_word' id='word_1_235' title='bbox 839 2937 933 2992; x_wconf 90' lang='lat' dir='ltr'><strong>sed</strong></span> <span class='ocrx_word' id='word_1_236' title='bbox 961 2937 1250 3008; x_wconf 81' lang='lat' dir='ltr'><strong>Apostolus</strong></span> <span class='ocrx_word' id='word_1_237' title='bbox 1283 2935 1544 3006; x_wconf 79' lang='lat' dir='ltr'><strong>prohibet.</strong></span> <span class='ocrx_word' id='word_1_238' title='bbox 1577 2935 1728 3002; x_wconf 83' lang='lat' dir='ltr'><strong>Quod</strong></span> <span class='ocrx_word' id='word_1_239' title='bbox 1754 2935 1895 2990; x_wconf 91' lang='lat' dir='ltr'><strong>enim</strong></span> <span class='ocrx_word' id='word_1_240' title='bbox 1923 2934 2108 2990; x_wconf 85' lang='lat' dir='ltr'><strong>Domi-</strong></span> 
     </span>
    </p>
   </div>
   <div class='ocr_carea' id='block_1_31' title="bbox 525 3025 2108 3098">
    <p class='ocr_par' dir='ltr' id='par_1_31' title="bbox 525 3025 2108 3098">
     <span class='ocr_line' id='line_1_31' title="bbox 525 3025 2108 3098; baseline -0.001 -18"><span class='ocrx_word' id='word_1_241' title='bbox 525 3043 624 3081; x_wconf 83' lang='lat' dir='ltr'><strong>nos</strong></span> <span class='ocrx_word' id='word_1_242' title='bbox 669 3029 958 3098; x_wconf 84' lang='lat' dir='ltr'><strong>prohibet,</strong></span> <span class='ocrx_word' id='word_1_243' title='bbox 1011 3027 1124 3083; x_wconf 86' lang='lat' dir='ltr'><strong>ﬁeri</strong></span> <span class='ocrx_word' id='word_1_244' title='bbox 1172 3028 1392 3082; x_wconf 90' lang='lat' dir='ltr'><strong>omnino</strong></span> <span class='ocrx_word' id='word_1_245' title='bbox 1435 3041 1540 3081; x_wconf 93' lang='lat' dir='ltr'><strong>non</strong></span> <span class='ocrx_word' id='word_1_246' title='bbox 1568 3027 1711 3082; x_wconf 88' lang='lat' dir='ltr'><strong>licet.</strong></span> <span class='ocrx_word' id='word_1_247' title='bbox 1761 3025 1939 3080; x_wconf 85' lang='lat' dir='ltr'><strong>Monet</strong></span> <span class='ocrx_word' id='word_1_248' title='bbox 1980 3037 2108 3095; x_wconf 80' lang='lat' dir='ltr'><strong>ergo</strong></span> 
     </span>
    </p>
   </div>
   <div class='ocr_carea' id='block_1_32' title="bbox 525 3116 2107 3189">
    <p class='ocr_par' dir='ltr' id='par_1_32' title="bbox 525 3116 2107 3189">
     <span class='ocr_line' id='line_1_32' title="bbox 525 3116 2107 3189; baseline -0.001 -17"><span class='ocrx_word' id='word_1_249' title='bbox 525 3118 836 3188; x_wconf 79' lang='lat' dir='ltr'><strong>Apostolus,</strong></span> <span class='ocrx_word' id='word_1_250' title='bbox 865 3135 971 3188; x_wconf 90' lang='lat' dir='ltr'><strong>quo</strong></span> <span class='ocrx_word' id='word_1_251' title='bbox 1004 3119 1172 3189; x_wconf 89' lang='lat' dir='ltr'><strong>possit</strong></span> <span class='ocrx_word' id='word_1_252' title='bbox 1202 3131 1324 3173; x_wconf 86' lang='lat' dir='ltr'><strong>esse</strong></span> <span class='ocrx_word' id='word_1_253' title='bbox 1348 3118 1635 3172; x_wconf 87' lang='lat' dir='ltr'><strong>multorum</strong></span> <span class='ocrx_word' id='word_1_254' title='bbox 1663 3116 1874 3172; x_wconf 88' lang='lat' dir='ltr'><strong>occasio</strong></span> <span class='ocrx_word' id='word_1_255' title='bbox 1899 3116 2107 3170; x_wconf 83' lang='lat' dir='ltr'><strong>lucran-</strong></span> 
     </span>
    </p>
   </div>
   <div class='ocr_carea' id='block_1_33' title="bbox 521 3206 2106 3280">
    <p class='ocr_par' dir='ltr' id='par_1_33' title="bbox 521 3206 2106 3280">
     <span class='ocr_line' id='line_1_33' title="bbox 521 3206 2106 3280; baseline -0.003 -16"><span class='ocrx_word' id='word_1_256' title='bbox 521 3209 733 3276; x_wconf 87' lang='lat' dir='ltr'><strong>dorum,</strong></span> <span class='ocrx_word' id='word_1_257' title='bbox 773 3219 832 3265; x_wconf 90' lang='lat' dir='ltr'><strong>ut</strong></span> <span class='ocrx_word' id='word_1_258' title='bbox 861 3211 1046 3266; x_wconf 85' lang='lat' dir='ltr'><strong>ﬁdeles</strong></span> <span class='ocrx_word' id='word_1_259' title='bbox 1089 3210 1344 3280; x_wconf 78' lang='lat' dir='ltr'><strong>eonjuges</strong></span> <span class='ocrx_word' id='word_1_260' title='bbox 1385 3209 1441 3264; x_wconf 87' lang='lat' dir='ltr'><strong>in</strong></span> <span class='ocrx_word' id='word_1_261' title='bbox 1482 3206 1847 3278; x_wconf 87' lang='lat' dir='ltr'><strong>relinquendis</strong></span> <span class='ocrx_word' id='word_1_262' title='bbox 1877 3206 2106 3261; x_wconf 87' lang='lat' dir='ltr'><strong>inﬁdeli-</strong></span> 
     </span>
    </p>
   </div>
   <div class='ocr_carea' id='block_1_34' title="bbox 522 3298 2104 3373">
    <p class='ocr_par' dir='ltr' id='par_1_34' title="bbox 522 3298 2104 3373">
     <span class='ocr_line' id='line_1_34' title="bbox 522 3298 2104 3373; baseline -0.002 -17"><span class='ocrx_word' id='word_1_263' title='bbox 522 3303 624 3356; x_wconf 90' lang='lat' dir='ltr'><strong>bus</strong></span> <span class='ocrx_word' id='word_1_264' title='bbox 655 3302 917 3373; x_wconf 86' lang='lat' dir='ltr'><strong>permissa</strong></span> <span class='ocrx_word' id='word_1_265' title='bbox 949 3302 1160 3356; x_wconf 86' lang='lat' dir='ltr'><strong>licentia</strong></span> <span class='ocrx_word' id='word_1_266' title='bbox 1191 3317 1295 3356; x_wconf 91' lang='lat' dir='ltr'><strong>non</strong></span> <span class='ocrx_word' id='word_1_267' title='bbox 1328 3308 1564 3355; x_wconf 86' lang='lat' dir='ltr'><strong>utantur.</strong></span> <span class='ocrx_word' id='word_1_268' title='bbox 1598 3300 1714 3355; x_wconf 88' lang='lat' dir='ltr'><strong>Tibi</strong></span> <span class='ocrx_word' id='word_1_269' title='bbox 1749 3307 1926 3354; x_wconf 87' lang='lat' dir='ltr'><strong>autem</strong></span> <span class='ocrx_word' id='word_1_270' title='bbox 1958 3298 2104 3353; x_wconf 67' lang='lat' dir='ltr'><strong>vids-</strong></span> 
     </span>
    </p>
   </div>
   <div class='ocr_carea' id='block_1_35' title="bbox 523 3390 2105 3464">
    <p class='ocr_par' dir='ltr' id='par_1_35' title="bbox 523 3390 2105 3464">
     <span class='ocr_line' id='line_1_35' title="bbox 523 3390 2105 3464; baseline -0.003 -17"><span class='ocrx_word' id='word_1_271' title='bbox 523 3403 608 3449; x_wconf 90' lang='lat' dir='ltr'><strong>tur</strong></span> <span class='ocrx_word' id='word_1_272' title='bbox 646 3394 888 3450; x_wconf 85' lang='lat' dir='ltr'><strong>inﬁdeles</strong></span> <span class='ocrx_word' id='word_1_273' title='bbox 926 3408 1139 3464; x_wconf 90' lang='lat' dir='ltr'><strong>quoque</strong></span> <span class='ocrx_word' id='word_1_274' title='bbox 1177 3392 1376 3447; x_wconf 84' lang='lat' dir='ltr'><strong>dimitti</strong></span> <span class='ocrx_word' id='word_1_275' title='bbox 1419 3407 1450 3446; x_wconf 88' lang='lat' dir='ltr'><strong>a</strong></span> <span class='ocrx_word' id='word_1_276' title='bbox 1491 3391 1736 3446; x_wconf 83' lang='lat' dir='ltr'><strong>ﬁdelibus</strong></span> <span class='ocrx_word' id='word_1_277' title='bbox 1783 3405 1892 3445; x_wconf 89' lang='lat' dir='ltr'><strong>non</strong></span> <span class='ocrx_word' id='word_1_278' title='bbox 1923 3390 2105 3457; x_wconf 88' lang='lat' dir='ltr'><strong>licere,</strong></span> 
     </span>
    </p>
   </div>
   <div class='ocr_carea' id='block_1_36' title="bbox 522 3469 2102 3555">
    <p class='ocr_par' dir='ltr' id='par_1_36' title="bbox 522 3469 2102 3555">
     <span class='ocr_line' id='line_1_36' title="bbox 522 3469 2102 3555; baseline -0.002 -16"><span class='ocrx_word' id='word_1_279' title='bbox 522 3487 646 3555; x_wconf 84' lang='lat' dir='ltr'><strong>quia</strong></span> <span class='ocrx_word' id='word_1_280' title='bbox 686 3486 789 3539; x_wconf 87' lang='lat' dir='ltr'><strong>hoc</strong></span> <span class='ocrx_word' id='word_1_281' title='bbox 826 3495 970 3539; x_wconf 88' lang='lat' dir='ltr'><strong>vetat</strong></span> <span class='ocrx_word' id='word_1_282' title='bbox 1007 3486 1332 3555; x_wconf 82' lang='lat' dir='ltr'><strong>Apostolus:</strong></span> <span class='ocrx_word' id='word_1_283' title='bbox 1375 3498 1496 3538; x_wconf 90' lang='lat' dir='ltr'><strong>cum</strong></span> <span class='ocrx_word' id='word_1_284' title='bbox 1541 3497 1640 3552; x_wconf 78' lang='lat' dir='ltr'><strong>ego</strong></span> <span class='ocrx_word' id='word_1_285' title='bbox 1687 3469 1860 3536; x_wconf 70' lang='lat' dir='ltr'><strong>dicam</strong></span> <span class='ocrx_word' id='word_1_286' title='bbox 1907 3481 2102 3547; x_wconf 76' lang='lat' dir='ltr'><strong>licere,</strong></span> 
     </span>
    </p>
   </div>
   <div class='ocr_carea' id='block_1_37' title="bbox 525 3573 2102 3646">
    <p class='ocr_par' dir='ltr' id='par_1_37' title="bbox 525 3573 2102 3646">
     <span class='ocr_line' id='line_1_37' title="bbox 525 3573 2102 3646; baseline -0.001 -16"><span class='ocrx_word' id='word_1_287' title='bbox 525 3576 647 3646; x_wconf 84' lang='lat' dir='ltr'><strong>quia</strong></span> <span class='ocrx_word' id='word_1_288' title='bbox 687 3576 789 3630; x_wconf 91' lang='lat' dir='ltr'><strong>hoc</strong></span> <span class='ocrx_word' id='word_1_289' title='bbox 815 3591 922 3630; x_wconf 92' lang='lat' dir='ltr'><strong>non</strong></span> <span class='ocrx_word' id='word_1_290' title='bbox 963 3584 1107 3630; x_wconf 88' lang='lat' dir='ltr'><strong>vetat</strong></span> <span class='ocrx_word' id='word_1_291' title='bbox 1155 3576 1443 3641; x_wconf 85' lang='lat' dir='ltr'><strong>Dominus;</strong></span> <span class='ocrx_word' id='word_1_292' title='bbox 1491 3589 1596 3629; x_wconf 91' lang='lat' dir='ltr'><strong>non</strong></span> <span class='ocrx_word' id='word_1_293' title='bbox 1626 3582 1802 3629; x_wconf 86' lang='lat' dir='ltr'><strong>tamen</strong></span> <span class='ocrx_word' id='word_1_294' title='bbox 1832 3573 2102 3644; x_wconf 79' lang='lat' dir='ltr'><strong>expedire,</strong></span> 
     </span>
    </p>
   </div>
   <div class='ocr_carea' id='block_1_38' title="bbox 525 3665 2106 3738">
    <p class='ocr_par' dir='ltr' id='par_1_38' title="bbox 525 3665 2106 3738">
     <span class='ocr_line' id='line_1_38' title="bbox 525 3665 2106 3738; baseline -0.002 -17"><span class='ocrx_word' id='word_1_295' title='bbox 525 3667 645 3736; x_wconf 87' lang='lat' dir='ltr'><strong>quia</strong></span> <span class='ocrx_word' id='word_1_296' title='bbox 674 3667 776 3722; x_wconf 86' lang='lat' dir='ltr'><strong>hoc</strong></span> <span class='ocrx_word' id='word_1_297' title='bbox 799 3682 868 3722; x_wconf 89' lang='lat' dir='ltr'><strong>ne</strong></span> <span class='ocrx_word' id='word_1_298' title='bbox 900 3667 1010 3734; x_wconf 88' lang='lat' dir='ltr'><strong>ﬁat,</strong></span> <span class='ocrx_word' id='word_1_299' title='bbox 1042 3677 1222 3722; x_wconf 91' lang='lat' dir='ltr'><strong>monet</strong></span> <span class='ocrx_word' id='word_1_300' title='bbox 1252 3667 1538 3738; x_wconf 86' lang='lat' dir='ltr'><strong>Apostolus</strong></span> <span class='ocrx_word' id='word_1_301' title='bbox 1564 3684 1578 3721; x_wconf 90' lang='lat'><strong>:</strong></span> <span class='ocrx_word' id='word_1_302' title='bbox 1625 3667 1713 3736; x_wconf 90' lang='lat' dir='ltr'><strong>qui</strong></span> <span class='ocrx_word' id='word_1_303' title='bbox 1745 3665 1918 3721; x_wconf 89' lang='lat' dir='ltr'><strong>reddit</strong></span> <span class='ocrx_word' id='word_1_304' title='bbox 1948 3665 2106 3719; x_wconf 89' lang='lat' dir='ltr'><strong>etiam</strong></span> 
     </span>
    </p>
   </div>
   <div class='ocr_carea' id='block_1_39' title="bbox 522 3757 2108 3828">
    <p class='ocr_par' dir='ltr' id='par_1_39' title="bbox 522 3757 2108 3828">
     <span class='ocr_line' id='line_1_39' title="bbox 522 3757 2108 3828; baseline -0.001 -16"><span class='ocrx_word' id='word_1_305' title='bbox 522 3759 786 3813; x_wconf 85' lang='lat' dir='ltr'><strong>rationem</strong></span> <span class='ocrx_word' id='word_1_306' title='bbox 816 3773 912 3812; x_wconf 90' lang='lat' dir='ltr'><strong>cur</strong></span> <span class='ocrx_word' id='word_1_307' title='bbox 933 3757 1046 3813; x_wconf 85' lang='lat' dir='ltr'><strong>ﬁeri</strong></span> <span class='ocrx_word' id='word_1_308' title='bbox 1078 3773 1184 3812; x_wconf 89' lang='lat' dir='ltr'><strong>non</strong></span> <span class='ocrx_word' id='word_1_309' title='bbox 1211 3758 1477 3828; x_wconf 80' lang='lat' dir='ltr'><strong>expediat,</strong></span> <span class='ocrx_word' id='word_1_310' title='bbox 1500 3758 1742 3828; x_wconf 85' lang='lat' dir='ltr'><strong>quamvis</strong></span> <span class='ocrx_word' id='word_1_311' title='bbox 1768 3758 1943 3812; x_wconf 87' lang='lat' dir='ltr'><strong>liceat.</strong></span> <span class='ocrx_word' id='word_1_312' title='bbox 1973 3757 2108 3824; x_wconf 87' lang='lat' dir='ltr'><strong>Quid</strong></span> 
     </span>
    </p>
   </div>
   <div class='ocr_carea' id='block_1_40' title="bbox 521 3849 2108 3921">
    <p class='ocr_par' dir='ltr' id='par_1_40' title="bbox 521 3849 2108 3921">
     <span class='ocr_line' id='line_1_40' title="bbox 521 3849 2108 3921; baseline 0.001 -19"><span class='ocrx_word' id='word_1_313' title='bbox 521 3850 655 3902; x_wconf 88' lang='lat' dir='ltr'><strong>enim</strong></span> <span class='ocrx_word' id='word_1_314' title='bbox 681 3850 799 3914; x_wconf 84' lang='lat' dir='ltr'><strong>scis,</strong></span> <span class='ocrx_word' id='word_1_315' title='bbox 836 3849 1027 3919; x_wconf 85' lang='lat' dir='ltr'><strong>inquit,</strong></span> <span class='ocrx_word' id='word_1_316' title='bbox 1067 3851 1268 3917; x_wconf 87' lang='lat' dir='ltr'><strong>mulier,</strong></span> <span class='ocrx_word' id='word_1_317' title='bbox 1297 3851 1342 3904; x_wconf 89' lang='lat' dir='ltr'><strong>si</strong></span> <span class='ocrx_word' id='word_1_318' title='bbox 1368 3852 1530 3903; x_wconf 76' lang='lat' dir='ltr'><strong>virum</strong></span> <span class='ocrx_word' id='word_1_319' title='bbox 1557 3849 1748 3903; x_wconf 87' lang='lat' dir='ltr'><strong>salvum</strong></span> <span class='ocrx_word' id='word_1_320' title='bbox 1787 3849 1984 3921; x_wconf 81' lang='lat' dir='ltr'><strong>facies?</strong></span> <span class='ocrx_word' id='word_1_321' title='bbox 2020 3860 2108 3904; x_wconf 89' lang='lat' dir='ltr'><strong>aut</strong></span> 
     </span>
    </p>
   </div>
   <div class='ocr_carea' id='block_1_41' title="bbox 521 3940 2108 4012">
    <p class='ocr_par' dir='ltr' id='par_1_41' title="bbox 521 3940 2108 4012">
     <span class='ocr_line' id='line_1_41' title="bbox 521 3940 2108 4012; baseline 0 -18"><span class='ocrx_word' id='word_1_322' title='bbox 521 3942 656 3995; x_wconf 85' lang='lat' dir='ltr'><strong>unde</strong></span> <span class='ocrx_word' id='word_1_323' title='bbox 681 3941 800 4008; x_wconf 85' lang='lat' dir='ltr'><strong>scis,</strong></span> <span class='ocrx_word' id='word_1_324' title='bbox 829 3942 924 4007; x_wconf 77' lang='lat' dir='ltr'><strong>vir,</strong></span> <span class='ocrx_word' id='word_1_325' title='bbox 950 3941 994 3995; x_wconf 90' lang='lat' dir='ltr'><strong>si</strong></span> <span class='ocrx_word' id='word_1_326' title='bbox 1017 3956 1226 3995; x_wconf 75' lang='lat' dir='ltr'><strong>uxorem</strong></span> <span class='ocrx_word' id='word_1_327' title='bbox 1249 3940 1440 3995; x_wconf 83' lang='lat' dir='ltr'><strong>salvam</strong></span> <span class='ocrx_word' id='word_1_328' title='bbox 1468 3941 1658 4012; x_wconf 78' lang='lat' dir='ltr'><strong>facies?</strong></span> <span class='ocrx_word' id='word_1_329' title='bbox 1677 3940 1810 3996; x_wconf 91' lang='lat' dir='ltr'><strong>Cum</strong></span> <span class='ocrx_word' id='word_1_330' title='bbox 1836 3940 1994 3995; x_wconf 89' lang='lat' dir='ltr'><strong>etiam</strong></span> <span class='ocrx_word' id='word_1_331' title='bbox 2026 3955 2108 3995; x_wconf 66' lang='lat' dir='ltr'><strong>su«</strong></span> 
     </span>
    </p>
   </div>
   <div class='ocr_carea' id='block_1_42' title="bbox 521 4031 2106 4102">
    <p class='ocr_par' dir='ltr' id='par_1_42' title="bbox 521 4031 2106 4102">
     <span class='ocr_line' id='line_1_42' title="bbox 521 4031 2106 4102; baseline 0 -16"><span class='ocrx_word' id='word_1_332' title='bbox 521 4032 704 4100; x_wconf 74' lang='lat' dir='ltr'><strong>peritis</strong></span> <span class='ocrx_word' id='word_1_333' title='bbox 732 4031 978 4098; x_wconf 80' lang='lat' dir='ltr'><strong>dixisset,</strong></span> <span class='ocrx_word' id='word_1_334' title='bbox 1012 4032 1373 4100; x_wconf 79' lang='lat' dir='ltr'><strong>Sanctiﬁcatus</strong></span> <span class='ocrx_word' id='word_1_335' title='bbox 1410 4041 1482 4086; x_wconf 85' lang='lat' dir='ltr'><strong>est</strong></span> <span class='ocrx_word' id='word_1_336' title='bbox 1521 4033 1652 4086; x_wconf 89' lang='lat' dir='ltr'><strong>enim</strong></span> <span class='ocrx_word' id='word_1_337' title='bbox 1689 4034 1765 4086; x_wconf 82' lang='lat' dir='ltr'><strong>vir</strong></span> <span class='ocrx_word' id='word_1_338' title='bbox 1805 4032 2025 4102; x_wconf 82' lang='lat' dir='ltr'><strong>infidelis</strong></span> <span class='ocrx_word' id='word_1_339' title='bbox 2055 4033 2106 4086; x_wconf 89' lang='lat' dir='ltr'><strong>in</strong></span> 
     </span>
    </p>
   </div>
   <div class='ocr_carea' id='block_1_43' title="bbox 522 4123 2103 4195">
    <p class='ocr_par' dir='ltr' id='par_1_43' title="bbox 522 4123 2103 4195">
     <span class='ocr_line' id='line_1_43' title="bbox 522 4123 2103 4195; baseline 0.002 -21"><span class='ocrx_word' id='word_1_340' title='bbox 522 4137 678 4177; x_wconf 73' lang='lat' dir='ltr'><strong>uxore</strong></span> <span class='ocrx_word' id='word_1_341' title='bbox 701 4125 742 4187; x_wconf 78' lang='grc'><strong>⁸,</strong></span> <span class='ocrx_word' id='word_1_342' title='bbox 789 4131 836 4177; x_wconf 89' lang='lat' dir='ltr'><strong>et</strong></span> <span class='ocrx_word' id='word_1_343' title='bbox 888 4123 1203 4191; x_wconf 78' lang='lat' dir='ltr'><strong>sanctificata</strong></span> <span class='ocrx_word' id='word_1_344' title='bbox 1239 4131 1313 4178; x_wconf 87' lang='lat' dir='ltr'><strong>est</strong></span> <span class='ocrx_word' id='word_1_345' title='bbox 1341 4123 1520 4178; x_wconf 87' lang='lat' dir='ltr'><strong>mulier</strong></span> <span class='ocrx_word' id='word_1_346' title='bbox 1578 4124 1798 4194; x_wconf 88' lang='lat' dir='ltr'><strong>in/idelis</strong></span> <span class='ocrx_word' id='word_1_347' title='bbox 1829 4124 1884 4178; x_wconf 90' lang='lat' dir='ltr'><strong>in</strong></span> <span class='ocrx_word' id='word_1_348' title='bbox 1926 4128 2103 4195; x_wconf 82' lang='lat' dir='ltr'><strong>fratre,</strong></span> 
     </span>
    </p>
   </div>
   <div class='ocr_carea' id='block_1_44' title="bbox 523 4213 2108 4288">
    <p class='ocr_par' dir='ltr' id='par_1_44' title="bbox 523 4213 2108 4288">
     <span class='ocr_line' id='line_1_44' title="bbox 523 4213 2108 4288; baseline 0.001 -21"><span class='ocrx_word' id='word_1_349' title='bbox 523 4217 624 4269; x_wconf 90' lang='lat' dir='ltr'><strong>hoc</strong></span> <span class='ocrx_word' id='word_1_350' title='bbox 650 4224 752 4280; x_wconf 82' lang='lat' dir='ltr'><strong>est,</strong></span> <span class='ocrx_word' id='word_1_351' title='bbox 782 4215 833 4269; x_wconf 90' lang='lat' dir='ltr'><strong>in</strong></span> <span class='ocrx_word' id='word_1_352' title='bbox 863 4213 1190 4270; x_wconf 89' lang='lat' dir='ltr'><strong>christiano:</strong></span> <span class='ocrx_word' id='word_1_353' title='bbox 1214 4215 1437 4285; x_wconf 75' lang='lat' dir='ltr'><strong>alioquin</strong></span> <span class='ocrx_word' id='word_1_354' title='bbox 1468 4216 1565 4284; x_wconf 80' lang='lat' dir='ltr'><strong>filii</strong></span> <span class='ocrx_word' id='word_1_355' title='bbox 1593 4217 1762 4284; x_wconf 74' lang='lat' dir='ltr'><strong>vestri,</strong></span> <span class='ocrx_word' id='word_1_356' title='bbox 1793 4216 1982 4288; x_wconf 88' lang='lat' dir='ltr'><strong>inquit,</strong></span> <span class='ocrx_word' id='word_1_357' title='bbox 2012 4217 2108 4270; x_wconf 84' lang='lat' dir='ltr'><strong>im-</strong></span> 
     </span>
    </p>
   </div>
   <div class='ocr_carea' id='block_1_45' title="bbox 519 4309 2106 4378">
    <p class='ocr_par' dir='ltr' id='par_1_45' title="bbox 519 4309 2106 4378">
     <span class='ocr_line' id='line_1_45' title="bbox 519 4309 2106 4378; baseline 0.001 -17"><span class='ocrx_word' id='word_1_358' title='bbox 519 4309 702 4364; x_wconf 84' lang='lat' dir='ltr'><strong>mundi</strong></span> <span class='ocrx_word' id='word_1_359' title='bbox 724 4319 919 4374; x_wconf 85' lang='lat' dir='ltr'><strong>essent;</strong></span> <span class='ocrx_word' id='word_1_360' title='bbox 949 4325 1081 4363; x_wconf 86' lang='lat' dir='ltr'><strong>nunc</strong></span> <span class='ocrx_word' id='word_1_361' title='bbox 1105 4319 1270 4363; x_wconf 88' lang='lat' dir='ltr'><strong>autem</strong></span> <span class='ocrx_word' id='word_1_362' title='bbox 1293 4311 1455 4364; x_wconf 85' lang='lat' dir='ltr'><strong>sancti</strong></span> <span class='ocrx_word' id='word_1_363' title='bbox 1481 4320 1597 4364; x_wconf 87' lang='lat' dir='ltr'><strong>sunt</strong></span> <span class='ocrx_word' id='word_1_364' title='bbox 1626 4310 1646 4378; x_wconf 86' lang='lat'><strong>(</strong></span> <span class='ocrx_word' id='word_1_365' title='bbox 1666 4309 1686 4363; x_wconf 90' lang='lat' dir='ltr'><strong>l</strong></span> <span class='ocrx_word' id='word_1_366' title='bbox 1714 4309 1832 4364; x_wconf 88' lang='lat' dir='ltr'><strong>Cor.</strong></span> <span class='ocrx_word' id='word_1_367' title='bbox 1863 4325 1936 4365; x_wconf 81' lang='lat' dir='ltr'><strong>vn</strong></span> <span class='ocrx_word' id='word_1_368' title='bbox 1955 4351 1969 4378; x_wconf 92' lang='lat'><strong>,</strong></span> <span class='ocrx_word' id='word_1_369' title='bbox 2008 4309 2106 4363; x_wconf 76' lang='lat'><strong>12-</strong></span> 
     </span>
    </p>
   </div>
   <div class='ocr_carea' id='block_1_46' title="bbox 525 4400 2104 4473">
    <p class='ocr_par' dir='ltr' id='par_1_46' title="bbox 525 4400 2104 4473">
     <span class='ocr_line' id='line_1_46' title="bbox 525 4400 2104 4473; baseline 0.001 -18"><span class='ocrx_word' id='word_1_370' title='bbox 525 4400 653 4473; x_wconf 73' lang='lat'><strong>16).</strong></span> <span class='ocrx_word' id='word_1_371' title='bbox 683 4402 770 4458; x_wconf 88' lang='lat' dir='ltr'><strong>Sic</strong></span> <span class='ocrx_word' id='word_1_372' title='bbox 835 4402 901 4457; x_wconf 89' lang='lat' dir='ltr'><strong>ad</strong></span> <span class='ocrx_word' id='word_1_373' title='bbox 945 4402 1228 4458; x_wconf 86' lang='lat' dir='ltr'><strong>lucrandos</strong></span> <span class='ocrx_word' id='word_1_374' title='bbox 1276 4403 1533 4473; x_wconf 80' lang='lat' dir='ltr'><strong>conjuges</strong></span> <span class='ocrx_word' id='word_1_375' title='bbox 1577 4412 1632 4458; x_wconf 88' lang='lat' dir='ltr'><strong>et</strong></span> <span class='ocrx_word' id='word_1_376' title='bbox 1679 4402 1815 4458; x_wconf 88' lang='lat' dir='ltr'><strong>ﬁlios</strong></span> <span class='ocrx_word' id='word_1_377' title='bbox 1857 4401 2104 4469; x_wconf 86' lang='lat' dir='ltr'><strong>Christo,</strong></span> 
     </span>
    </p>
   </div>
   <div class='ocr_carea' id='block_1_47' title="bbox 522 4492 2110 4566">
    <p class='ocr_par' dir='ltr' id='par_1_47' title="bbox 522 4492 2110 4566">
     <span class='ocr_line' id='line_1_47' title="bbox 522 4492 2110 4566; baseline 0.004 -20"><span class='ocrx_word' id='word_1_378' title='bbox 522 4495 680 4549; x_wconf 73' lang='lat' dir='ltr'><strong>etiam</strong></span> <span class='ocrx_word' id='word_1_379' title='bbox 706 4496 971 4564; x_wconf 81' lang='lat' dir='ltr'><strong>exemplis</strong></span> <span class='ocrx_word' id='word_1_380' title='bbox 997 4492 1116 4566; x_wconf 74' lang='lat' dir='ltr'><strong>qua:</strong></span> <span class='ocrx_word' id='word_1_381' title='bbox 1161 4495 1272 4566; x_wconf 86' lang='lat' dir='ltr'><strong>jam</strong></span> <span class='ocrx_word' id='word_1_382' title='bbox 1323 4506 1696 4565; x_wconf 86' lang='lat' dir='ltr'><strong>provenerant,</strong></span> <span class='ocrx_word' id='word_1_383' title='bbox 1729 4497 1940 4552; x_wconf 88' lang='lat' dir='ltr'><strong>videtur</strong></span> <span class='ocrx_word' id='word_1_384' title='bbox 1984 4496 2110 4552; x_wconf 90' lang='lat' dir='ltr'><strong>hor—</strong></span> 
     </span>
    </p>
   </div>
   <div class='ocr_carea' id='block_1_48' title="bbox 525 4585 2109 4657">
    <p class='ocr_par' dir='ltr' id='par_1_48' title="bbox 525 4585 2109 4657">
     <span class='ocr_line' id='line_1_48' title="bbox 525 4585 2109 4657; baseline 0.004 -19"><span class='ocrx_word' id='word_1_385' title='bbox 525 4593 684 4640; x_wconf 87' lang='lat' dir='ltr'><strong>tatus.</strong></span> <span class='ocrx_word' id='word_1_386' title='bbox 710 4585 820 4641; x_wconf 91' lang='lat' dir='ltr'><strong>Cur</strong></span> <span class='ocrx_word' id='word_1_387' title='bbox 845 4601 972 4656; x_wconf 79' lang='lat' dir='ltr'><strong>ergo</strong></span> <span class='ocrx_word' id='word_1_388' title='bbox 1002 4602 1105 4640; x_wconf 90' lang='lat' dir='ltr'><strong>non</strong></span> <span class='ocrx_word' id='word_1_389' title='bbox 1133 4586 1380 4654; x_wconf 77' lang='lat' dir='ltr'><strong>expediat</strong></span> <span class='ocrx_word' id='word_1_390' title='bbox 1405 4588 1564 4642; x_wconf 88' lang='lat' dir='ltr'><strong>etiam</strong></span> <span class='ocrx_word' id='word_1_391' title='bbox 1590 4585 1830 4641; x_wconf 85' lang='lat' dir='ltr'><strong>inﬁdeles</strong></span> <span class='ocrx_word' id='word_1_392' title='bbox 1856 4587 2109 4657; x_wconf 84' lang='lat' dir='ltr'><strong>conjuges</strong></span> 
     </span>
    </p>
   </div>
   <div class='ocr_carea' id='block_1_49' title="bbox 524 4676 2105 4746">
    <p class='ocr_par' dir='ltr' id='par_1_49' title="bbox 524 4676 2105 4746">
     <span class='ocr_line' id='line_1_49' title="bbox 524 4676 2105 4746; baseline 0.003 -17"><span class='ocrx_word' id='word_1_393' title='bbox 524 4676 717 4731; x_wconf 84' lang='lat' dir='ltr'><strong>dimitti</strong></span> <span class='ocrx_word' id='word_1_394' title='bbox 744 4691 773 4730; x_wconf 86' lang='lat' dir='ltr'><strong>a</strong></span> <span class='ocrx_word' id='word_1_395' title='bbox 804 4677 1066 4742; x_wconf 73' lang='lat' dir='ltr'><strong>ﬁdelibus,</strong></span> <span class='ocrx_word' id='word_1_396' title='bbox 1095 4692 1253 4731; x_wconf 65' lang='lat' dir='ltr'><strong>cauisa</strong></span> <span class='ocrx_word' id='word_1_397' title='bbox 1281 4676 1555 4732; x_wconf 82' lang='lat' dir='ltr'><strong>evidenter</strong></span> <span class='ocrx_word' id='word_1_398' title='bbox 1582 4692 1838 4746; x_wconf 77' lang='lat' dir='ltr'><strong>expressa</strong></span> <span class='ocrx_word' id='word_1_399' title='bbox 1867 4688 1967 4732; x_wconf 87' lang='lat' dir='ltr'><strong>est.</strong></span> <span class='ocrx_word' id='word_1_400' title='bbox 1991 4677 2105 4734; x_wconf 83' lang='lat' dir='ltr'><strong>Non</strong></span> 
     </span>
    </p>
   </div>
   <div class='ocr_carea' id='block_1_50' title="bbox 523 4756 2106 4842">
    <p class='ocr_par' dir='ltr' id='par_1_50' title="bbox 523 4756 2106 4842">
     <span class='ocr_line' id='line_1_50' title="bbox 523 4756 2106 4842; baseline 0.003 -22"><span class='ocrx_word' id='word_1_401' title='bbox 523 4769 664 4824; x_wconf 84' lang='lat' dir='ltr'><strong>enim</strong></span> <span class='ocrx_word' id='word_1_402' title='bbox 703 4781 922 4842; x_wconf 86' lang='lat' dir='ltr'><strong>prepter</strong></span> <span class='ocrx_word' id='word_1_403' title='bbox 964 4770 1232 4824; x_wconf 86' lang='lat' dir='ltr'><strong>vinculum</strong></span> <span class='ocrx_word' id='word_1_404' title='bbox 1276 4785 1397 4823; x_wconf 89' lang='lat' dir='ltr'><strong>cum</strong></span> <span class='ocrx_word' id='word_1_405' title='bbox 1446 4769 1637 4823; x_wconf 87' lang='lat' dir='ltr'><strong>talibus</strong></span> <span class='ocrx_word' id='word_1_406' title='bbox 1665 4769 1942 4842; x_wconf 83' lang='lat' dir='ltr'><strong>conjugale</strong></span> <span class='ocrx_word' id='word_1_407' title='bbox 1989 4756 2106 4826; x_wconf 84' lang='lat' dir='ltr'><strong>ser-</strong></span> 
     </span>
    </p>
   </div>
   <div class='ocr_carea' id='block_1_51' title="bbox 523 4861 2105 4932">
    <p class='ocr_par' dir='ltr' id='par_1_51' title="bbox 523 4861 2105 4932">
     <span class='ocr_line' id='line_1_51' title="bbox 523 4861 2105 4932; baseline 0.004 -20"><span class='ocrx_word' id='word_1_408' title='bbox 523 4863 784 4929; x_wconf 70' lang='lat' dir='ltr'><strong>randum;</strong></span> <span class='ocrx_word' id='word_1_409' title='bbox 839 4863 930 4917; x_wconf 89' lang='lat' dir='ltr'><strong>sed</strong></span> <span class='ocrx_word' id='word_1_410' title='bbox 980 4872 1035 4916; x_wconf 90' lang='lat' dir='ltr'><strong>ut</strong></span> <span class='ocrx_word' id='word_1_411' title='bbox 1071 4863 1412 4932; x_wconf 88' lang='lat' dir='ltr'><strong>acquirantur</strong></span> <span class='ocrx_word' id='word_1_412' title='bbox 1450 4862 1500 4917; x_wconf 92' lang='lat' dir='ltr'><strong>in</strong></span> <span class='ocrx_word' id='word_1_413' title='bbox 1549 4861 1815 4917; x_wconf 88' lang='lat' dir='ltr'><strong>Christum</strong></span> <span class='ocrx_word' id='word_1_414' title='bbox 1839 4865 1882 4930; x_wconf 85' lang='grc'><strong>²,</strong></span> <span class='ocrx_word' id='word_1_415' title='bbox 1929 4864 2105 4920; x_wconf 87' lang='lat' dir='ltr'><strong>recedi</strong></span> 
     </span>
    </p>
   </div>
   <div class='ocr_carea' id='block_1_52' title="bbox 521 4953 1761 5024">
    <p class='ocr_par' dir='ltr' id='par_1_52' title="bbox 521 4953 1761 5024">
     <span class='ocr_line' id='line_1_52' title="bbox 521 4953 1761 5024; baseline 0.003 -19"><span class='ocrx_word' id='word_1_416' title='bbox 521 4956 588 5006; x_wconf 81' lang='lat' dir='ltr'><strong>ab</strong></span> <span class='ocrx_word' id='word_1_417' title='bbox 616 4954 916 5010; x_wconf 85' lang='lat' dir='ltr'><strong>inﬁdelibus</strong></span> <span class='ocrx_word' id='word_1_418' title='bbox 944 4953 1256 5023; x_wconf 77' lang='lat' dir='ltr'><strong>conjugibus</strong></span> <span class='ocrx_word' id='word_1_419' title='bbox 1284 4955 1572 5024; x_wconf 81' lang='lat' dir='ltr'><strong>Apostolus</strong></span> <span class='ocrx_word' id='word_1_420' title='bbox 1600 4961 1761 5009; x_wconf 88' lang='lat' dir='ltr'><strong>vetat.</strong></span> 
     </span>
    </p>
   </div>
   <div class='ocr_carea' id='block_1_53' title="bbox 589 5045 2105 5118">
    <p class='ocr_par' dir='ltr' id='par_1_53' title="bbox 589 5045 2105 5118">
     <span class='ocr_line' id='line_1_53' title="bbox 589 5045 2105 5118; baseline 0.002 -18"><span class='ocrx_word' id='word_1_421' title='bbox 589 5045 816 5102; x_wconf 85' lang='lat' dir='ltr'><strong>CAPUT</strong></span> <span class='ocrx_word' id='word_1_422' title='bbox 854 5045 990 5101; x_wconf 83' lang='lat' dir='ltr'><strong>XIV.</strong></span> <span class='ocrx_word' id='word_1_423' title='bbox 1017 5076 1089 5086; x_wconf 89' lang='lat'><strong>——-</strong></span> <span class='ocrx_word' id='word_1_424' title='bbox 1120 5046 1205 5100; x_wconf 77' lang='grc'><strong>15.</strong></span> <span class='ocrx_word' id='word_1_425' title='bbox 1237 5045 1288 5097; x_wconf 85' lang='grc' dir='ltr'><em>Μ</em></span> <span class='ocrx_word' id='word_1_426' title='bbox 1297 5047 1402 5098; x_wconf 85' lang='lat' dir='ltr'><strong>ulla</strong></span> <span class='ocrx_word' id='word_1_427' title='bbox 1426 5062 1526 5099; x_wconf 85' lang='lat' dir='ltr'><strong>non</strong></span> <span class='ocrx_word' id='word_1_428' title='bbox 1540 5048 1688 5114; x_wconf 83' lang='lat' dir='ltr'><strong>jussu</strong></span> <span class='ocrx_word' id='word_1_429' title='bbox 1723 5047 2014 5118; x_wconf 79' lang='lat' dir='ltr'><strong>pra&#39;scripto</strong></span> <span class='ocrx_word' id='word_1_430' title='bbox 2036 5050 2105 5103; x_wconf 84' lang='lat' dir='ltr'><strong>le-</strong></span> 
     </span>
    </p>
   </div>
   <div class='ocr_carea' id='block_1_54' title="bbox 519 5136 2103 5210">
    <p class='ocr_par' dir='ltr' id='par_1_54' title="bbox 519 5136 2103 5210">
     <span class='ocr_line' id='line_1_54' title="bbox 519 5136 2103 5210; baseline 0.002 -19"><span class='ocrx_word' id='word_1_431' title='bbox 519 5141 625 5209; x_wconf 86' lang='lat' dir='ltr'><strong>gis,</strong></span> <span class='ocrx_word' id='word_1_432' title='bbox 656 5137 886 5210; x_wconf 85' lang='lat' dir='ltr'><strong>facienda</strong></span> <span class='ocrx_word' id='word_1_433' title='bbox 907 5147 1021 5191; x_wconf 88' lang='lat' dir='ltr'><strong>sunt</strong></span> <span class='ocrx_word' id='word_1_434' title='bbox 1046 5136 1258 5191; x_wconf 88' lang='lat' dir='ltr'><strong>consilio</strong></span> <span class='ocrx_word' id='word_1_435' title='bbox 1286 5137 1564 5192; x_wconf 69' lang='lat' dir='ltr'><strong>eharitatis.</strong></span> <span class='ocrx_word' id='word_1_436' title='bbox 1593 5137 1749 5192; x_wconf 82' lang='lat' dir='ltr'><strong>Multa</strong></span> <span class='ocrx_word' id='word_1_437' title='bbox 1780 5149 1903 5194; x_wconf 90' lang='lat' dir='ltr'><strong>sunt</strong></span> <span class='ocrx_word' id='word_1_438' title='bbox 1927 5150 2103 5195; x_wconf 88' lang='lat' dir='ltr'><strong>autem</strong></span> 
     </span>
    </p>
   </div>
   <div class='ocr_carea' id='block_1_55' title="bbox 519 5228 2107 5299">
    <p class='ocr_par' dir='ltr' id='par_1_55' title="bbox 519 5228 2107 5299">
     <span class='ocr_line' id='line_1_55' title="bbox 519 5228 2107 5299; baseline 0.003 -16"><span class='ocrx_word' id='word_1_439' title='bbox 519 5229 759 5285; x_wconf 71' lang='lat' dir='ltr'><strong>iacienda</strong></span> <span class='ocrx_word' id='word_1_440' title='bbox 785 5245 890 5284; x_wconf 88' lang='lat' dir='ltr'><strong>non</strong></span> <span class='ocrx_word' id='word_1_441' title='bbox 929 5228 1148 5299; x_wconf 86' lang='lat' dir='ltr'><strong>jubente</strong></span> <span class='ocrx_word' id='word_1_442' title='bbox 1196 5230 1343 5299; x_wconf 80' lang='lat' dir='ltr'><strong>lege,</strong></span> <span class='ocrx_word' id='word_1_443' title='bbox 1392 5229 1483 5285; x_wconf 88' lang='lat' dir='ltr'><strong>sed</strong></span> <span class='ocrx_word' id='word_1_444' title='bbox 1516 5230 1678 5287; x_wconf 90' lang='lat' dir='ltr'><strong>libera</strong></span> <span class='ocrx_word' id='word_1_445' title='bbox 1723 5230 1981 5286; x_wconf 88' lang='lat' dir='ltr'><strong>charitate</strong></span> <span class='ocrx_word' id='word_1_446' title='bbox 2009 5250 2021 5284; x_wconf 89' lang='lat'><strong>:</strong></span> <span class='ocrx_word' id='word_1_447' title='bbox 2054 5241 2107 5288; x_wconf 88' lang='lat' dir='ltr'><strong>ct</strong></span> 
     </span>
    </p>
   </div>
   <div class='ocr_carea' id='block_1_56' title="bbox 518 5321 2107 5394">
    <p class='ocr_par' dir='ltr' id='par_1_56' title="bbox 518 5321 2107 5394">
     <span class='ocr_line' id='line_1_56' title="bbox 518 5321 2107 5394; baseline 0.001 -16"><span class='ocrx_word' id='word_1_448' title='bbox 518 5341 578 5378; x_wconf 85' lang='lat' dir='ltr'><strong>ea</strong></span> <span class='ocrx_word' id='word_1_449' title='bbox 620 5333 743 5380; x_wconf 88' lang='lat' dir='ltr'><strong>sunt</strong></span> <span class='ocrx_word' id='word_1_450' title='bbox 780 5324 833 5378; x_wconf 90' lang='lat' dir='ltr'><strong>in</strong></span> <span class='ocrx_word' id='word_1_451' title='bbox 864 5323 1058 5378; x_wconf 89' lang='lat' dir='ltr'><strong>nostris</strong></span> <span class='ocrx_word' id='word_1_452' title='bbox 1097 5321 1289 5377; x_wconf 82' lang='lat' dir='ltr'><strong>ofﬁciis</strong></span> <span class='ocrx_word' id='word_1_453' title='bbox 1332 5322 1597 5392; x_wconf 80' lang='lat' dir='ltr'><strong>gratiora.</strong></span> <span class='ocrx_word' id='word_1_454' title='bbox 1635 5339 1752 5394; x_wconf 85' lang='lat' dir='ltr'><strong>quae</strong></span> <span class='ocrx_word' id='word_1_455' title='bbox 1779 5323 2107 5379; x_wconf 84' lang='lat' dir='ltr'><strong>cumliceret</strong></span> 
     </span>
    </p>
   </div>
   <div class='ocr_carea' id='block_1_57' title="bbox 519 5412 2103 5483">
    <p class='ocr_par' dir='ltr' id='par_1_57' title="bbox 519 5412 2103 5483">
     <span class='ocr_line' id='line_1_57' title="bbox 519 5412 2103 5483; baseline 0.001 -14"><span class='ocrx_word' id='word_1_456' title='bbox 519 5417 673 5470; x_wconf 88' lang='lat' dir='ltr'><strong>nobis</strong></span> <span class='ocrx_word' id='word_1_457' title='bbox 716 5416 876 5470; x_wconf 84' lang='lat' dir='ltr'><strong>etiam</strong></span> <span class='ocrx_word' id='word_1_458' title='bbox 919 5428 1026 5467; x_wconf 88' lang='lat' dir='ltr'><strong>non</strong></span> <span class='ocrx_word' id='word_1_459' title='bbox 1064 5412 1405 5483; x_wconf 87' lang='lat' dir='ltr'><strong>impendere,</strong></span> <span class='ocrx_word' id='word_1_460' title='bbox 1443 5425 1619 5469; x_wconf 87' lang='lat' dir='ltr'><strong>tamen</strong></span> <span class='ocrx_word' id='word_1_461' title='bbox 1661 5429 1819 5470; x_wconf 89' lang='lat' dir='ltr'><strong>causa</strong></span> <span class='ocrx_word' id='word_1_462' title='bbox 1861 5415 2103 5471; x_wconf 85' lang='lat' dir='ltr'><strong>dilectio-</strong></span> 
     </span>
    </p>
   </div>
   <div class='ocr_carea' id='block_1_58' title="bbox 582 5567 2105 5634">
    <p class='ocr_par' dir='ltr' id='par_1_58' title="bbox 582 5567 2105 5634">
     <span class='ocr_line' id='line_1_58' title="bbox 582 5567 2105 5634; baseline 0.007 -15"><span class='ocrx_word' id='word_1_463' title='bbox 582 5575 600 5605; x_wconf 68' lang='grc' dir='ltr'><strong>ι</strong></span> <span class='ocrx_word' id='word_1_464' title='bbox 636 5577 767 5632; x_wconf 57' lang='lat' dir='ltr'><strong>tam,</strong></span> <span class='ocrx_word' id='word_1_465' title='bbox 802 5572 854 5622; x_wconf 85' lang='lat' dir='ltr'><strong>in</strong></span> <span class='ocrx_word' id='word_1_466' title='bbox 891 5583 1046 5621; x_wconf 68' lang='lat' dir='ltr'><strong>uxore</strong></span> <span class='ocrx_word' id='word_1_467' title='bbox 1077 5567 1230 5634; x_wconf 79' lang='lat' dir='ltr'><strong>fideli.</strong></span> <span class='ocrx_word' id='word_1_468' title='bbox 1267 5569 1439 5629; x_wconf 79' lang='lat' dir='ltr'><strong>Abest,</strong></span> <span class='ocrx_word' id='word_1_469' title='bbox 1463 5569 1624 5634; x_wconf 82' lang='lat' dir='ltr'><strong>fideli,</strong></span> <span class='ocrx_word' id='word_1_470' title='bbox 1650 5573 1712 5622; x_wconf 86' lang='lat' dir='ltr'><strong>ab</strong></span> <span class='ocrx_word' id='word_1_471' title='bbox 1745 5573 1890 5624; x_wconf 81' lang='lat' dir='ltr'><strong>editis</strong></span> <span class='ocrx_word' id='word_1_472' title='bbox 1925 5575 2030 5628; x_wconf 81' lang='lat' dir='ltr'><strong>aliis</strong></span> <span class='ocrx_word' id='word_1_473' title='bbox 2054 5583 2105 5629; x_wconf 90' lang='lat' dir='ltr'><strong>et</strong></span> 
     </span>
    </p>
   </div>
   <div class='ocr_carea' id='block_1_59' title="bbox 517 5639 1605 5756">
    <p class='ocr_par' dir='ltr' id='par_1_59' title="bbox 517 5639 1605 5756">
     <span class='ocr_line' id='line_1_59' title="bbox 517 5639 1605 5756; baseline 0.001 -15"><span class='ocrx_word' id='word_1_474' title='bbox 517 5639 737 5744; x_wconf 55' lang='lat' dir='ltr'><strong>misera</strong></span> <span class='ocrx_word' id='word_1_475' title='bbox 749 5695 898 5745; x_wconf 82' lang='lat' dir='ltr'><strong>editio</strong></span> <span class='ocrx_word' id='word_1_476' title='bbox 920 5702 1049 5755; x_wconf 85' lang='lat' dir='ltr'><strong>t.ov.,</strong></span> <span class='ocrx_word' id='word_1_477' title='bbox 1072 5693 1371 5756; x_wconf 78' lang='lat' dir='ltr'><strong>acquirunna</strong></span> <span class='ocrx_word' id='word_1_478' title='bbox 1405 5692 1605 5744; x_wconf 64' lang='lat' dir='ltr'><strong>Christo.</strong></span> 
     </span>
    </p>
   </div>
   <div class='ocr_carea' id='block_1_60' title="bbox 1460 236 3684 315">
    <p class='ocr_par' dir='ltr' id='par_1_60' title="bbox 1460 236 3684 315">
     <span class='ocr_line' id='line_1_60' title="bbox 1460 236 3684 315; baseline -0.003 -15"><span class='ocrx_word' id='word_1_479' title='bbox 1460 248 1542 300; x_wconf 63' lang='lat' dir='ltr'><strong>Dl&#39;l</strong></span> <span class='ocrx_word' id='word_1_480' title='bbox 1580 240 1926 302; x_wconf 73' lang='lat' dir='ltr'><strong>CONJUGIIS</strong></span> <span class='ocrx_word' id='word_1_481' title='bbox 1963 237 2440 301; x_wconf 74' lang='lat' dir='ltr'><strong>ADULTERINIS,</strong></span> <span class='ocrx_word' id='word_1_482' title='bbox 2482 241 2538 296; x_wconf 89' lang='lat' dir='ltr'><strong>S.</strong></span> <span class='ocrx_word' id='word_1_483' title='bbox 2564 236 2950 298; x_wconf 71' lang='lat' dir='ltr'><strong>.AUGUSTINI</strong></span> <span class='ocrx_word' id='word_1_484' title='bbox 3323 289 3332 293; x_wconf 88' lang='lat'><strong>-</strong></span> <span class='ocrx_word' id='word_1_485' title='bbox 3604 257 3684 315; x_wconf 66' lang='grc' dir='ltr'>ιω</span> 
     </span>
    </p>
   </div>
   <div class='ocr_carea' id='block_1_61' title="bbox 2204 355 3689 433">
    <p class='ocr_par' dir='ltr' id='par_1_61' title="bbox 2204 355 3689 433">
     <span class='ocr_line' id='line_1_61' title="bbox 2204 355 3689 433; baseline 0.011 -23"><span class='ocrx_word' id='word_1_486' title='bbox 2204 355 2287 410; x_wconf 89' lang='lat' dir='ltr'><strong>nis</strong></span> <span class='ocrx_word' id='word_1_487' title='bbox 2335 356 2707 426; x_wconf 85' lang='lat' dir='ltr'><strong>impendimus.</strong></span> <span class='ocrx_word' id='word_1_488' title='bbox 2741 358 2893 413; x_wconf 87' lang='lat' dir='ltr'><strong>Unde</strong></span> <span class='ocrx_word' id='word_1_489' title='bbox 2919 357 3063 427; x_wconf 83' lang='lat' dir='ltr'><strong>prior</strong></span> <span class='ocrx_word' id='word_1_490' title='bbox 3087 357 3197 428; x_wconf 84' lang='lat' dir='ltr'><strong>ipse</strong></span> <span class='ocrx_word' id='word_1_491' title='bbox 3233 359 3488 433; x_wconf 80' lang='lat' dir='ltr'><strong>Dominus,</strong></span> <span class='ocrx_word' id='word_1_492' title='bbox 3532 379 3689 427; x_wconf 79' lang='lat' dir='ltr'><strong>cumse</strong></span> 
     </span>
    </p>
   </div>
   <div class='ocr_carea' id='block_1_62' title="bbox 2205 449 3691 526">
    <p class='ocr_par' dir='ltr' id='par_1_62' title="bbox 2205 449 3691 526">
     <span class='ocr_line' id='line_1_62' title="bbox 2205 449 3691 526; baseline 0.011 -26"><span class='ocrx_word' id='word_1_493' title='bbox 2205 449 2454 504; x_wconf 88' lang='lat' dir='ltr'><strong>tri-butum</strong></span> <span class='ocrx_word' id='word_1_494' title='bbox 2479 464 2586 505; x_wconf 90' lang='lat' dir='ltr'><strong>non</strong></span> <span class='ocrx_word' id='word_1_495' title='bbox 2613 449 2810 505; x_wconf 88' lang='lat' dir='ltr'><strong>debere</strong></span> <span class='ocrx_word' id='word_1_496' title='bbox 2849 458 3229 519; x_wconf 85' lang='lat' dir='ltr'><strong>monstrasset,</strong></span> <span class='ocrx_word' id='word_1_497' title='bbox 3259 452 3406 508; x_wconf 83' lang='lat' dir='ltr'><strong>solvit</strong></span> <span class='ocrx_word' id='word_1_498' title='bbox 3441 463 3616 526; x_wconf 79' lang='lat' dir='ltr'><strong>tamen,</strong></span> <span class='ocrx_word' id='word_1_499' title='bbox 3640 478 3691 517; x_wconf 81' lang='lat' dir='ltr'><strong>ne</strong></span> 
     </span>
    </p>
   </div>
   <div class='ocr_carea' id='block_1_63' title="bbox 2211 543 3695 621">
    <p class='ocr_par' dir='ltr' id='par_1_63' title="bbox 2211 543 3695 621">
     <span class='ocr_line' id='line_1_63' title="bbox 2211 543 3695 621; baseline 0.008 -24"><span class='ocrx_word' id='word_1_500' title='bbox 2211 544 2580 599; x_wconf 74' lang='lat' dir='ltr'><strong>Scandalizaret</strong></span> <span class='ocrx_word' id='word_1_501' title='bbox 2607 558 2701 598; x_wconf 91' lang='lat' dir='ltr'><strong>eos</strong></span> <span class='ocrx_word' id='word_1_502' title='bbox 2729 543 2924 613; x_wconf 88' lang='lat' dir='ltr'><strong>quibus</strong></span> <span class='ocrx_word' id='word_1_503' title='bbox 2950 543 3018 597; x_wconf 88' lang='lat' dir='ltr'><strong>ad</strong></span> <span class='ocrx_word' id='word_1_504' title='bbox 3055 552 3301 599; x_wconf 83' lang='lat' dir='ltr'><strong>aeternam</strong></span> <span class='ocrx_word' id='word_1_505' title='bbox 3325 547 3521 603; x_wconf 88' lang='lat' dir='ltr'><strong>salutem</strong></span> <span class='ocrx_word' id='word_1_506' title='bbox 3543 566 3695 621; x_wconf 75' lang='lat' dir='ltr'><strong>gerens</strong></span> 
     </span>
    </p>
   </div>
   <div class='ocr_carea' id='block_1_64' title="bbox 2201 634 3696 709">
    <p class='ocr_par' dir='ltr' id='par_1_64' title="bbox 2201 634 3696 709">
     <span class='ocr_line' id='line_1_64' title="bbox 2201 634 3696 709; baseline 0.009 -21"><span class='ocrx_word' id='word_1_507' title='bbox 2201 634 2470 690; x_wconf 86' lang='lat' dir='ltr'><strong>hominem</strong></span> <span class='ocrx_word' id='word_1_508' title='bbox 2496 634 2808 690; x_wconf 88' lang='lat' dir='ltr'><strong>consulebat</strong></span> <span class='ocrx_word' id='word_1_509' title='bbox 2832 634 3045 706; x_wconf 84' lang='lat' dir='ltr'><strong>(Matth.</strong></span> <span class='ocrx_word' id='word_1_510' title='bbox 3073 650 3179 691; x_wconf 76' lang='lat' dir='ltr'><strong>xvn</strong></span> <span class='ocrx_word' id='word_1_511' title='bbox 3197 677 3212 703; x_wconf 92' lang='lat'><strong>,</strong></span> <span class='ocrx_word' id='word_1_512' title='bbox 3239 636 3438 709; x_wconf 73' lang='lat'><strong>25-26).</strong></span> <span class='ocrx_word' id='word_1_513' title='bbox 3463 639 3561 696; x_wconf 73' lang='lat' dir='ltr'><strong>iam</strong></span> <span class='ocrx_word' id='word_1_514' title='bbox 3599 659 3696 701; x_wconf 82' lang='lat' dir='ltr'><strong>vero</strong></span> 
     </span>
    </p>
   </div>
   <div class='ocr_carea' id='block_1_65' title="bbox 2202 726 3672 802">
    <p class='ocr_par' dir='ltr' id='par_1_65' title="bbox 2202 726 3672 802">
     <span class='ocr_line' id='line_1_65' title="bbox 2202 726 3672 802; baseline 0.006 -21"><span class='ocrx_word' id='word_1_515' title='bbox 2202 728 2486 797; x_wconf 86' lang='lat' dir='ltr'><strong>Apostolus</strong></span> <span class='ocrx_word' id='word_1_516' title='bbox 2511 726 2958 797; x_wconf 84' lang='lat' dir='ltr'><strong>quemadmodum</strong></span> <span class='ocrx_word' id='word_1_517' title='bbox 2988 728 3087 782; x_wconf 84' lang='lat' dir='ltr'><strong>ista</strong></span> <span class='ocrx_word' id='word_1_518' title='bbox 3113 730 3461 796; x_wconf 89' lang='lat' dir='ltr'><strong>commendet,</strong></span> <span class='ocrx_word' id='word_1_519' title='bbox 3487 733 3584 802; x_wconf 84' lang='lat' dir='ltr'><strong>ejus</strong></span> <span class='ocrx_word' id='word_1_520' title='bbox 3600 751 3672 791; x_wconf 85' lang='lat' dir='ltr'><strong>ver</strong></span> 
     </span>
    </p>
   </div>
   <div class='ocr_carea' id='block_1_66' title="bbox 2202 820 3695 897">
    <p class='ocr_par' dir='ltr' id='par_1_66' title="bbox 2202 820 3695 897">
     <span class='ocr_line' id='line_1_66' title="bbox 2202 820 3695 897; baseline 0.007 -24"><span class='ocrx_word' id='word_1_521' title='bbox 2202 821 2266 873; x_wconf 89' lang='lat' dir='ltr'><strong>ba</strong></span> <span class='ocrx_word' id='word_1_522' title='bbox 2294 827 2574 888; x_wconf 88' lang='lat' dir='ltr'><strong>testantur,</strong></span> <span class='ocrx_word' id='word_1_523' title='bbox 2595 821 2684 876; x_wconf 92' lang='lat' dir='ltr'><strong>ubi</strong></span> <span class='ocrx_word' id='word_1_524' title='bbox 2705 820 2834 876; x_wconf 91' lang='lat' dir='ltr'><strong>dicit</strong></span> <span class='ocrx_word' id='word_1_525' title='bbox 2856 837 2870 873; x_wconf 94' lang='lat'><strong>:</strong></span> <span class='ocrx_word' id='word_1_526' title='bbox 2898 820 3024 875; x_wconf 85' lang='lat' dir='ltr'><strong>Cum</strong></span> <span class='ocrx_word' id='word_1_527' title='bbox 3043 822 3173 876; x_wconf 88' lang='lat' dir='ltr'><strong>enim</strong></span> <span class='ocrx_word' id='word_1_528' title='bbox 3194 822 3312 876; x_wconf 89' lang='lat' dir='ltr'><strong>liber</strong></span> <span class='ocrx_word' id='word_1_529' title='bbox 3329 824 3416 878; x_wconf 89' lang='lat' dir='ltr'><strong>sim</strong></span> <span class='ocrx_word' id='word_1_530' title='bbox 3430 841 3485 880; x_wconf 71' lang='lat' dir='ltr'><strong>ex</strong></span> <span class='ocrx_word' id='word_1_531' title='bbox 3501 829 3695 897; x_wconf 81' lang='lat' dir='ltr'><strong>omnibus,</strong></span> 
     </span>
    </p>
   </div>
   <div class='ocr_carea' id='block_1_67' title="bbox 2203 912 3699 984">
    <p class='ocr_par' dir='ltr' id='par_1_67' title="bbox 2203 912 3699 984">
     <span class='ocr_line' id='line_1_67' title="bbox 2203 912 3699 984; baseline 0.008 -21"><span class='ocrx_word' id='word_1_532' title='bbox 2203 912 2426 965; x_wconf 85' lang='lat' dir='ltr'><strong>omnium</strong></span> <span class='ocrx_word' id='word_1_533' title='bbox 2466 927 2662 966; x_wconf 82' lang='lat' dir='ltr'><strong>seruum</strong></span> <span class='ocrx_word' id='word_1_534' title='bbox 2686 928 2764 966; x_wconf 88' lang='lat' dir='ltr'><strong>me</strong></span> <span class='ocrx_word' id='word_1_535' title='bbox 2790 913 2915 984; x_wconf 81' lang='lat' dir='ltr'><strong>feci,</strong></span> <span class='ocrx_word' id='word_1_536' title='bbox 2963 922 3017 967; x_wconf 88' lang='lat' dir='ltr'><strong>ut</strong></span> <span class='ocrx_word' id='word_1_537' title='bbox 3058 915 3223 984; x_wconf 82' lang='lat' dir='ltr'><strong>plures</strong></span> <span class='ocrx_word' id='word_1_538' title='bbox 3251 915 3576 984; x_wconf 84' lang='lat' dir='ltr'><strong>lucrifacerem.</strong></span> <span class='ocrx_word' id='word_1_539' title='bbox 3600 919 3699 975; x_wconf 84' lang='lat' dir='ltr'><strong>Cum</strong></span> 
     </span>
    </p>
   </div>
   <div class='ocr_carea' id='block_1_68' title="bbox 2203 1004 3698 1082">
    <p class='ocr_par' dir='ltr' id='par_1_68' title="bbox 2203 1004 3698 1082">
     <span class='ocr_line' id='line_1_68' title="bbox 2203 1004 3698 1082; baseline 0.007 -26"><span class='ocrx_word' id='word_1_540' title='bbox 2203 1004 2360 1071; x_wconf 87' lang='lat' dir='ltr'><strong>paulo</strong></span> <span class='ocrx_word' id='word_1_541' title='bbox 2397 1004 2639 1072; x_wconf 89' lang='lat' dir='ltr'><strong>superius</strong></span> <span class='ocrx_word' id='word_1_542' title='bbox 2666 1004 2887 1060; x_wconf 79' lang='lat' dir='ltr'><strong>dixisset</strong></span> <span class='ocrx_word' id='word_1_543' title='bbox 2914 1023 2931 1059; x_wconf 64' lang='grc' dir='ltr'><strong>ι</strong></span> <span class='ocrx_word' id='word_1_544' title='bbox 2958 1004 3219 1076; x_wconf 82' lang='lat' dir='ltr'><strong>Numquid</strong></span> <span class='ocrx_word' id='word_1_545' title='bbox 3246 1024 3340 1061; x_wconf 88' lang='lat' dir='ltr'><strong>non</strong></span> <span class='ocrx_word' id='word_1_546' title='bbox 3365 1008 3569 1066; x_wconf 77' lang='lat' dir='ltr'><strong>habemus</strong></span> <span class='ocrx_word' id='word_1_547' title='bbox 3597 1022 3698 1082; x_wconf 83' lang='lat' dir='ltr'><strong>pote-</strong></span> 
     </span>
    </p>
   </div>
   <div class='ocr_carea' id='block_1_69' title="bbox 2204 1097 3701 1170">
    <p class='ocr_par' dir='ltr' id='par_1_69' title="bbox 2204 1097 3701 1170">
     <span class='ocr_line' id='line_1_69' title="bbox 2204 1097 3701 1170; baseline 0.006 -22"><span class='ocrx_word' id='word_1_548' title='bbox 2204 1105 2381 1150; x_wconf 87' lang='lat' dir='ltr'><strong>statem</strong></span> <span class='ocrx_word' id='word_1_549' title='bbox 2409 1097 2753 1150; x_wconf 85' lang='lat' dir='ltr'><strong>manducandi</strong></span> <span class='ocrx_word' id='word_1_550' title='bbox 2777 1106 2824 1152; x_wconf 84' lang='lat' dir='ltr'><strong>et</strong></span> <span class='ocrx_word' id='word_1_551' title='bbox 2855 1097 3094 1152; x_wconf 82' lang='lat' dir='ltr'><strong>bibendi?</strong></span> <span class='ocrx_word' id='word_1_552' title='bbox 3123 1097 3375 1170; x_wconf 81' lang='lat' dir='ltr'><strong>Numquid</strong></span> <span class='ocrx_word' id='word_1_553' title='bbox 3407 1117 3496 1154; x_wconf 89' lang='lat' dir='ltr'><strong>non</strong></span> <span class='ocrx_word' id='word_1_554' title='bbox 3522 1102 3701 1156; x_wconf 77' lang='lat' dir='ltr'><strong>habemus</strong></span> 
     </span>
    </p>
   </div>
   <div class='ocr_carea' id='block_1_70' title="bbox 2205 1188 3704 1258">
    <p class='ocr_par' dir='ltr' id='par_1_70' title="bbox 2205 1188 3704 1258">
     <span class='ocr_line' id='line_1_70' title="bbox 2205 1188 3704 1258; baseline 0.005 -18"><span class='ocrx_word' id='word_1_555' title='bbox 2205 1188 2455 1242; x_wconf 88' lang='lat' dir='ltr'><strong>licentiam</strong></span> <span class='ocrx_word' id='word_1_556' title='bbox 2493 1204 2717 1242; x_wconf 83' lang='lat' dir='ltr'><strong>sororem</strong></span> <span class='ocrx_word' id='word_1_557' title='bbox 2777 1188 3038 1244; x_wconf 87' lang='lat' dir='ltr'><strong>mulierem</strong></span> <span class='ocrx_word' id='word_1_558' title='bbox 3080 1191 3492 1258; x_wconf 82' lang='lat' dir='ltr'><strong>circumducendi,</strong></span> <span class='ocrx_word' id='word_1_559' title='bbox 3527 1194 3630 1247; x_wconf 81' lang='lat' dir='ltr'><strong>sicut</strong></span> <span class='ocrx_word' id='word_1_560' title='bbox 3669 1205 3704 1248; x_wconf 82' lang='lat' dir='ltr'><strong>et</strong></span> 
     </span>
    </p>
   </div>
   <div class='ocr_carea' id='block_1_71' title="bbox 2205 1279 3704 1355">
    <p class='ocr_par' dir='ltr' id='par_1_71' title="bbox 2205 1279 3704 1355">
     <span class='ocr_line' id='line_1_71' title="bbox 2205 1279 3704 1355; baseline 0.003 -23"><span class='ocrx_word' id='word_1_561' title='bbox 2205 1280 2368 1334; x_wconf 78' lang='lat' dir='ltr'><strong>cteteri</strong></span> <span class='ocrx_word' id='word_1_562' title='bbox 2396 1279 2630 1350; x_wconf 80' lang='lat' dir='ltr'><strong>Apostoli</strong></span> <span class='ocrx_word' id='word_1_563' title='bbox 2652 1321 2667 1347; x_wconf 94' lang='lat'><strong>,</strong></span> <span class='ocrx_word' id='word_1_564' title='bbox 2695 1289 2740 1334; x_wconf 90' lang='lat' dir='ltr'><strong>et</strong></span> <span class='ocrx_word' id='word_1_565' title='bbox 2765 1280 2947 1350; x_wconf 86' lang='lat' dir='ltr'><strong>fratres</strong></span> <span class='ocrx_word' id='word_1_566' title='bbox 2974 1280 3208 1344; x_wconf 85' lang='lat' dir='ltr'><strong>Domini,</strong></span> <span class='ocrx_word' id='word_1_567' title='bbox 3237 1292 3280 1336; x_wconf 91' lang='lat' dir='ltr'><strong>et</strong></span> <span class='ocrx_word' id='word_1_568' title='bbox 3309 1282 3490 1352; x_wconf 79' lang='lat' dir='ltr'><strong>Cephas</strong></span> <span class='ocrx_word' id='word_1_569' title='bbox 3507 1284 3529 1337; x_wconf 82' lang='lat'><strong><em>?</em></strong></span> <span class='ocrx_word' id='word_1_570' title='bbox 3549 1283 3613 1337; x_wconf 84' lang='lat' dir='ltr'><strong>An</strong></span> <span class='ocrx_word' id='word_1_571' title='bbox 3639 1301 3704 1355; x_wconf 82' lang='lat' dir='ltr'><strong>ego</strong></span> 
     </span>
    </p>
   </div>
   <div class='ocr_carea' id='block_1_72' title="bbox 2205 1372 3705 1447">
    <p class='ocr_par' dir='ltr' id='par_1_72' title="bbox 2205 1372 3705 1447">
     <span class='ocr_line' id='line_1_72' title="bbox 2205 1372 3705 1447; baseline 0.003 -22"><span class='ocrx_word' id='word_1_572' title='bbox 2205 1372 2344 1426; x_wconf 87' lang='lat' dir='ltr'><strong>solus</strong></span> <span class='ocrx_word' id='word_1_573' title='bbox 2363 1382 2410 1426; x_wconf 91' lang='lat' dir='ltr'><strong>et</strong></span> <span class='ocrx_word' id='word_1_574' title='bbox 2429 1372 2692 1427; x_wconf 85' lang='lat' dir='ltr'><strong>Barnabas</strong></span> <span class='ocrx_word' id='word_1_575' title='bbox 2717 1390 2817 1428; x_wconf 87' lang='lat' dir='ltr'><strong>non</strong></span> <span class='ocrx_word' id='word_1_576' title='bbox 2856 1374 3094 1428; x_wconf 82' lang='lat' dir='ltr'><strong>haber&#39;nus</strong></span> <span class='ocrx_word' id='word_1_577' title='bbox 3134 1385 3416 1447; x_wconf 84' lang='lat' dir='ltr'><strong>potestatem</strong></span> <span class='ocrx_word' id='word_1_578' title='bbox 3443 1377 3524 1429; x_wconf 78' lang='lat' dir='ltr'><strong>hoc</strong></span> <span class='ocrx_word' id='word_1_579' title='bbox 3545 1393 3705 1446; x_wconf 82' lang='lat' dir='ltr'><strong>operan-</strong></span> 
     </span>
    </p>
   </div>
   <div class='ocr_carea' id='block_1_73' title="bbox 2207 1463 3708 1537">
    <p class='ocr_par' dir='ltr' id='par_1_73' title="bbox 2207 1463 3708 1537">
     <span class='ocr_line' id='line_1_73' title="bbox 2207 1463 3708 1537; baseline 0.003 -21"><span class='ocrx_word' id='word_1_580' title='bbox 2207 1464 2298 1517; x_wconf 84' lang='lat' dir='ltr'><strong>di?</strong></span> <span class='ocrx_word' id='word_1_581' title='bbox 2331 1463 2458 1531; x_wconf 82' lang='lat' dir='ltr'><strong>Quis</strong></span> <span class='ocrx_word' id='word_1_582' title='bbox 2511 1466 2692 1518; x_wconf 85' lang='lat' dir='ltr'><strong>militat</strong></span> <span class='ocrx_word' id='word_1_583' title='bbox 2728 1467 2834 1520; x_wconf 86' lang='lat' dir='ltr'><strong>suis</strong></span> <span class='ocrx_word' id='word_1_584' title='bbox 2875 1467 3137 1535; x_wconf 87' lang='lat' dir='ltr'><strong>stipendiis</strong></span> <span class='ocrx_word' id='word_1_585' title='bbox 3179 1467 3431 1535; x_wconf 75' lang='lat' dir='ltr'><strong>unquam!</strong></span> <span class='ocrx_word' id='word_1_586' title='bbox 3466 1466 3574 1534; x_wconf 85' lang='lat' dir='ltr'><strong>Quis</strong></span> <span class='ocrx_word' id='word_1_587' title='bbox 3601 1468 3708 1537; x_wconf 81' lang='lat' dir='ltr'><strong>plan-</strong></span> 
     </span>
    </p>
   </div>
   <div class='ocr_carea' id='block_1_74' title="bbox 2209 1557 3708 1630">
    <p class='ocr_par' dir='ltr' id='par_1_74' title="bbox 2209 1557 3708 1630">
     <span class='ocr_line' id='line_1_74' title="bbox 2209 1557 3708 1630; baseline 0.003 -21"><span class='ocrx_word' id='word_1_588' title='bbox 2209 1557 2328 1609; x_wconf 82' lang='lat' dir='ltr'><strong>tavit</strong></span> <span class='ocrx_word' id='word_1_589' title='bbox 2352 1557 2578 1624; x_wconf 85' lang='lat' dir='ltr'><strong>uineam,</strong></span> <span class='ocrx_word' id='word_1_590' title='bbox 2630 1565 2675 1611; x_wconf 90' lang='lat' dir='ltr'><strong>et</strong></span> <span class='ocrx_word' id='word_1_591' title='bbox 2714 1558 2776 1612; x_wconf 90' lang='lat' dir='ltr'><strong>de</strong></span> <span class='ocrx_word' id='word_1_592' title='bbox 2821 1559 2990 1627; x_wconf 88' lang='lat' dir='ltr'><strong>fructu</strong></span> <span class='ocrx_word' id='word_1_593' title='bbox 3009 1561 3119 1629; x_wconf 86' lang='lat' dir='ltr'><strong>ejus</strong></span> <span class='ocrx_word' id='word_1_594' title='bbox 3144 1575 3244 1612; x_wconf 88' lang='lat' dir='ltr'><strong>non</strong></span> <span class='ocrx_word' id='word_1_595' title='bbox 3271 1559 3406 1613; x_wconf 84' lang='lat' dir='ltr'><strong>edit?</strong></span> <span class='ocrx_word' id='word_1_596' title='bbox 3449 1559 3558 1626; x_wconf 86' lang='lat' dir='ltr'><strong>Quis</strong></span> <span class='ocrx_word' id='word_1_597' title='bbox 3592 1561 3708 1630; x_wconf 75' lang='lat' dir='ltr'><strong>pascit</strong></span> 
     </span>
    </p>
   </div>
   <div class='ocr_carea' id='block_1_75' title="bbox 2208 1649 3710 1721">
    <p class='ocr_par' dir='ltr' id='par_1_75' title="bbox 2208 1649 3710 1721">
     <span class='ocr_line' id='line_1_75' title="bbox 2208 1649 3710 1721; baseline 0.002 -20"><span class='ocrx_word' id='word_1_598' title='bbox 2208 1663 2428 1719; x_wconf 83' lang='lat' dir='ltr'><strong>gregem,</strong></span> <span class='ocrx_word' id='word_1_599' title='bbox 2459 1657 2504 1702; x_wconf 89' lang='lat' dir='ltr'><strong>et</strong></span> <span class='ocrx_word' id='word_1_600' title='bbox 2531 1649 2592 1702; x_wconf 88' lang='lat' dir='ltr'><strong>de</strong></span> <span class='ocrx_word' id='word_1_601' title='bbox 2617 1650 2748 1703; x_wconf 91' lang='lat' dir='ltr'><strong>lacte</strong></span> <span class='ocrx_word' id='word_1_602' title='bbox 2772 1651 2936 1720; x_wconf 84' lang='lat' dir='ltr'><strong>gregis</strong></span> <span class='ocrx_word' id='word_1_603' title='bbox 2961 1667 3061 1703; x_wconf 89' lang='lat' dir='ltr'><strong>non</strong></span> <span class='ocrx_word' id='word_1_604' title='bbox 3087 1650 3336 1721; x_wconf 80' lang='lat' dir='ltr'><strong>percipit?</strong></span> <span class='ocrx_word' id='word_1_605' title='bbox 3358 1651 3416 1704; x_wconf 82' lang='lat' dir='ltr'><strong>Et</strong></span> <span class='ocrx_word' id='word_1_606' title='bbox 3439 1649 3575 1720; x_wconf 86' lang='lat' dir='ltr'><strong>paulo</strong></span> <span class='ocrx_word' id='word_1_607' title='bbox 3596 1659 3710 1719; x_wconf 84' lang='lat' dir='ltr'><strong>post:</strong></span> 
     </span>
    </p>
   </div>
   <div class='ocr_carea' id='block_1_76' title="bbox 2210 1739 3711 1814">
    <p class='ocr_par' dir='ltr' id='par_1_76' title="bbox 2210 1739 3711 1814">
     <span class='ocr_line' id='line_1_76' title="bbox 2210 1739 3711 1814; baseline -0.001 -19"><span class='ocrx_word' id='word_1_608' title='bbox 2210 1739 2272 1795; x_wconf 91' lang='lat' dir='ltr'><strong>Si</strong></span> <span class='ocrx_word' id='word_1_609' title='bbox 2296 1741 2418 1806; x_wconf 89' lang='lat' dir='ltr'><strong>alii,</strong></span> <span class='ocrx_word' id='word_1_610' title='bbox 2461 1740 2656 1810; x_wconf 89' lang='lat' dir='ltr'><strong>inquit,</strong></span> <span class='ocrx_word' id='word_1_611' title='bbox 2687 1743 2945 1812; x_wconf 86' lang='lat' dir='ltr'><strong>potestatis</strong></span> <span class='ocrx_word' id='word_1_612' title='bbox 2990 1751 3165 1796; x_wconf 77' lang='lat' dir='ltr'><strong>vestrte</strong></span> <span class='ocrx_word' id='word_1_613' title='bbox 3193 1744 3509 1814; x_wconf 88' lang='lat' dir='ltr'><strong>participant,</strong></span> <span class='ocrx_word' id='word_1_614' title='bbox 3536 1759 3711 1796; x_wconf 84' lang='lat' dir='ltr'><strong>nauma-</strong></span> 
     </span>
    </p>
   </div>
   <div class='ocr_carea' id='block_1_77' title="bbox 2208 1827 3712 1904">
    <p class='ocr_par' dir='ltr' id='par_1_77' title="bbox 2208 1827 3712 1904">
     <span class='ocr_line' id='line_1_77' title="bbox 2208 1827 3712 1904; baseline 0 -20"><span class='ocrx_word' id='word_1_615' title='bbox 2208 1832 2285 1901; x_wconf 91' lang='lat' dir='ltr'><strong>gis</strong></span> <span class='ocrx_word' id='word_1_616' title='bbox 2321 1833 2449 1886; x_wconf 79' lang='lat' dir='ltr'><strong>nos?</strong></span> <span class='ocrx_word' id='word_1_617' title='bbox 2486 1831 2594 1886; x_wconf 87' lang='lat' dir='ltr'><strong>Sed</strong></span> <span class='ocrx_word' id='word_1_618' title='bbox 2627 1849 2727 1886; x_wconf 90' lang='lat' dir='ltr'><strong>non</strong></span> <span class='ocrx_word' id='word_1_619' title='bbox 2755 1849 2928 1888; x_wconf 88' lang='lat' dir='ltr'><strong>sumus</strong></span> <span class='ocrx_word' id='word_1_620' title='bbox 2967 1835 3047 1887; x_wconf 83' lang='lat' dir='ltr'><strong>usi</strong></span> <span class='ocrx_word' id='word_1_621' title='bbox 3079 1834 3174 1888; x_wconf 88' lang='lat' dir='ltr'><strong>hac</strong></span> <span class='ocrx_word' id='word_1_622' title='bbox 3211 1841 3471 1904; x_wconf 84' lang='lat' dir='ltr'><strong>potestate,</strong></span> <span class='ocrx_word' id='word_1_623' title='bbox 3499 1827 3572 1888; x_wconf 84' lang='lat' dir='ltr'><strong>sed</strong></span> <span class='ocrx_word' id='word_1_624' title='bbox 3590 1834 3712 1888; x_wconf 80' lang='lat' dir='ltr'><strong>omnia</strong></span> 
     </span>
    </p>
   </div>
   <div class='ocr_carea' id='block_1_78' title="bbox 2211 1921 3716 1995">
    <p class='ocr_par' dir='ltr' id='par_1_78' title="bbox 2211 1921 3716 1995">
     <span class='ocr_line' id='line_1_78' title="bbox 2211 1921 3716 1995; baseline 0.003 -21"><span class='ocrx_word' id='word_1_625' title='bbox 2211 1921 2479 1975; x_wconf 88' lang='lat' dir='ltr'><strong>toleramus</strong></span> <span class='ocrx_word' id='word_1_626' title='bbox 2499 1962 2514 1986; x_wconf 96' lang='lat'><strong>,</strong></span> <span class='ocrx_word' id='word_1_627' title='bbox 2554 1938 2616 1976; x_wconf 89' lang='lat' dir='ltr'><strong>ne</strong></span> <span class='ocrx_word' id='word_1_628' title='bbox 2653 1922 2788 1992; x_wconf 81' lang='lat' dir='ltr'><strong>quod</strong></span> <span class='ocrx_word' id='word_1_629' title='bbox 2832 1924 3245 1994; x_wconf 85' lang='lat' dir='ltr'><strong>impedimentum</strong></span> <span class='ocrx_word' id='word_1_630' title='bbox 3291 1925 3455 1979; x_wconf 86' lang='lat' dir='ltr'><strong>demus</strong></span> <span class='ocrx_word' id='word_1_631' title='bbox 3505 1923 3716 1995; x_wconf 77' lang='lat' dir='ltr'><strong>Evangelia</strong></span> 
     </span>
    </p>
   </div>
   <div class='ocr_carea' id='block_1_79' title="bbox 2211 2010 3712 2087">
    <p class='ocr_par' dir='ltr' id='par_1_79' title="bbox 2211 2010 3712 2087">
     <span class='ocr_line' id='line_1_79' title="bbox 2211 2010 3712 2087; baseline 0.001 -22"><span class='ocrx_word' id='word_1_632' title='bbox 2211 2010 2417 2067; x_wconf 75' lang='lat' dir='ltr'><strong>Christi.</strong></span> <span class='ocrx_word' id='word_1_633' title='bbox 2459 2013 2662 2069; x_wconf 92' lang='lat' dir='ltr'><strong>Deinde</strong></span> <span class='ocrx_word' id='word_1_634' title='bbox 2698 2023 2819 2084; x_wconf 88' lang='lat' dir='ltr'><strong>post</strong></span> <span class='ocrx_word' id='word_1_635' title='bbox 2848 2029 3013 2085; x_wconf 89' lang='lat' dir='ltr'><strong>pauca</strong></span> <span class='ocrx_word' id='word_1_636' title='bbox 3039 2031 3055 2068; x_wconf 89' lang='lat'><strong>:</strong></span> <span class='ocrx_word' id='word_1_637' title='bbox 3086 2012 3216 2081; x_wconf 71' lang='lat' dir='ltr'><strong>Quae</strong></span> <span class='ocrx_word' id='word_1_638' title='bbox 3243 2032 3356 2087; x_wconf 86' lang='lat' dir='ltr'><strong>ergo</strong></span> <span class='ocrx_word' id='word_1_639' title='bbox 3376 2058 3391 2080; x_wconf 96' lang='lat'><strong>,</strong></span> <span class='ocrx_word' id='word_1_640' title='bbox 3430 2017 3600 2086; x_wconf 86' lang='lat' dir='ltr'><strong>inquit,</strong></span> <span class='ocrx_word' id='word_1_641' title='bbox 3627 2016 3712 2068; x_wconf 78' lang='lat' dir='ltr'><strong>niui</strong></span> 
     </span>
    </p>
   </div>
   <div class='ocr_carea' id='block_1_80' title="bbox 2212 2101 3714 2177">
    <p class='ocr_par' dir='ltr' id='par_1_80' title="bbox 2212 2101 3714 2177">
     <span class='ocr_line' id='line_1_80' title="bbox 2212 2101 3714 2177; baseline 0.001 -22"><span class='ocrx_word' id='word_1_642' title='bbox 2212 2118 2398 2156; x_wconf 86' lang='lat' dir='ltr'><strong>merces</strong></span> <span class='ocrx_word' id='word_1_643' title='bbox 2425 2103 2558 2157; x_wconf 85' lang='lat' dir='ltr'><strong>erit?</strong></span> <span class='ocrx_word' id='word_1_644' title='bbox 2589 2101 2658 2157; x_wconf 88' lang='lat' dir='ltr'><strong>Ut</strong></span> <span class='ocrx_word' id='word_1_645' title='bbox 2682 2105 3029 2174; x_wconf 80' lang='lat' dir='ltr'><strong>euangelizans</strong></span> <span class='ocrx_word' id='word_1_646' title='bbox 3049 2105 3158 2160; x_wconf 87' lang='lat' dir='ltr'><strong>sine</strong></span> <span class='ocrx_word' id='word_1_647' title='bbox 3183 2115 3384 2177; x_wconf 82' lang='lat' dir='ltr'><strong>sumptu</strong></span> <span class='ocrx_word' id='word_1_648' title='bbox 3405 2121 3568 2176; x_wconf 87' lang='lat' dir='ltr'><strong>ponam</strong></span> <span class='ocrx_word' id='word_1_649' title='bbox 3589 2103 3714 2159; x_wconf 79' lang='lat' dir='ltr'><strong>Eran-</strong></span> 
     </span>
    </p>
   </div>
   <div class='ocr_carea' id='block_1_81' title="bbox 2211 2194 3716 2270">
    <p class='ocr_par' dir='ltr' id='par_1_81' title="bbox 2211 2194 3716 2270">
     <span class='ocr_line' id='line_1_81' title="bbox 2211 2194 3716 2270; baseline -0.001 -20"><span class='ocrx_word' id='word_1_650' title='bbox 2211 2195 2394 2265; x_wconf 88' lang='lat' dir='ltr'><strong>gelium</strong></span> <span class='ocrx_word' id='word_1_651' title='bbox 2417 2238 2431 2262; x_wconf 94' lang='lat'><strong>,</strong></span> <span class='ocrx_word' id='word_1_652' title='bbox 2474 2204 2530 2250; x_wconf 85' lang='lat' dir='ltr'><strong>ut</strong></span> <span class='ocrx_word' id='word_1_653' title='bbox 2564 2213 2664 2250; x_wconf 91' lang='lat' dir='ltr'><strong>non</strong></span> <span class='ocrx_word' id='word_1_654' title='bbox 2708 2197 2890 2252; x_wconf 79' lang='lat' dir='ltr'><strong>abutar</strong></span> <span class='ocrx_word' id='word_1_655' title='bbox 2929 2207 3174 2268; x_wconf 81' lang='lat' dir='ltr'><strong>potestate</strong></span> <span class='ocrx_word' id='word_1_656' title='bbox 3210 2215 3322 2253; x_wconf 89' lang='lat' dir='ltr'><strong>mea</strong></span> <span class='ocrx_word' id='word_1_657' title='bbox 3358 2200 3406 2252; x_wconf 88' lang='lat' dir='ltr'><strong>in</strong></span> <span class='ocrx_word' id='word_1_658' title='bbox 3448 2194 3716 2270; x_wconf 68' lang='lat' dir='ltr'><strong>Euangelioﬂ</strong></span> 
     </span>
    </p>
   </div>
   <div class='ocr_carea' id='block_1_82' title="bbox 2211 2286 3719 2361">
    <p class='ocr_par' dir='ltr' id='par_1_82' title="bbox 2211 2286 3719 2361">
     <span class='ocr_line' id='line_1_82' title="bbox 2211 2286 3719 2361; baseline -0.003 -18"><span class='ocrx_word' id='word_1_659' title='bbox 2211 2287 2330 2344; x_wconf 87' lang='lat' dir='ltr'><strong>Cor.</strong></span> <span class='ocrx_word' id='word_1_660' title='bbox 2370 2304 2454 2356; x_wconf 81' lang='lat' dir='ltr'><strong>Ix,</strong></span> <span class='ocrx_word' id='word_1_661' title='bbox 2499 2288 2681 2358; x_wconf 71' lang='lat'><strong>4-19).</strong></span> <span class='ocrx_word' id='word_1_662' title='bbox 2724 2287 3094 2361; x_wconf 88' lang='lat' dir='ltr'><strong>Continuoque</strong></span> <span class='ocrx_word' id='word_1_663' title='bbox 3140 2289 3411 2361; x_wconf 60' lang='lat' dir='ltr'><strong>subiungit</strong></span> <span class='ocrx_word' id='word_1_664' title='bbox 3451 2288 3574 2360; x_wconf 89' lang='lat' dir='ltr'><strong>quod</strong></span> <span class='ocrx_word' id='word_1_665' title='bbox 3609 2286 3719 2358; x_wconf 78' lang='lat' dir='ltr'><strong>paulo</strong></span> 
     </span>
    </p>
   </div>
   <div class='ocr_carea' id='block_1_83' title="bbox 2211 2379 3717 2440">
    <p class='ocr_par' dir='ltr' id='par_1_83' title="bbox 2211 2379 3717 2440">
     <span class='ocr_line' id='line_1_83' title="bbox 2211 2379 3717 2440; baseline -0.003 -6"><span class='ocrx_word' id='word_1_666' title='bbox 2211 2389 2333 2436; x_wconf 90' lang='lat' dir='ltr'><strong>ante</strong></span> <span class='ocrx_word' id='word_1_667' title='bbox 2360 2381 2774 2435; x_wconf 89' lang='lat' dir='ltr'><strong>commemoravi</strong></span> <span class='ocrx_word' id='word_1_668' title='bbox 2805 2398 2818 2434; x_wconf 89' lang='lat'><strong>:</strong></span> <span class='ocrx_word' id='word_1_669' title='bbox 2848 2379 2975 2436; x_wconf 85' lang='lat' dir='ltr'><strong>Cum</strong></span> <span class='ocrx_word' id='word_1_670' title='bbox 3003 2382 3135 2436; x_wconf 86' lang='lat' dir='ltr'><strong>enim</strong></span> <span class='ocrx_word' id='word_1_671' title='bbox 3183 2382 3309 2437; x_wconf 87' lang='lat' dir='ltr'><strong>liber</strong></span> <span class='ocrx_word' id='word_1_672' title='bbox 3330 2382 3421 2436; x_wconf 84' lang='lat' dir='ltr'><strong>sim</strong></span> <span class='ocrx_word' id='word_1_673' title='bbox 3444 2395 3501 2434; x_wconf 77' lang='lat' dir='ltr'><strong>ea:</strong></span> <span class='ocrx_word' id='word_1_674' title='bbox 3530 2379 3717 2440; x_wconf 72' lang='lat' dir='ltr'><strong>omnibus,</strong></span> 
     </span>
    </p>
   </div>
   <div class='ocr_carea' id='block_1_84' title="bbox 2211 2468 3720 2544">
    <p class='ocr_par' dir='ltr' id='par_1_84' title="bbox 2211 2468 3720 2544">
     <span class='ocr_line' id='line_1_84' title="bbox 2211 2468 3720 2544; baseline -0.001 -20"><span class='ocrx_word' id='word_1_675' title='bbox 2211 2472 2434 2525; x_wconf 90' lang='lat' dir='ltr'><strong>omnium</strong></span> <span class='ocrx_word' id='word_1_676' title='bbox 2459 2487 2538 2525; x_wconf 89' lang='lat' dir='ltr'><strong>me</strong></span> <span class='ocrx_word' id='word_1_677' title='bbox 2575 2486 2769 2525; x_wconf 86' lang='lat' dir='ltr'><strong>servum</strong></span> <span class='ocrx_word' id='word_1_678' title='bbox 2799 2471 2928 2542; x_wconf 88' lang='lat' dir='ltr'><strong>feci,</strong></span> <span class='ocrx_word' id='word_1_679' title='bbox 2974 2480 3029 2526; x_wconf 87' lang='lat' dir='ltr'><strong>ut</strong></span> <span class='ocrx_word' id='word_1_680' title='bbox 3054 2472 3229 2544; x_wconf 87' lang='lat' dir='ltr'><strong>plures</strong></span> <span class='ocrx_word' id='word_1_681' title='bbox 3257 2472 3593 2542; x_wconf 85' lang='lat' dir='ltr'><strong>lucrifacerem.</strong></span> <span class='ocrx_word' id='word_1_682' title='bbox 3629 2468 3720 2522; x_wconf 85' lang='lat' dir='ltr'><strong>Item</strong></span> 
     </span>
    </p>
   </div>
   <div class='ocr_carea' id='block_1_85' title="bbox 2211 2561 3718 2636">
    <p class='ocr_par' dir='ltr' id='par_1_85' title="bbox 2211 2561 3718 2636">
     <span class='ocr_line' id='line_1_85' title="bbox 2211 2561 3718 2636; baseline -0.003 -20"><span class='ocrx_word' id='word_1_683' title='bbox 2211 2561 2316 2616; x_wconf 89' lang='lat' dir='ltr'><strong>alio</strong></span> <span class='ocrx_word' id='word_1_684' title='bbox 2341 2562 2460 2617; x_wconf 89' lang='lat' dir='ltr'><strong>loco</strong></span> <span class='ocrx_word' id='word_1_685' title='bbox 2485 2561 2554 2617; x_wconf 88' lang='lat' dir='ltr'><strong>de</strong></span> <span class='ocrx_word' id='word_1_686' title='bbox 2605 2562 2922 2634; x_wconf 89' lang='lat' dir='ltr'><strong>quibusdam</strong></span> <span class='ocrx_word' id='word_1_687' title='bbox 2971 2579 3090 2634; x_wconf 69' lang='lat' dir='ltr'><strong>qua:</strong></span> <span class='ocrx_word' id='word_1_688' title='bbox 3140 2565 3214 2620; x_wconf 90' lang='lat' dir='ltr'><strong>ad</strong></span> <span class='ocrx_word' id='word_1_689' title='bbox 3265 2580 3436 2620; x_wconf 83' lang='lat' dir='ltr'><strong>escam</strong></span> <span class='ocrx_word' id='word_1_690' title='bbox 3473 2561 3718 2636; x_wconf 78' lang='lat' dir='ltr'><strong>pertinent:</strong></span> 
     </span>
    </p>
   </div>
   <div class='ocr_carea' id='block_1_86' title="bbox 2215 2652 3721 2724">
    <p class='ocr_par' dir='ltr' id='par_1_86' title="bbox 2215 2652 3721 2724">
     <span class='ocr_line' id='line_1_86' title="bbox 2215 2652 3721 2724; baseline 0.001 -17"><span class='ocrx_word' id='word_1_691' title='bbox 2215 2652 2399 2707; x_wconf 87' lang='lat' dir='ltr'><strong>Omnia</strong></span> <span class='ocrx_word' id='word_1_692' title='bbox 2417 2694 2433 2721; x_wconf 93' lang='lat'><strong>,</strong></span> <span class='ocrx_word' id='word_1_693' title='bbox 2465 2653 2668 2724; x_wconf 90' lang='lat' dir='ltr'><strong>inquit,</strong></span> <span class='ocrx_word' id='word_1_694' title='bbox 2701 2654 2828 2708; x_wconf 85' lang='lat' dir='ltr'><strong>mihi</strong></span> <span class='ocrx_word' id='word_1_695' title='bbox 2859 2655 2998 2709; x_wconf 87' lang='lat' dir='ltr'><strong>licita</strong></span> <span class='ocrx_word' id='word_1_696' title='bbox 3026 2665 3177 2723; x_wconf 87' lang='lat' dir='ltr'><strong>sunt,</strong></span> <span class='ocrx_word' id='word_1_697' title='bbox 3208 2657 3301 2712; x_wconf 86' lang='lat' dir='ltr'><strong>sed</strong></span> <span class='ocrx_word' id='word_1_698' title='bbox 3326 2675 3423 2712; x_wconf 89' lang='lat' dir='ltr'><strong>non</strong></span> <span class='ocrx_word' id='word_1_699' title='bbox 3444 2656 3592 2712; x_wconf 85' lang='lat' dir='ltr'><strong>omnia</strong></span> <span class='ocrx_word' id='word_1_700' title='bbox 3611 2669 3721 2724; x_wconf 70' lang='lat' dir='ltr'><strong>espe-</strong></span> 
     </span>
    </p>
   </div>
   <div class='ocr_carea' id='block_1_87' title="bbox 2212 2744 3723 2820">
    <p class='ocr_par' dir='ltr' id='par_1_87' title="bbox 2212 2744 3723 2820">
     <span class='ocr_line' id='line_1_87' title="bbox 2212 2744 3723 2820; baseline -0.001 -23"><span class='ocrx_word' id='word_1_701' title='bbox 2212 2744 2356 2798; x_wconf 88' lang='lat' dir='ltr'><strong>diunt</strong></span> <span class='ocrx_word' id='word_1_702' title='bbox 2384 2758 2404 2800; x_wconf 92' lang='lat'><strong><em>:</em></strong></span> <span class='ocrx_word' id='word_1_703' title='bbox 2433 2746 2602 2800; x_wconf 89' lang='lat' dir='ltr'><strong>omnia</strong></span> <span class='ocrx_word' id='word_1_704' title='bbox 2625 2746 2749 2800; x_wconf 86' lang='lat' dir='ltr'><strong>mihi</strong></span> <span class='ocrx_word' id='word_1_705' title='bbox 2769 2747 2910 2800; x_wconf 89' lang='lat' dir='ltr'><strong>licita</strong></span> <span class='ocrx_word' id='word_1_706' title='bbox 2948 2757 3100 2812; x_wconf 87' lang='lat' dir='ltr'><strong>sunt,</strong></span> <span class='ocrx_word' id='word_1_707' title='bbox 3139 2749 3234 2802; x_wconf 85' lang='lat' dir='ltr'><strong>sed</strong></span> <span class='ocrx_word' id='word_1_708' title='bbox 3272 2765 3362 2820; x_wconf 88' lang='lat' dir='ltr'><strong>ego</strong></span> <span class='ocrx_word' id='word_1_709' title='bbox 3394 2748 3478 2802; x_wconf 86' lang='lat' dir='ltr'><strong>sub</strong></span> <span class='ocrx_word' id='word_1_710' title='bbox 3502 2746 3654 2800; x_wconf 77' lang='lat' dir='ltr'><strong>nullius</strong></span> <span class='ocrx_word' id='word_1_711' title='bbox 3670 2757 3723 2796; x_wconf 83' lang='lat' dir='ltr'><strong>rc-</strong></span> 
     </span>
    </p>
   </div>
   <div class='ocr_carea' id='block_1_88' title="bbox 2211 2835 3724 2908">
    <p class='ocr_par' dir='ltr' id='par_1_88' title="bbox 2211 2835 3724 2908">
     <span class='ocr_line' id='line_1_88' title="bbox 2211 2835 3724 2908; baseline -0.001 -19"><span class='ocrx_word' id='word_1_712' title='bbox 2211 2835 2358 2907; x_wconf 87' lang='lat' dir='ltr'><strong>digar</strong></span> <span class='ocrx_word' id='word_1_713' title='bbox 2382 2845 2642 2908; x_wconf 88' lang='lat' dir='ltr'><strong>potestate.</strong></span> <span class='ocrx_word' id='word_1_714' title='bbox 2666 2836 2801 2893; x_wconf 88' lang='lat' dir='ltr'><strong>Esca</strong></span> <span class='ocrx_word' id='word_1_715' title='bbox 2825 2839 2985 2893; x_wconf 81' lang='lat' dir='ltr'><strong>ventri</strong></span> <span class='ocrx_word' id='word_1_716' title='bbox 3011 2848 3059 2893; x_wconf 84' lang='lat' dir='ltr'><strong>et</strong></span> <span class='ocrx_word' id='word_1_717' title='bbox 3087 2849 3264 2894; x_wconf 83' lang='lat' dir='ltr'><strong>uenter</strong></span> <span class='ocrx_word' id='word_1_718' title='bbox 3289 2842 3410 2895; x_wconf 87' lang='lat' dir='ltr'><strong>escis</strong></span> <span class='ocrx_word' id='word_1_719' title='bbox 3427 2883 3441 2907; x_wconf 92' lang='lat'><strong>,</strong></span> <span class='ocrx_word' id='word_1_720' title='bbox 3469 2840 3587 2894; x_wconf 84' lang='lat' dir='ltr'><strong>Deus</strong></span> <span class='ocrx_word' id='word_1_721' title='bbox 3605 2847 3724 2891; x_wconf 80' lang='lat' dir='ltr'><strong>autem</strong></span> 
     </span>
    </p>
   </div>
   <div class='ocr_carea' id='block_1_89' title="bbox 2210 2925 3725 3003">
    <p class='ocr_par' dir='ltr' id='par_1_89' title="bbox 2210 2925 3725 3003">
     <span class='ocr_line' id='line_1_89' title="bbox 2210 2925 3725 3003; baseline 0 -24"><span class='ocrx_word' id='word_1_722' title='bbox 2210 2935 2258 2979; x_wconf 88' lang='lat' dir='ltr'><strong>et</strong></span> <span class='ocrx_word' id='word_1_723' title='bbox 2281 2927 2416 2980; x_wconf 73' lang='lat' dir='ltr'><strong>hunc</strong></span> <span class='ocrx_word' id='word_1_724' title='bbox 2455 2935 2502 2981; x_wconf 88' lang='lat' dir='ltr'><strong>et</strong></span> <span class='ocrx_word' id='word_1_725' title='bbox 2534 2927 2626 2981; x_wconf 85' lang='lat' dir='ltr'><strong>has</strong></span> <span class='ocrx_word' id='word_1_726' title='bbox 2663 2929 2918 2984; x_wconf 80' lang='lat' dir='ltr'><strong>evacuabit</strong></span> <span class='ocrx_word' id='word_1_727' title='bbox 2943 2928 3056 3002; x_wconf 87' lang='lat' dir='ltr'><strong>(Id.</strong></span> <span class='ocrx_word' id='word_1_728' title='bbox 3087 2945 3159 2997; x_wconf 82' lang='lat' dir='ltr'><strong>vl,</strong></span> <span class='ocrx_word' id='word_1_729' title='bbox 3191 2932 3260 2986; x_wconf 72' lang='grc'><strong>12</strong></span> <span class='ocrx_word' id='word_1_730' title='bbox 3285 2943 3334 2987; x_wconf 87' lang='lat' dir='ltr'><strong>et</strong></span> <span class='ocrx_word' id='word_1_731' title='bbox 3366 2931 3470 3003; x_wconf 78' lang='lat' dir='ltr'><strong>l5).</strong></span> <span class='ocrx_word' id='word_1_732' title='bbox 3498 2931 3606 2986; x_wconf 86' lang='lat' dir='ltr'><strong>ltem</strong></span> <span class='ocrx_word' id='word_1_733' title='bbox 3639 2925 3725 2981; x_wconf 77' lang='lat' dir='ltr'><strong>alibi</strong></span> 
     </span>
    </p>
   </div>
   <div class='ocr_carea' id='block_1_90' title="bbox 2209 3015 3728 3091">
    <p class='ocr_par' dir='ltr' id='par_1_90' title="bbox 2209 3015 3728 3091">
     <span class='ocr_line' id='line_1_90' title="bbox 2209 3015 3728 3091; baseline -0.001 -19"><span class='ocrx_word' id='word_1_734' title='bbox 2209 3015 2278 3072; x_wconf 91' lang='lat' dir='ltr'><strong>de</strong></span> <span class='ocrx_word' id='word_1_735' title='bbox 2315 3017 2418 3073; x_wconf 90' lang='lat' dir='ltr'><strong>hoc</strong></span> <span class='ocrx_word' id='word_1_736' title='bbox 2457 3017 2574 3088; x_wconf 89' lang='lat' dir='ltr'><strong>ipso</strong></span> <span class='ocrx_word' id='word_1_737' title='bbox 2606 3035 2620 3072; x_wconf 91' lang='lat'><strong>:</strong></span> <span class='ocrx_word' id='word_1_738' title='bbox 2657 3018 2842 3074; x_wconf 80' lang='lat' dir='ltr'><strong>Omnia</strong></span> <span class='ocrx_word' id='word_1_739' title='bbox 2867 3022 2991 3075; x_wconf 90' lang='lat' dir='ltr'><strong>mihi</strong></span> <span class='ocrx_word' id='word_1_740' title='bbox 3026 3024 3042 3054; x_wconf 75' lang='grc'>³</span> <span class='ocrx_word' id='word_1_741' title='bbox 3079 3021 3223 3077; x_wconf 84' lang='lat' dir='ltr'><strong>licita</strong></span> <span class='ocrx_word' id='word_1_742' title='bbox 3248 3033 3365 3078; x_wconf 89' lang='lat' dir='ltr'><strong>sunt</strong></span> <span class='ocrx_word' id='word_1_743' title='bbox 3387 3066 3403 3091; x_wconf 90' lang='lat'><strong>,</strong></span> <span class='ocrx_word' id='word_1_744' title='bbox 3437 3023 3518 3077; x_wconf 87' lang='lat' dir='ltr'><strong>sed</strong></span> <span class='ocrx_word' id='word_1_745' title='bbox 3542 3037 3624 3074; x_wconf 88' lang='lat' dir='ltr'><strong>non</strong></span> <span class='ocrx_word' id='word_1_746' title='bbox 3652 3034 3728 3072; x_wconf 86' lang='lat' dir='ltr'><strong>om-</strong></span> 
     </span>
    </p>
   </div>
   <div class='ocr_carea' id='block_1_91' title="bbox 2215 3108 3727 3180">
    <p class='ocr_par' dir='ltr' id='par_1_91' title="bbox 2215 3108 3727 3180">
     <span class='ocr_line' id='line_1_91' title="bbox 2215 3108 3727 3180; baseline -0.003 -18"><span class='ocrx_word' id='word_1_747' title='bbox 2215 3109 2302 3162; x_wconf 85' lang='lat' dir='ltr'><strong>nia</strong></span> <span class='ocrx_word' id='word_1_748' title='bbox 2321 3110 2593 3180; x_wconf 73' lang='lat' dir='ltr'><strong>expediunt</strong></span> <span class='ocrx_word' id='word_1_749' title='bbox 2623 3125 2641 3165; x_wconf 91' lang='lat'><strong><em>:</em></strong></span> <span class='ocrx_word' id='word_1_750' title='bbox 2672 3113 2844 3166; x_wconf 89' lang='lat' dir='ltr'><strong>omnia</strong></span> <span class='ocrx_word' id='word_1_751' title='bbox 2881 3112 3005 3166; x_wconf 84' lang='lat' dir='ltr'><strong>mihi</strong></span> <span class='ocrx_word' id='word_1_752' title='bbox 3029 3113 3172 3168; x_wconf 88' lang='lat' dir='ltr'><strong>licita</strong></span> <span class='ocrx_word' id='word_1_753' title='bbox 3212 3124 3359 3180; x_wconf 86' lang='lat' dir='ltr'><strong>sunt,</strong></span> <span class='ocrx_word' id='word_1_754' title='bbox 3391 3115 3476 3169; x_wconf 89' lang='lat' dir='ltr'><strong>sed</strong></span> <span class='ocrx_word' id='word_1_755' title='bbox 3498 3131 3583 3168; x_wconf 91' lang='lat' dir='ltr'><strong>non</strong></span> <span class='ocrx_word' id='word_1_756' title='bbox 3605 3108 3727 3164; x_wconf 80' lang='lat' dir='ltr'><strong>omnia</strong></span> 
     </span>
    </p>
   </div>
   <div class='ocr_carea' id='block_1_92' title="bbox 2212 3199 3730 3277">
    <p class='ocr_par' dir='ltr' id='par_1_92' title="bbox 2212 3199 3730 3277">
     <span class='ocr_line' id='line_1_92' title="bbox 2212 3199 3730 3277; baseline -0.002 -22"><span class='ocrx_word' id='word_1_757' title='bbox 2212 3201 2486 3272; x_wconf 70' lang='lat' dir='ltr'><strong>mli/imm.</strong></span> <span class='ocrx_word' id='word_1_758' title='bbox 2520 3201 2683 3257; x_wconf 87' lang='lat' dir='ltr'><strong>Nemo</strong></span> <span class='ocrx_word' id='word_1_759' title='bbox 2720 3203 2857 3272; x_wconf 87' lang='lat' dir='ltr'><strong>quod</strong></span> <span class='ocrx_word' id='word_1_760' title='bbox 2893 3221 3042 3260; x_wconf 88' lang='lat' dir='ltr'><strong>suum</strong></span> <span class='ocrx_word' id='word_1_761' title='bbox 3072 3214 3143 3259; x_wconf 85' lang='lat' dir='ltr'><strong>est</strong></span> <span class='ocrx_word' id='word_1_762' title='bbox 3193 3217 3418 3277; x_wconf 72' lang='lat' dir='ltr'><strong>quierat,</strong></span> <span class='ocrx_word' id='word_1_763' title='bbox 3449 3205 3529 3260; x_wconf 84' lang='lat' dir='ltr'><strong>sed</strong></span> <span class='ocrx_word' id='word_1_764' title='bbox 3559 3204 3605 3257; x_wconf 88' lang='lat' dir='ltr'><strong>id</strong></span> <span class='ocrx_word' id='word_1_765' title='bbox 3635 3199 3730 3272; x_wconf 83' lang='lat' dir='ltr'><strong>quod</strong></span> 
     </span>
    </p>
   </div>
   <div class='ocr_carea' id='block_1_93' title="bbox 2211 3297 3726 3368">
    <p class='ocr_par' dir='ltr' id='par_1_93' title="bbox 2211 3297 3726 3368">
     <span class='ocr_line' id='line_1_93' title="bbox 2211 3297 3726 3368; baseline -0.001 -18"><span class='ocrx_word' id='word_1_766' title='bbox 2211 3297 2421 3351; x_wconf 83' lang='lat' dir='ltr'><strong>alterius</strong></span> <span class='ocrx_word' id='word_1_767' title='bbox 2459 3305 2550 3351; x_wconf 91' lang='lat' dir='ltr'><strong>est.</strong></span> <span class='ocrx_word' id='word_1_768' title='bbox 2585 3298 2757 3368; x_wconf 86' lang='lat' dir='ltr'><strong>Atque</strong></span> <span class='ocrx_word' id='word_1_769' title='bbox 2805 3308 2862 3353; x_wconf 87' lang='lat' dir='ltr'><strong>ut</strong></span> <span class='ocrx_word' id='word_1_770' title='bbox 2903 3299 3218 3356; x_wconf 87' lang='lat' dir='ltr'><strong>ostenderet</strong></span> <span class='ocrx_word' id='word_1_771' title='bbox 3267 3300 3403 3355; x_wconf 90' lang='lat' dir='ltr'><strong>unde</strong></span> <span class='ocrx_word' id='word_1_772' title='bbox 3444 3299 3726 3368; x_wconf 84' lang='lat' dir='ltr'><strong>loqueretur:</strong></span> 
     </span>
    </p>
   </div>
   <div class='ocr_carea' id='block_1_94' title="bbox 2215 3382 3732 3459">
    <p class='ocr_par' dir='ltr' id='par_1_94' title="bbox 2215 3382 3732 3459">
     <span class='ocr_line' id='line_1_94' title="bbox 2215 3382 3732 3459; baseline -0.001 -17"><span class='ocrx_word' id='word_1_773' title='bbox 2215 3387 2408 3454; x_wconf 84' lang='lat' dir='ltr'><strong>Omne,</strong></span> <span class='ocrx_word' id='word_1_774' title='bbox 2433 3389 2628 3458; x_wconf 89' lang='lat' dir='ltr'><strong>inquit,</strong></span> <span class='ocrx_word' id='word_1_775' title='bbox 2659 3390 2795 3459; x_wconf 86' lang='lat' dir='ltr'><strong>quod</strong></span> <span class='ocrx_word' id='word_1_776' title='bbox 2824 3391 2876 3444; x_wconf 91' lang='lat' dir='ltr'><strong>in</strong></span> <span class='ocrx_word' id='word_1_777' title='bbox 2905 3389 3134 3445; x_wconf 76' lang='lat' dir='ltr'><strong>macello</strong></span> <span class='ocrx_word' id='word_1_778' title='bbox 3163 3393 3297 3446; x_wconf 83' lang='lat' dir='ltr'><strong>venit</strong></span> <span class='ocrx_word' id='word_1_779' title='bbox 3315 3434 3330 3456; x_wconf 93' lang='lat'><strong>,</strong></span> <span class='ocrx_word' id='word_1_780' title='bbox 3357 3390 3654 3449; x_wconf 70' lang='lat' dir='ltr'><strong>manducata,</strong></span> <span class='ocrx_word' id='word_1_781' title='bbox 3675 3382 3732 3434; x_wconf 73' lang='grc' dir='ltr'><strong>ηἰ-</strong></span> 
     </span>
    </p>
   </div>
   <div class='ocr_carea' id='block_1_95' title="bbox 2213 3473 3730 3554">
    <p class='ocr_par' dir='ltr' id='par_1_95' title="bbox 2213 3473 3730 3554">
     <span class='ocr_line' id='line_1_95' title="bbox 2213 3473 3730 3554; baseline -0.003 -23"><span class='ocrx_word' id='word_1_782' title='bbox 2213 3479 2286 3533; x_wconf 82' lang='lat' dir='ltr'><strong>liil</strong></span> <span class='ocrx_word' id='word_1_783' title='bbox 2314 3479 2673 3551; x_wconf 82' lang='lat' dir='ltr'><strong>interrogantes</strong></span> <span class='ocrx_word' id='word_1_784' title='bbox 2717 3489 2921 3550; x_wconf 88' lang='lat' dir='ltr'><strong>propter</strong></span> <span class='ocrx_word' id='word_1_785' title='bbox 2959 3481 3322 3536; x_wconf 87' lang='lat' dir='ltr'><strong>conscientiam</strong></span> <span class='ocrx_word' id='word_1_786' title='bbox 3351 3481 3458 3554; x_wconf 83' lang='lat' dir='ltr'><strong>(Id.</strong></span> <span class='ocrx_word' id='word_1_787' title='bbox 3499 3497 3552 3545; x_wconf 84' lang='lat' dir='ltr'><strong>x,</strong></span> <span class='ocrx_word' id='word_1_788' title='bbox 3577 3473 3730 3543; x_wconf 63' lang='grc' dir='ltr'><strong>ειν-25).</strong></span> 
     </span>
    </p>
   </div>
   <div class='ocr_carea' id='block_1_96' title="bbox 2212 3570 3735 3629">
    <p class='ocr_par' dir='ltr' id='par_1_96' title="bbox 2212 3570 3735 3629">
     <span class='ocr_line' id='line_1_96' title="bbox 2212 3570 3735 3629; baseline -0.003 -4"><span class='ocrx_word' id='word_1_789' title='bbox 2212 3571 2278 3625; x_wconf 89' lang='grc' dir='ltr'>Ει</span> <span class='ocrx_word' id='word_1_790' title='bbox 2303 3579 2476 3626; x_wconf 88' lang='lat' dir='ltr'><strong>tamen</strong></span> <span class='ocrx_word' id='word_1_791' title='bbox 2503 3573 2628 3628; x_wconf 87' lang='lat' dir='ltr'><strong>alibi</strong></span> <span class='ocrx_word' id='word_1_792' title='bbox 2654 3572 2780 3628; x_wconf 86' lang='lat' dir='ltr'><strong>dicit</strong></span> <span class='ocrx_word' id='word_1_793' title='bbox 2808 3591 2822 3628; x_wconf 90' lang='lat'><strong><em>:</em></strong></span> <span class='ocrx_word' id='word_1_794' title='bbox 2855 3571 2976 3627; x_wconf 87' lang='lat' dir='ltr'><strong>Non</strong></span> <span class='ocrx_word' id='word_1_795' title='bbox 3004 3574 3327 3629; x_wconf 85' lang='lat' dir='ltr'><strong>manducabo</strong></span> <span class='ocrx_word' id='word_1_796' title='bbox 3355 3589 3543 3628; x_wconf 84' lang='lat' dir='ltr'><strong>carnem</strong></span> <span class='ocrx_word' id='word_1_797' title='bbox 3567 3570 3611 3622; x_wconf 90' lang='lat' dir='ltr'><strong>in</strong></span> <span class='ocrx_word' id='word_1_798' title='bbox 3630 3580 3735 3621; x_wconf 76' lang='lat' dir='ltr'><strong>ater-</strong></span> 
     </span>
    </p>
   </div>
   <div class='ocr_carea' id='block_1_97' title="bbox 2212 3655 3732 3736">
    <p class='ocr_par' dir='ltr' id='par_1_97' title="bbox 2212 3655 3732 3736">
     <span class='ocr_line' id='line_1_97' title="bbox 2212 3655 3732 3736; baseline -0.001 -23"><span class='ocrx_word' id='word_1_799' title='bbox 2212 3677 2331 3714; x_wconf 87' lang='lat' dir='ltr'><strong>num</strong></span> <span class='ocrx_word' id='word_1_800' title='bbox 2351 3702 2366 3726; x_wconf 97' lang='lat'><strong>,</strong></span> <span class='ocrx_word' id='word_1_801' title='bbox 2391 3669 2449 3714; x_wconf 86' lang='lat' dir='ltr'><strong>ut</strong></span> <span class='ocrx_word' id='word_1_802' title='bbox 2473 3679 2572 3716; x_wconf 89' lang='lat' dir='ltr'><strong>non</strong></span> <span class='ocrx_word' id='word_1_803' title='bbox 2601 3666 2811 3736; x_wconf 89' lang='lat' dir='ltr'><strong>fratrem</strong></span> <span class='ocrx_word' id='word_1_804' title='bbox 2837 3680 3003 3718; x_wconf 88' lang='lat' dir='ltr'><strong>meum</strong></span> <span class='ocrx_word' id='word_1_805' title='bbox 3029 3666 3375 3720; x_wconf 77' lang='lat' dir='ltr'><strong>scandalizent</strong></span> <span class='ocrx_word' id='word_1_806' title='bbox 3401 3663 3504 3733; x_wconf 87' lang='lat' dir='ltr'><strong>(Id.</strong></span> <span class='ocrx_word' id='word_1_807' title='bbox 3527 3675 3602 3716; x_wconf 79' lang='lat' dir='ltr'><strong>vni</strong></span> <span class='ocrx_word' id='word_1_808' title='bbox 3619 3700 3632 3724; x_wconf 91' lang='lat'><strong>,</strong></span> <span class='ocrx_word' id='word_1_809' title='bbox 3654 3655 3732 3723; x_wconf 75' lang='lat' dir='ltr'><strong>l5)-</strong></span> 
     </span>
    </p>
   </div>
   <div class='ocr_carea' id='block_1_98' title="bbox 2211 3751 3736 3827">
    <p class='ocr_par' dir='ltr' id='par_1_98' title="bbox 2211 3751 3736 3827">
     <span class='ocr_line' id='line_1_98' title="bbox 2211 3751 3736 3827; baseline -0.003 -20"><span class='ocrx_word' id='word_1_810' title='bbox 2211 3751 2449 3824; x_wconf 87' lang='lat' dir='ltr'><strong>ltemque</strong></span> <span class='ocrx_word' id='word_1_811' title='bbox 2477 3755 2601 3811; x_wconf 88' lang='lat' dir='ltr'><strong>alibi</strong></span> <span class='ocrx_word' id='word_1_812' title='bbox 2633 3771 2646 3808; x_wconf 90' lang='lat'><strong>:</strong></span> <span class='ocrx_word' id='word_1_813' title='bbox 2685 3755 2869 3810; x_wconf 89' lang='lat' dir='ltr'><strong>Omnia</strong></span> <span class='ocrx_word' id='word_1_814' title='bbox 2893 3757 3094 3827; x_wconf 88' lang='lat' dir='ltr'><strong>quidem</strong></span> <span class='ocrx_word' id='word_1_815' title='bbox 3125 3760 3323 3814; x_wconf 86' lang='lat' dir='ltr'><strong>munda</strong></span> <span class='ocrx_word' id='word_1_816' title='bbox 3345 3800 3362 3825; x_wconf 94' lang='lat'><strong>,</strong></span> <span class='ocrx_word' id='word_1_817' title='bbox 3390 3758 3475 3812; x_wconf 87' lang='lat' dir='ltr'><strong>sed</strong></span> <span class='ocrx_word' id='word_1_818' title='bbox 3515 3753 3668 3810; x_wconf 82' lang='lat' dir='ltr'><strong>malum</strong></span> <span class='ocrx_word' id='word_1_819' title='bbox 3687 3755 3736 3801; x_wconf 77' lang='lat' dir='ltr'><strong>at</strong></span> 
     </span>
    </p>
   </div>
   <div class='ocr_carea' id='block_1_99' title="bbox 2212 3836 3734 3922">
    <p class='ocr_par' dir='ltr' id='par_1_99' title="bbox 2212 3836 3734 3922">
     <span class='ocr_line' id='line_1_99' title="bbox 2212 3836 3734 3922; baseline 0.002 -26"><span class='ocrx_word' id='word_1_820' title='bbox 2212 3843 2403 3898; x_wconf 90' lang='lat' dir='ltr'><strong>homini</strong></span> <span class='ocrx_word' id='word_1_821' title='bbox 2443 3845 2531 3916; x_wconf 88' lang='lat' dir='ltr'><strong>qui</strong></span> <span class='ocrx_word' id='word_1_822' title='bbox 2558 3863 2647 3915; x_wconf 89' lang='lat' dir='ltr'><strong>per</strong></span> <span class='ocrx_word' id='word_1_823' title='bbox 2665 3845 2991 3914; x_wconf 82' lang='lat' dir='ltr'><strong>o/fensionem</strong></span> <span class='ocrx_word' id='word_1_824' title='bbox 3027 3851 3305 3904; x_wconf 75' lang='lat' dir='ltr'><strong>manducet</strong></span> <span class='ocrx_word' id='word_1_825' title='bbox 3332 3849 3502 3922; x_wconf 85' lang='lat' dir='ltr'><strong>(Rom.</strong></span> <span class='ocrx_word' id='word_1_826' title='bbox 3537 3836 3734 3910; x_wconf 52' lang='grc' dir='ltr'><strong>χηλοὶ·</strong></span> 
     </span>
    </p>
   </div>
   <div class='ocr_carea' id='block_1_100' title="bbox 2211 3932 3739 4013">
    <p class='ocr_par' dir='ltr' id='par_1_100' title="bbox 2211 3932 3739 4013">
     <span class='ocr_line' id='line_1_100' title="bbox 2211 3932 3739 4013; baseline -0.004 -22"><span class='ocrx_word' id='word_1_827' title='bbox 2211 3935 2363 4002; x_wconf 85' lang='lat' dir='ltr'><strong>Quod</strong></span> <span class='ocrx_word' id='word_1_828' title='bbox 2409 3945 2519 4006; x_wconf 90' lang='lat' dir='ltr'><strong>est,</strong></span> <span class='ocrx_word' id='word_1_829' title='bbox 2555 3937 2739 3992; x_wconf 88' lang='lat' dir='ltr'><strong>Omnia</strong></span> <span class='ocrx_word' id='word_1_830' title='bbox 2770 3938 2906 3993; x_wconf 85' lang='lat' dir='ltr'><strong>licita</strong></span> <span class='ocrx_word' id='word_1_831' title='bbox 2930 3951 3083 4006; x_wconf 87' lang='lat' dir='ltr'><strong>sunt;</strong></span> <span class='ocrx_word' id='word_1_832' title='bbox 3115 3941 3297 4013; x_wconf 86' lang='lat' dir='ltr'><strong>ipsum</strong></span> <span class='ocrx_word' id='word_1_833' title='bbox 3327 3950 3442 4008; x_wconf 89' lang='lat' dir='ltr'><strong>est,</strong></span> <span class='ocrx_word' id='word_1_834' title='bbox 3475 3938 3635 3994; x_wconf 87' lang='lat' dir='ltr'><strong>Omnia</strong></span> <span class='ocrx_word' id='word_1_835' title='bbox 3662 3932 3739 4004; x_wconf 73' lang='lat' dir='ltr'><strong>qui-</strong></span> 
     </span>
    </p>
   </div>
   <div class='ocr_carea' id='block_1_101' title="bbox 2212 4028 3740 4104">
    <p class='ocr_par' dir='ltr' id='par_1_101' title="bbox 2212 4028 3740 4104">
     <span class='ocr_line' id='line_1_101' title="bbox 2212 4028 3740 4104; baseline 0.003 -22"><span class='ocrx_word' id='word_1_836' title='bbox 2212 4028 2326 4082; x_wconf 86' lang='lat' dir='ltr'><strong>dem</strong></span> <span class='ocrx_word' id='word_1_837' title='bbox 2354 4030 2544 4085; x_wconf 88' lang='lat' dir='ltr'><strong>munda</strong></span> <span class='ocrx_word' id='word_1_838' title='bbox 2568 4047 2587 4086; x_wconf 92' lang='lat'><strong><em>:</em></strong></span> <span class='ocrx_word' id='word_1_839' title='bbox 2609 4042 2661 4086; x_wconf 91' lang='lat' dir='ltr'><strong>et</strong></span> <span class='ocrx_word' id='word_1_840' title='bbox 2701 4032 2842 4104; x_wconf 88' lang='lat' dir='ltr'><strong>quod</strong></span> <span class='ocrx_word' id='word_1_841' title='bbox 2870 4042 2986 4101; x_wconf 88' lang='lat' dir='ltr'><strong>est,</strong></span> <span class='ocrx_word' id='word_1_842' title='bbox 3027 4036 3115 4089; x_wconf 88' lang='lat' dir='ltr'><strong>sed</strong></span> <span class='ocrx_word' id='word_1_843' title='bbox 3146 4053 3252 4091; x_wconf 89' lang='lat' dir='ltr'><strong>non</strong></span> <span class='ocrx_word' id='word_1_844' title='bbox 3294 4037 3463 4090; x_wconf 87' lang='lat' dir='ltr'><strong>omnia</strong></span> <span class='ocrx_word' id='word_1_845' title='bbox 3497 4030 3740 4104; x_wconf 69' lang='lat' dir='ltr'><strong>expediunt;</strong></span> 
     </span>
    </p>
   </div>
   <div class='ocr_carea' id='block_1_102' title="bbox 2213 4121 3743 4199">
    <p class='ocr_par' dir='ltr' id='par_1_102' title="bbox 2213 4121 3743 4199">
     <span class='ocr_line' id='line_1_102' title="bbox 2213 4121 3743 4199; baseline 0.001 -24"><span class='ocrx_word' id='word_1_846' title='bbox 2213 4121 2385 4190; x_wconf 84' lang='lat' dir='ltr'><strong>ipsum</strong></span> <span class='ocrx_word' id='word_1_847' title='bbox 2411 4131 2529 4189; x_wconf 86' lang='lat' dir='ltr'><strong>est,</strong></span> <span class='ocrx_word' id='word_1_848' title='bbox 2566 4122 2656 4176; x_wconf 87' lang='lat' dir='ltr'><strong>sed</strong></span> <span class='ocrx_word' id='word_1_849' title='bbox 2678 4124 2868 4178; x_wconf 90' lang='lat' dir='ltr'><strong>malum</strong></span> <span class='ocrx_word' id='word_1_850' title='bbox 2901 4135 2973 4180; x_wconf 86' lang='lat' dir='ltr'><strong>est</strong></span> <span class='ocrx_word' id='word_1_851' title='bbox 3014 4126 3213 4181; x_wconf 86' lang='lat' dir='ltr'><strong>homini</strong></span> <span class='ocrx_word' id='word_1_852' title='bbox 3260 4129 3346 4199; x_wconf 84' lang='lat' dir='ltr'><strong>qui</strong></span> <span class='ocrx_word' id='word_1_853' title='bbox 3374 4144 3461 4199; x_wconf 87' lang='lat' dir='ltr'><strong>per</strong></span> <span class='ocrx_word' id='word_1_854' title='bbox 3481 4122 3743 4192; x_wconf 72' lang='lat' dir='ltr'><strong>oﬂ&#39;ensiontm</strong></span> 
     </span>
    </p>
   </div>
   <div class='ocr_carea' id='block_1_103' title="bbox 2212 4211 3733 4286">
    <p class='ocr_par' dir='ltr' id='par_1_103' title="bbox 2212 4211 3733 4286">
     <span class='ocr_line' id='line_1_103' title="bbox 2212 4211 3733 4286; baseline 0.004 -22"><span class='ocrx_word' id='word_1_855' title='bbox 2212 4211 2504 4266; x_wconf 89' lang='lat' dir='ltr'><strong>manducat.</strong></span> <span class='ocrx_word' id='word_1_856' title='bbox 2555 4212 2628 4267; x_wconf 90' lang='lat' dir='ltr'><strong>Ita</strong></span> <span class='ocrx_word' id='word_1_857' title='bbox 2669 4213 2900 4268; x_wconf 85' lang='lat' dir='ltr'><strong>ostendit</strong></span> <span class='ocrx_word' id='word_1_858' title='bbox 2939 4229 3001 4269; x_wconf 89' lang='lat' dir='ltr'><strong>ea</strong></span> <span class='ocrx_word' id='word_1_859' title='bbox 3031 4231 3150 4286; x_wconf 76' lang='lat' dir='ltr'><strong>qua:</strong></span> <span class='ocrx_word' id='word_1_860' title='bbox 3205 4217 3352 4272; x_wconf 87' lang='lat' dir='ltr'><strong>licita</strong></span> <span class='ocrx_word' id='word_1_861' title='bbox 3400 4226 3550 4280; x_wconf 90' lang='lat' dir='ltr'><strong>sunt,</strong></span> <span class='ocrx_word' id='word_1_862' title='bbox 3580 4213 3623 4267; x_wconf 88' lang='lat' dir='ltr'><strong>id</strong></span> <span class='ocrx_word' id='word_1_863' title='bbox 3660 4216 3733 4269; x_wconf 77' lang='lat' dir='ltr'><strong>est.</strong></span> 
     </span>
    </p>
   </div>
   <div class='ocr_carea' id='block_1_104' title="bbox 2213 4298 3745 4378">
    <p class='ocr_par' dir='ltr' id='par_1_104' title="bbox 2213 4298 3745 4378">
     <span class='ocr_line' id='line_1_104' title="bbox 2213 4298 3745 4378; baseline 0.002 -21"><span class='ocrx_word' id='word_1_864' title='bbox 2213 4303 2358 4358; x_wconf 88' lang='lat' dir='ltr'><strong>nullo</strong></span> <span class='ocrx_word' id='word_1_865' title='bbox 2400 4313 2668 4375; x_wconf 72' lang='lat' dir='ltr'><strong>pramepto</strong></span> <span class='ocrx_word' id='word_1_866' title='bbox 2713 4305 2922 4360; x_wconf 90' lang='lat' dir='ltr'><strong>Domini</strong></span> <span class='ocrx_word' id='word_1_867' title='bbox 2967 4308 3362 4378; x_wconf 88' lang='lat' dir='ltr'><strong>prohibentur,</strong></span> <span class='ocrx_word' id='word_1_868' title='bbox 3411 4309 3544 4366; x_wconf 88' lang='lat' dir='ltr'><strong>sicut</strong></span> <span class='ocrx_word' id='word_1_869' title='bbox 3583 4298 3745 4374; x_wconf 67' lang='lat' dir='ltr'><strong>expedit</strong></span> 
     </span>
    </p>
   </div>
   <div class='ocr_carea' id='block_1_105' title="bbox 2213 4389 3745 4474">
    <p class='ocr_par' dir='ltr' id='par_1_105' title="bbox 2213 4389 3745 4474">
     <span class='ocr_line' id='line_1_105' title="bbox 2213 4389 3745 4474; baseline 0.003 -24"><span class='ocrx_word' id='word_1_870' title='bbox 2213 4399 2390 4467; x_wconf 88' lang='lat' dir='ltr'><strong>potius</strong></span> <span class='ocrx_word' id='word_1_871' title='bbox 2429 4413 2550 4454; x_wconf 91' lang='lat' dir='ltr'><strong>esse</strong></span> <span class='ocrx_word' id='word_1_872' title='bbox 2605 4399 2915 4467; x_wconf 88' lang='lat' dir='ltr'><strong>tractanda,</strong></span> <span class='ocrx_word' id='word_1_873' title='bbox 2967 4416 3073 4456; x_wconf 90' lang='lat' dir='ltr'><strong>non</strong></span> <span class='ocrx_word' id='word_1_874' title='bbox 3126 4400 3631 4474; x_wconf 66' lang='lat' dir='ltr'><strong>prtescriptolegis,</strong></span> <span class='ocrx_word' id='word_1_875' title='bbox 3677 4389 3745 4448; x_wconf 66' lang='lat' dir='ltr'><strong>sed</strong></span> 
     </span>
    </p>
   </div>
   <div class='ocr_carea' id='block_1_106' title="bbox 2213 4493 3748 4568">
    <p class='ocr_par' dir='ltr' id='par_1_106' title="bbox 2213 4493 3748 4568">
     <span class='ocr_line' id='line_1_106' title="bbox 2213 4493 3748 4568; baseline -0.005 -20"><span class='ocrx_word' id='word_1_876' title='bbox 2213 4494 2436 4548; x_wconf 90' lang='lat' dir='ltr'><strong>consilio</strong></span> <span class='ocrx_word' id='word_1_877' title='bbox 2465 4493 2760 4550; x_wconf 90' lang='lat' dir='ltr'><strong>eharitatis.</strong></span> <span class='ocrx_word' id='word_1_878' title='bbox 2787 4494 2914 4552; x_wconf 74' lang='lat' dir='ltr'><strong>Hmc</strong></span> <span class='ocrx_word' id='word_1_879' title='bbox 2957 4506 3084 4551; x_wconf 90' lang='lat' dir='ltr'><strong>sunt</strong></span> <span class='ocrx_word' id='word_1_880' title='bbox 3111 4513 3236 4567; x_wconf 73' lang='lat' dir='ltr'><strong>qua:</strong></span> <span class='ocrx_word' id='word_1_881' title='bbox 3263 4497 3495 4568; x_wconf 88' lang='lat' dir='ltr'><strong>amplius</strong></span> <span class='ocrx_word' id='word_1_882' title='bbox 3518 4497 3748 4564; x_wconf 77' lang='lat' dir='ltr'><strong>erogantur</strong></span> 
     </span>
    </p>
   </div>
   <div class='ocr_carea' id='block_1_107' title="bbox 2213 4581 3751 4656">
    <p class='ocr_par' dir='ltr' id='par_1_107' title="bbox 2213 4581 3751 4656">
     <span class='ocr_line' id='line_1_107' title="bbox 2213 4581 3751 4656; baseline -0.005 -14"><span class='ocrx_word' id='word_1_883' title='bbox 2213 4587 2425 4652; x_wconf 87' lang='lat' dir='ltr'><strong>saucio,</strong></span> <span class='ocrx_word' id='word_1_884' title='bbox 2459 4586 2550 4656; x_wconf 90' lang='lat' dir='ltr'><strong>qui</strong></span> <span class='ocrx_word' id='word_1_885' title='bbox 2577 4586 2844 4642; x_wconf 87' lang='lat' dir='ltr'><strong>curandus</strong></span> <span class='ocrx_word' id='word_1_886' title='bbox 2885 4587 2952 4643; x_wconf 89' lang='lat' dir='ltr'><strong>ad</strong></span> <span class='ocrx_word' id='word_1_887' title='bbox 2989 4589 3264 4644; x_wconf 85' lang='lat' dir='ltr'><strong>stabulum</strong></span> <span class='ocrx_word' id='word_1_888' title='bbox 3293 4587 3602 4647; x_wconf 87' lang='lat' dir='ltr'><strong>Samaritani</strong></span> <span class='ocrx_word' id='word_1_889' title='bbox 3644 4581 3751 4638; x_wconf 79' lang='lat' dir='ltr'><strong>illius</strong></span> 
     </span>
    </p>
   </div>
   <div class='ocr_carea' id='block_1_108' title="bbox 2213 4671 3750 4753">
    <p class='ocr_par' dir='ltr' id='par_1_108' title="bbox 2213 4671 3750 4753">
     <span class='ocr_line' id='line_1_108' title="bbox 2213 4671 3750 4753; baseline -0.005 -20"><span class='ocrx_word' id='word_1_890' title='bbox 2213 4677 2554 4733; x_wconf 89' lang='lat' dir='ltr'><strong>miseratione</strong></span> <span class='ocrx_word' id='word_1_891' title='bbox 2601 4677 2887 4748; x_wconf 88' lang='lat' dir='ltr'><strong>perductus</strong></span> <span class='ocrx_word' id='word_1_892' title='bbox 2934 4689 3017 4734; x_wconf 90' lang='lat' dir='ltr'><strong>est</strong></span> <span class='ocrx_word' id='word_1_893' title='bbox 3040 4678 3191 4753; x_wconf 88' lang='lat' dir='ltr'><strong>(Luc.</strong></span> <span class='ocrx_word' id='word_1_894' title='bbox 3223 4698 3258 4736; x_wconf 82' lang='lat' dir='ltr'><strong>x</strong></span> <span class='ocrx_word' id='word_1_895' title='bbox 3284 4725 3298 4746; x_wconf 89' lang='lat'><strong>,</strong></span> <span class='ocrx_word' id='word_1_896' title='bbox 3349 4681 3552 4752; x_wconf 73' lang='lat'><strong>35-35).</strong></span> <span class='ocrx_word' id='word_1_897' title='bbox 3581 4676 3640 4733; x_wconf 83' lang='grc' dir='ltr'>Ει</span> <span class='ocrx_word' id='word_1_898' title='bbox 3663 4671 3750 4728; x_wconf 77' lang='lat' dir='ltr'><strong>ideo</strong></span> 
     </span>
    </p>
   </div>
   <div class='ocr_carea' id='block_1_109' title="bbox 2213 4763 3752 4846">
    <p class='ocr_par' dir='ltr' id='par_1_109' title="bbox 2213 4763 3752 4846">
     <span class='ocr_line' id='line_1_109' title="bbox 2213 4763 3752 4846; baseline -0.004 -23"><span class='ocrx_word' id='word_1_899' title='bbox 2213 4768 2461 4846; x_wconf 61' lang='lat' dir='ltr'><strong>dicuntut‘</strong></span> <span class='ocrx_word' id='word_1_900' title='bbox 2489 4783 2593 4824; x_wconf 90' lang='lat' dir='ltr'><strong>non</strong></span> <span class='ocrx_word' id='word_1_901' title='bbox 2620 4784 2650 4823; x_wconf 92' lang='lat' dir='ltr'><strong>a</strong></span> <span class='ocrx_word' id='word_1_902' title='bbox 2692 4769 2921 4826; x_wconf 91' lang='lat' dir='ltr'><strong>Domino</strong></span> <span class='ocrx_word' id='word_1_903' title='bbox 2948 4772 3202 4842; x_wconf 70' lang='lat' dir='ltr'><strong>prmcipi,</strong></span> <span class='ocrx_word' id='word_1_904' title='bbox 3251 4774 3499 4844; x_wconf 89' lang='lat' dir='ltr'><strong>quamvis</strong></span> <span class='ocrx_word' id='word_1_905' title='bbox 3531 4767 3718 4826; x_wconf 87' lang='lat' dir='ltr'><strong>Domino</strong></span> <span class='ocrx_word' id='word_1_906' title='bbox 3738 4763 3752 4788; x_wconf 82' lang='lat'><strong>&#39;</strong></span> 
     </span>
    </p>
   </div>
   <div class='ocr_carea' id='block_1_110' title="bbox 2212 4857 3754 4938">
    <p class='ocr_par' dir='ltr' id='par_1_110' title="bbox 2212 4857 3754 4938">
     <span class='ocr_line' id='line_1_110' title="bbox 2212 4857 3754 4938; baseline 0.003 -20"><span class='ocrx_word' id='word_1_907' title='bbox 2212 4871 2527 4918; x_wconf 74' lang='lat' dir='ltr'><strong>maneantur</strong></span> <span class='ocrx_word' id='word_1_908' title='bbox 2552 4862 2768 4930; x_wconf 74' lang='lat' dir='ltr'><strong>offerri;</strong></span> <span class='ocrx_word' id='word_1_909' title='bbox 2795 4873 2854 4918; x_wconf 90' lang='lat' dir='ltr'><strong>ut</strong></span> <span class='ocrx_word' id='word_1_910' title='bbox 2892 4873 3037 4920; x_wconf 88' lang='lat' dir='ltr'><strong>tanto</strong></span> <span class='ocrx_word' id='word_1_911' title='bbox 3066 4865 3439 4938; x_wconf 83' lang='lat' dir='ltr'><strong>intelligantur</strong></span> <span class='ocrx_word' id='word_1_912' title='bbox 3467 4879 3580 4922; x_wconf 84' lang='lat' dir='ltr'><strong>esse</strong></span> <span class='ocrx_word' id='word_1_913' title='bbox 3606 4857 3754 4933; x_wconf 68' lang='lat' dir='ltr'><strong>gnliu‘</strong></span> 
     </span>
    </p>
   </div>
   <div class='ocr_carea' id='block_1_111' title="bbox 2212 4956 3385 5027">
    <p class='ocr_par' dir='ltr' id='par_1_111' title="bbox 2212 4956 3385 5027">
     <span class='ocr_line' id='line_1_111' title="bbox 2212 4956 3385 5027; baseline 0.002 -16"><span class='ocrx_word' id='word_1_914' title='bbox 2212 4971 2292 5024; x_wconf 89' lang='lat' dir='ltr'><strong>ra,</strong></span> <span class='ocrx_word' id='word_1_915' title='bbox 2324 4964 2521 5026; x_wconf 87' lang='lat' dir='ltr'><strong>quanto</strong></span> <span class='ocrx_word' id='word_1_916' title='bbox 2548 4957 2715 5027; x_wconf 86' lang='lat' dir='ltr'><strong>magis</strong></span> <span class='ocrx_word' id='word_1_917' title='bbox 2745 4956 3097 5013; x_wconf 88' lang='lat' dir='ltr'><strong>ostenduntur</strong></span> <span class='ocrx_word' id='word_1_918' title='bbox 3117 4959 3385 5018; x_wconf 85' lang='lat' dir='ltr'><strong>indebita.</strong></span> 
     </span>
    </p>
   </div>
   <div class='ocr_carea' id='block_1_112' title="bbox 2283 5046 3757 5125">
    <p class='ocr_par' dir='ltr' id='par_1_112' title="bbox 2283 5046 3757 5125">
     <span class='ocr_line' id='line_1_112' title="bbox 2283 5046 3757 5125; baseline 0.001 -22"><span class='ocrx_word' id='word_1_919' title='bbox 2283 5046 2507 5104; x_wconf 85' lang='lat' dir='ltr'><strong>CAPUT</strong></span> <span class='ocrx_word' id='word_1_920' title='bbox 2544 5047 2662 5103; x_wconf 81' lang='lat' dir='ltr'><strong>XV.</strong></span> <span class='ocrx_word' id='word_1_921' title='bbox 2689 5049 2868 5106; x_wconf 76' lang='grc'><strong>-16.</strong></span> <span class='ocrx_word' id='word_1_922' title='bbox 2905 5047 3069 5106; x_wconf 82' lang='lat' dir='ltr'><strong>Licita</strong></span> <span class='ocrx_word' id='word_1_923' title='bbox 3094 5053 3336 5120; x_wconf 67' lang='lat' dir='ltr'><strong>quaedam</strong></span> <span class='ocrx_word' id='word_1_924' title='bbox 3363 5068 3481 5125; x_wconf 70' lang='lat' dir='ltr'><strong>quae</strong></span> <span class='ocrx_word' id='word_1_925' title='bbox 3515 5065 3607 5106; x_wconf 89' lang='lat' dir='ltr'><strong>non</strong></span> <span class='ocrx_word' id='word_1_926' title='bbox 3640 5056 3757 5114; x_wconf 66' lang='grc' dir='ltr'><strong>αρέ·</strong></span> 
     </span>
    </p>
   </div>
   <div class='ocr_carea' id='block_1_113' title="bbox 2213 5134 3758 5215">
    <p class='ocr_par' dir='ltr' id='par_1_113' title="bbox 2213 5134 3758 5215">
     <span class='ocr_line' id='line_1_113' title="bbox 2213 5134 3758 5215; baseline -0.001 -21"><span class='ocrx_word' id='word_1_927' title='bbox 2213 5140 2376 5210; x_wconf 85' lang='lat' dir='ltr'><strong>diunt.</strong></span> <span class='ocrx_word' id='word_1_928' title='bbox 2405 5139 2512 5195; x_wconf 92' lang='lat' dir='ltr'><strong>Sed</strong></span> <span class='ocrx_word' id='word_1_929' title='bbox 2537 5155 2600 5194; x_wconf 89' lang='lat' dir='ltr'><strong>ea</strong></span> <span class='ocrx_word' id='word_1_930' title='bbox 2628 5155 2748 5211; x_wconf 73' lang='lat' dir='ltr'><strong>qua:</strong></span> <span class='ocrx_word' id='word_1_931' title='bbox 2775 5141 2828 5194; x_wconf 90' lang='lat' dir='ltr'><strong>in</strong></span> <span class='ocrx_word' id='word_1_932' title='bbox 2859 5141 2946 5196; x_wconf 91' lang='lat' dir='ltr'><strong>his</strong></span> <span class='ocrx_word' id='word_1_933' title='bbox 2972 5143 3095 5198; x_wconf 87' lang='lat' dir='ltr'><strong>talia</strong></span> <span class='ocrx_word' id='word_1_934' title='bbox 3123 5152 3284 5212; x_wconf 88' lang='lat' dir='ltr'><strong>sunt,</strong></span> <span class='ocrx_word' id='word_1_935' title='bbox 3316 5153 3377 5200; x_wconf 88' lang='lat' dir='ltr'><strong>ut</strong></span> <span class='ocrx_word' id='word_1_936' title='bbox 3414 5140 3644 5215; x_wconf 83' lang='lat' dir='ltr'><strong>quamvis</strong></span> <span class='ocrx_word' id='word_1_937' title='bbox 3679 5134 3758 5188; x_wconf 63' lang='lat' dir='ltr'><strong>sint</strong></span> 
     </span>
    </p>
   </div>
   <div class='ocr_carea' id='block_1_114' title="bbox 2212 5232 3759 5310">
    <p class='ocr_par' dir='ltr' id='par_1_114' title="bbox 2212 5232 3759 5310">
     <span class='ocr_line' id='line_1_114' title="bbox 2212 5232 3759 5310; baseline 0.001 -24"><span class='ocrx_word' id='word_1_938' title='bbox 2212 5233 2353 5287; x_wconf 89' lang='lat' dir='ltr'><strong>licita</strong></span> <span class='ocrx_word' id='word_1_939' title='bbox 2378 5247 2482 5287; x_wconf 89' lang='lat' dir='ltr'><strong>non</strong></span> <span class='ocrx_word' id='word_1_940' title='bbox 2531 5232 2854 5303; x_wconf 81' lang='lat' dir='ltr'><strong>expediant,</strong></span> <span class='ocrx_word' id='word_1_941' title='bbox 2877 5251 2983 5289; x_wconf 89' lang='lat' dir='ltr'><strong>non</strong></span> <span class='ocrx_word' id='word_1_942' title='bbox 3010 5236 3062 5291; x_wconf 91' lang='lat' dir='ltr'><strong>in</strong></span> <span class='ocrx_word' id='word_1_943' title='bbox 3092 5237 3171 5292; x_wconf 87' lang='lat' dir='ltr'><strong>eis</strong></span> <span class='ocrx_word' id='word_1_944' title='bbox 3198 5237 3310 5293; x_wconf 92' lang='lat' dir='ltr'><strong>dici</strong></span> <span class='ocrx_word' id='word_1_945' title='bbox 3344 5247 3553 5310; x_wconf 80' lang='lat' dir='ltr'><strong>poteSt,</strong></span> <span class='ocrx_word' id='word_1_946' title='bbox 3595 5232 3759 5288; x_wconf 77' lang='lat' dir='ltr'><strong>Bonum</strong></span> 
     </span>
    </p>
   </div>
   <div class='ocr_carea' id='block_1_115' title="bbox 2210 5317 3756 5393">
    <p class='ocr_par' dir='ltr' id='par_1_115' title="bbox 2210 5317 3756 5393">
     <span class='ocr_line' id='line_1_115' title="bbox 2210 5317 3756 5393; baseline 0.004 -13"><span class='ocrx_word' id='word_1_947' title='bbox 2210 5334 2295 5380; x_wconf 90' lang='lat' dir='ltr'><strong>est</strong></span> <span class='ocrx_word' id='word_1_948' title='bbox 2340 5325 2472 5393; x_wconf 88' lang='lat' dir='ltr'><strong>hoc,</strong></span> <span class='ocrx_word' id='word_1_949' title='bbox 2523 5325 2619 5382; x_wconf 87' lang='lat' dir='ltr'><strong>sed</strong></span> <span class='ocrx_word' id='word_1_950' title='bbox 2658 5326 2786 5382; x_wconf 91' lang='lat' dir='ltr'><strong>illud</strong></span> <span class='ocrx_word' id='word_1_951' title='bbox 2829 5328 3022 5384; x_wconf 89' lang='lat' dir='ltr'><strong>melius</strong></span> <span class='ocrx_word' id='word_1_952' title='bbox 3054 5346 3068 5384; x_wconf 90' lang='lat'><strong>:</strong></span> <span class='ocrx_word' id='word_1_953' title='bbox 3095 5329 3234 5385; x_wconf 88' lang='lat' dir='ltr'><strong>sicut</strong></span> <span class='ocrx_word' id='word_1_954' title='bbox 3277 5331 3486 5386; x_wconf 77' lang='lat' dir='ltr'><strong>dictant</strong></span> <span class='ocrx_word' id='word_1_955' title='bbox 3528 5335 3632 5390; x_wconf 84' lang='lat' dir='ltr'><strong>est,</strong></span> <span class='ocrx_word' id='word_1_956' title='bbox 3680 5317 3756 5386; x_wconf 57' lang='lat'><strong>0‘5</strong></span> 
     </span>
    </p>
   </div>
   <div class='ocr_carea' id='block_1_116' title="bbox 2212 5418 3762 5493">
    <p class='ocr_par' dir='ltr' id='par_1_116' title="bbox 2212 5418 3762 5493">
     <span class='ocr_line' id='line_1_116' title="bbox 2212 5418 3762 5493; baseline 0.001 -22"><span class='ocrx_word' id='word_1_957' title='bbox 2212 5418 2300 5472; x_wconf 88' lang='lat' dir='ltr'><strong>dat</strong></span> <span class='ocrx_word' id='word_1_958' title='bbox 2350 5428 2561 5490; x_wconf 85' lang='lat' dir='ltr'><strong>nuptum</strong></span> <span class='ocrx_word' id='word_1_959' title='bbox 2586 5458 2602 5485; x_wconf 93' lang='lat'><strong>,</strong></span> <span class='ocrx_word' id='word_1_960' title='bbox 2633 5419 2755 5474; x_wconf 89' lang='lat' dir='ltr'><strong>bene</strong></span> <span class='ocrx_word' id='word_1_961' title='bbox 2792 5420 2951 5492; x_wconf 88' lang='lat' dir='ltr'><strong>facit;</strong></span> <span class='ocrx_word' id='word_1_962' title='bbox 2975 5429 3021 5476; x_wconf 90' lang='lat' dir='ltr'><strong>et</strong></span> <span class='ocrx_word' id='word_1_963' title='bbox 3049 5421 3136 5491; x_wconf 80' lang='lat' dir='ltr'><strong>qui</strong></span> <span class='ocrx_word' id='word_1_964' title='bbox 3176 5438 3284 5476; x_wconf 88' lang='lat' dir='ltr'><strong>non</strong></span> <span class='ocrx_word' id='word_1_965' title='bbox 3313 5423 3404 5477; x_wconf 88' lang='lat' dir='ltr'><strong>dat</strong></span> <span class='ocrx_word' id='word_1_966' title='bbox 3431 5431 3656 5493; x_wconf 72' lang='lat' dir='ltr'><strong>nuptum,</strong></span> <span class='ocrx_word' id='word_1_967' title='bbox 3684 5424 3762 5465; x_wconf 63' lang='grc' dir='ltr'><strong>ιη’</strong></span> 
     </span>
    </p>
   </div>
   <div class='ocr_carea' id='block_1_117' title="bbox 2277 5573 3762 5643">
    <p class='ocr_par' dir='ltr' id='par_1_117' title="bbox 2277 5573 3762 5643">
     <span class='ocr_line' id='line_1_117' title="bbox 2277 5573 3762 5643; baseline -0.008 -13"><span class='ocrx_word' id='word_1_968' title='bbox 2277 5582 2292 5612; x_wconf 72' lang='grc' dir='ltr'>ί</span> <span class='ocrx_word' id='word_1_969' title='bbox 2329 5579 2558 5629; x_wconf 81' lang='lat' dir='ltr'><strong>Particula</strong></span> <span class='ocrx_word' id='word_1_970' title='bbox 2579 5615 2593 5639; x_wconf 96' lang='lat'><strong>,</strong></span> <span class='ocrx_word' id='word_1_971' title='bbox 2631 5580 2750 5632; x_wconf 81' lang='lat' dir='ltr'><strong>mihi</strong></span> <span class='ocrx_word' id='word_1_972' title='bbox 2772 5616 2785 5640; x_wconf 95' lang='lat'><strong>,</strong></span> <span class='ocrx_word' id='word_1_973' title='bbox 2812 5581 2902 5629; x_wconf 90' lang='lat' dir='ltr'><strong>hoc</strong></span> <span class='ocrx_word' id='word_1_974' title='bbox 2942 5587 2994 5630; x_wconf 83' lang='lat' dir='ltr'><strong>et</strong></span> <span class='ocrx_word' id='word_1_975' title='bbox 3027 5581 3247 5643; x_wconf 81' lang='lat' dir='ltr'><strong>proximo</strong></span> <span class='ocrx_word' id='word_1_976' title='bbox 3301 5573 3427 5631; x_wconf 71' lang='lat' dir='ltr'><strong>infra</strong></span> <span class='ocrx_word' id='word_1_977' title='bbox 3464 5580 3564 5631; x_wconf 86' lang='lat' dir='ltr'><strong>loco</strong></span> <span class='ocrx_word' id='word_1_978' title='bbox 3600 5575 3714 5625; x_wconf 80' lang='lat' dir='ltr'><strong>abest</strong></span> <span class='ocrx_word' id='word_1_979' title='bbox 3738 5575 3762 5614; x_wconf 71' lang='grc' dir='ltr'><strong>α</strong></span> 
     </span>
    </p>
   </div>
   <div class='ocr_carea' id='block_1_118' title="bbox 2211 5650 3453 5768">
    <p class='ocr_par' dir='ltr' id='par_1_118' title="bbox 2211 5650 3453 5768">
     <span class='ocr_line' id='line_1_118' title="bbox 2211 5650 3453 5768; baseline 0.005 -16"><span class='ocrx_word' id='word_1_980' title='bbox 2211 5650 2399 5752; x_wconf 49' lang='lat' dir='ltr'><strong>“ista</strong></span> <span class='ocrx_word' id='word_1_981' title='bbox 2420 5710 2524 5752; x_wconf 71' lang='lat' dir='ltr'><strong>Mss.</strong></span> <span class='ocrx_word' id='word_1_982' title='bbox 2552 5711 2606 5754; x_wconf 84' lang='grc' dir='ltr'>Αι</span> <span class='ocrx_word' id='word_1_983' title='bbox 2627 5704 2763 5768; x_wconf 85' lang='lat' dir='ltr'><strong>editi,</strong></span> <span class='ocrx_word' id='word_1_984' title='bbox 2787 5717 2818 5754; x_wconf 88' lang='lat' dir='ltr'><strong>a</strong></span> <span class='ocrx_word' id='word_1_985' title='bbox 2847 5703 3044 5758; x_wconf 84' lang='lat' dir='ltr'><strong>Domino</strong></span> <span class='ocrx_word' id='word_1_986' title='bbox 3071 5717 3087 5756; x_wconf 92' lang='lat'><em>:</em></span> <span class='ocrx_word' id='word_1_987' title='bbox 3111 5702 3277 5757; x_wconf 84' lang='lat' dir='ltr'><strong>minus</strong></span> <span class='ocrx_word' id='word_1_988' title='bbox 3299 5705 3453 5760; x_wconf 84' lang='lat' dir='ltr'><strong>bene.</strong></span> 
     </span>
    </p>
   </div>
  </div>
