3930 6368
264 151 343 210 ιω
1717 164 1920 220 LIBER
1950 158 2222 218 PRIMUS.

281 277 367 333 tius
391 277 520 351 facit
548 277 597 352 (ἶ
628 280 767 337 Cor.
800 300 881 340 vn
906 328 919 349 ,
950 285 1070 357 '58).
1105 284 1180 339 lbi
1208 285 1340 339 enim
1364 291 1648 354 utrumque
1676 282 1835 349 licet,
1862 291 1915 337 et

297 370 396 430 hoc
436 374 783 447 aliquando,
847 378 1148 449 aliquando
1192 376 1314 432 illud
1358 376 1588 445 expedit.
1644 375 1774 431 Nam
1813 376 1918 431 illis

324 485 427 542 qute
465 484 526 524 se
561 484 682 524 non
710 471 1040 536 continent,
1096 470 1275 538 utique
1321 467 1534 538 expedit
1580 466 1814 530 nubere;
1865 474 1919 521 et

320 562 451 635 quod
475 562 609 617 licet
630 604 647 628 ,
680 561 907 633 expedit
938 580 951 615 :
982 576 1103 631 qua:
1139 567 1317 613 autem
1346 559 1590 613 voverint
1634 557 1917 611 continen-

318 659 446 711 tiam
468 699 481 719 ,
508 671 611 710 nec
637 655 796 717 licet,
822 669 924 709 nec
942 652 1178 723 expedit.
1212 652 1378 705 Porro
1425 650 1703 705 discedere
1729 650 1797 704 ab
1838 648 1920 702 in-

319 751 462 806 ﬁdeli
494 750 727 819 conjuge
757 749 914 813 licet,
944 747 1036 801 sed
1066 761 1169 798 non
1198 743 1413 813 expedit
1445 760 1457 795 :
1502 757 1717 796 manere
1740 748 1919 794 autem

317 856 440 896 cum
471 841 600 907 illo,
633 840 680 893 si
712 838 1021 892 cohabitare
1042 833 1337 898 consentit,
1370 842 1423 887 et
1450 832 1571 887 licet
1595 839 1649 886 et
1673 829 1916 901 expedit;

320 933 443 1001 quia
478 932 523 985 si
558 946 666 984 non
695 931 911 996 liceret,
944 926 1195 997 expedire
1224 942 1327 979 non
1356 933 1554 996 posset.
1586 924 1767 979 Potest
1794 937 1919 992 ergo

319 1023 523 1092 aliquid
556 1022 725 1075 licere
751 1029 804 1075 et
831 1035 934 1073 non
965 1017 1215 1087 expedire
1247 1035 1259 1070 :
1285 1015 1539 1085 expedire
1566 1022 1743 1068 autem
1779 1012 1918 1084 quod

320 1129 429 1168 non
461 1113 593 1166 licet
622 1128 727 1165 non
760 1117 952 1180 potest.
984 1109 1057 1163 Ac
1085 1123 1180 1178 per
1208 1107 1309 1162 hoc
1336 1122 1440 1161 non
1463 1106 1640 1159 omnia
1661 1105 1800 1159 licita
1828 1120 1919 1159 ex-

322 1203 581 1274 pediunt;
614 1202 794 1257 omnia
841 1210 1016 1253 autem
1059 1198 1242 1252 illicita
1284 1212 1390 1251 non
1419 1194 1725 1265 expediunt.
1773 1195 1921 1251 Sicut

322 1296 466 1350 enim
528 1295 712 1347 omnis
759 1292 848 1362 qui
897 1289 1095 1345 Christi
1141 1288 1397 1359 sanguine
1452 1286 1758 1355 redemptus
1807 1292 1914 1349 est,

322 1387 486 1440 homo
513 1393 636 1447 est;
678 1397 782 1436 non
827 1392 1002 1436 tamen
1057 1379 1227 1433 omnis
1270 1378 1357 1448 qui
1398 1376 1559 1430 homo
1599 1384 1715 1441 est,
1761 1376 1919 1429 etiam

318 1478 591 1547 sanguine
631 1474 830 1529 Christi
860 1472 1165 1540 redemptus
1203 1477 1282 1523 est
1309 1487 1321 1522 :
1350 1468 1421 1522 ita
1454 1481 1611 1520 omne
1645 1464 1785 1536 quod
1814 1480 1918 1519 non

316 1568 448 1621 licet
476 1581 586 1620 non
614 1564 866 1633 expedit,
894 1576 992 1616 nec
1021 1570 1194 1615 tamen
1227 1574 1385 1613 omne
1410 1556 1550 1626 quod
1577 1571 1682 1611 non
1709 1554 1922 1625 expedit

312 1658 485 1713 etiam
510 1672 617 1710 non
643 1656 789 1709 licet.
813 1654 949 1709 Sunt
968 1652 1161 1722 quippe
1182 1652 1325 1705 licita
1348 1665 1464 1721 quae
1481 1664 1587 1704 non
1608 1647 1918 1718 expediunt,

310 1749 462 1803 sicut
492 1747 757 1815 Apostolo
785 1753 921 1798 teste
949 1743 1254 1797 didicimus.

393 1836 631 1891 CAPUT
661 1834 803 1888 XVI.
819 1864 891 1873 —
908 1832 995 1887 l7.
1019 1830 1227 1885 Licitum
1239 1829 1373 1903 quod
1391 1845 1492 1883 non
1519 1827 1735 1898 expedit,
1756 1825 1923 1894 differt

314 1928 389 1981 ab
415 1928 600 1980 illicito
622 1968 635 1989 ,
657 1928 727 1979 ita
752 1934 805 1978 ut
828 1924 959 1977 illud
987 1924 1031 1976 si
1059 1924 1147 1991 fiat
1168 1964 1181 1987 ,
1205 1939 1305 1975 non
1330 1922 1394 1976 sit
1421 1930 1679 1991 peccatum
1697 1962 1711 1984 ,
1742 1936 1923 1989 quam-

322 2020 413 2072 vis
445 2034 552 2071 non
580 2018 641 2069 sit
683 2015 979 2084 faciendum.
1020 2012 1125 2068 Sed
1153 2014 1291 2066 inter
1316 2011 1367 2066 id
1395 2010 1533 2081 quod
1563 2010 1801 2065 illicitum
1845 2018 1926 2064 est

334 2117 401 2163 et
428 2107 556 2162 ideo
595 2121 700 2159 non
730 2105 961 2174 expedit,
995 2112 1155 2173 atque
1201 2103 1253 2157 id
1282 2102 1424 2171 quod
1466 2101 1665 2155 licitum
1695 2109 1779 2155 est
1828 2114 1926 2154 nec

332 2209 528 2254 tamen
552 2196 787 2266 expedit,
815 2196 937 2265 quid
968 2195 1207 2259 intersit,
1237 2195 1410 2264 aliqua
1443 2192 1732 2247 universali
1774 2207 1928 2263 regu-

328 2293 383 2346 la
417 2290 652 2345 delinire
675 2287 888 2342 difficile
914 2296 1016 2341 est.
1046 2285 1213 2339 Citius
1239 2285 1381 2339 enim
1421 2284 1645 2353 quisque
1685 2282 1880 2337 dixerit
1911 2298 1923 2334 :

319 2382 508 2437 Omne
534 2378 677 2449 quod
706 2378 817 2432 ﬁeri
862 2392 970 2431 non
1017 2375 1264 2445 expedit,
1303 2382 1581 2443 peccatum
1611 2382 1724 2439 est;
1771 2388 1928 2428 omne

320 2482 510 2528 autem
544 2480 821 2541 peccatum
851 2470 1091 2524 illicitum
1120 2478 1199 2523 est
1238 2484 1250 2519 :
1280 2482 1438 2522 omne
1475 2482 1601 2536 ergo
1635 2466 1777 2537 quod
1823 2480 1927 2520 non

320 2563 579 2632 expedit,
619 2561 861 2615 illicitum
913 2570 1015 2614 est.
1072 2560 1138 2613 Et
1186 2559 1277 2613 ubi
1328 2568 1487 2613 erunt
1518 2559 1604 2611 illa
1632 2572 1750 2627 qua:
1788 2557 1928 2613 licita

318 2670 482 2720 esse,
538 2653 637 2708 sed
670 2668 777 2706 non
824 2651 1415 2720 expedire,Apostolus
1463 2649 1628 2713 dixit,
1677 2649 1722 2702 si
1771 2662 1931 2702 omne

324 2748 469 2818 quod
492 2762 602 2800 non
632 2746 889 2814 expedit,
915 2745 1115 2798 licitum
1144 2758 1249 2797 non
1274 2743 1395 2797 est?
1426 2742 1763 2812 Quapropter
1807 2742 1930 2811 quia

328 2853 515 2892 verum
536 2837 747 2891 dixisse
774 2835 1089 2905 Apostolum
1131 2835 1373 2889 dubitare
1397 2849 1502 2889 non
1530 2847 1810 2903 possumus
1829 2875 1844 2900 ,
1876 2842 1933 2888 et

332 2929 507 2999 aliqua
529 2937 755 2998 peccata
782 2942 906 2982 esse
931 2927 1074 2980 licita
1104 2926 1283 2981 dicere
1306 2941 1410 2979 non
1439 2925 1734 2991 audemus;
1763 2933 1933 2981 restat

331 3030 391 3075 ut
412 3021 692 3084 dicamus,
727 3019 844 3074 ﬁeri
883 3017 1085 3088 aliquid
1125 3018 1267 3089 quod
1321 3031 1428 3072 non
1460 3017 1742 3087 expediat,
1773 3026 1828 3072 et
1856 3025 1933 3070 ta-

333 3128 457 3168 men
506 3113 551 3166 si
586 3112 796 3166 licitum
846 3118 963 3176 est,
993 3124 1097 3164 non
1136 3124 1255 3165 esse
1295 3117 1571 3179 peceatum
1600 3110 1640 3174 ί,
1691 3109 1932 3179 quamvis

336 3204 587 3271 quoniam
612 3216 723 3255 non
752 3199 989 3268 expetiit,
1011 3214 1118 3255 non
1142 3200 1210 3254 sit
1232 3200 1412 3269 utique
1430 3198 1752 3254 faciendum.
1781 3199 1932 3267 Quod

332 3294 377 3346 si
402 3292 703 3347 absurdum
731 3292 980 3357 videtur,
1010 3299 1069 3344 ut
1093 3290 1288 3361 aliquid
1328 3290 1419 3344 fiat
1442 3289 1581 3359 quod
1613 3305 1721 3344 non
1768 3305 1932 3361 expe-

328 3384 441 3449 dit,
494 3393 551 3436 et
595 3382 810 3437 dicatur
839 3396 943 3435 non
972 3395 1220 3450 peccasse
1249 3381 1338 3450 qui
1388 3380 1603 3446 fecerit;
1628 3380 1931 3451 intelligen-

334 3475 466 3527 dum
491 3483 578 3528 est
622 3475 726 3527 hoc
765 3489 831 3527 ex
861 3472 1246 3527 consuetudine
1289 3474 1552 3527 sermonis
1595 3473 1882 3528 absurdum
1916 3492 1929 3528 :

342 3580 468 3633 qua:
496 3564 568 3616 ita
594 3564 702 3618 late
744 3572 920 3634 patet,
952 3571 1008 3617 ut
1039 3564 1201 3618 etiam
1225 3563 1498 3633 jumenta,
1546 3565 1790 3634 quamvis
1830 3567 1937 3621 sint

343 3657 575 3711 rationis
600 3658 866 3726 expertia,
917 3665 1095 3711 tamen
1138 3657 1452 3728 plerumque
1478 3657 1715 3713 dicamus
1739 3660 1935 3715 debere

336 3751 599 3821 vapulare
630 3766 753 3805 cum
785 3759 1045 3819 peccant;
1089 3765 1310 3820 peccare
1352 3760 1527 3805 autem
1574 3752 1788 3821 proprie
1831 3768 1935 3806 non

330 3851 421 3898 est
448 3842 555 3896 nisi
587 3841 707 3911 ejus
734 3843 824 3911 qui
863 3842 1031 3895 utitur
1076 3840 1327 3895 rationali
1350 3841 1636 3896 voluntatis
1673 3842 1931 3906 arbitrio,

332 3934 479 4004 quod
512 3935 569 3988 in
618 3933 873 3988 omnibus
918 3933 1229 3987 mortalibus
1277 3934 1634 3989 animantibus
1684 3950 1789 3990 non
1834 3936 1934 3989 nisi

340 4025 544 4079 homini
585 4033 675 4080 est
716 4024 970 4078 divinitus
1008 4025 1339 4078 attributum.
1378 4024 1483 4080 Sed
1530 4025 1673 4079 aliud
1711 4034 1791 4079 est
1815 4040 1935 4080 cum

340 4117 562 4186 proprie
617 4116 916 4184 loquimur,
971 4114 1111 4170 aliud
1162 4126 1281 4169 eum
1322 4117 1483 4169 verba
1524 4130 1589 4170 ex
1620 4117 1737 4169 aliis
1778 4117 1938 4171 rebus

342 4206 731 4261 transferendo
755 4206 835 4260 vel
857 4205 1123 4260 abutendo
1145 4215 1451 4259 mutuamur
1470 4207 1513 4257 ⁸.

412 4297 653 4354 CAPUT
692 4296 856 4350 XVII.
895 4326 966 4338 --
995 4297 1081 4351 l8.
1126 4294 1273 4351 Unde
1317 4295 1485 4361 di/fert
1507 4295 1559 4348 id
1596 4294 1731 4366 quod
1750 4296 1861 4350 licet
1892 4306 1939 4350 et

339 4404 450 4443 non
476 4388 711 4457 expedit,
731 4388 793 4439 ab
810 4403 871 4442 eo
907 4387 1044 4457 quod
1058 4388 1173 4441 ideo
1192 4403 1291 4440 non
1312 4387 1510 4457 expedit
1538 4386 1658 4456 quia
1678 4402 1779 4440 non
1803 4388 1933 4441 licet.

342 4482 621 4536 Philtere
643 4481 911 4550 cauqu
938 4480 1198 4550 inﬁdelem
1217 4520 1235 4546 ,
1258 4495 1347 4533 nec
1376 4488 1506 4533 vetat
1527 4496 1616 4533 nec
1641 4479 1775 4547 iubet
1802 4479 1941 4533 Chri-

343 4585 489 4642 stu,
520 4582 696 4628 monet
739 4570 939 4626 Paulus
960 4589 1022 4626 ne
1050 4573 1160 4641 ﬁat.
1204 4571 1275 4627 Ut
1300 4571 1493 4642 igitur,
1524 4572 1571 4627 si
1619 4586 1898 4642 possumus
1922 4614 1935 4636 ,

348 4667 655 4728 enitamur,
687 4664 826 4718 inter
866 4662 918 4717 id
947 4662 1087 4733 quod
1128 4663 1252 4718 licet
1276 4671 1330 4717 et
1367 4677 1475 4717 non
1515 4662 1764 4730 expedit,
1797 4671 1851 4717 et
1887 4663 1940 4717 id

349 4757 491 4827 quod
519 4772 630 4811 non
662 4755 788 4809 licet
827 4764 985 4826 atque
1018 4755 1136 4809 ideo
1176 4770 1281 4808 non
1306 4753 1556 4822 expedit,
1590 4753 1769 4823 aliquo
1795 4763 1942 4808 certo

356 4849 458 4904 fine
482 4848 849 4918 distinguere;
886 4862 947 4901 ea
991 4846 1122 4899 mihi
1150 4845 1393 4900 videntur
1420 4845 1581 4901 licere
1615 4854 1669 4900 et
1711 4860 1817 4900 non
1846 4862 1941 4901 ex-

358 4941 574 5010 pedire,
617 4955 741 5008 qua:
767 4954 863 5009 per
885 4939 1143 5008 justitiam
1183 4937 1396 5009 quidem
1422 4978 1436 5001 ,
1463 4952 1586 5008 quae
1626 4952 1803 4991 coram
1833 4938 1943 4991 Deo

359 5040 471 5096 est,
523 5030 937 5100 permittuntur.
990 5030 1083 5084 sed
1136 5038 1352 5099 propter
1380 5029 1729 5084 offensionem
1771 5028 1945 5083 homi-

360 5136 514 5187 num,
545 5136 617 5177 ne
643 5122 714 5175 ob
743 5119 845 5175 hoc
866 5120 1223 5191 impediantur
1243 5135 1273 5173 a
1301 5119 1502 5184 salute,
1545 5119 1757 5174 vitanda
1784 5127 1940 5183 sunt;

358 5228 421 5269 ea
464 5229 597 5270 vero
628 5228 735 5268 non
776 5214 969 5279 licere,
1010 5220 1065 5267 et
1106 5211 1226 5266 ideo
1254 5226 1354 5267 nec
1394 5210 1680 5280 expedire,
1711 5226 1829 5280 quce
1870 5211 1947 5265 sic

364 5305 471 5376 ipsa
490 5306 698 5375 justitia
742 5312 1023 5368 vetantur,
1069 5313 1127 5358 ut
1155 5303 1393 5361 facienda
1433 5319 1539 5358 non
1570 5304 1711 5368 sint,
1738 5304 1945 5358 etiamsi

363 5397 428 5451 ab
450 5398 530 5453 eis
554 5397 747 5467 quibus
778 5396 835 5450 in
861 5394 1107 5449 notitiam
1140 5394 1333 5449 fuerint
1375 5395 1575 5464 perlata
1596 5436 1611 5461 ,
1643 5394 1941 5450 laudentur.

423 5514 440 5545 ι
469 5511 576 5562 Sola
609 5511 761 5562 editio
784 5516 919 5568 Lam,
942 5510 988 5557 et
1023 5509 1182 5555 tamen
1216 5505 1277 5557 sit
1319 5505 1502 5558 licitum
1529 5519 1547 5556 :
1579 5519 1668 5558 nec
1704 5518 1806 5557 esse
1839 5519 1951 5570 pec—

362 5580 639 5687 “mea
664 5634 887 5685 editione
910 5636 1044 5690 LOL,
1066 5632 1320 5680 mutamus.

3503 172 3608 230 462

2026 278 2175 346 Quod
2202 277 2244 333 si
2275 278 2343 332 ita
2398 287 2510 347 est,
2554 280 2673 335 ideo
2698 295 2801 337 non
2828 283 2929 337 nisi
2973 285 3154 341 illicita
3194 289 3548 358 prohibentur
3572 312 3604 350 δ

2025 370 2284 435 Domino;
2316 379 2373 424 ut
2416 386 2479 425 ea
2519 386 2637 442 quae
2680 373 2818 428 licita
2865 383 2988 430 sunt
3030 386 3085 432 et
3129 390 3232 432 non
3278 381 3603 452 expediunt,

2024 479 2130 517 non
2161 463 2293 533 legis
2318 462 2533 519 vinculo
2553 505 2567 532 ,
2598 465 2691 520 sed
2730 466 2893 522 libera
2920 469 3220 528 dilectionis
3249 473 3601 532 beneﬁcentia

2023 563 2333 609 caveantur.

2098 646 2184 701 l9.
2217 646 2475 714 Quocirca
2515 648 2559 702 si
2604 648 2870 705 dimittere
2901 652 3163 710 inﬁdelem
3191 658 3469 729 conjugeni
3503 678 3606 715 nou

2026 734 2246 803 liceret,
2311 737 2413 792 hoc
2466 737 2579 793 ﬁeri
2632 738 2885 795 Dominus
2935 746 3269 812 prohiberet,
3332 766 3503 820 neque
3558 754 3606 807 id

2026 827 2318 897 Apostolus
2366 829 2655 899 prohibens
2699 832 2932 900 diceret,
2965 834 3077 905 Ego
3118 837 3263 905 dico,
3296 857 3395 895 non
3432 842 3611 896 Domi-

2028 935 2123 973 nus
2172 919 2212 990 (ἰ
2242 918 2357 975 Cor.
2386 936 2489 985 vn,
2523 919 2634 993 1‘2).
2665 922 2796 977 Nam
2842 924 2887 979 si
2934 938 3152 995 propter
3204 928 3607 990 fornicationem

2022 1011 2196 1064 carnis
2236 1012 2558 1079 permittitur
2582 1013 2742 1069 homo
2778 1030 2807 1069 a
2845 1018 3071 1089 conjuge
3098 1024 3367 1091 separari;
3412 1037 3611 1096 quanto

2025 1102 2194 1172 magis
2221 1104 2273 1156 in
2299 1104 2521 1175 conjuge
2551 1108 2745 1161 mentis
2769 1106 3047 1165 fornicatio
3073 1114 3384 1171 detestanda
3411 1120 3531 1173 est?
3561 1120 3611 1175 id

2022 1202 2105 1249 est
2124 1237 2137 1256 .
2169 1195 2450 1251 inﬁdelitas
2478 1200 2517 1264 ⁸,
2551 1198 2618 1253 de
2645 1215 2748 1268 qua
2777 1203 3029 1271 scriptum
3058 1215 3137 1259 est
3159 1247 3172 1269 ,
3215 1206 3468 1271 Quoniam
3502 1228 3613 1265 cccc

2023 1287 2111 1357 qui
2153 1289 2301 1357 longe
2338 1305 2392 1343 se
2420 1292 2662 1360 faciunta
2686 1303 2767 1359 te,
2811 1296 3077 1363 peribunt;
3112 1300 3374 1365 perdidisti
3417 1320 3611 1357 omnem

2020 1378 2108 1448 qui
2136 1379 2415 1447 fornicatur
2438 1381 2526 1434 abs
2554 1392 2600 1435 te
2624 1380 2795 1455 (Psal.
2825 1399 2994 1451 Lxxn,
3025 1387 3140 1457 ‘27).
3370 1396 3373 1399 ’

2095 1468 2323 1524 CAPUT
2360 1470 2544 1525 XVIII.
2571 1503 2639 1513 —
2681 1474 2784 1527 Cur
2816 1476 2941 1528 sicut
2981 1476 3230 1533 lsraelitis
3266 1494 3448 1537 uxores
3485 1486 3613 1540 alie-

2027 1558 2269 1628 nigenas,
2302 1577 2403 1614 non
2427 1562 2500 1614 ita
2540 1562 2839 1618 Christianis
2880 1567 3108 1635 inﬁdeles
3137 1571 3342 1640 jnbctnr
3366 1574 3611 1631 deserere.

2025 1646 2306 1703 Consilium
2333 1650 2485 1705 Pauli
2515 1662 2755 1724 tanquam
2784 1656 2971 1710 Christi
2996 1660 3363 1729 accipiendum.
3389 1663 3455 1716 Id
3477 1669 3616 1736 quod

2025 1738 2174 1806 licet,
2210 1742 2510 1811 quandoque
2546 1746 3079 1817 expedit,quandoqae
3108 1767 3229 1805 non.
3268 1751 3513 1808 Discessio
3545 1757 3607 1809 ab

2024 1831 2219 1899 inﬁdeli
2239 1836 2450 1904 conjuge
2469 1853 2569 1890 non
2620 1839 2870 1908 prohibita
2896 1851 3144 1910 praerepto
3171 1846 3295 1914 legis
3314 1886 3329 1908 ,
3376 1847 3463 1899 sed
3490 1864 3616 1902 eon-

2026 1922 2142 1977 silio
2164 1924 2443 1980 cliaritatis.
2473 1927 2577 1982 Sed
2605 1930 2723 1998 quia
2757 1931 2824 1983 ita
2860 1931 3060 1986 licitum
3091 1944 3202 2001 est,
3241 1947 3295 1989 ut
3322 1953 3424 1992 non
3449 1955 3613 2010 expe-

2026 2012 2183 2068 diat:
2218 2029 2286 2069 ne
2316 2024 2534 2086 propter
2572 2020 2855 2090 conjngum
2899 2026 3267 2091 separationes
3308 2029 3493 2084 offensi
3522 2031 3617 2086 ho-

2025 2105 2199 2161 mines
2220 2150 2235 2173 ,
2270 2107 2438 2177 ipsam
2469 2109 2765 2165 doctrinam
2813 2115 2996 2169 salutis
3017 2156 3031 2180 ,
3074 2132 3174 2185 qua
3225 2120 3402 2174 illicita
3432 2122 3615 2190 probi-

2029 2197 2254 2263 bentur,
2286 2199 2645 2269 exhorreant,
2669 2217 2731 2256 ae
2771 2204 2849 2257 sic
2896 2207 3105 2274 pejores
3129 2218 3287 2277 atque
3315 2213 3534 2280 perituri
3564 2215 3615 2270 in

2030 2287 2219 2343 eadem
2266 2288 2577 2359 inﬁdelitate
2609 2303 2952 2359 remaneant;
2988 2296 3265 2352 intercedit
3291 2300 3575 2370 Apostolus
3598 2346 3614 2372 ,

2030 2387 2085 2435 et
2122 2380 2392 2435 monendo
2436 2382 2551 2436 ﬁeri
2596 2392 2738 2438 vetat
2783 2386 2925 2454 quod
2971 2388 3039 2440 ita
3069 2389 3267 2443 licitum
3297 2401 3381 2447 est
3408 2403 3465 2448 ut
3508 2411 3615 2451 non

2030 2471 2297 2541 expediat.
2328 2472 2417 2528 Sic
2454 2475 2595 2530 enim
2627 2476 2879 2531 recedere
2906 2478 2975 2532 ab
3017 2481 3318 2537 inﬁdelibus
3364 2488 3617 2545 uxoribus

2030 2562 2113 2616 vel
2138 2562 2376 2629 maritis,
2418 2564 2603 2620 ﬁdeles
2632 2567 2730 2621 viri
2756 2568 2842 2621 vel
2870 2568 3084 2624 femina:
3114 2587 3217 2625 non
3266 2576 3618 2643 prohibentur

2030 2668 2062 2709 a
2107 2655 2369 2721 Domino,
2415 2666 2473 2713 ut
2517 2675 2692 2729 neque
2732 2661 3038 2730 jubeantur.
3087 2666 3216 2721 Nam
3266 2670 3310 2723 si
3346 2670 3617 2735 dimittere

2031 2745 2165 2800 tales
2202 2749 2457 2817 conjuges
2493 2749 2843 2820 juberentur,
2891 2756 3069 2810 nullus
3111 2770 3252 2813 esset
3295 2761 3442 2817 locus
3488 2779 3619 2818 con-

2032 2836 2152 2892 silio
2194 2842 2459 2894 monentis
2506 2842 2763 2911 Apostoli-
2791 2862 2857 2899 ne
2906 2846 3007 2901 hoc
3055 2848 3227 2903 ﬁeret.
3266 2851 3421 2906 Nullo
3460 2855 3620 2910 modo

2032 2928 2175 2983 enim
2202 2929 2343 2999 quod
2382 2931 2639 2987 Dominus
2657 2933 2841 3003 jubet,
2875 2951 3065 2992 servus
3096 2939 3267 2996 bonus
3295 2943 3407 2998 ﬁeri
3438 2946 3619 3015 prohi-

2032 3018 2202 3074 heret.

2103 3110 2194 3164 20.
2216 3110 2456 3181 Namque
2504 3113 2607 3171 hoc
2635 3115 2897 3174 Dominus
2942 3122 3225 3190 aliquando
3255 3140 3349 3194 per
3393 3128 3618 3184 Esdram

2033 3199 2347 3271 prophetam
2383 3203 2577 3272 jussit,
2608 3215 2661 3259 et
2688 3207 2881 3262 factum
2912 3220 2995 3264 est
3038 3229 3051 3265 :
3102 3214 3418 3271 dimiserunt
3448 3219 3621 3275 Israe-

2036 3290 2142 3344 lita:
2172 3307 2364 3346 uxores
2390 3295 2716 3366 alienigenas
2735 3339 2750 3364 ,
2784 3300 3106 3371 quicumque
3149 3314 3273 3360 tunc
3302 3308 3496 3364 habere
3522 3326 3622 3380 po-

2035 3389 2250 3437 tuerunt
2291 3382 2334 3452 (l
2375 3383 2531 3439 Esdr.
2567 3402 2633 3451 χ,
2669 3389 2763 3454 ll,
2811 3390 2938 3462 12),
2987 3409 3081 3461 per
3109 3410 3241 3464 quas
3289 3397 3448 3453 fiebat
3487 3412 3623 3456 utet

2034 3473 2137 3545 ipsi
2164 3474 2230 3529 ad
2276 3476 2480 3531 alienos
2523 3478 2905 3536 seducerentur
2949 3483 3111 3551 deos,
3140 3501 3245 3540 non
3287 3497 3345 3542 ut
3390 3490 3497 3545 illae
3526 3507 3621 3561 per

2036 3568 2256 3621 maritos
2285 3583 2413 3623 vero
2439 3571 2841 3639 acquirerentur
2873 3574 3001 3629 Deo.
3027 3575 3271 3632 Nondum
3299 3580 3439 3633 enim
3476 3590 3618 3637 tanta

2037 3657 2202 3725 gratia
2225 3655 2517 3714 Salvntoris
2546 3660 2822 3727 illuxerat,
2855 3675 2909 3717 et
2938 3667 3216 3732 promissis
3238 3671 3620 3737 temporalibus

2036 3746 2250 3803 Veteris
2278 3748 2606 3805 Tcstamenti
2635 3752 2811 3807 adhuc
2850 3753 3085 3809 inhiabat
3112 3756 3255 3811 illius
3279 3760 3453 3828 populi
3482 3762 3623 3815 mul-

2040 3840 2225 3894 titudo.
2260 3843 2325 3895 Et
2353 3853 2633 3912 propterea
2662 3834 2779 3900 cum
2809 3846 2947 3902 bona
2977 3857 3207 3915 terrena,
3239 3868 3357 3921 quae
3389 3869 3483 3923 pro
3506 3870 3623 3909 ma-

2037 3947 2144 4001 gno
2200 3935 2583 4003 exspectabant
2630 3951 2659 3989 a
2718 3939 2975 4003 Domino,
3032 3941 3274 3996 viderent
3325 3944 3485 3998 etiam
3540 3946 3622 4001 his

2037 4022 2311 4076 abundare
2340 4024 2429 4092 qui
2458 4027 2657 4079 multos
2692 4027 2854 4081 falsos
2880 4029 3126 4083 colebant
3154 4030 3286 4086 deos
3306 4075 3319 4098 ,
3353 4033 3625 4091 blanditiis

2039 4128 2265 4167 uxorum
2305 4114 2451 4181 prius
2495 4130 2589 4169 eos
2636 4120 3019 4172 reverebantur
3069 4120 3367 4189 offendere,
3430 4125 3624 4182 deinde

2043 4203 2430 4259 inducebantur
2470 4207 2932 4264 ct‘colere..Unde
2966 4210 3203 4279 jusserat
3233 4214 3487 4270 Dominus
3527 4233 3625 4286 per

2041 4302 2281 4347 sanetum
2299 4294 2537 4364 Moysen,
2555 4311 2623 4349 ne
2646 4298 2764 4365 quis
2782 4313 2999 4352 uxorem
3027 4301 3376 4369 alienigenam
3404 4304 3627 4359 duceret

2046 4381 2221 4452 (Deut.
2246 4398 2320 4437 vn
2341 4423 2356 4448 ,
2410 4383 2489 4453 ὃ).
2520 4384 2706 4439 Merito
2733 4402 2889 4456 ergo,
2936 4404 3069 4458 quas
3096 4390 3359 4447 duxerant
3400 4394 3627 4449 Domino

2043 4472 2392 4541 prohibente,
2428 4474 2653 4528 Domino
2691 4475 2910 4544 jubente
2953 4479 3291 4535 dimiserunt.
3322 4482 3454 4539 Cum
3497 4500 3627 4541 vero

2044 4563 2295 4632 coepisset
2323 4564 2584 4619 Gentibus
2631 4566 2974 4635 Evangelium
3004 4569 3280 4637 praedicari
3303 4614 3319 4638 ,
3347 4572 3458 4642 jam
3496 4590 3632 4630 eon-

2037 4652 2252 4724 junctos
2291 4654 2528 4710 Gentiles
2569 4655 2866 4711 Gentilibus
2908 4664 3169 4729 comperit
3206 4664 3460 4735 eonjuges
3505 4684 3520 4719 :
3564 4685 3629 4724 ex

2043 4745 2237 4815 quibus
2266 4745 2312 4801 si
2339 4760 2444 4800 non
2471 4747 2628 4803 ambo
2666 4749 2974 4815 crederent,
3006 4752 3098 4806 sed
3123 4768 3260 4807 unus
3283 4766 3375 4809 aut
3420 4772 3519 4813 una
3552 4760 3633 4812 in-

2046 4837 2218 4893 ﬁdelis
2239 4853 2361 4892 cum
2388 4837 2532 4895 ﬁdeli
2560 4841 2889 4895 consentiret
2926 4842 3166 4897 habitare
3184 4886 3198 4910 ,
3230 4861 3329 4901 nec
3356 4847 3628 4915 prohiberi

2044 4943 2074 4982 a
2100 4928 2327 4983 Domino
2354 4929 2538 4984 debuit
2582 4929 2754 4985 ﬁdelis
2776 4931 3048 4987 inﬁdelem
3078 4933 3346 4991 dimittere
3366 4977 3379 5001 ,
3407 4952 3504 4992 nec
3542 4939 3631 5008 jn-

2044 5020 2162 5075 beri
2194 5039 2208 5076 :
2240 5021 2360 5076 ideo
2402 5022 2607 5077 scilicet
2650 5039 2755 5089 non
2800 5024 3099 5092 prohiberi,
3134 5028 3254 5095 quia
3277 5027 3482 5096 justitia
3509 5046 3633 5099 per-

2047 5112 2207 5165 mittit
2249 5126 2280 5165 a
2328 5112 2621 5167 fornicante
2667 5112 2973 5180 discedere,
3016 5125 3069 5170 et
3127 5116 3357 5171 inﬁdelis
3401 5118 3630 5173 hominis

2047 5202 2325 5257 fornicatio
2351 5212 2435 5257 est
2453 5202 2627 5272 major
2650 5204 2701 5257 in
2731 5204 2924 5267 corde;
2949 5220 3047 5259 nec
3074 5220 3196 5259 vera
3236 5206 3353 5275 ejus
3378 5208 3627 5276 pudicitia

2048 5308 2169 5347 cum
2196 5294 2421 5364 conjuge
2448 5294 2551 5349 diei
2590 5304 2794 5363 potest,
2826 5295 2946 5365 quia
2977 5294 3136 5351 Omne
3170 5297 3304 5366 quod
3332 5315 3433 5351 non
3472 5309 3543 5353 est
3570 5315 3633 5353 ex

2048 5384 2178 5453 ﬁde,
2210 5394 2467 5454 peccatum
2511 5394 2582 5437 est
2621 5384 2796 5454 (Rom.
2827 5400 2949 5450 xw,
2996 5385 3088 5457 23)
3126 5388 3406 5456 :quamvis
3450 5403 3629 5442 veram

2049 5475 2222 5530 ﬁdelis
2247 5475 2442 5530 habeat
2467 5475 2772 5544 pudicitiam
2802 5477 2961 5531 etiam
2992 5491 3112 5531 cum
3144 5475 3342 5531 inﬁdeli
3372 5477 3627 5548 conjuge,

2120 5631 2133 5659 ³
2170 5635 2269 5678 Mss.
2280 5658 2297 5689 τ
2314 5623 2623 5697 inﬁdelitatis.
