3930 6368
384 172 388 178 ’
420 179 559 278 1463

456 340 543 407 qui
571 351 674 392 non
722 336 882 392 habet
908 348 1108 391 veram.
1142 332 1264 388 Ideo
1291 341 1469 389 autem
1499 349 1599 388 nec
1623 332 1798 403 juberi
1841 330 2039 386 debue-

457 438 580 484 runt
620 428 803 484 ﬁdeles
840 426 907 482 ab
960 424 1262 481 inﬁdelibus
1304 425 1578 496 separari,
1609 424 1733 495 quia
1772 437 1877 478 non
1907 437 2037 477 con-

458 532 537 578 tra
579 523 871 593 jussionem
919 519 1129 575 Domini
1172 518 1415 577 Gentiles
1454 518 1665 574 fuerant
1707 517 1867 572 ambo
1909 530 2037 571 con-

450 614 641 684 juncti.

523 711 611 764 21.
654 710 914 777 Quoniam
961 722 1090 779 ergo
1135 708 1202 763 ab
1255 705 1457 762 inﬁdeli
1503 704 1713 760 ﬁdelem
1756 701 2035 758 discedere

454 816 552 856 nec
574 800 817 870 prohibet
843 815 943 855 nec
967 799 1117 870 jubet
1148 798 1408 853 Dominus
1428 837 1443 863 ,
1483 796 1604 852 ideo
1630 803 1688 849 ut
1726 808 1832 850 non
1857 791 2036 849 'disce-

450 898 567 962 dat,
608 895 895 965 Apostolus
922 894 1079 961 dicit,
1124 907 1229 948 non
1257 891 1513 946 Dominus
1562 906 1577 943 :
1620 888 1823 943 habens
1854 886 2035 956 utique

451 989 705 1058 Spiritum
744 997 983 1044 sanctum
1001 1030 1016 1055 ,
1043 988 1096 1042 in
1135 1004 1241 1057 quo
1267 986 1396 1042 dare
1421 993 1601 1057 posset
1630 984 1758 1039 utile
1787 991 1840 1038 et
1880 981 2035 1036 ﬁdele

451 1080 749 1134 consilium.
778 1078 932 1135 Unde
973 1093 1094 1135 cum
1121 1078 1342 1134 dixisset
1370 1077 1438 1132 de
1458 1076 1714 1140 muliere,
1761 1074 1915 1143 cujus
1955 1071 2035 1126 vir

452 1180 693 1226 mortuus
732 1170 919 1237 fuerit,
950 1169 1157 1224 Beatior
1192 1179 1359 1223 autem
1388 1169 1513 1234 erit,
1553 1168 1597 1222 si
1633 1168 1705 1222 sic
1749 1180 2035 1236 permanse-

450 1262 537 1328 rit,
568 1261 841 1316 secundum
865 1278 1032 1315 nteant
1057 1259 1361 1325 consilium;
1388 1274 1454 1315 ne
1479 1259 1597 1329 quis
1626 1258 1726 1312 hoc
1753 1255 2033 1311 consilium

453 1363 699 1422 tanquam
754 1352 1076 1417 humanum,
1122 1366 1230 1406 non
1268 1351 1502 1405 divinum
1530 1392 1545 1416 ,
1584 1346 2031 1405 contemnendum

448 1454 693 1515 putaret,
740 1444 962 1515 adjecit,
1007 1444 1143 1498 Puto
1184 1452 1384 1509 autent,
1427 1450 1473 1497 et
1517 1458 1607 1512 ego
1647 1440 1895 1511 Spiritum
1938 1436 2034 1490 Dei

451 1536 628 1592 habeo.
672 1536 903 1592 Proinde
950 1534 1350 1605 intelligendum
1387 1541 1505 1600 est,
1550 1532 1709 1587 etiam
1755 1530 1869 1600 ipsa
1915 1543 2032 1597 qua:

450 1644 554 1683 non
588 1643 619 1683 a
667 1628 892 1684 Domino
922 1628 1212 1697 jubentur,
1254 1625 1348 1682 sed
1377 1639 1407 1679 a
1450 1634 1634 1679 sancto
1681 1623 1795 1692 ejus
1837 1621 2033 1675 famulo

450 1722 647 1776 utiliter
668 1721 991 1787 suadentur,
1023 1722 1212 1776 eodem
1245 1718 1472 1773 Domino
1516 1717 1809 1786 inspirante
1835 1714 2030 1769 suade-

445 1817 514 1870 ri.
543 1816 698 1870 Absit
720 1817 862 1871 enim
891 1825 947 1870 ut
981 1815 1260 1886 quisquam
1286 1812 1581 1867 catholicus
1600 1809 1828 1875 dixerit,
1857 1821 2030 1877 quan-

446 1908 516 1962 do
544 1907 730 1962 suadet
767 1907 995 1977 Spiritus
1027 1914 1276 1972 sanctus,
1319 1919 1427 1959 non
1460 1903 1738 1958 Dominum
1767 1899 2025 1964 suadere;

444 2011 567 2052 cum
599 2008 653 2053 et
680 1999 792 2067 ipse
818 1998 1076 2052 Dominus
1120 1999 1223 2062 sit,
1251 2004 1305 2051 et
1332 1992 1702 2064 inseparabilia
1738 1992 1844 2046 sint
1866 2005 2028 2060 opera

445 2087 738 2143 Trinitatis.
778 2088 911 2142 Dicit
956 2099 1167 2154 tamen,
1206 2086 1281 2140 De
1308 2084 1581 2155 virginibus
1623 2092 1791 2137 autem
1835 2098 2027 2151 pra'ce-

443 2188 583 2247 ptum
610 2178 817 2233 Domini
855 2195 955 2233 non
984 2178 1171 2243 habeo,
1200 2178 1469 2232 consilium
1506 2185 1671 2229 autem
1695 2174 1781 2227 do.
1827 2172 1943 2227 Non
1972 2180 2029 2225 ut

443 2269 543 2326 hoc
569 2269 848 2325 consilium
875 2270 1107 2324 alienum
1134 2268 1504 2323 existimemus
1547 2281 1577 2320 a
1609 2265 1836 2319 Domino
1858 2304 1874 2329 ,
1904 2278 2024 2316 cum

440 2363 694 2416 continuo
739 2368 992 2430 sequatur
1033 2368 1086 2415 et
1131 2358 1317 2413 dicat:
1347 2368 1584 2427 tanquam
1630 2354 2025 2427 misericordiam

439 2460 731 2505 consecutus
761 2467 793 2503 a
825 2450 1040 2503 Domino
1081 2458 1137 2502 ut
1166 2449 1333 2518 ﬁdelis
1363 2465 1521 2502 essem
1547 2446 1593 2516 (l
1614 2445 1731 2501 Cor.
1768 2460 1873 2512 vn,
1912 2445 1982 2499 40
2005 2486 2021 2512 ,

438 2524 550 2613 25).
575 2539 877 2597 Secundum
909 2540 1075 2595 Deum
1106 2553 1234 2609 ergo
1259 2537 1352 2593 dat
1390 2537 1545 2592 ﬁdele
1570 2537 1848 2592 consilium
1877 2536 1930 2589 in
1959 2550 2023 2590 eo

436 2632 636 2703 Spiritu
652 2674 666 2699 ,
689 2632 758 2689 de
782 2646 888 2703 quo
910 2632 983 2686 ait
1009 2647 1028 2685 :
1059 2629 1192 2685 Puto
1214 2640 1382 2685 autem
1400 2671 1415 2697 ,
1442 2638 1489 2683 et
1515 2645 1604 2699 ego
1634 2627 1885 2698 Spiritum
1926 2626 2024 2680 Dei

438 2725 613 2779 habeo.

505 2817 595 2871 22.
636 2816 1017 2873 Verumtamen
1059 2815 1201 2871 aliud
1232 2825 1314 2871 est
1344 2816 1550 2871 Domini
1588 2814 1825 2885 jubentis
1853 2815 2018 2885 impe-

436 2908 574 2962 rium
596 2948 612 2973 ,
635 2906 776 2961 aliud
806 2906 1051 2962 conservi
1079 2905 1371 2962 secundum
1400 2905 1818 2961 misericordiam
1846 2904 2022 2959 chari-

435 2999 588 3065 tatis,
615 3014 733 3070 qua:
759 3009 840 3055 est
870 2999 940 3053 illi
969 3015 997 3053 a
1032 2999 1256 3055 Domino
1302 2998 1555 3068 inspirata
1586 3006 1745 3067 atque
1787 2997 1981 3052 donata
2001 3039 2016 3064 ,

435 3089 592 3146 ﬁdele
618 3091 920 3147 consilium.
946 3091 1021 3147 lbi
1044 3090 1185 3147 aliud
1217 3090 1395 3146 facere
1417 3107 1520 3147 non
1545 3090 1702 3156 licet,
1732 3090 1817 3146 hic
1841 3098 2018 3144 autem

434 3179 558 3235 licet
584 3198 597 3234 :
622 3181 693 3236 ita
723 3196 852 3237 sane
879 3190 936 3235 ut
965 3182 1136 3251 ipsum
1162 3181 1361 3236 licitum
1403 3183 1592 3250 partim
1620 3180 1832 3251 quidem
1859 3196 2022 3250 expe-

433 3275 563 3342 diat,
587 3278 776 3346 partim
801 3292 933 3332 vero
952 3294 1063 3332 non
1094 3278 1361 3348 expediat.
1387 3278 1618 3348 Expedit
1644 3288 1789 3343 tunc,
1808 3279 2019 3348 quando

434 3382 537 3423 non
574 3369 748 3423 solum
798 3384 889 3439 per
928 3369 1218 3439 justitiam,
1245 3386 1366 3441 quae
1408 3386 1589 3425 coram
1635 3371 1861 3425 Domino
1900 3381 2012 3437 est,

434 3460 774 3527 permittitur,
807 3460 899 3514 sed
927 3460 1085 3514 etiam
1116 3460 1421 3515 hominibus
1444 3462 1647 3515 nullum
1684 3476 1748 3515 ex
1793 3461 1892 3516 hoc
1923 3461 2020 3514 im-

433 3550 794 3619 pedimentum
820 3551 1006 3604 salutis
1028 3551 1251 3604 infertur
1276 3550 1449 3605 :velut
1479 3567 1596 3605 cum
1623 3550 1714 3605 dat
1737 3552 2015 3606 consilium

434 3657 539 3697 non
571 3641 801 3698 nubendi
832 3642 1117 3710 Apostolus
1146 3642 1366 3711 virgini,
1400 3640 1538 3696 unde
1567 3652 1889 3711 prieceptum
1920 3644 2019 3699 Do-

430 3732 561 3787 mini
583 3747 640 3787 se
666 3747 775 3787 non
797 3731 989 3786 habere
1012 3739 1272 3797 testatur;
1303 3733 1426 3787 licet
1451 3734 1590 3788 aliud
1613 3732 1808 3800 facere,
1838 3735 1892 3790 id
1912 3747 2014 3803 est,

432 3826 662 3891 nubere,
690 3835 744 3881 et
786 3825 960 3879 minus
1000 3840 1157 3895 quam
1202 3825 1571 3894 continentiae,
1596 3827 1789 3883 bonum
1841 3838 2014 3886 tamen

434 3923 617 3971 tonere
655 3919 976 3986 nuptiarum.
1011 3915 1292 3987 Ipsumque
1335 3917 1531 3971 licitum
1573 3919 1731 3974 etiam
1761 3922 2013 3993 expedit:

431 4011 681 4079 quoniam
707 4010 761 4064 in
784 4009 943 4065 vetita
969 4019 1023 4064 et
1052 4009 1232 4065 illicita
1260 4010 1513 4066 ruituram
1541 4012 1715 4068 carnis
1740 4014 2016 4071 inﬁrmita-

433 4110 541 4157 tem
569 4102 648 4156 sic
685 4102 880 4171 excipit
910 4102 1188 4158 honestate
1217 4101 1450 4158 nubendi
1474 4144 1488 4169 ,
1515 4112 1574 4159 ut
1613 4106 1880 4161 neminem
1910 4107 2014 4161 im-

431 4192 608 4261 pediat
647 4192 712 4247 ad
761 4192 1016 4257 salutem;
1057 4194 1299 4264 quamvis
1334 4195 1516 4267 "magis
1565 4197 1870 4267 expediret,
1902 4215 2017 4255 ma-

429 4286 616 4358 gisque
646 4286 925 4341 honestum
952 4296 1092 4342 esset
1111 4327 1125 4351 ,
1155 4288 1201 4343 si
1227 4288 1377 4357 virgo
1401 4290 1680 4346 consilium
1699 4332 1712 4355 ,
1741 4307 1848 4362 quo
1873 4307 2012 4363 pra:-

428 4390 640 4449 ceptum
678 4394 797 4435 eam
840 4395 945 4435 non
991 4381 1298 4451 compellit,
1328 4381 1605 4451 arriperet.
1648 4383 1796 4439 Tunc
1833 4395 2010 4441 autem

429 4485 534 4523 non
572 4470 790 4539 expedit
823 4469 877 4525 id
915 4470 1057 4540 quod
1085 4471 1286 4526 licitum
1312 4482 1423 4537 est,
1452 4473 1664 4543 quando
1689 4477 2014 4544 permittitur

428 4560 641 4629 quidem
662 4601 677 4627 ,
707 4561 801 4616 sed
830 4576 958 4617 usus
986 4561 1151 4630 ipsius
1185 4564 1462 4631 potestatis
1498 4565 1622 4620 aliis
1662 4566 1815 4622 all‘ert
1844 4569 2011 4639 impe-

427 4652 722 4706 dimentum
751 4651 956 4706 salutis.
979 4651 1135 4719 Sicut
1150 4663 1264 4719 est,
1301 4654 1440 4709 unde
1470 4656 1580 4726 jam
1604 4657 1695 4711 diu
1723 4658 2009 4729 loquimur,

429 4742 685 4797 discessio
727 4741 898 4797 ﬁdelis
928 4742 1168 4814 conjugis
1202 4744 1268 4798 ab
1308 4745 1537 4812 inﬁdeli,
1565 4762 1722 4817 quam
1751 4764 1855 4804 non
1884 4765 2007 4821 pro-

429 4832 577 4888 hibet
622 4833 875 4889 Dominus
918 4845 1182 4905 praicepto
1225 4835 1387 4906 legis,
1414 4837 1537 4906 quia
1584 4852 1764 4893 coram
1796 4841 1885 4896 illo
1927 4842 2010 4897 in-

424 4923 565 4993 justa
597 4939 701 4979 non
727 4932 841 4991 est;
874 4925 969 4980 sed
996 4926 1242 4995 prohibet
1266 4928 1552 4996 Apostolus
1581 4930 1805 4986 consilio
1834 4931 2011 4987 chari-

427 5016 585 5081 tatis,
614 5016 736 5085 quia
780 5015 1083 5071 inﬁdelibus
1123 5016 1277 5075 aﬁ‘ert
1305 5017 1738 5087 impedimentum
1777 5023 2003 5079 salutis:

425 5123 533 5163 non
562 5108 735 5163 solum
766 5107 886 5177 quia
917 5108 1368 5177 perniciosissimo
1393 5110 1819 5167 scandalizantur
1839 5114 2006 5170 oﬁ‘en-

424 5199 506 5264 si;
535 5214 721 5253 verum
746 5199 907 5253 etiam
937 5200 1059 5269 quia
1087 5200 1139 5254 in
1165 5200 1269 5254 alia
1296 5201 1541 5271 conjugia
1567 5218 1689 5257 cum
1715 5206 2005 5263 ceciderint

423 5290 724 5346 viventibus
749 5291 827 5346 eis
847 5306 876 5344 a
903 5292 1095 5360 quibus
1121 5290 1479 5361 dimittuntur,
1506 5296 1817 5355 adulterinis
1855 5302 2002 5357 nexi-

422 5384 523 5441 bus
546 5385 778 5455 colligati
807 5382 1118 5465 difﬁcillime
1148 5385 1485 5441 resolvuntur
1516 5390 1555 5442 ¹.

483 5580 955 5648 !__Aliquot1ttss.,__ab
976 5578 1256 5648 infidelitate
1280 5546 1560 5648 diﬁicillime
1582 5589 1893 5645 resolvuntur.
1918 5597 2004 5648 Alii

418 5641 638 5693 melioris
656 5650 784 5692 nota:
800 5645 992 5693 codices
1016 5641 1158 5694 editis
1175 5641 1499 5699 consentiunt.

1345 216 1432 272 DE
1469 213 1815 272 CONJUGllS
1853 207 2332 284 ADUL'I‘ERINIS,
2372 218 2426 275 S.
2470 219 2837 279 AUGUSTINI
3558 243 3637 304 464

2223 330 2446 391 CAPUT
2487 337 2626 392 ΧΙΧ.
2656 368 2727 379 —-
2754 342 2843 395 25.
2876 342 3145 401 Consilium
3172 365 3265 402 non
3287 353 3504 423 nubendi,
3530 360 3640 416 den

2143 440 2247 478 esse
2269 432 2402 495 quod
2423 432 2640 499 amplius
2666 433 2905 501 expedit;
2932 443 2983 487 at
3015 438 3270 492 consilium
3297 458 3384 497 non
3407 446 3638 505 dimittendi

2140 515 2421 586 inﬁdelem,
2456 520 2517 574 de
2556 539 2613 576 eo
2653 540 2759 578 esse
2801 527 2948 596 cujus
2991 531 3289 585 contrarium
3333 552 3422 590 non
3460 541 3640 608 expedit.

2140 603 2264 698 ideo
2301 607 2419 675 hic,
2454 611 2541 665 ubi
2574 612 2625 667 id
2656 613 2796 683 quod
2828 615 2954 670 lieet
2992 634 3095 672 non
3124 622 3353 691 expedit,
3379 641 3470 681 non
3505 603 3643 698 potest

2138 696 2278 767 dici,
2309 698 2365 756 Si
2389 701 2655 759 dimiserit
2682 706 2987 774 inﬁdelem,
3014 710 3147 765 bene
3171 711 3317 779 facit;
3344 716 3383 769 si
3412 696 3645 776 non—dimi.

2138 788 2300 857 serit,
2333 792 2521 847 melius
2542 793 2667 850 facit
2689 812 2703 850 :
2727 797 2862 852 sicut
2881 798 3079 854 dictum
3100 810 3179 857 est
3197 844 3211 868 ,
3236 803 3327 868 Qui
3353 805 3430 858 dat
3454 819 3643 878 nuptum,

2137 880 2259 935 bene
2285 885 2436 953 facit;
2464 894 2513 938 et
2547 886 2634 957 qui
2663 904 2764 942 non
2799 889 2887 943 dat
2912 902 3153 961 nuptum,
3188 895 3353 950 melius
3388 899 3511 967 facit.
3535 900 3646 967 Quo-

2139 974 2280 1028 niam
2308 976 2436 1030 illud
2468 994 2574 1033 non
2604 980 2776 1035 solum
2818 991 3100 1054 utrumque
3145 988 3332 1055 pariter
3373 989 3508 1056 licet;
3535 992 3644 1048 unde

2137 1063 2203 1118 ad
2235 1065 2368 1119 nihil
2397 1066 2583 1122 horum
2629 1080 2894 1142 prmcepto
2934 1074 3137 1129 Domini
3181 1077 3387 1147 quisque
3422 1081 3649 1149 compelli-

2139 1162 2256 1209 tur:
2283 1157 2375 1210 sed
2406 1158 2563 1213 etiam
2591 1167 2873 1232 utrumque
2898 1163 3109 1233 expedit
3130 1206 3143 1227 ,
3170 1166 3303 1220 aliud
3342 1169 3514 1235 minus,
3538 1171 3650 1225 aliud

2136 1249 2396 1319 amplius;
2430 1252 2569 1307 unde
2597 1252 2664 1307 ad
2694 1252 2744 1308 id
2781 1255 2922 1325 quod
2953 1258 3178 1326 amplius
3216 1260 3447 1329 expedit,
3472 1262 3652 1317 consilio

2137 1340 2373 1408 Apostoli
2395 1378 2409 1403 ,
2437 1344 2756 1413 quicumque
2784 1355 2957 1414 potest
2984 1362 3175 1416 capere
3194 1391 3208 1414 ,
3233 1360 3537 1418 provocatur.
3565 1353 3649 1407 lloc

2135 1439 2313 1484 autem
2344 1432 2431 1487 ubi
2468 1433 2535 1488 de
2561 1433 2878 1489 dimittendo
2907 1437 2989 1491 vel
3029 1453 3135 1492 non
3175 1439 3471 1495 dimittenda
3493 1442 3652 1498 inﬁdeli

2134 1522 2377 1593 conjugio
2403 1525 2677 1594 qumritur,
2706 1536 2989 1597 utrumque
3035 1529 3246 1598 quidem
3281 1533 3464 1599 pariter
3489 1532 3652 1587 licitum

2134 1623 2214 1665 est
2240 1628 2333 1682 per
2352 1614 2610 1683 justitiam
2633 1633 2753 1687 qua:
2774 1632 2954 1672 coram
2982 1619 3205 1675 Domino
3226 1630 3301 1675 est
3318 1663 3333 1687 ,
3355 1630 3405 1677 et
3428 1622 3532 1677 ideo
3554 1622 3655 1676 nihil

2136 1706 2323 1761 horum
2374 1709 2625 1764 Dominus
2668 1711 2956 1780 prohibet:
2982 1713 3075 1769 sed
3106 1729 3212 1768 non
3242 1724 3504 1785 utrumque
3527 1731 3655 1785 expe-

2132 1797 2244 1865 dit,
2279 1809 2492 1869 prepter
2522 1800 2854 1857 inﬁrmitates
2896 1802 3172 1858 hominum
3195 1847 3209 1871 ,
3239 1816 3291 1860 et
3331 1805 3442 1861 ideo
3477 1805 3522 1860 id
3544 1805 3654 1876 quod

2135 1908 2239 1945 non
2268 1882 2511 1962 expedit,
2541 1894 2827 1966 Apostolus
2856 1896 3104 1966 prohibet
3130 1915 3145 1963 ;
3171 1897 3329 1951 dante
3354 1898 3445 1952 sibi
3474 1897 3654 1951 Domino

2133 1983 2353 2037 liberum
2381 1986 2695 2054 prohibendi
2724 1987 2919 2052 locum,
2939 1988 3061 2058 quia
3084 2003 3257 2058 neque
3284 1988 3333 2041 id
3360 1986 3490 2057 quod
3513 1995 3655 2041 monet

2132 2074 2419 2144 Apostolus
2438 2115 2457 2142 ,
2489 2076 2733 2145 prohibet
2759 2076 3017 2133 Dominus
3036 2120 3050 2145 ,
3082 2093 3258 2147 neque
3286 2078 3335 2132 id
3357 2077 3485 2148 quod
3512 2078 3655 2146 prohi-

2132 2165 2220 2220 bet
2248 2166 2562 2235 Apostolus,
2589 2167 2741 2236 jubet
2769 2169 3043 2225 Dominus.
3088 2168 3247 2237 Quod
3290 2170 3385 2225 nisi
3426 2171 3489 2224 ita
3513 2178 3656 2233 esset,

2130 2274 2301 2328 neque
2324 2269 2507 2314 contra
2531 2260 2942 2329 prohibitionem
2972 2263 3184 2319 Domini
3212 2264 3482 2334 Apostolus
3500 2263 3656 2333 aliquid

2129 2360 2402 2420 moneret,
2430 2368 2603 2421 neque
2627 2363 2811 2409 contra
2838 2353 3137 2424 jussionem
3164 2355 3281 2425 ejus
3304 2354 3486 2425 aliquid
3515 2352 3656 2424 probi.

2126 2445 2294 2500 heret.
2328 2446 2559 2502 Proinde
2586 2446 2638 2500 in
2661 2447 2745 2501 his
2767 2447 2971 2502 duabus
2996 2450 3204 2515 causis,
3235 2464 3336 2504 una
3368 2449 3432 2503 de
3455 2444 3656 2502 nubendo

2126 2540 2208 2594 vel
2253 2556 2358 2593 non
2389 2540 2676 2607 nubendo,
2704 2541 2871 2596 altera
2909 2541 2977 2597 de
3020 2542 3226 2598 inﬁdeli
3270 2540 3484 2611 conjuge
3509 2539 3656 2594 dimit-

2127 2633 2285 2688 tcndo
2308 2634 2389 2688 vel
2412 2649 2516 2689 non
2538 2634 2853 2689 dimittendo
2871 2674 2886 2699 ,
2919 2635 3119 2704 aliquid
3148 2636 3322 2690 simile
3346 2644 3423 2689 est
3447 2634 3494 2687 in
3519 2630 3658 2687 verbis

2126 2724 2364 2793 Apostoli
2386 2766 2399 2790 ,
2433 2724 2633 2794 aliquid
2662 2724 2942 2779 dissimile.
2964 2724 3153 2780 Simile
3172 2725 3382 2797 quidem
3413 2723 3528 2780 illud
3544 2720 3655 2792 quod

2123 2826 2177 2871 et
2207 2816 2276 2869 ibi
2304 2816 2467 2883 dicit,
2498 2816 2821 2887 Praceptum
2859 2816 3067 2871 Domini
3096 2836 3202 2873 non
3231 2819 3411 2885 habeo,
3438 2817 3658 2871 consilium

2122 2918 2289 2962 autem
2317 2910 2419 2973 do;
2449 2918 2500 2965 et
2526 2908 2614 2964 hic
2643 2910 2788 2977 dicit,
2810 2909 2921 2981 Ego
2944 2909 3057 2965 dico
3076 2951 3095 2977 ,
3123 2929 3229 2966 non
3253 2912 3505 2966 Dominus.
3525 2907 3660 2977 Quale

2122 3008 2203 3054 est
2247 3000 2425 3063 enim.
2457 2998 2775 3071 Prwceplum
2821 3001 3027 3055 Domini
3071 3019 3180 3057 non
3235 3004 3424 3067 habeo;
3452 3001 3545 3056 tale
3567 3007 3660 3063 est,

2125 3088 2245 3143 Non
2259 3090 2380 3143 dicit
2400 3090 2644 3146 Dominus
2666 3108 2684 3145 :
2705 3100 2760 3146 et
2774 3093 2929 3161 quale
2949 3100 3051 3159 est,
3070 3095 3347 3149 consilium
3362 3095 3455 3158 do;
3483 3092 3573 3147 tale
3584 3100 3663 3154 εει,

2122 3199 2212 3252 ego
2240 3184 2373 3236 dico.
2397 3182 2531 3237 Illud
2546 3192 2722 3238 autem
2750 3183 3007 3260 dissimile
3033 3194 3135 3251 est,
3162 3187 3289 3256 quia
3310 3186 3378 3242 de
3398 3182 3667 3240 nubendoet

2124 3290 2230 3328 non
2256 3263 2503 3328 nubendi)
2521 3283 2695 3343 potest
2714 3274 2845 3343 dici,
2874 3274 2976 3330 hoc
3004 3276 3141 3331 bene
3181 3278 3318 3344 ﬁeri,
3339 3276 3461 3332 illud
3482 3274 3662 3334 melius;

2122 3367 2373 3436 quoniam
2399 3377 2685 3436 utrumque
2705 3366 2939 3438 expedit,
2960 3368 3135 3423 minus
3152 3369 3329 3435 aliud,
3348 3369 3508 3439 magis
3519 3363 3665 3421 aliud:

2122 3468 2176 3511 at
2208 3473 2332 3512 vero
2358 3457 2425 3512 de
2451 3458 2678 3528 conjuge
2704 3458 2903 3514 inﬁdeli
2932 3458 3265 3517 dimittenda
3291 3462 3370 3517 vel
3399 3476 3498 3515 non
3521 3457 3665 3514 dimit-

2124 3549 2282 3602 tendo
2307 3590 2322 3615 ,
2346 3550 2600 3618 quonimn
2632 3564 2794 3604 unum
2826 3549 3016 3604 horum
3047 3566 3160 3606 non
3185 3552 3401 3623 expedit
3417 3592 3430 3615 ,
3453 3548 3578 3606 aliud
3595 3561 3669 3602 ex-

2122 3641 2301 3710 pedit,
2334 3642 2436 3696 dici
2479 3658 2585 3696 non
2611 3651 2853 3712 oportet,
2886 3642 2988 3711 Qui
3012 3643 3275 3711 dimittit,
3309 3646 3443 3701 bene
3467 3642 3602 3707 facit;
3626 3648 3668 3695 et

2120 3734 2208 3800 qui
2239 3747 2344 3785 non
2371 3732 2621 3798 dimittit,
2653 3733 2842 3788 melius
2864 3734 2985 3788 facit
3012 3752 3025 3788 :
3048 3734 3145 3791 sed
3177 3736 3285 3791 dici
3315 3744 3551 3806 oportet,
3576 3730 3669 3787 Non

2119 3824 2381 3890 dimittat;
2413 3824 2534 3893 quia
2572 3823 2673 3879 etsi
2710 3824 2866 3893 licet,
2894 3842 2999 3881 non
3028 3829 3273 3899 expedit.
3304 3828 3393 3884 Sic
3432 3842 3549 3897 ergo
3570 3837 3670 3895 pos-

2119 3930 2303 3970 sumus
2322 3915 2502 3970 dicere
2530 3916 2719 3971 melius
2741 3932 2861 3973 esse
2881 3918 3148 3975 infidelem
3186 3921 3468 3993 eonjugem
3494 3934 3588 3975 non
3604 3916 3671 3972 di-

2120 4008 2330 4061 mittere
2349 4047 2364 4071 ,
2392 4008 2634 4076 qummis
2659 4007 2816 4063 liceat
2835 4018 2890 4065 et
2918 4008 3225 4078 dimittere;
3259 4007 3670 4083 quemadmodum

2118 4106 2262 4154 recte
2286 4098 2516 4153 dicimus
2555 4099 2748 4154 melius
2790 4114 2910 4156 esse
2945 4100 3094 4171 quod
3134 4114 3196 4158 et
3225 4103 3354 4161 licet
3380 4112 3434 4160 et
3456 4099 3671 4173 expedit.

2116 4206 2275 4261 quam
2302 4190 2352 4245 id
2372 4190 2515 4261 quod
2546 4191 2701 4258 licet,
2736 4208 2836 4248 nec
2862 4194 3099 4264 expedit.

2187 4281 2410 4338 CAPUT
2440 4281 2558 4337 XX.
2604 4314 2675 4323 —
2702 4283 2792 4339 24.
2823 4283 2900 4339 De
2940 4287 3247 4358 conjugibus
3276 4287 3557 4359 inﬁdelibus
3592 4298 3675 4339 non

2114 4374 2425 4430 dimittendis
2472 4376 2737 4430 consilium
2785 4378 3015 4447 Apostoli
3059 4390 3162 4447 est,
3218 4399 3325 4437 non
3374 4388 3668 4453 precepim-

2117 4464 2175 4519 Μ
2177 4466 2371 4519 anitum
2397 4467 2478 4519 hic
2504 4468 2600 4521 loci
2622 4468 2684 4521 de
2706 4485 2760 4523 re
2787 4468 2944 4524 libera
2966 4487 3073 4526 esse
3090 4513 3104 4536 ,
3127 4474 3240 4527 alia
3268 4483 3441 4528 tamen
3464 4487 3564 4527 esse
3584 4484 3674 4523 mo-

2114 4556 2222 4609 nita
2246 4555 2478 4626 Apostoli
2503 4557 2565 4611 de
2590 4575 2643 4611 re
2669 4559 2937 4628 imperata.
2965 4559 3061 4615 His
3085 4560 3154 4618 de
3183 4565 3371 4620 causis
3406 4562 3590 4618 factum
3611 4562 3678 4612 cst

2116 4656 2172 4701 ut
2196 4662 2471 4718 exponens
2519 4649 2728 4704 Domini
2776 4665 3078 4707 sermonem
3099 4694 3114 4719 ,
3141 4671 3312 4725 quem
3344 4655 3598 4728 prolixum
3636 4650 3679 4704 in

2113 4749 2295 4797 mOnte
2341 4742 2562 4809 habuit,
2594 4744 2681 4799 ubi
2728 4728 2947 4811 ventum
2989 4755 3074 4801 est
3118 4749 3188 4803 ad
3237 4751 3586 4820 quiestionem
3622 4741 3677 4796 de

2112 4833 2427 4902 conjugibus
2452 4834 2782 4890 dimittendis
2813 4836 2893 4891 vel
2921 4853 3025 4893 non
3054 4837 3398 4897 dimittendis
3417 4882 3434 4906 ,
3458 4834 3679 4895 adhibitis

2113 4926 2272 4980 etiam
2299 4928 2604 4995 apostolicis
2630 4929 2947 4985 testimoniis
2966 4972 2982 4997 ,
3003 4931 3240 4987 dicerem
3270 4934 3557 4989 consilium
3579 4940 3680 4983 esse

2111 5016 2381 5085 Apostoli,
2413 5033 2519 5073 non
2570 5028 2891 5089 praeceptum
2940 5021 3182 5088 Domini,
3217 5024 3311 5079 ubi
3362 5025 3470 5090 ait,
3502 5017 3681 5077 Ceteris

2110 5116 2280 5161 autem
2308 5123 2399 5178 ego
2420 5108 2560 5173 dico,
2586 5126 2688 5164 non
2713 5109 2964 5167 Dominus
2982 5154 2998 5178 ,
3039 5130 3271 5172 monens
3302 5132 3400 5172 eos
3426 5115 3515 5187 qui
3542 5111 3683 5167 habe-

2110 5208 2234 5256 rent
2286 5201 2541 5272 conjuges
2594 5203 2866 5270 inﬁdeles,
2908 5213 2967 5260 ut
3010 5209 3418 5264 consentientes
3463 5204 3683 5261 habitare

2109 5306 2289 5346 secum
2310 5306 2415 5345 non
2442 5292 2789 5348 dimitterent.
2814 5294 2968 5362 Quod
2992 5298 3171 5368 utique
3195 5299 3325 5354 ideo
3353 5295 3680 5355 monendum.

2107 5398 2215 5438 non
2256 5383 2549 5454 jubendum
2595 5385 2726 5451 fuit,
2753 5388 2875 5457 quia
2920 5405 3027 5445 non
3070 5399 3217 5446 tanto
3250 5393 3497 5462 pondere
3523 5385 3685 5462 prohi-

2107 5475 2267 5531 bendi
2293 5485 2416 5532 sunt
2442 5476 2686 5533 homines
2713 5481 2888 5537 facere
2912 5481 3054 5538 licita
3071 5524 3086 5549 ,
3112 5486 3369 5553 quamvis
3400 5501 3509 5540 non
3534 5495 3681 5551 cxpe-

2106 5567 2286 5631 diant,
2316 5577 2513 5638 quanto
2541 5569 2774 5637 pondere
2816 5571 3165 5641 prohibentur
3194 5574 3410 5631 illicita.
3439 5574 3496 5630 Si
3523 5581 3681 5629 autem

2109 5657 2298 5713 alicubi
2330 5659 2616 5728 Apostolus
2656 5660 2816 5715 etiam
2849 5660 2934 5716 illa
2964 5678 3080 5735 quae
3121 5662 3366 5734 jubenda
3393 5672 3553 5731 sunt,
3584 5673 3682 5715 mo-
