3844 6532
220 456 281 515 κδ
1558 436 1759 497 LIBER
1797 431 2064 495 PRIMUS.

224 564 551 635 undipatus
592 571 689 618 est
722 603 744 629 ,
781 561 920 616 hoc
970 557 1094 614 fecit
1119 554 1369 628 parcendo
1413 556 1429 587 ¹
1469 553 1786 618 inﬁrmitati,

222 654 713 725 nuprejudicando
770 650 1059 723 jussioni.
1097 647 1238 704 Unde
1279 648 1322 702 si
1368 646 1537 713 dixit,
1570 645 1691 699 Non
1736 653 1792 697 ut

216 746 433 817 mfutlatn
458 762 561 798 vos
592 745 728 798 hac
761 743 961 797 scribo
983 784 998 806 ,
1031 740 1111 794 sed
1135 749 1186 793 ut
1225 740 1357 808 ﬁlios
1385 754 1519 792 meos
1553 736 1792 791 charissi-

214 856 279 890 nos
307 853 457 889 πιοηεο
504 836 574 904 (ι
629 833 780 889 Cor.
816 849 907 899 tv,
942 831 1062 900 id);
1088 830 1205 900 qttid
1246 828 1408 884 habet
1452 827 1790 898 qumstionis,

213 930 356 993 ubisit,
381 926 491 998 Ego
524 927 661 980 dico
682 967 703 992 ,
738 942 862 979 non
906 922 1192 977 Dominus?
1218 922 1349 978 item
1393 921 1482 975 ubi
1523 920 1630 987 ait,
1660 918 1795 973 Ecce

213 1038 273 1091 ego
293 1020 454 1073 Paulus
491 1020 626 1072 dico
654 1018 844 1081 vobis,
881 1016 1009 1085 quia
1025 1015 1070 1069 si
1091 1013 1540 1080 circumcidamini,
1565 1011 1792 1066 Christus

215 1114 306 1166 nbit
332 1110 441 1163 nihil
477 1108 740 1182 proderit
776 1106 992 1179 (Galat.
1024 1121 1075 1172 v,
1102 1104 1195 1175 2);
1227 1101 1484 1173 numquid
1514 1103 1675 1157 etiam
1702 1101 1789 1157 hic

217 1203 335 1267 dixit,
360 1200 456 1273 Ego
498 1200 626 1253 dico
648 1239 665 1264 ,
698 1216 818 1252 non
864 1195 1161 1251 Dominus?
1184 1193 1301 1248 Non
1335 1201 1460 1249 sunt
1486 1193 1664 1263 itaque
1690 1192 1790 1247 ista

218 1296 389 1361 similia,
411 1293 541 1363 quia
569 1292 756 1345 etiam
782 1289 886 1343 illa
934 1303 1054 1358 quae
1073 1286 1224 1356 jubet
1255 1285 1541 1351 Dominus,
1578 1298 1682 1339 non
1709 1291 1792 1338 est

219 1386 437 1454 indignum
458 1397 644 1452 neque
672 1379 1023 1437 contrarium
1039 1420 1056 1445 ,
1079 1377 1125 1431 si
1146 1375 1337 1431 eadem
1359 1383 1543 1430 monet
1566 1377 1793 1445 Aposto-

215 1476 292 1529 lus.
316 1475 583 1529 Menenius
613 1472 775 1526 enim
805 1484 948 1541 quos
964 1468 1159 1523 charos
1189 1467 1448 1521 habemus
1470 1507 1485 1533 ,
1515 1475 1573 1520 ut
1599 1465 1793 1520 faciant

213 1566 386 1621 Domini
408 1572 707 1635 praecepta,
743 1562 833 1616 vel
850 1561 1028 1630 jussa.
1060 1559 1194 1614 Cum
1223 1573 1352 1612 vero
1377 1558 1483 1623 ait,
1511 1556 1620 1627 Ego
1642 1556 1785 1622 dico,

212 1673 293 1709 non
318 1655 594 1720 Dominus;
624 1655 765 1709 satis
794 1650 1039 1707 ostendit
1062 1650 1343 1705 Dominum
1369 1665 1474 1704 non
1503 1648 1790 1718 prohibere

210 1748 331 1817 quod
354 1748 461 1817 ipse
490 1746 854 1817 prohibebat.
892 1741 1262 1798 Prohibuisset
1284 1748 1464 1795 autem
1497 1740 1787 1807 Dominus,

211 1842 250 1895 si
274 1849 407 1895 esset
430 1838 698 1893 illicitum.
730 1837 881 1907 Ergo
926 1832 1222 1889 secundum
1247 1847 1310 1887 ea
1340 1844 1461 1901 qua:
1503 1846 1663 1901 supra
1701 1831 1790 1886 diu

213 1932 462 1999 diximus,
496 1931 838 2000 multumque
886 1926 1222 1983 versavimus
1245 1966 1259 1992 ,
1293 1925 1497 1979 licitum
1540 1933 1656 1980 erat
1695 1940 1791 1996 per

221 2024 495 2092 justitiam;
518 2022 610 2078 sed
633 2022 797 2077 etiam
827 2019 1040 2074 licitum
1070 2032 1176 2072 non
1202 2024 1319 2071 erat
1344 2014 1645 2072 faciendum
1669 2032 1790 2088 pro-

235 2124 347 2182 pter
368 2114 580 2168 liberam
597 2113 1049 2168 benevolentiam.

311 2205 525 2261 CAPUT
557 2207 690 2263 XXI.
723 2240 787 2249 —
821 2210 918 2265 25.
953 2209 1035 2264 De
1054 2210 1304 2281 conjugiis
1327 2226 1439 2263 cum
1465 2207 1753 2277 inﬁdelibus
1772 2246 1787 2272 ,

242 2294 479 2350 Pollentii
498 2299 721 2351 sententia
744 2299 1035 2353 discutitur.
1058 2300 1228 2355 Aliam
1246 2317 1353 2355 esse
1375 2300 1701 2368 qmvstionem
1723 2297 1786 2350 tle

224 2388 337 2456 iam
370 2390 650 2459 conjunctis,
674 2390 827 2445 aliam
858 2392 925 2445 de
967 2392 1356 2464 conjungendis.
1399 2390 1478 2445 De
1509 2392 1624 2461 jam
1669 2406 1790 2444 con—

219 2483 430 2548 iunctis,
459 2499 555 2537 non
581 2484 640 2537 de
671 2470 958 2555 jungendis
986 2484 1072 2555 agi
1108 2486 1165 2537 in
1203 2485 1316 2538 loco
1358 2483 1588 2555 Apostoli
1617 2484 1785 2537 citato.

216 2574 404 2629 "licita
424 2586 470 2629 et
495 2579 639 2631 uetita
662 2595 694 2631 a
721 2577 946 2633 Domino
975 2595 1235 2648 nunquam
1271 2578 1469 2648 expedit
1498 2581 1682 2648 facere.
1712 2575 1753 2629 Τ
1758 2592 1789 2629 ιι

213 2676 388 2721 autem
414 2668 495 2721 cui
523 2669 724 2738 placet,
748 2670 821 2723 ita
862 2685 968 2724 non
998 2669 1163 2724 licere
1189 2668 1333 2739 quod
1373 2683 1478 2723 non
1509 2676 1653 2723 vetat
1683 2667 1786 2721 Do-

212 2758 384 2814 minus
400 2801 414 2826 ,
436 2759 526 2814 sed
547 2761 870 2830 Apostolus,
897 2759 1345 2831 quemadmodum
1374 2776 1477 2814 tton
1503 2760 1626 2814 licet
1648 2758 1788 2828 quod

214 2860 353 2906 vetat
394 2854 678 2921 Dominus,
710 2870 835 2910 cum
889 2868 1160 2923 exponere
1206 2852 1467 2909 voluisses
1512 2850 1638 2922 qttid
1686 2850 1787 2904 sibi

222 2944 373 2999 vellet
391 2947 519 3016 quod
544 2948 620 3001 ait
639 2986 657 3013 ,
699 2946 812 3017 Ego
853 2946 967 3000 dico
987 2987 1002 3012 ,
1030 2961 1131 2999 non
1177 2944 1429 2999 Dominus
1446 2986 1460 3009 ,
1486 2958 1607 2998 cum
1653 2943 1788 2997 allo-

232 3047 459 3105 qucretur
501 3039 687 3095 ﬁdeles
734 3039 933 3109 quibus
981 3045 1163 3093 essent
1206 3037 1464 3107 conjngcs
1513 3035 1786 3109 inﬁdeles;

232 3125 432 3191 dixisti,
457 3148 475 3181 r
504 3130 635 3199 Quia
680 3130 943 3185 Dominus
987 3129 1149 3200 jussit
1193 3144 1262 3184 nc
1289 3127 1533 3199 conjugia
1575 3127 1790 3181 sibimet

237 3235 260 3268 ι
301 3217 497 3275 diverse
535 3222 817 3291 religionis
845 3221 1260 3291 copularentur:
1294 3240 1313 3273 ι
1348 3229 1402 3275 ct
1432 3220 1603 3289 ipsum
1634 3217 1789 3272 adbi-

225 3307 378 3364 buisti
412 3313 765 3367 testimonium
819 3312 1035 3367 Domini
1088 3311 1344 3377 dicentis,
1401 3310 1523 3364 Non
1574 3310 1790 3380 accipies

220 3417 416 3459 latorem
443 3405 543 3473 ﬁlio
568 3415 655 3459 tuo
684 3422 717 3458 a
756 3405 963 3474 ﬁliabus
998 3404 1435 3475 alienigenarum,
1460 3419 1521 3457 ne
1561 3402 1790 3456 traducat

215 3508 331 3545 aut
372 3506 472 3563 post
496 3496 616 3550 deos
658 3512 816 3563 suos,
841 3506 889 3550 et
930 3505 1100 3566 pereat
1139 3496 1310 3549 anima
1342 3496 1451 3565 ejus
1477 3494 1648 3565 (Deut.
1681 3510 1752 3548 vn
1772 3534 1786 3559 ,

217 3580 279 3646 3,
302 3583 384 3645 4).
409 3584 657 3641 Addidisti
683 3586 849 3641 etiam
872 3586 1033 3641 verba
1056 3586 1297 3656 Apostoli
1318 3628 1332 3651 ,
1365 3586 1451 3640 ubi
1482 3585 1639 3652 dixit,
1672 3584 1726 3639 Μ
1731 3603 1790 3640 u-

230 3674 324 3726 ιὶσ
351 3678 532 3746 alligata
550 3688 641 3747 est,
660 3680 909 3749 quamdiu
924 3679 1000 3732 vir
1019 3679 1128 3748 ejus
1154 3679 1291 3732 vivit.
1328 3676 1479 3742 Quod
1502 3680 1542 3731 si
1567 3688 1791 3731 mortuus

224 3767 386 3833 fuerit
416 3770 481 3821 vir
500 3773 627 3839 ejus,
657 3773 871 3825 liberata
908 3780 980 3825 est
1002 3786 1021 3824 :
1042 3771 1124 3823 cui
1163 3770 1266 3824 uult
1303 3768 1485 3833 nubat,
1519 3779 1711 3823 tantum
1738 3769 1790 3822 in

217 3857 440 3916 Dandae
471 3864 507 3935 (Ι
527 3863 646 3919 Cor.
674 3880 781 3931 vrt,
810 3863 902 3937 '59)
930 3882 943 3917 :
969 3863 1110 3934 quod
1144 3863 1213 3917 ita
1249 3863 1538 3932 exposuisti
1562 3903 1576 3929 ,
1609 3871 1666 3916 ttl
1694 3861 1791 3916 ad-

212 3949 481 4021 jungeres,
516 3973 537 4007 ι
569 3954 624 4009 ld
654 3964 737 4010 est
762 3953 1053 4009 christiano
1078 3954 1118 4007 '.
1158 3971 1176 4004 ι
1223 3952 1423 4007 Deinde
1461 3960 1674 4007 secutus
1698 3967 1756 4006 cs
1776 3993 1789 4015 ,

220 4050 273 4093 et
309 4042 510 4097 ιὶειὶει
542 4044 656 4101 Hoc
682 4053 769 4099 est
813 4059 939 4113 ergo
968 4043 1175 4097 Domini
1220 4052 1543 4113 praeceptum
1588 4050 1694 4096 tam
1740 4042 1791 4095 in

228 4148 249 4179 ί
290 4131 456 4189 Veteri
501 4146 658 4207 quam
710 4136 769 4190 in
814 4135 963 4191 Novo
1021 4134 1397 4200 Testamento,
1431 4144 1488 4187 ut
1532 4150 1637 4188 non
1692 4132 1792 4188 nisi

228 4238 248 4271 ι
290 4226 439 4282 uias
463 4228 732 4299 religionis
760 4236 816 4282 et
857 4226 978 4281 ﬁdei
1015 4226 1260 4296 conjugia
1290 4226 1390 4281 sibi
1430 4233 1679 4280 maneant
1699 4241 1794 4282 co-

221 4330 242 4365 ι
285 4317 476 4384 palata.
506 4338 525 4371 ι
555 4319 611 4374 Si
643 4318 747 4375 hoc
771 4332 899 4390 ergo
919 4327 1001 4374 est
1022 4318 1230 4372 Domini
1255 4326 1577 4388 pratceptum
1610 4325 1713 4371 tam
1741 4317 1794 4372 in

212 4403 396 4463 Veteri
422 4410 759 4466 Testamento
797 4424 957 4481 quam
997 4410 1051 4464 in
1077 4408 1257 4475 Novo,
1287 4416 1343 4463 et
1383 4408 1485 4463 hoc
1506 4408 1656 4478 jubet
1686 4407 1794 4462 Do-

214 4499 425 4568 minus,
445 4501 542 4558 hoc
572 4503 731 4559 docet
761 4501 1048 4573 Apostolus
1067 4543 1083 4566 ,
1116 4508 1173 4555 ut
1198 4515 1304 4555 non
1344 4499 1445 4554 nisi
1484 4499 1640 4555 unius
1664 4498 1795 4555 reli-

214 4590 392 4659 gionis
408 4606 457 4650 et
476 4596 598 4652 ﬁdei
624 4603 881 4651 maneant
907 4594 1150 4664 copulata
1180 4592 1458 4663 coniugia;
1481 4606 1646 4662 quare
1665 4606 1797 4648 con-

216 4692 297 4737 Ira
346 4685 441 4742 hoc
482 4688 691 4744 Domini
737 4688 985 4757 jussum,
1029 4696 1215 4742 contra
1261 4685 1559 4741 doctrinam
1608 4699 1794 4751 suam,

216 4783 402 4830 contra
427 4789 747 4849 praeceptum
778 4777 1107 4832 Testamenti
1134 4775 1343 4831 Veteris
1369 4784 1424 4830 et
1449 4774 1581 4829 Novi
1605 4815 1618 4840 ,
1647 4775 1797 4845 jubet

218 4865 499 4931 Aposutlus
523 4880 581 4925 ut
608 4870 837 4925 diversa:
868 4868 990 4923 ﬁdei
1034 4867 1277 4937 conjugia
1308 4875 1558 4922 maneant
1578 4865 1799 4936 copula-

221 4959 308 5012 ta?
333 4980 355 5012 ι
402 4963 524 5031 Quia
572 4964 806 5027 Paulus,
840 4962 1051 5033 inquis,
1092 4961 1341 5017 Gentium
1386 4959 1704 5031 przcdicator
1746 4966 1801 5014 et

225 5067 244 5099 ι
290 5056 590 5122 apostolus,
634 5056 745 5125 jam
794 5056 851 5109 in
899 5052 1148 5123 conjugio
1196 5050 1434 5122 positos,
1466 5065 1573 5106 non
1626 5049 1799 5105 solum

229 5158 248 5189 ι
291 5156 503 5211 monet,
530 5146 624 5203 sed
650 5146 810 5201 etiam
839 5143 1023 5215 jubet,
1040 5153 1112 5198 ἰιι
1136 5143 1183 5197 si
1209 5157 1346 5197 unus
1372 5149 1465 5197 aut
1492 5155 1593 5195 una
1623 5154 1653 5195 a
1676 5154 1805 5195 con-

232 5249 253 5281 σ
294 5234 501 5304 iugibus
545 5237 896 5301 credidisset,
928 5236 1155 5290 alterum
1181 5235 1265 5289 vel
1309 5234 1528 5288 alteram
1553 5246 1659 5287 non
1689 5246 1808 5285 crc-

232 5338 255 5370 ι
300 5324 533 5393 ὐωιιειιι,
561 5342 742 5383 secum
764 5336 941 5381 tamen
966 5325 1203 5380 habitare
1228 5323 1676 5389 consentientem,
1696 5334 1804 5374 non

238 5427 259 5460 ι
304 5412 601 5473 dimitteret.
637 5439 657 5471 ι
688 5418 785 5473 His
820 5416 999 5473 verbis
1026 5416 1131 5470 tuis
1170 5414 1314 5473 aliud
1352 5414 1489 5481 hoc,
1520 5412 1662 5468 aliud
1688 5426 1808 5467 esse

238 5500 372 5558 illud
391 5550 405 5571 ,
424 5511 543 5566 satis
569 5513 845 5567 evidenter
864 5508 1123 5565 ostendis.
1149 5506 1283 5562 Illud
1306 5506 1448 5562 enim
1475 5505 1544 5561 de
1570 5504 1653 5559 his
1678 5518 1811 5559 con-

242 5593 395 5665 iugiis
416 5604 595 5672 agitur,
623 5620 742 5676 qua:
773 5604 875 5659 sibi
905 5602 1150 5672 primitus
1186 5600 1519 5671 capulantur,
1550 5613 1620 5653 ne
1643 5597 1811 5655 nubat

246 5684 436 5746 Enimn
462 5710 562 5750 non
597 5712 708 5752 sua:
735 5692 1012 5765 religionis
1038 5692 1151 5747 viro
1171 5734 1186 5760 ,
1220 5692 1302 5748 vel
1343 5693 1423 5748 vir
1452 5691 1608 5747 talem
1655 5690 1812 5745 ducat

309 5821 331 5891 ξ
363 5828 450 5891 Duo
469 5831 589 5885 uss,
610 5826 846 5891 parendo.

310 5882 332 5912 ⁸
364 5885 455 5935 wh
482 5882 621 5942 editio
636 5898 767 5950 nov,
793 5889 944 5951 idque
967 5886 1245 5940 christiano.

3374 451 3482 513 £66

1903 569 2138 609 uxorem.
2174 574 2192 608 ι
2232 556 2285 612 ld
2315 559 2490 625 cnim,
2528 579 2545 611 ι
2584 572 2638 617 ιιι
2676 562 2842 633 dicis,
2881 585 2899 617 ε
2928 566 3080 637 jubet
3116 568 3274 636 Deus,
3320 571 3479 627 docet

1911 664 1930 697 ι
1976 646 2295 715 Apostolus,
2343 660 2623 721 utrumque
2672 657 2914 726 praecipit
2965 658 3385 717 Testamentum.
3450 684 3467 714 ι

1899 737 2012 792 Hoc
2034 748 2209 793 autem
2233 740 2499 797 diversum
2525 759 2643 799 esse
2663 748 2778 815 quis
2799 748 3025 815 abnuat,
3059 750 3145 806 ubi
3174 752 3347 823 agitur
3366 768 3472 807 non

1898 829 1967 885 de
2008 832 2425 903 conjungendis,
2457 836 2549 890 sed
2591 836 2659 892 de
2699 839 3034 910 conjunctis?
3061 844 3233 899 Ambo
3281 846 3476 916 quippe

1899 922 2053 976 unius
2083 923 2427 995 ejusdemque
2476 925 2797 984 inﬁdelitatis
2841 930 3053 987 fuerunt
3089 934 3303 1003 quando
3341 951 3475 991 con-

1894 1012 2064 1082 juncti
2089 1023 2246 1082 sunt;
2279 1016 2373 1071 sed
2402 1017 2745 1089 Evangelium
2770 1035 2891 1076 cum
2918 1023 3171 1090 venisset,
3195 1027 3330 1081 alter
3358 1027 3476 1082 sine

1897 1104 2099 1171 altera,
2126 1106 2210 1160 vel
2253 1107 2417 1163 altera
2461 1109 2578 1165 sine
2603 1110 2774 1167 altero
2812 1113 3053 1169 credidit.
3081 1114 3136 1171 Si
3180 1130 3308 1186 ergo
3331 1118 3476 1171 aliud

1897 1205 1979 1250 est
2011 1195 2112 1251 hoc
2130 1238 2144 1263 ,
2172 1197 2314 1267 quod
2337 1199 2455 1254 sine
2483 1202 2732 1270 scrupulo
2760 1203 2912 1259 ullius
2942 1204 3285 1262 dubitationis
3310 1222 3477 1278 appa-

1898 1295 2000 1354 rct,
2031 1303 2126 1342 cur
2152 1287 2360 1344 ﬁdelem
2386 1306 2506 1345 cum
2548 1291 2749 1349 inﬁdeli
2774 1295 2826 1349 itt
2854 1296 3101 1366 conjugio
3128 1312 3444 1367 permanere
3463 1341 3476 1362 ,

1899 1394 2003 1435 non
2032 1390 2085 1436 et
2106 1382 2362 1438 Dominus
2386 1384 2523 1439 sicut
2544 1385 2831 1455 Apostolus
2854 1388 3041 1458 jubet?
3065 1389 3177 1444 Nisi
3214 1390 3351 1445 forte
3378 1392 3479 1445 isto

1899 1470 2015 1526 loco
2040 1482 2223 1539 vacat,
2252 1473 2393 1544 quod
2421 1484 2525 1529 tam
2570 1475 2796 1532 ﬁdenter
2822 1478 2934 1548 ipse
2961 1479 3036 1533 ait
3065 1497 3075 1532 :
3109 1482 3185 1534 An
3220 1482 3371 1535 vultis
3392 1498 3481 1537 cr-

1899 1564 2232 1633 pcrimentum
2271 1566 2498 1637 accipere
2540 1568 2649 1638 ejus
2690 1570 2776 1636 qui
2820 1571 2873 1624 in
2911 1588 2989 1625 me
3012 1573 3229 1642 loquitur
3254 1574 3481 1628 Christus

1898 1654 1964 1723 (Il
1997 1654 2115 1710 Cor.
2143 1672 2260 1722 XIII,
2290 1656 2381 1726 '5)?
2410 1658 2478 1712 Et
2507 1659 2688 1730 utique
2713 1660 2968 1718 Dominus
2996 1674 3078 1718 cst
3103 1664 3363 1720 Christus.
3396 1665 3479 1720 ln-

1899 1747 2163 1818 tclligisue
2199 1749 2335 1820 quid
2383 1750 2698 1807 dicant?Att
2752 1754 2802 1808 itt
2852 1755 2951 1810 hoc
2998 1758 3330 1827 cxplanando
3376 1760 3479 1813 alii

1895 1847 2095 1907 qttanto
2123 1838 2429 1910 diligentius
2460 1841 2820 1899 ittnttorabor?

1965 1929 2056 1985 26.
2096 1931 2328 1987 Attende
2348 1974 2362 1997 ,
2394 1942 2449 1987 ut
2477 1949 2588 1989 rem
2620 1934 2793 2007 ipsam
2817 1941 3151 2009 tanqnattt-in
3180 1955 3499 2012 conspectu.

1897 2021 2336 2078 considerandam
2365 2026 2602 2094 planiore
2626 2042 2875 2086 sermone
2896 2046 3173 2100 ponamus.
3194 2035 3330 2091 Ecce
3358 2052 3479 2092 cou-

1892 2110 2046 2182 jugcs
2098 2112 2241 2181 duo,
2286 2116 2442 2171 unius
2490 2117 2845 2185 inﬁdelitatis;
2878 2122 2945 2176 ita
3002 2123 3213 2179 luerunt
3263 2130 3478 2196 quando

1897 2204 2163 2273 conjuncti
2193 2214 2316 2259 sunt
2342 2221 2355 2257 :
2383 2207 2524 2260 nulla
2555 2208 2623 2263 de
2655 2209 2736 2265 Itis
2765 2213 2989 2280 qua-stio
3028 2224 3138 2277 est,
3166 2230 3284 2284 quae
3312 2219 3477 2285 perti-

1898 2304 2022 2349 neat
2040 2295 2105 2349 ad
2134 2296 2276 2350 illam
2304 2297 2511 2353 Domini
2529 2299 2822 2368 jttssioncnt
2844 2300 3247 2373 doctrinamque
3266 2316 3479 2375 aposto-

1898 2385 2051 2440 licam
2079 2395 2133 2439 et
2159 2396 2479 2457 prmceptunt
2508 2388 2835 2444 Testatncnti
2865 2390 3072 2447 \‘ctctis
3096 2402 3150 2447 ct
3175 2392 3341 2462 Novi,
3374 2410 3481 2464 quo

1900 2477 2206 2547 prohibetur
2248 2478 2419 2534 ﬁdclis
2446 2494 2566 2535 cum
2614 2479 2814 2537 inﬁdeli
2862 2486 3114 2552 (opntare
3152 2485 3475 2556 conjugium.

1894 2569 2014 2624 Jaut
2058 2580 2179 2625 sunt
2225 2572 2510 2643 conjugcs,
2543 2584 2595 2628 ct
2622 2573 2795 2628 adlmc
2837 2577 2996 2629 ambo
3038 2584 3162 2631 sunt
3206 2577 3475 2642 inﬁdeles;

1895 2661 2069 2717 adhuc
2102 2663 2232 2719 tales
2260 2673 2380 2718 sunt
2405 2663 2590 2733 quales
2630 2666 2839 2720 luerunt
2868 2679 3151 2736 antequam
3186 2668 3479 2738 jungeren-

1898 2765 2001 2821 tur,
2034 2756 2319 2827 qualesque
2344 2757 2610 2828 conjuncti
2640 2768 2781 2813 sunt.
2811 2758 2959 2814 \‘cnit
2988 2760 3259 2831 Evangelii
3288 2760 3479 2831 praadi-

1894 2860 2062 2921 calor,
2091 2851 2312 2907 credidit
2356 2865 2539 2906 eorum
2570 2862 2657 2906 aut
2687 2866 2822 2907 unus
2842 2893 2855 2912 .
2887 2861 2979 2908 aut
3022 2867 3124 2907 una
3149 2867 3164 2918 ;
3192 2851 3287 2909 sed
3326 2853 3397 2907 ita
3424 2863 3484 2906 ut

1897 2942 2124 2999 inﬁdelis
2165 2957 2287 2999 cum
2333 2944 2471 3000 lideli
2506 2944 2745 3000 habitare
2785 2946 3102 3011 rnttscntiat.
3147 2945 3306 3001 anet
3337 2944 3478 2999 ﬁdeli

1900 3035 2153 3091 Dominus
2201 3052 2269 3093 ne
2323 3038 2586 3093 inﬁdelem
2636 3038 2895 3099 ditttittat,
2925 3053 2992 3091 an
3049 3053 3154 3093 nott
3202 3036 3389 3107 jubet?
3424 3036 3481 3093 Si

1894 3127 2127 3193 dixeris,
2167 3128 2359 3191 lubet;
2390 3129 2637 3183 retlatnat
2684 3112 2970 3199 Apostolus
2994 3170 3020 3189 .,
3057 3127 3166 3200 ligo
3207 3130 3352 3197 dico,
3379 3144 3481 3181 non

1899 3219 2168 3275 Dominus.
2192 3222 2248 3276 Si
2277 3221 2499 3286 dixeris,
2526 3222 2638 3276 Non
2663 3220 2810 3291 jnhct
2833 3239 2845 3283 ;
2876 3236 3091 3276 causam
3118 3222 3351 3291 requiro.
3375 3219 3481 3275 Ne-

1896 3328 2001 3383 que
2031 3314 2174 3368 illaut
2202 3313 2329 3368 tttilti
2358 3326 2711 3382 responsurus
2738 3327 2797 3368 es
2817 3353 2830 3372 .
2859 3327 3016 3380 quam
3049 3316 3151 3366 tuis
3181 3311 3367 3366 httcris
3393 3311 3478 3364 in-

1898 3405 2115 3470 didisti,
2152 3422 2171 3458 ι
2204 3405 2337 3473 Quia
2370 3404 2622 3459 Dominus
2664 3403 2909 3473 prulnhet
2951 3404 3134 3458 lnlelcs
3179 3400 3482 3457 tttﬁdclibus

1904 3516 1923 3551 ι
1964 3496 2133 3569 jungi.
2171 3516 2189 3549 ι
2225 3497 2320 3552 llic
2358 3496 2498 3551 enim
2545 3496 2689 3550 nullo
2732 3495 2890 3551 modo
2932 3505 3015 3551 cst
3057 3495 3153 3551 ista
3182 3508 3340 3549 causa
3371 3511 3384 3549 :
3414 3493 3483 3550 de

1895 3589 2004 3659 jam
2027 3589 2227 3659 junctis
2267 3587 2551 3658 loquimur,
2586 3603 2689 3641 non
2730 3587 2798 3642 de
2838 3585 3142 3657 jnttgcndis.
3179 3585 3233 3643 St
3264 3600 3393 3657 ergo
3423 3594 3481 3640 ιιι

1899 3696 2113 3737 causam
2146 3695 2251 3734 non
2295 3679 2544 3735 invenisti
2584 3695 2681 3734 cur
2719 3693 2822 3734 non
2868 3688 3007 3733 vetet
3041 3678 3294 3734 Dominus
3339 3678 3479 3748 quod

1901 3781 2042 3828 vetat
2068 3772 2384 3843 Apostolus;
2413 3770 2587 3826 cernis
2617 3770 2759 3826 enim
2802 3770 2945 3840 jam,
2979 3780 3033 3824 ttt
3061 3768 3343 3836 existimo,
3376 3784 3481 3823 non

1901 3881 2021 3920 esse
2062 3866 2228 3935 ipsam
2271 3880 2428 3935 quam
2460 3879 2579 3919 esse
2623 3873 2935 3933 pntaveras:
2966 3862 3085 3918 \idc
3120 3878 3185 3917 ne
3217 3862 3352 3918 forte
3393 3863 3482 3916 illa

1902 3956 1971 4011 sit
1995 3971 2113 4027 qua:
2158 3956 2286 4011 mihi
2318 3956 2427 4011 visa
2459 3965 2536 4011 est
2559 3996 2573 4021 ,
2602 3965 2655 4009 ct
2696 3964 2821 4010 tunc
2868 3954 3179 4025 proferenda
3202 3995 3216 4017 ,
3246 3963 3298 4010 ct
3345 3968 3483 4009 nunc

1902 4048 2263 4115 defendenda;
2296 4058 2355 4102 ttt
2393 4048 2594 4103 scilicet
2626 4047 2755 4101 illml
2787 4045 3142 4115 intelligamus
3169 4045 3349 4100 dicere
3375 4043 3481 4100 Do-

1902 4141 2103 4195 minum
2130 4182 2144 4207 ,
2178 4139 2319 4210 quod
2350 4139 2509 4194 habet
2532 4154 2710 4194 coram
2741 4138 2832 4192 illo
2860 4138 3006 4191 nullo
3029 4137 3187 4192 modo
3214 4147 3479 4205 transgre-

1902 4230 2094 4284 dienda
2138 4228 2338 4298 juStitia
2364 4268 2380 4295 ,
2409 4228 2460 4282 id
2488 4236 2569 4282 cst
2591 4267 2606 4291 ,
2636 4226 2777 4297 quod
2820 4226 2889 4280 ita
2915 4226 3068 4295 jnhct
3106 4232 3198 4279 aut
3223 4235 3395 4290 vetat,
3428 4232 3487 4278 ut

1898 4320 2044 4375 aliud
2089 4318 2265 4374 facere
2293 4323 2510 4373 omnino
2540 4332 2646 4371 non
2694 4317 2849 4372 liccat
2877 4332 2890 4368 :
2920 4317 3059 4386 quod
3100 4326 3278 4371 autem
3306 4316 3490 4370 volen-

1903 4414 1970 4468 tis
2000 4411 2249 4483 potestati
2292 4410 2361 4464 ita
2393 4409 2666 4478 permittit,
2699 4417 2757 4463 ut
2798 4422 2897 4463 nec
2937 4415 3122 4477 agatur
3146 4421 3245 4461 nec
3270 4414 3488 4475 [νηριδες

1904 4508 2144 4563 mittatur
2192 4505 2403 4570 illicite;
2444 4504 2515 4559 ibi
2557 4516 2834 4557 servorum
2879 4515 3098 4555 suorum
3137 4499 3362 4555 consilio
3406 4499 3489 4554 les

1902 4619 2025 4659 cum
2055 4602 2183 4658 dare
2204 4643 2217 4667 ,
2250 4610 2305 4655 ut
2334 4599 2385 4654 id
2417 4598 2591 4669 potius
2617 4595 2875 4651 suadeant
2904 4594 3044 4665 quod
3070 4593 3298 4649 viderint
3323 4608 3490 4663 expc-

1901 4697 2036 4754 dire.

1974 4787 2062 4841 27.
2113 4785 2378 4839 Tcneatnr
2429 4780 2517 4836 hic
2560 4794 2686 4851 ergo
2730 4777 2974 4849 primitus
3020 4793 3083 4833 ac
3124 4776 3376 4843 maxime,
3424 4794 3505 4832 ne

1906 4877 2306 4934 committantur
2335 4874 2538 4929 illicita.
2580 4872 2682 4928 Ubi
2723 4882 2898 4927 autem
2928 4870 3128 4941 aliquid
3173 4870 3245 4924 ita
3288 4868 3489 4925 licitum

1907 4980 2010 5036 est,
2043 4977 2103 5024 ut
2134 4967 2277 5023 aliud
2307 4965 2485 5022 facere
2510 4979 2616 5020 non
2648 4965 2717 5020 sit
2745 4963 3009 5029 illicitum,
3043 4964 3137 5017 ﬁat
3163 4962 3302 5033 quod
3329 4977 3492 5033 espe-

1909 5065 2007 5131 dit,
2039 5062 2126 5117 vel
2150 5061 2291 5133 quod
2322 5061 2491 5131 magis
2515 5057 2748 5129 expedit.
2790 5058 2883 5112 llla
2911 5057 3070 5129 igitur
3097 5072 3215 5127 quae
3238 5056 3495 5110 Dominus

1910 5158 1982 5212 ita
2008 5155 2137 5210 dicit
2175 5162 2236 5208 ιιι
2260 5152 2546 5217 Dominus,
2578 5150 2631 5205 id
2668 5158 2783 5217 est,
2813 5164 2917 5204 non
2948 5149 3213 5203 monentis
3245 5147 3489 5212 consilio,

1910 5247 2005 5303 scd
2044 5245 2368 5301 dominantis
2411 5243 2655 5314 imperio,
2698 5258 2807 5297 non
2853 5240 3030 5296 facere
3070 5255 3174 5295 non
3217 5239 3401 5305 licet‘,
3438 5246 3493 5293 et

1914 5341 2034 5396 ideo
2058 5354 2159 5395 nec
2185 5336 2420 5408 expedit.
2452 5336 2707 5391 Dominus
2738 5335 2915 5404 itaque
2942 5332 3199 5403 prmcipit,
3226 5330 3489 5385 Mulierem

1913 5452 1946 5488 a
1985 5434 2091 5488 viro
2133 5448 2236 5487 non
2274 5429 2565 5494 discedere;
2606 5426 2739 5498 quod
2782 5426 2826 5480 si
2869 5425 3171 5491 discesserit,
3210 5438 3274 5479 ea
3312 5423 3494 5491 utique

1915 5541 2074 5580 causa
2119 5538 2222 5594 qua
2260 5521 2539 5578 discedere
2573 5518 2775 5574 licitunt
2817 5526 2919 5583 est,
2964 5531 3166 5569 manere
3210 5516 3493 5581 innuptam,

1916 5626 2003 5671 aut
2044 5617 2161 5671 viro
2193 5631 2285 5669 suo
2314 5612 2633 5669 reconciliari
2659 5610 2711 5681 (Ι
2740 5610 2854 5664 Cor.
2886 5623 2976 5672 vn,
3008 5607 3076 5660 10
3103 5615 3149 5660 et
3177 5604 3287 5674 il).
3316 5602 3504 5658 Mulier

1918 5708 2059 5763 enim
2085 5705 2175 5763 sub
2204 5708 2311 5761 viro
2329 5746 2345 5773 ,
2377 5705 2485 5759 vivo
2514 5702 2717 5767 marito,
2746 5700 2930 5767 juncta
2957 5704 3029 5749 est
3060 5695 3196 5766 legi;
3223 5703 3277 5748 et
3311 5694 3500 5747 virente

1919 5886 1950 5949 Ι
1983 5822 1999 5853 ι
2035 5821 2108 5871 sic
2128 5827 2234 5872 uss.
2263 5826 2315 5870 Αι
2341 5819 2475 5879 editi,
2499 5818 2659 5880 facere
2680 5823 2771 5861 non
2795 5808 2920 5869 licet,
2940 5808 3117 5859 omisso
3140 5840 3155 5869 ,
3194 5817 3288 5857 non
3312 5840 3326 5869 ,
3369 5813 3501 5867 ante,

1940 5896 2094 5935 acere.
2882 5888 2891 5897 ·

1940 5888 2094 5935 “acere.
2882 5888 2891 5897 '
