3930 6368
464 384 562 436 tu?
1352 370 1438 424 DE
1476 364 1822 423 uox-tuens
1864 356 2344 424 ADELTERINIS,
2386 358 2442 415 S.
2485 358 2848 415 AUGUSTINI
3585 368 3667 427 ιω

464 517 569 556 uiro
602 498 857 554 vocabitur
879 491 1142 555 adultera,
1172 488 1214 541 si
1258 485 1407 555 fuerit
1445 501 1563 537 cum
1602 482 1704 534 alio
1733 480 1838 532 viro
1870 473 2044 547 (Rom.

467 608 560 654 vn,
586 592 643 657 2,
671 588 772 659 5);
813 583 1064 655 quoniam
1100 579 1281 634 mulier
1318 577 1527 647 alligata
1561 582 1665 636 est,
1698 569 1939 643 quamdiu
1976 566 2049 619 uir

467 687 577 754 ejus
622 681 737 734 vivit
788 677 841 749 (Ι
876 676 994 730 Cor.
1018 690 1119 738 vn,
1148 672 1271 743 59).
1317 670 1490 734 Unde,
1538 666 1599 722 Si
1639 681 1766 718 uxor
1806 658 2049 754 dimiserit

466 750 629 830 virum
653 787 802 826 suum
826 781 875 825 et
899 768 988 822 alii
1014 767 1264 837 nupserit,
1296 763 1572 817 mare/ratur
1601 757 1789 830 (Marc.
1823 772 1877 821 χ,
1912 750 2046 821 12);

466 879 540 935 et,
586 865 685 932 Qui
727 864 991 919 dimissam
1030 877 1062 914 a
1104 839 1210 912 viro
1260 856 1479 921 duxerit,
1522 850 1799 907 rimabatur
1836 844 2046 935 (Mattlt.

466 934 578 1025 xm,
610 958 688 1026 9).
729 955 960 1023 ideoque
992 966 1057 1005 ex
1096 948 1284 1005 eodem
1323 952 1587 1017 praecepto
1614 936 1846 1002 Domini,
1876 935 1942 989 Et
1978 934 2053 988 vir

466 1067 678 1104 uxorem
720 1065 782 1103 nc
830 1046 1049 1100 dimittat
1092 1043 1151 1111 (l
1180 1041 1296 1096 Cor.
1330 1054 1433 1104 vn,
1475 1036 1581 1105 11)
1621 1053 1634 1088 :
1676 1031 1926 1103 quoniam
1965 1027 2052 1097 qui

468 1141 713 1195 dimiserit
760 1153 969 1194 uxorem
1015 1152 1161 1191 suam
1208 1141 1390 1202 prwter
1428 1144 1635 1183 causam
1679 1121 2047 1195 fornicationis,

472 1234 594 1302 facit
620 1248 729 1287 eam
755 1230 995 1284 mazcltari
1021 1226 1231 1299 (Matth.
1254 1241 1309 1289 ν,
1333 1223 1447 1294 '59.).
1482 1220 1587 1276 Sed
1610 1219 1653 1273 si
1681 1226 1895 1287 prOpter
1917 1213 2053 1267 hanc

473 1339 689 1379 causam
739 1321 1020 1386 dimiserit,
1070 1318 1227 1373 etiam
1278 1316 1389 1384 ipse
1435 1314 1512 1368 sic
1560 1318 1771 1365 maneat
1814 1325 1828 1360 :
1875 1303 2052 1358 Omnis

476 1417 618 1471 enim
666 1415 751 1485 qui
793 1413 998 1467 dimittit
1053 1426 1263 1465 ua'orem
1315 1423 1489 1474 suam,
1531 1413 1578 1459 et
1633 1402 1772 1456 ducit
1818 1399 2048 1460 alteram,

474 1507 749 1562 moechatur
777 1505 925 1575 (Luc.
960 1520 1068 1569 xvr,
1096 1500 1206 1571 l8).

544 1595 768 1653 CAPUT
806 1594 973 1650 XXII.
999 1624 1069 1635 -ο
1095 1592 1320 1646 Dimissa
1346 1591 1573 1643 adultera
1602 1586 1814 1640 alteram
1843 1584 2048 1645 ducens,

470 1700 525 1743 ut
553 1687 1093 1757 christianamfaciat,
1126 1685 1421 1737 mazclialur.
1463 1680 1588 1733 llaec
1630 1676 1915 1732 constituta
1944 1673 2051 1725 Do-

469 1780 600 1834 mini
642 1780 757 1834 sine
798 1778 902 1833 ulla
940 1774 1317 1831 retractatione
1355 1769 1619 1825 servanda
1676 1775 1817 1821 sunt.
1880 1762 2052 1817 liabet

469 1872 611 1927 enim
650 1870 765 1925 hinc
808 1869 1007 1939 iustitia
1050 1880 1173 1935 quae
1213 1875 1393 1917 coram
1438 1860 1529 1913 illo
1569 1866 1670 1921 est,
1710 1856 1819 1909 sive
1860 1865 2051 1923 appro-

471 1962 627 2028 bent,
674 1962 787 2015 sive
832 1957 1134 2027 improbent
1177 1953 1418 2007 homines
1467 1970 1477 2003 :
1527 1956 1581 2004 et
1626 1947 1747 2002 ideo
1793 1946 1897 2000 dici
1944 1957 2050 1997 non

469 2062 697 2123 Oportet,
739 2057 958 2121 prOpter
999 2047 1323 2102 offensiones
1364 2041 1660 2105 hominum,
1705 2045 1797 2091 aut
1837 2050 1904 2089 ne
1946 2034 2050 2087 im-

471 2144 749 2213 pediantur
782 2141 1025 2195 homines
1055 2138 1125 2192 ab
1154 2152 1219 2191 ea
1249 2136 1440 2200 salute,
1469 2148 1588 2204 quae
1623 2132 1675 2185 in
1698 2129 1910 2185 Christo
1944 2134 2047 2193 est,

470 2250 578 2288 non
612 2247 731 2289 esse
770 2230 1031 2287 servanda
1060 2230 1097 2281 ³.
1144 2228 1275 2296 Quis
1310 2226 1453 2282 enim
1499 2222 1822 2278 cbristianus
1861 2218 2055 2273 audeat

468 2324 683 2379 dicere:
712 2323 789 2377 Nc
812 2321 1057 2376 homines
1079 2318 1367 2382 olfendam,
1398 2325 1489 2371 aut
1522 2322 1579 2369 ut
1616 2312 1862 2367 homines
1896 2309 2055 2364 Curi-

470 2425 552 2474 sto
596 2415 887 2485 aequiram,
928 2412 1115 2467 faciam
1159 2409 1415 2465 muecbari
1458 2421 1680 2463 uxorem
1720 2420 1917 2469 meam,
1961 2410 2053 2457 aut

470 2521 568 2575 ego
607 2505 720 2573 ipse
752 2503 993 2558 moechus
1032 2501 1202 2557 (iam?

539 2596 627 2650 28.
670 2594 855 2649 Potest
891 2593 1033 2647 enim
1074 2592 1190 2646 fieri
1229 2598 1288 2644 ut
1331 2604 1451 2644 cum
1491 2588 1789 2643 adulteram
1829 2600 2049 2642 uxorem

471 2688 698 2757 quisque
736 2685 998 2741 dimiserit
1023 2683 1367 2749 christianus,
1386 2682 1464 2736 ita
1506 2687 1758 2747 tentetur,
1784 2688 1841 2733 ut
1874 2678 2053 2749 aliqua

470 2781 669 2835 femina
696 2794 815 2849 quae
846 2777 1079 2832 nondum
1101 2776 1348 2841 credidit,
1375 2774 1595 2845 cupiens
1617 2774 1673 2827 in
1699 2772 1816 2843 ejus
1842 2771 2055 2842 nuptias

471 2869 790 2935 convenire,
832 2868 1104 2939 promittat
1142 2881 1203 2923 se
1245 2866 1476 2921 futuram
1521 2879 1642 2920 esse
1684 2864 2050 2930 Christianam,

469 2973 577 3015 non
600 2958 876 3021 fallaciter,
913 2957 1007 3013 sed
1034 2958 1077 3011 si
1103 2957 1155 3012 ei
1186 2957 1425 3027 nupserit
1448 2956 1551 3011 hoc
1582 2955 1803 3011 omnino
1829 2954 2052 3010 facuira.

469 3050 603 3104 Huic
649 3050 829 3118 itaque
873 3050 975 3102 hoc
1018 3049 1339 3104 connuln'um
1387 3047 1655 3102 recusanti
1695 3047 1893 3117 poterit
1930 3059 2056 3115 sug-

468 3154 658 3210 gerere
718 3140 807 3195 ille
865 3148 1095 3195 tentatur
1140 3156 1156 3194 :
1209 3138 1467 3194 Dominus
1524 3138 1695 3205 dixit,
1741 3137 2055 3205 Quicumque

469 3233 711 3287 dimiserit
758 3249 970 3288 uxorem
1014 3249 1160 3287 suam
1203 3242 1386 3302 praeter
1428 3247 1636 3286 causam
1682 3229 2051 3301 fornicationis,

466 3334 513 3378 et
536 3324 692 3378 aliam
725 3324 945 3393 duxerit,
989 3325 1305 3389 mtecltatur;
1344 3331 1400 3377 tu
1440 3332 1620 3378 autem
1660 3321 1753 3391 qui
1806 3318 2055 3375 dimisisti

465 3424 685 3487 propter
711 3431 923 3472 causam
952 3415 1321 3472 fornicationis
1348 3430 1590 3481 uxorein,
1616 3413 1662 3467 si
1693 3413 1853 3466 aliam
1888 3410 2056 3464 duxe-

466 3508 562 3573 ris,
588 3522 695 3563 non
738 3507 1113 3563 mcechaberis.
1155 3506 1286 3561 Huic
1325 3506 1451 3559 talia
1492 3503 1818 3573 suggerenti,
1845 3500 2056 3556 erudito

466 3600 630 3655 corde
666 3600 1032 3669 respondeat,
1070 3598 1331 3654 muachari
1387 3598 1602 3667 quidem
1655 3596 1802 3650 illum
1842 3592 2057 3664 gravius

468 3693 560 3762 qui
598 3700 793 3762 praeter
829 3706 1044 3747 causam
1093 3691 1459 3747 fornicationis
1508 3705 1674 3745 uxore
1715 3691 1933 3746 dimissa
1970 3691 2054 3745 al-

469 3792 641 3838 teram
666 3782 911 3848 duxerit;
939 3782 1035 3837 sed
1058 3783 1218 3837 etiam
1259 3783 1408 3837 illum
1443 3782 1533 3851 qui
1567 3796 1733 3835 uxore
1761 3782 2057 3838 fornicante

471 3876 692 3930 dimissa
713 3873 814 3927 sibi
843 3873 998 3927 aliam
1026 3873 1315 3943 copulavit,
1337 3887 1443 3926 non
1483 3872 1603 3927 ideo
1640 3886 1746 3926 non
1776 3873 2054 3937 moechari,

472 3965 596 4037 quia
621 3964 973 4021 fornicantem
1015 3963 1233 4033 reliquit
1268 3980 1283 4017 :
1314 3962 1454 4017 sicut
1490 3962 1789 4018 mcecbatur
1822 3963 1913 4033 qui
1938 3977 2057 4017 eam

472 4075 593 4130 qua:
616 4066 815 4131 praeter
844 4072 1058 4113 causam
1089 4055 1451 4111 fornicationis
1479 4055 1783 4123 dimittitur,
1813 4055 2056 4121 duxerit;

475 4168 578 4208 nec
606 4153 730 4208 ideo
759 4166 862 4206 non
894 4150 1195 4206 mmchatur
1220 4149 1309 4220 qui
1338 4164 1455 4204 eam
1486 4148 1651 4214 ducit,
1684 4162 1841 4218 quam
1869 4146 2057 4203 dimis-

472 4259 589 4300 sam
619 4252 837 4314 propter
862 4257 1075 4297 causam
1114 4240 1478 4297 fornicationis
1502 4242 1792 4295 invenerit.
1835 4239 1903 4294 Et
1930 4253 2067 4309 pro;

472 4344 655 4406 plerea
679 4333 822 4404 quod
851 4333 1180 4389 subobscure
1206 4331 1346 4402 apud
1370 4331 1674 4387 Matthaeum
1699 4332 1927 4401 positum
1954 4339 2055 4396 est,

470 4428 720 4498 quoniam
748 4428 770 4457 ¹
805 4434 972 4481 totum
1001 4439 1031 4479 a
1063 4434 1211 4495 parte
1241 4423 1593 4494 significatum
1623 4432 1725 4489 est,
1757 4423 2058 4492 expositum

470 4532 590 4574 esse
608 4516 748 4587 apud
777 4517 907 4571 alios
933 4516 975 4583 ³,
1002 4520 1089 4585 qui
1119 4524 1285 4571 totum
1314 4514 1637 4585 generaliter
1656 4522 2056 4585 expresserunt,

472 4610 614 4667 sicut
640 4608 832 4677 legitur
856 4606 996 4676 apud
1025 4606 1280 4670 Marcum,
1315 4604 1630 4674 Quicumque
1657 4604 1902 4658 dimiserit
1931 4620 2060 4658 uxo-

471 4717 581 4754 rem
626 4715 793 4763 suam,
838 4708 883 4751 et
928 4698 1084 4752 aliam
1125 4698 1349 4761 duxerit,
1395 4698 1702 4752 adulterium
1748 4697 2010 4751 committit
2040 4712 2060 4750 :

472 4800 525 4846 et
554 4790 695 4861 apud
739 4789 967 4854 Lucam,
1004 4788 1182 4843 Omnis
1211 4790 1297 4858 qui
1334 4789 1539 4844 dimittit
1567 4805 1775 4845 uxorem
1803 4806 1983 4857 suam,
2014 4798 2060 4845 et

473 4880 611 4933 ducit
655 4881 888 4946 alteram,
935 4880 1229 4934 ntwchatur.
1280 4880 1396 4935 Non
1446 4881 1587 4935 enim
1631 4882 1768 4937 alios
1812 4882 2062 4937 dixerunt

474 4970 755 5035 mmchari,
788 4970 923 5026 alios
949 4986 1056 5025 non
1086 4971 1343 5027 mtechari
1363 5013 1377 5039 ,
1408 4974 1498 5042 qui
1528 4972 1764 5030 dimissis
1807 4974 2059 5030 uxoribus

473 5063 586 5117 suis
638 5062 888 5116 duxerint
937 5063 1174 5128 alteras;
1229 5064 1355 5129 sed,
1410 5064 1721 5136 Quicumque
1771 5065 2057 5122 dimiserit:

475 5170 688 5209 omnem
718 5168 935 5223 prorsus
961 5155 1050 5224 qui
1078 5154 1339 5211 dimiserit
1367 5173 1582 5213 uxorem
1611 5172 1762 5213 suam
1781 5199 1795 5223 ,
1824 5167 1880 5213 et
1902 5159 2057 5213 aliam

475 5247 723 5311 duxerit,
766 5247 1023 5302 mtecliari
1071 5264 1193 5303 eum
1239 5248 1355 5305 sine
1392 5250 1501 5305 ulla
1548 5252 1862 5321 exceptione
1907 5250 2056 5306 dixe-

474 5348 594 5393 ΙίιΠΙ
605 5379 619 5393 .

544 5433 769 5489 CAPUT
797 5433 839 5489 Χ
849 5434 983 5489 Xlll.
996 5465 1065 5475 —
1080 5435 1170 5493 29.
1186 5435 1538 5492 Adulterinum
1551 5438 1665 5508 conj
1670 5436 1842 5507 ugium
1855 5437 2059 5504 inire,ut

475 5528 661 5597 femina
691 5529 783 5597 ﬁat
806 5528 1100 5597 christiana,
1132 5547 1232 5584 non
1260 5530 1392 5584 licet.
1415 5530 1528 5586 Sed
1558 5535 1599 5586 si
1634 5531 1749 5585 hanc
1793 5530 1884 5586 ille
1912 5532 2056 5586 chri-

537 5684 556 5753 ξ
580 5684 682 5753 Sola
704 5687 851 5735 editio
875 5694 1007 5753 qu,
1030 5702 1121 5737 non
1141 5702 1243 5753 esse
1266 5688 1569 5739 servandam.

536 5746 558 5810 ξ
579 5746 651 5794 sic
673 5754 777 5810 Mss.
806 5755 860 5797 Αι
878 5750 1013 5807 editi,
1036 5750 1285 5810 quomodo.

536 5804 563 5835 "
590 5807 736 5867 Lugd.
756 5816 807 5857 et
830 5817 975 5871 \‘cn.,
993 5804 1259 5875 expositum
1276 5818 1343 5863 cst
1368 5812 1498 5875 apud
1521 5813 1653 5863 alios.
1720 5818 1775 5862 Μ.

2153 473 2353 528 Stianus
2379 474 2715 544 responderit
2744 473 3012 540 tentatori,
3040 474 3334 546 intelligens
3358 476 3546 535 licuisse
3566 483 3663 552 qui-

2155 563 2277 618 dem
2302 564 2400 618 sibi
2436 564 2707 621 dimittere
2733 564 3055 630 adulteram,
3088 565 3181 620 sed
3209 566 3360 621 aliam
3386 567 3558 626 ducere
3584 588 3666 628 non

2156 655 2360 711 licere:
2402 657 2547 727 quid,
2594 658 2639 712 si
2678 656 2820 713 dicat
2846 652 2954 711 ille
2994 665 3247 725 tentatur,
3291 657 3547 717 Committe
3588 662 3669 719 hoc

2158 756 2472 817 peccatum,
2519 760 2578 805 ut
2627 750 2870 821 acquiras
2921 749 3150 803 animam
3197 749 3401 804 Christo
3446 751 3491 805 in
3534 765 3670 809 morte

2162 840 2486 896 infidelitatis
2530 842 2716 911 posita:
2760 841 2988 905 feminae,
3031 856 3149 910 qua:
3190 850 3365 911 parata
3404 851 3494 907 est,
3529 843 3567 896 si
3600 845 3670 899 tibi

2158 932 2432 1002 nupserit,
2481 931 2594 987 ﬁeri
2648 932 2984 987 christiana?
3040 932 3164 1002 quid
3214 933 3352 987 aliud
3402 933 3670 991 christianus

2158 1022 2483 1093 respondere
2507 1024 2572 1079 ad
2600 1025 2697 1077 ista
2723 1023 2879 1079 debet
2905 1034 2958 1079 et
2985 1024 3180 1091 dicere,
3208 1024 3305 1079 nisi
3326 1038 3381 1079 se
3407 1040 3501 1078 non
3525 1040 3666 1095 posse,

2158 1115 2203 1168 si
2234 1115 2335 1169 hoc
2367 1115 2570 1178 fecerit,
2596 1115 2828 1169 evadere
2864 1114 3140 1184 judicium,
3172 1114 3309 1185 quod
3336 1130 3669 1171 commemora-

2158 1206 2234 1261 vit
2268 1207 2557 1276 Apostolus
2602 1206 2691 1261 ubi
2739 1206 2830 1272 ait,
2885 1205 2951 1259 Et
3002 1205 3129 1259 sicut
3178 1207 3348 1259 dicunt
3392 1206 3569 1275 quidam
3604 1223 3673 1260 nos

2158 1298 2342 1363 dicere,
2376 1296 2647 1352 Faciamus
2676 1298 2830 1363 mala,
2862 1306 2914 1350 ut
2943 1299 3143 1351 veniant
3170 1297 3330 1360 bona;
3356 1313 3544 1367 quorum
3559 1299 3672 1367 judi-

2159 1391 2293 1444 cium
2308 1392 2507 1461 justum
2533 1402 2601 1445 est
2630 1389 2803 1462 (Rom.
2827 1406 2902 1457 in,
2922 1388 3012 1461 8)?
3036 1389 3312 1457 Quomodo
3335 1398 3497 1443 autem
3519 1389 3674 1457 poterit

2158 1497 2277 1537 esse
2307 1481 2590 1536 salubriter
2614 1481 2925 1549 christiana,
2955 1496 3073 1551 qua:
3098 1494 3219 1535 cum
3250 1480 3339 1535 illo
3365 1492 3393 1533 a
3428 1494 3522 1549 quo
3554 1478 3672 1533 duci-

2160 1583 2246 1627 tur
2273 1575 2373 1627 erit
2399 1574 2638 1627 adultera
2664 1572 2688 1625 ‘2

2228 1663 2454 1719 CAPUT
2495 1663 2684 1718 XXIV.
2712 1694 2785 1703 --
2811 1662 2899 1719 50.
2934 1662 3264 1718 Continentiaz
3290 1671 3448 1716 votum
3471 1660 3591 1716 nulla
3611 1679 3677 1731 spe

2159 1755 2579 1827 compensationis
2622 1755 2977 1824 rumpendum.
3020 1753 3139 1809 Non
3176 1754 3344 1809 solum
3381 1762 3540 1808 autem
3573 1767 3676 1807 mte-

2158 1846 2424 1901 chandum
2453 1861 2558 1900 non
2585 1854 2687 1911 est,
2714 1846 2853 1915 quod
2881 1846 3024 1911 facit,
3053 1860 3159 1901 non
3187 1844 3415 1915 quidam,
3437 1844 3521 1899 sed
3543 1844 3678 1899 omnis

2158 1937 2247 2007 qui
2293 1937 2509 1992 dimittit
2552 1952 2772 1991 uxorem
2821 1950 3010 2002 suam,
3051 1945 3105 1991 et
3149 1936 3297 1991 ducit
3339 1937 3571 2003 alteram,
3602 1935 3675 1989 etsi

2162 2037 2439 2098 propterea
2469 2028 2685 2083 duxerit
2731 2039 2786 2082 ut
2828 2028 2987 2083 faciat
3022 2027 3400 2093 Christianam;
3444 2025 3528 2081 sed
3552 2024 3673 2081 etiam

2161 2122 2400 2193 quisquis
2425 2138 2530 2177 non
2562 2123 2808 2192 alligatus
2840 2122 2990 2177 uxori
3028 2122 3408 2176 continentiam
3438 2119 3539 2175 Deo
3558 2133 3679 2173 vove-

2160 2214 2257 2281 rit,
2288 2214 2436 2269 nullo
2480 2213 2641 2269 modo
2681 2212 2840 2269 debet
2882 2212 2983 2267 ista
3029 2213 3462 2281 compensatione
3486 2224 3679 2281 peccare,

2159 2315 2220 2359 ut
2243 2306 2370 2360 ideo
2395 2304 2577 2360 credat
2604 2318 2823 2360 uxorem
2851 2304 2952 2359 sibi
2978 2316 3098 2358 esse
3121 2302 3437 2369 ducendam,
3464 2302 3567 2372 quia
3592 2297 3682 2369 pro;

2162 2396 2309 2451 misit
2336 2411 2454 2466 quae
2480 2396 2691 2464 nuptias
2718 2395 2832 2465 ejus
2857 2394 3076 2464 appetit,
3108 2393 3346 2447 futuram
3370 2407 3427 2448 se
3449 2406 3553 2446 esse
3572 2389 3681 2444 chri-

2160 2488 2410 2542 stianam.
2440 2486 2592 2555 Quod
2619 2487 2762 2541 enim
2799 2485 2991 2556 cuique
3029 2492 3320 2554 antequam
3357 2483 3566 2538 vovisset
3587 2481 3681 2534 lice-

2157 2579 2283 2645 bat,
2330 2593 2449 2633 cum
2505 2576 2560 2631 id
2611 2592 2670 2631 se
2718 2590 2988 2646 nunquam
3045 2573 3314 2628 facturum
3364 2572 3683 2636 voverit,nou

2158 2670 2340 2725 licebit
2380 2687 2392 2722 :
2442 2668 2488 2722 si
2532 2676 2709 2722 tamen
2752 2666 2807 2721 id
2848 2665 3053 2721 voverit
3095 2664 3245 2735 quod
3287 2663 3560 2721 vovendum
3595 2660 3682 2725 fuit,

2157 2762 2312 2815 sicuti
2356 2768 2438 2816 est
2482 2770 2740 2831 perpetua
2775 2758 3081 2828 virginitas,
3114 2758 3205 2813 vel
3252 2755 3555 2812 continentia
3594 2759 3686 2823 post

2159 2862 2379 2921 experta
2420 2851 2687 2907 connubia
2714 2850 2901 2905 solutis
2940 2864 2970 2903 a
3000 2848 3218 2925 vinculo
3245 2848 3495 2918 coniugali
3513 2887 3526 2911 ,
3548 2844 3615 2899 vel
3635 2858 3683 2897 ex

2164 2957 2425 2999 consensu
2449 2941 2766 2997 voventibus
2794 2948 2850 2995 et
2890 2940 3123 2994 carnalia
3166 2939 3351 2994 debita
3378 2939 3470 2993 sibi
3507 2936 3683 2991 invicem

2159 3034 2520 3090 relaxantibus
2584 3033 2830 3089 fidelibus
2890 3033 3159 3103 castisque
3200 3032 3537 3103 conjugibus;
3577 3024 3685 3097 quod

2160 3127 2385 3181 alterum
2429 3124 2544 3180 sine
2584 3125 2772 3191 altera,
2818 3124 2905 3179 vel
2946 3124 3170 3179 alteram
3203 3125 3321 3179 sine
3349 3123 3506 3177 altero
3536 3131 3686 3175 vovere

2160 3217 2241 3273 fas
2284 3233 2390 3273 non
2433 3227 2534 3272 est.
2584 3216 2711 3271 Hasc
2764 3231 2923 3286 ergo,
2968 3224 3024 3271 et
3067 3215 3113 3269 si
3167 3231 3278 3286 qua
3318 3216 3416 3270 alia
3460 3222 3568 3270 sunt
3599 3222 3687 3280 qua:

2160 3310 2458 3365 rectissime
2502 3318 2797 3373 voventur,
2839 3324 2962 3363 cum
3005 3307 3257 3363 homines
3296 3308 3541 3369 voverint,
3580 3301 3686 3356 nulla

2161 3402 2469 3458 conditione
2498 3400 2793 3472 rumpenda
2822 3409 2965 3465 sunt,
3008 3415 3129 3470 quae
3168 3400 3289 3456 sine
3317 3401 3418 3455 ulla
3442 3398 3689 3454 conditione

2161 3500 2439 3549 voverunt.
2485 3492 2617 3560 Quia
2661 3502 2715 3547 et
2756 3492 2859 3547 hoc
2890 3492 3175 3548 Dominum
3209 3493 3513 3563 praecepisse
3539 3486 3687 3543 intelli-

2160 3583 2389 3654 gendum
2420 3591 2528 3649 est,
2558 3582 2648 3637 ubi
2693 3582 2887 3652 legitur
2924 3599 2936 3634 :
2977 3580 3197 3647 Vovete,
3232 3593 3280 3636 et
3312 3581 3496 3637 reddite
3520 3576 3693 3632 Domino

2162 3675 2271 3731 Deo
2300 3687 2460 3730 uestro
2492 3673 2661 3748 (Psal.
2694 3691 2851 3741 Lxxv,
2881 3672 3000 3746 12).
3030 3672 3186 3729 Unde
3215 3673 3493 3745 Apostolus
3523 3670 3579 3726 de
3599 3666 3689 3736 qui-

2166 3768 2389 3823 busdam
2431 3784 2549 3837 quae
2578 3766 2961 3821 continentiam
2990 3775 3220 3834 vovent,
3250 3775 3306 3821 et
3333 3773 3507 3837 postea
3534 3760 3694 3816 nubere

2162 3860 2366 3926 volunt,
2394 3858 2535 3930 quod
2576 3858 2655 3914 eis
2681 3866 2965 3924 antequam
2996 3856 3273 3913 vovissent
3301 3861 3475 3926 utique
3508 3852 3689 3908 licebat:

2164 3949 2440 4017 Habentes,
2463 3950 2654 4019 inquit,
2677 3949 3067 4013 damnationem,
3092 3950 3335 4018 quoniam
3360 3949 3559 4020 primum
3575 3941 3694 4013 ﬁdem

2164 4041 2361 4095 irritam
2392 4044 2616 4111 fecerunt
2644 4039 2703 4111 (Ι
2732 4038 2863 4093 Tim.
2890 4054 2944 4102 v,
2977 4039 3087 4108 12).

2235 4138 2324 4192 51.
2352 4136 2496 4191 Nihil
2522 4150 2651 4205 ergo
2689 4134 2904 4204 expedit
2930 4133 3069 4203 quod
3102 4134 3346 4189 illicitum
3373 4141 3452 4189 est
3471 4174 3484 4199 ,
3508 4140 3556 4187 et
3588 4125 3691 4183 nihil

2164 4228 2307 4298 quod
2337 4228 2587 4297 prohibet
2610 4227 2867 4281 Dominus
2898 4226 3099 4279 licitum
3126 4236 3228 4280 est.

2234 4318 2459 4375 CAPUT
2497 4317 2665 4372 XXV.
2711 4347 2783 4357 —
2826 4312 3104 4372 Consilium
3150 4317 3385 4387 Apostoli
3438 4316 3489 4369 in
3526 4314 3581 4367 iis
3612 4320 3701 4381 qua

2166 4423 2417 4483 praecepta
2456 4427 2558 4465 non
2594 4419 2745 4477 sunt,
2776 4409 3109 4464 audiendum.
3157 4408 3384 4473 Quaestio
3411 4409 3470 4462 de
3496 4401 3699 4475 coniugiis

2164 4505 2479 4576 difficillima.
2510 4502 2628 4556 Alia
2674 4502 2881 4572 qutestio
2932 4500 3193 4557 Pollentii.
3222 4502 3355 4567 Qum
3390 4507 3554 4555 autem
3585 4491 3697 4549 nullo

2168 4596 2379 4652 Domini
2406 4595 2801 4665 constringente
2833 4603 3105 4664 prmcepto
3136 4595 3189 4649 in
3229 4602 3488 4665 potestate
3521 4587 3699 4645 dimissa

2165 4698 2321 4756 sunt,
2368 4689 2422 4743 in
2467 4688 2553 4743 his
2588 4686 2835 4743 audiatur
2875 4686 3181 4756 Apostolus,
3224 4685 3279 4741 in
3320 4684 3515 4757 Spiritu
3550 4685 3700 4736 sancto

2166 4798 2391 4840 monens
2433 4792 2487 4838 et
2528 4782 2817 4838 consulens
2858 4789 2917 4837 ut
2941 4782 3024 4837 vel
3067 4781 3287 4836 meliora
3326 4780 3607 4850 capiantur,
3636 4766 3697 4823 vel

2165 4892 2228 4932 ea
2257 4890 2377 4947 qua:
2401 4889 2510 4930 non
2530 4874 2822 4944 expediunt
2841 4882 3147 4928 caveantur.
3179 4872 3253 4928 Ibi
3276 4872 3514 4927 audiatur
3532 4868 3696 4923 dicens.

2166 4968 2489 5038 Prteceptum
2516 4966 2725 5020 Domini
2770 4982 2872 5020 non
2918 4964 3095 5031 habeo,
3127 4964 3394 5019 consilium
3437 4970 3589 5016 autem
3619 4954 3699 5015 do;

2165 5068 2252 5126 et,
2275 5057 2389 5129 Ego
2415 5058 2562 5123 dico,
2590 5072 2693 5110 non
2719 5054 2988 5110 Dominus.
3040 5054 3118 5109 lbi
3156 5055 3201 5109 si
3242 5054 3461 5109 meliora
3498 5042 3700 5117 elegerit.

2164 5152 2253 5222 qui
2287 5150 2467 5215 audit,
2498 5149 2708 5205 Solutus
2736 5156 2807 5202 est
2853 5147 2916 5201 ab
2946 5163 3132 5214 uxore,
3166 5163 3266 5202 non
3292 5150 3485 5217 quierat
3506 5150 3698 5195 uxorem.

2165 5245 2289 5314 quia
2330 5252 2380 5297 et
2417 5243 2461 5298 si
2509 5241 2755 5312 acceperit
2794 5256 3021 5305 umorem,
3069 5256 3171 5295 non
3214 5249 3384 5312 peccat
3422 5254 3442 5291 :
3482 5234 3550 5290 ibi
3582 5230 3703 5296 virgo

2164 5360 2270 5401 non
2313 5342 2499 5398 nubat.
2549 5340 2649 5407 Qui
2677 5340 2820 5395 enim
2857 5355 2957 5393 non
2983 5337 3073 5392 dat
3111 5347 3343 5409 nuptum,
3376 5333 3547 5389 melius
3572 5324 3703 5399 facit;

2163 5446 2212 5492 et
2243 5438 2326 5507 qui
2362 5436 2450 5489 dat
2489 5442 2722 5505 nuptum,
2752 5431 2877 5485 bene
2910 5430 3053 5500 facit.
3098 5430 3172 5485 lbi
3206 5427 3413 5484 beatior
3451 5423 3517 5478 sit
3547 5412 3705 5473 mulier

2164 5532 2243 5585 sic
2282 5527 2662 5599 permanendo,
2706 5541 2824 5597 qua:
2860 5533 3072 5579 mortuo
3102 5524 3214 5579 viro
3251 5537 3348 5577 suo
3387 5523 3438 5575 in
3477 5514 3705 5589 potestate

2165 5622 2343 5685 habet,
2372 5621 2454 5675 cui
2477 5619 2591 5674 vult
2615 5618 2841 5681 nubere,
2868 5626 3061 5670 tantum
3088 5617 3139 5669 in
3161 5615 3398 5670 Domino.
3434 5605 3574 5677 Quod
3597 5601 3704 5654 duO‘

2163 5716 2263 5771 bus
2292 5714 2466 5769 modis
2502 5712 2671 5786 accipi
2713 5721 2920 5781 potest;
2968 5718 3059 5764 aut
3087 5709 3369 5764 christiana
3403 5705 3704 5786 permanens,

2167 5815 2257 5861 aut
2301 5785 2876 5861 christiano’nubens.
2928 5802 3039 5855 Non
3070 5800 3210 5857 enim
3258 5807 3494 5867 tempore
3527 5785 3709 5847 revehit
