3930 6368
244 302 332 362 tm
1674 310 1872 366 UBE“
1918 312 2177 370 PRIMUS.

266 423 587 485 Westamcuti
614 422 793 491 Novi,
847 424 906 480 in
953 426 1253 497 Evangelia
1284 427 1361 481 vel
1407 428 1526 482 ullis
1568 429 1874 496 apostolicis

287 520 483 579 Litteris
531 517 657 574 sine
708 517 1076 588 ambiguitate
1124 517 1448 573 declaratum
1501 534 1620 574 esse
1670 520 1869 586 recolo,

283 629 451 671 atrum
480 612 753 667 Dominus
779 610 1125 681 prohibuerit
1154 608 1338 666 ﬁdeles
1368 596 1672 665 inﬁdelibus
1696 610 1868 682 jungi.

280 706 529 777 Quamvis
578 704 928 760 beatissimus
975 702 1276 773 Cyprianus
1322 702 1446 758 inde
1493 718 1600 758 non
1645 704 1868 770 dubitet,

273 816 374 855 nec
401 800 456 853 in
488 797 704 853 levibus
746 796 980 866 peccatis
1023 793 1345 860 constituat,
1383 792 1609 864 jungere
1637 810 1759 849 cum
1787 795 1871 848 in-

278 889 523 945 ﬁdelibus
552 887 829 941 vinculum
876 883 1223 949 matrimonii,
1260 894 1419 953 atque
1464 884 1514 939 id
1562 900 1686 941 esse
1732 884 1874 940 dicat

278 983 613 1052 prostituere
642 978 944 1034 Gentilibus
983 976 1222 1031 membra
1249 974 1447 1030 Christi
1489 975 1587 1049 (a).
1620 974 1728 1032 Sed
1754 976 1875 1047 quia

275 1074 347 1128 de
372 1074 438 1127 iis
464 1072 559 1142 qui
584 1071 699 1141 jam
724 1069 997 1140 conjuncti
1023 1079 1146 1123 sunt
1169 1068 1272 1123 alia
1302 1069 1528 1138 qumstio
1546 1078 1663 1134 est;
1698 1068 1877 1124 audia-

274 1174 368 1219 tur
391 1172 447 1220 et
470 1162 563 1217 hic
589 1161 882 1231 Apostolus
907 1159 1091 1214 dicens
1120 1176 1133 1211 :
1165 1159 1229 1214 Si
1251 1160 1364 1229 quis
1393 1163 1554 1229 frater
1577 1159 1722 1213 habet
1751 1176 1877 1214 uxo-

276 1275 385 1312 rem
411 1256 678 1327 inﬁdelem
698 1297 713 1321 ,
742 1264 789 1308 et
816 1254 922 1308 Ittec
953 1252 1196 1306 consentit
1223 1251 1452 1305 habitare
1478 1268 1594 1305 cum
1621 1253 1743 1319 illo,
1774 1270 1875 1306 non

275 1348 504 1402 dimittat
532 1347 683 1400 illam
708 1361 727 1399 :
753 1354 801 1399 et
824 1345 871 1398 si
897 1360 999 1415 qua
1023 1343 1203 1397 mulier
1230 1343 1379 1396 habet
1406 1344 1566 1396 virum
1592 1343 1870 1413 inﬁdelem,

270 1450 323 1493 et
356 1440 442 1492 hic
475 1438 730 1491 consentit
768 1435 999 1489 habitare
1033 1450 1147 1488 cum
1172 1434 1285 1500 illa,
1327 1450 1428 1487 non
1466 1434 1685 1488 dimittat
1714 1437 1875 1489 virum

266 1533 334 1603 (Ι
362 1532 486 1588 Cor.
518 1546 617 1599 vlt,
652 1530 740 1595 l2,
771 1530 855 1594 15,
885 1527 977 1593 25,
1007 1527 1098 1592 '27,
1127 1528 1215 1595 38,
1243 1528 1366 1598 59).
1413 1528 1485 1582 Et
1509 1529 1585 1582 sic
1610 1529 1873 1593 audiatur,

267 1635 332 1679 ut
353 1623 608 1695 quamvis
635 1622 753 1676 ﬁeri
786 1622 987 1676 licitum
1016 1619 1101 1685 sit,
1135 1620 1257 1690 quia
1285 1620 1389 1675 hoc
1416 1637 1520 1675 non
1551 1622 1677 1676 dicit
1700 1621 1878 1677 Domi-

268 1730 411 1781 nus;
445 1730 559 1769 non
602 1723 783 1767 tamen
829 1711 941 1777 ﬁat,
992 1712 1115 1781 quia
1157 1726 1263 1765 non
1306 1712 1540 1781 expedit.
1573 1712 1688 1767 Non
1733 1712 1876 1768 enim

262 1807 461 1862 omnia
504 1803 767 1874 expedire
809 1818 930 1872 quae
978 1802 1119 1856 licita
1162 1811 1305 1868 sunt,
1339 1803 1676 1873 apertissime
1721 1803 1877 1859 docet

267 1896 579 1967 Apostolus
621 1895 643 1965 (
677 1894 787 1957 Ιώ,
821 1910 876 1958 x,
931 1890 1047 1965 22),
1092 1893 1232 1948 sicut
1272 1909 1431 1964 supra
1475 1895 1586 1964 jam
1630 1894 1874 1950 ostendi-

267 2003 430 2045 mus.
476 1988 710 2056 Propter
742 1985 1021 2055 quodlibet
1070 1994 1245 2041 tamen
1292 1986 1656 2043 fornicationis
1685 2004 1871 2058 genus,

274 2080 409 2135 sive
438 2078 641 2141 carnis,
678 2077 785 2132 sive
805 2077 1026 2147 spiritus
1046 2119 1059 2139 ,
1089 2077 1178 2133 ubi
1218 2087 1277 2133 et
1312 2078 1595 2133 inﬁdelitas
1622 2079 1874 2151 intelligi—

284 2180 409 2235 tur,
434 2179 492 2223 et
517 2167 736 2223 dimisso
752 2168 858 2222 viro
873 2183 985 2222 non
1012 2167 1135 2222 licet
1160 2166 1312 2223 alteri
1336 2168 1558 2238 nubere,
1580 2178 1633 2224 et
1657 2169 1873 2225 dimissa

281 2278 465 2317 uxore
506 2276 615 2315 non
662 2260 780 2315 licet
815 2261 1037 2315 alteram
1068 2259 1265 2316 ducere
1294 2278 1307 2314 :
1338 2260 1588 2330 quoniam
1616 2260 1875 2315 Dominus

270 2354 429 2409 nulla
458 2352 775 2422 exceptione
801 2351 939 2406 facta
964 2351 1115 2416 dicit,
1164 2350 1226 2407 Si
1260 2368 1389 2407 uxor
1432 2353 1673 2408 dimiserit
1711 2355 1876 2408 virum

268 2463 447 2511 suum,
476 2454 528 2500 et
555 2446 647 2498 alii
674 2446 921 2513 nupserit,
950 2445 1250 2507 mwchatur;
1284 2453 1359 2512 et,
1389 2442 1565 2499 Omnis
1593 2447 1677 2516 qui
1703 2446 1875 2500 dimit-

270 2543 335 2593 tit
356 2555 580 2593 uxorem
609 2554 774 2603 suam,
804 2545 853 2590 et
889 2537 1028 2591 ducit
1060 2537 1294 2604 alterunt,
1327 2537 1623 2592 moechatur.

345 2630 438 2686 '52.
488 2630 587 2684 llis
634 2630 709 2683 ita
753 2644 854 2699 pro
898 2644 1023 2684 meo
1071 2629 1285 2684 modulo
1338 2631 1675 2699 pertractatis
1719 2640 1876 2702 atque

272 2721 561 2787 discussis,
611 2720 973 2790 quaestionem
1005 2730 1179 2775 tamen
1209 2719 1276 2775 de
1304 2721 1561 2792 conjugiis
1604 2722 1875 2778 obscuris-

274 2813 467 2867 simam
514 2821 573 2867 et
625 2811 1110 2884 implicatissimam
1159 2826 1279 2868 esse
1324 2828 1431 2868 non
1500 2816 1702 2869 nescio.
1768 2815 1878 2873 Nec

285 2905 451 2960 audeo
478 2905 729 2976 proﬁteri
774 2920 966 2960 omnes
1002 2905 1151 2960 sinus
1187 2906 1325 2975 ejus,
1354 2907 1439 2961 vel
1470 2908 1524 2961 in
1564 2907 1663 2963 hoc
1691 2921 1875 2979 Opere,

286 2995 368 3049 vel
404 2996 457 3049 in
486 2996 595 3050 alio
625 3010 717 3051 me
762 2994 939 3050 adhuc
967 2995 1280 3065 explicasse,
1330 2998 1413 3051 vel
1458 2997 1568 3067 jam
1611 3013 1790 3068 posse,
1833 3001 1877 3055 si

282 3102 495 3158 urgear,
535 3087 837 3157 explicare.
866 3085 1007 3140 Illud
1055 3097 1230 3141 autem
1276 3088 1417 3143 unde
1460 3104 1548 3144 me
1594 3089 1778 3145 itidem
1823 3090 1879 3146 iu

287 3179 387 3233 alia
415 3180 619 3234 scheda
650 3178 1043 3233 consulendum
1071 3179 1407 3246 existimasti,
1440 3196 1682 3236 seorsum
1712 3184 1877 3237 etiam

283 3287 381 3343 ego
406 3273 651 3328 enodare
678 3287 948 3337 curarem,
981 3276 1024 3328 si
1062 3274 1191 3328 mihi
1218 3274 1361 3329 aliud
1389 3290 1549 3346 quam
1582 3278 1675 3332 tibi
1704 3279 1877 3333 visum

280 3374 397 3429 est,
428 3365 759 3419 videretur:
807 3378 927 3418 cum
970 3380 1101 3419 vero
1142 3365 1327 3420 eadem
1377 3366 1445 3420 sit
1487 3368 1645 3423 etiam
1696 3379 1877 3425 nostra

278 3455 572 3518 sententia,
604 3469 713 3508 non
746 3453 873 3508 hinc
897 3468 1032 3523 opus
1060 3462 1143 3509 est
1170 3455 1366 3509 diutius
1405 3456 1695 3527 diSputare.

355 3544 585 3602 CAPUT
628 3545 824 3600 XXVI.
852 3577 923 3587 —
947 3547 1036 3602 55.
1065 3546 1446 3604 Catechumenis
1485 3552 1538 3604 in
1564 3552 1739 3605 ultimo
1766 3553 1880 3608 vitta

286 3657 358 3692 an
401 3639 601 3692 dandus
627 3638 920 3709 Baptismus
956 3655 1057 3693 non
1098 3642 1396 3711 petentibus,
1445 3659 1535 3698 nec
1578 3661 1669 3714 pro
1712 3663 1764 3699 se
1800 3663 1880 3701 re-

276 3729 543 3799 spondere
582 3729 881 3783 calentibus.
928 3730 1114 3801 Opinio
1152 3733 1485 3802 quorumdam
1530 3714 1728 3805 negans‘
1760 3739 1878 3809 reji-

273 3822 435 3889 σίων,
482 3837 577 3874 nec
638 3830 804 3875 tamen
862 3822 1154 3876 damnatur.
1201 3824 1610 3881 Catechumenis
1660 3843 1787 3898 ergo
1825 3830 1877 3884 in

279 3913 438 3981 hujus
486 3912 619 3966 vita:
666 3911 857 3966 ultimo
904 3913 1227 3981 constitutis,
1278 3913 1324 3968 si
1375 3915 1564 3970 morbo
1608 3930 1702 3972 seu
1752 3933 1877 3975 casu

281 4004 460 4075 aliquo
489 4003 572 4059 sic
618 4004 863 4073 Oppressi
907 4004 1047 4072 sint,
1079 4014 1139 4059 ut
1181 4007 1422 4076 quamvis
1461 4008 1637 4063 adhuc
1675 4011 1875 4079 vivant,

282 4104 468 4166 petere
494 4095 605 4149 sibi
638 4103 818 4149 tamen
848 4095 1179 4165 Baptismum
1210 4096 1293 4150 vel
1321 4097 1385 4150 ad
1423 4098 1748 4171 interrogata
1790 4118 1878 4157 rc-

282 4188 552 4256 spondere
580 4202 694 4242 non
724 4189 963 4256 possint;
1007 4187 1174 4256 prosit
1201 4189 1281 4242 eis
1306 4189 1448 4260 quod
1477 4205 1664 4247 eorum
1695 4193 1746 4246 in
1776 4192 1881 4247 ﬁde

276 4280 583 4335 christiana
625 4281 738 4350 jam
768 4290 892 4335 nota
924 4280 1169 4335 voluntas
1200 4289 1302 4340 est.
1336 4291 1394 4337 ut
1423 4299 1488 4339 eo
1516 4285 1676 4341 modo
1703 4286 1878 4356 bapti-

282 4380 497 4437 zentur,
526 4386 641 4443 quo
667 4372 828 4427 modo
869 4373 1203 4443 baptizantur
1241 4374 1499 4443 inﬁmtes,
1529 4393 1757 4448 quorum
1787 4394 1880 4433 vo-

282 4465 469 4521 luntas
494 4465 652 4521 nulla
681 4466 855 4522 adh-uc
879 4470 1049 4537 patuit
1078 4470 1176 4543 (ὁ).
1219 4468 1333 4524 Non
1380 4479 1554 4525 tamen
1599 4479 1880 4542 propterea

280 4554 549 4612 damnare
608 4556 869 4613 debemus
915 4575 1007 4614 eos
1056 4562 1146 4630 qui
1198 4561 1433 4616 timidius
1482 4554 1672 4632 agunt,
1722 4578 1879 4633 quam

291 4649 445 4703 nobis
473 4649 694 4705 videtur
731 4651 812 4721 agi
853 4661 1098 4721 oportere
1118 4697 1134 4722 ,
1166 4669 1233 4708 ne
1261 4653 1327 4708 de
1366 4655 1591 4723 pecunia
1618 4671 1879 4711 conservo

293 4738 496 4793 credita
547 4740 847 4810 improbius
892 4758 1047 4812 quam
1106 4745 1311 4799 cautius
1363 4742 1605 4815 judicare
1650 4747 1882 4803 voluisse

293 4820 623 4897 iudicemur!
647 4833 791 4889 Satis
826 4835 1019 4906 quippe
1056 4837 1107 4890 in
1150 4838 1340 4893 talibus
1375 4839 1767 4909 respiciendum
1802 4850 1884 4897 est

299 4923 425 4978 illud
456 4925 727 4994 Apostoli,
758 4925 846 4980 ubi
877 4926 1005 4981 dicit
1033 4945 1044 4982 :
1081 4927 1431 5001 Unusquisque
1456 4940 1681 4985 nostrum
1708 4949 1800 5004 pro
1830 4951 1885 4988 se

299 5018 542 5071 rationem
574 5017 751 5073 reddet
780 5018 885 5075 Deo
914 5021 1092 5091 (Rom.
1127 5038 1237 5086 xw,
1272 5022 1338 5077 12
1355 5020 1398 5096 ).
1442 5022 1556 5078 Non
1598 5040 1725 5095 ergo
1765 5041 1880 5079 am-

302 5108 433 5176 plius
461 5112 693 5166 invicem
735 5111 1055 5183 judicemus.
1085 5115 1221 5171 Sunt
1247 5118 1387 5171 cnim
1424 5118 1512 5188 qui
1555 5120 1633 5173 vel
1677 5119 1727 5173 in
1773 5119 1876 5185 his,

297 5200 382 5253 vel
409 5202 572 5255 etiam
605 5202 658 5256 in
702 5204 819 5258 aliis
845 5206 1235 5262 observandum
1277 5217 1483 5280 putant,
1516 5210 1654 5279 quod
1687 5210 1885 5267 dixisse

305 5288 584 5347 Dominum
608 5294 853 5365 legimus,
884 5294 1055 5351 Nolite
1078 5307 1305 5353 sanctum
1330 5299 1453 5355 dare
1473 5301 1700 5369 canibus,
1730 5320 1886 5373 neque

360 5444 439 5569 (ag
462 5450 752 5520 exprianus,
771 5448 858 5498 lib.
882 5450 948 5499 de
971 5455 1147 5513 ursis.

366 5504 416 5567 (b
473 5510 571 5559 \‘ld.
598 5511 684 5562 hb.
712 5512 744 5561 4
767 5510 1005 5569 ϋοηῑεδδη
1030 5526 1133 5569 cap.

366 5504 439 5569 (ι)
473 5504 571 5559 vra.
598 5511 684 5562 nn.
712 5504 747 5561 .t'
767 5510 1005 5573 confess,
1030 5504 1133 5577 'cap.
1162 5514 1209 5577 με,
1234 5531 1280 5565 n.
1308 5517 1353 5565 8.

3463 334 3567 391 Πθ

1992 432 2302 499 proieceritis
2345 437 2642 505 margaritas
2675 449 2859 495 vestras
2888 452 3003 497 ante
3029 463 3208 515 porcos
3232 446 3444 518 (Matth.
3467 468 3564 516 vlt,

1988 521 2063 594 6).
2114 523 2183 578 Et
2229 524 2325 578 ista
2367 524 2655 582 Salvatoris
2697 532 2857 586 verba
2895 534 3186 592 referentes
3215 538 3255 605 ⁸,
3298 539 3568 609 baptizare

1988 627 2093 667 non
2138 615 2332 671 audent
2375 631 2469 671 eos
2495 618 2585 688 qui
2615 635 2710 690 pro
2748 637 2807 677 se
2846 627 3174 695 respondere
3211 631 3566 700 nequiverint,

1986 718 2054 758 ne
2112 704 2249 760 forte
2308 708 2634 763 contrarium
2698 723 2883 780 gerant
2933 716 3223 774 voluntatis
3267 720 3565 777 arbitrium.

1986 794 2140 860 Quod
2168 794 2238 850 de
2283 798 2517 865 parvulis
2559 798 2664 854 dici
2709 816 2814 855 non
2860 812 3055 874 potest,
3086 807 3139 862 in
3180 809 3370 879 quibus
3393 811 3569 866 adhuc

1988 884 2209 940 rationis
2247 886 2427 943 nullus
2466 897 2549 943 est
2584 904 2737 947 usus.
2766 890 2871 946 Sed
2915 909 3020 948 non
3049 896 3219 950 solum
3258 898 3568 956 incredibile

1983 983 2101 1043 est,
2128 990 2227 1031 nec
2268 977 2320 1031 in
2352 977 2458 1034 ﬁne
2488 980 2609 1035 vitae
2643 981 2798 1053 hujus
2836 985 3094 1054 baptizari
3124 989 3565 1047 catcclmmcnum

1987 1064 2161 1131 velle;
2208 1082 2392 1121 verum
2448 1069 2606 1124 etiam
2657 1072 2701 1125 si
2750 1073 2996 1130 voluntas
3043 1076 3159 1146 ejus
3203 1078 3403 1134 incerta
3458 1093 3563 1150 est,

1985 1157 2154 1210 multo
2192 1158 2357 1213 satius
2397 1167 2480 1215 est
2523 1160 2723 1217 nolenti
2760 1163 2888 1220 dare
2926 1182 3083 1235 quam
3109 1169 3304 1224 volenti
3347 1160 3563 1242 negare,

1986 1244 2073 1299 ubi
2100 1247 2229 1301 velit
2269 1262 2337 1302 an
2383 1249 2515 1327 nolit
2556 1252 2634 1307 sic
2673 1268 2778 1307 non
2809 1266 3051 1326 apparet,
3083 1268 3139 1312 ut
3179 1268 3353 1314 tamen
3390 1263 3567 1317 credi-

1985 1336 2142 1392 bilius
2167 1338 2237 1392 sit
2258 1354 2402 1405 eum,
2430 1342 2474 1396 si
2507 1353 2708 1412 posset,
2736 1346 2876 1401 velle
2901 1362 2960 1403 se
2994 1350 3171 1418 potius
3208 1350 3369 1406 fuisse
3397 1351 3569 1408 dictu-

1983 1442 2102 1481 rum
2142 1443 2203 1483 ea
2242 1429 2587 1488 Sacramenta
2628 1437 2923 1507 percipere,
2954 1440 3068 1494 sine
3097 1442 3287 1510 quibus
3317 1443 3425 1512 jam
3450 1456 3569 1500 cre-

1981 1520 2115 1574 didit
2142 1538 2248 1576 non
2284 1537 2342 1578 se
2369 1533 2620 1593 oportere
2658 1526 2727 1582 de
2763 1543 2989 1599 corpore
3025 1533 3192 1587 exire.

2051 1611 2277 1668 CAPUT
2318 1613 2529 1668 XXVII.
2547 1616 2719 1671 —54.
2744 1617 2811 1672 Ut
2835 1620 3212 1691 intelligendum
3240 1623 3429 1677 dictum
3455 1624 3570 1678 Do-

1982 1702 2126 1769 mini,
2173 1703 2257 1758 Ne
2289 1705 2432 1759 detur
2476 1717 2705 1761 sanctum
2747 1710 2973 1764 canibus.
3004 1712 3059 1767 Si
3085 1723 3261 1769 autem
3290 1714 3570 1784 Dominus,

1982 1793 2068 1847 ubi
2114 1796 2207 1861 ait,
2252 1796 2426 1851 Nolite
2467 1799 2592 1852 dare
2626 1809 2856 1856 sanctum
2891 1805 3117 1872 canibus,
3153 1807 3252 1860 hoc
3281 1806 3423 1876 quod
3461 1808 3569 1873 isti,

1980 1887 2280 1942 cavendum
2306 1898 2513 1959 putant,
2552 1892 2712 1948 vellet
2743 1894 2983 1966 intelligi,
3015 1912 3121 1951 non
3152 1898 3266 1968 ipse
3291 1913 3389 1953 suo
3411 1898 3575 1952 tradi-

1985 1978 2083 2030 tori
2112 1977 2345 2034 dedisset
2369 1982 2508 2050 quod
2536 1983 2587 2036 in
2630 1996 2781 2038 suam
2809 1985 2897 2041 ille
2925 1986 3235 2057 perniciem,
3276 1989 3391 2045 sine
3418 1991 3575 2060 culpa

1978 2066 2178 2135 dantis,
2203 2084 2325 2124 cum
2346 2071 2522 2142 dignis
2541 2074 2786 2145 indignus
2805 2080 3029 2148 accepit.
3060 2079 3210 2136 Unde
3228 2096 3348 2136 cum
3374 2083 3473 2137 hoc
3497 2083 3578 2136 di-

1978 2169 2131 2215 ceret
2176 2161 2471 2232 Dominus,
2513 2167 2833 2223 credendum
2872 2180 2955 2225 est
3005 2171 3301 2241 signiﬁcare
3347 2173 3577 2229 voluisse

1983 2252 2125 2322 quod
2155 2253 2326 2309 lucem
2372 2256 2737 2329 intelligentia:
2779 2261 3067 2330 Spiritualis
3102 2262 3371 2318 immunda
3415 2264 3576 2319 corda

1985 2358 2088 2398 non
2114 2354 2345 2414 portant.
2366 2346 2431 2401 Et
2453 2348 2497 2402 si
2520 2350 2776 2419 portanda
2801 2350 2990 2406 doctor
3012 2352 3307 2423 ingesserit,
3327 2369 3448 2424 qua:
3470 2370 3575 2409 non

1983 2445 2129 2492 recte
2153 2439 2437 2509 accipiunt,
2463 2442 2586 2511 quia
2627 2457 2732 2497 non
2775 2444 3009 2512 capiunt,
3033 2445 3118 2499 vel
3144 2446 3577 2515 reprehensionis

1982 2529 2247 2585 morsibus
2290 2531 2546 2598 lacerant,
2592 2533 2673 2587 vel
2714 2535 3106 2590 contemnendo
3151 2536 3482 2591 conculcant.
3522 2537 3575 2592 Si

1988 2621 2131 2676 enim
2162 2622 2348 2678 beatus
2376 2624 2684 2694 Apostolus,
2709 2626 2952 2695 quamvis
2976 2626 3029 2681 in
3059 2626 3271 2683 Christo
3284 2628 3393 2698 jam
3424 2642 3579 2683 rena-

1985 2714 2051 2770 tis
2075 2755 2089 2779 ,
2136 2722 2313 2770 tamen
2351 2715 2524 2771 adhuc
2552 2718 2818 2786 parvulis,
2852 2718 2933 2772 lac
2962 2718 3089 2773 dicit
3115 2733 3174 2773 se
3207 2718 3437 2784 dedisse,
3467 2733 3573 2773 non

1985 2820 2162 2861 escam
2187 2824 2201 2861 :
2232 2805 2467 2861 Necdum
2492 2810 2623 2862 enim
2662 2810 2928 2879 poteratis,
2959 2811 3156 2881 inquit,
3185 2812 3272 2865 sed
3299 2827 3389 2865 nec
3411 2812 3579 2864 adhuc

1984 2897 2183 2967 quidem
2208 2899 2410 2969 potestis
2433 2898 2610 2970 (lCor.
2644 2916 2720 2967 ut,
2751 2900 2831 2973 2);
2863 2902 3156 2972 sidenique
3180 2904 3293 2973 ipse
3320 2903 3579 2958 Dominus

1984 2992 2173 3048 electis
2197 2992 2471 3063 Apostolis
2495 2993 2650 3059 dixit,
2679 2994 2857 3047 Adhuc
2878 2997 3036 3049 multa
3065 2996 3220 3049 habeo
3240 2996 3376 3050 vobis
3396 2996 3575 3061 dicere,

1985 3076 2075 3130 sed
2130 3091 2231 3130 non
2273 3077 2480 3147 potestis
2525 3077 2618 3132 illa
2656 3087 2858 3149 portare
2896 3080 3046 3134 modo
3077 3080 3258 3152 (Joan.
3290 3096 3402 3146 va,
3442 3080 3532 3152 12)
3562 3100 3575 3136 :

1984 3176 2183 3238 quanto
2226 3167 2404 3223 minus
2442 3180 2666 3238 possunt
2691 3168 2835 3224 ferre
2856 3200 2885 3237 ,<
2916 3185 3264 3241 quaecumque
3291 3171 3361 3226 de
3400 3172 3579 3227 incor«

1984 3272 2147 3330 porca
2184 3259 2303 3315 luce
2338 3258 2608 3323 dicuntur,
2637 3260 2927 3315 immunda:
2964 3269 3174 3317 mentes
3211 3263 3533 3332 impiorum?

2052 3348 2281 3406 CAPUT
2317 3349 2559 3404 XXVIII.
2589 3351 2773 3407 ~55.
2810 3350 3103 3422 Baptismus
3146 3352 3202 3405 in
3242 3369 3363 3406 casn
3396 3370 3582 3424 propo-

1984 3441 2080 3496 sito
2128 3442 2329 3497 dandus
2379 3442 2745 3497 catechumenis
2794 3442 2948 3497 etiam
3008 3442 3298 3497 adulterina
3345 3444 3580 3515 conjugia

1984 3534 2337 3589 retinentibus.
2389 3533 2836 3590 Reconciliationis
2870 3534 3127 3604 paenitenti
3155 3534 3339 3589 dandae
3366 3535 3419 3589 in
3450 3537 3581 3605 peri-

1985 3625 2100 3679 culo
2129 3625 2305 3679 mortis
2345 3625 2521 3679 eadem
2547 3624 2698 3680 ratio.
2730 3625 2836 3680 Sed
2876 3635 2932 3679 ut
2960 3639 3140 3680 sermo
3175 3635 3355 3679 uoster
3383 3625 3447 3679 ad
3481 3626 3581 3679 hoc

1986 3719 2163 3787 potius
2188 3717 2484 3783 claudatur,
2535 3717 2676 3772 unde
2720 3717 2948 3787 sumpsit
2992 3717 3301 3781 exordium,
3327 3732 3428 3787 ego
3470 3732 3577 3771 non

1987 3810 2159 3863 solum
2188 3809 2321 3863 alios
2349 3811 2785 3875 catechumenos,
2812 3824 2994 3864 verum
3022 3810 3183 3865 etiam
3214 3811 3360 3879 ipsos
3384 3809 3475 3877 qui
3505 3810 3582 3862 vi-

1989 3899 2220 3953 ventium
2253 3899 2513 3969 conjugiis
2558 3900 2792 3969 capulati
2844 3900 3076 3955 retinent
3118 3898 3414 3953 adulterina
3449 3913 3582 3952 con-

1988 3992 2188 4057 sortia,
2242 4006 2361 4046 cum
2414 3993 2594 4046 salvos
2640 3994 2907 4062 corpore‘
2959 4007 3066 4046 non
3118 3992 3461 4046 admittamus
3514 3991 3581 4046 ad

1988 4084 2348 4153 Baptismum;
2381 4092 2557 4139 tamen
2587 4085 2631 4138 si
2653 4085 2917 4153 desperati
2946 4084 3246 4154 jacuerint,
3270 4098 3371 4138 nec
3406 4098 3501 4153 pro
3523 4096 3583 4137 se

1987 4176 2311 4245 respondere
2334 4176 2622 4244 potuerint,
2651 4175 2995 4246 baptizandus
3022 4186 3173 4245 puto,
3204 4184 3261 4229 ut
3285 4177 3447 4231 etiam
3478 4176 3580 4228 hoc

1988 4278 2263 4340 peccatum
2290 4284 2411 4324 cum
2435 4270 2646 4324 caeteris
2682 4269 2895 4324 lavacro
2938 4268 3354 4339 regenerationis
3396 4268 3581 4322 ablua-

1989 4365 2098 4413 tur.
2122 4358 2253 4425 Quis
2276 4358 2419 4413 enim
2447 4360 2594 4414 novit
2613 4368 2788 4413 utrum
2814 4358 3056 4413 fortassis
3076 4358 3387 4412 adulterinae
3404 4358 3582 4412 carnis

1990 4448 2239 4503 illecclira
2269 4463 2437 4517 usque
2458 4448 2524 4502 ad
2551 4448 2882 4517 Baptismum
2909 4456 3206 4503 statuerant
3226 4447 3498 4503 detineri?
3523 4448 3583 4503 Si

1988 4550 2165 4597 autem
2195 4541 2261 4596 ab
2290 4541 2378 4595 illa
2418 4541 2788 4611 desperatione
2828 4541 3052 4595 recreati
3085 4539 3357 4609 potuerint
3382 4540 3581 4605 vivere,

1989 4641 2080 4689 aut
2103 4632 2295 4688 facient
2311 4632 2452 4702 quod
2476 4639 2794 4699 statuerunt,
2814 4640 2904 4686 aut
2924 4632 3095 4686 cdocti
3117 4630 3579 4700 obtemperabunt,

1989 4732 2081 4779 aut
2102 4724 2171 4779 de
2204 4723 2662 4794 contemptoribus
2701 4722 2791 4777 ﬁet
2819 4722 2959 4793 quod
2991 4723 3102 4776 ﬁeri
3125 4722 3282 4777 etiam
3312 4721 3380 4776 de
3408 4721 3581 4792 bapti.

1990 4818 2122 4872 zatis
2152 4818 2347 4873 talibus
2389 4816 2572 4873 debet.
2606 4816 2736 4883 Qua:
2772 4825 2949 4871 autem
2994 4816 3352 4886 Baptismatis,
3393 4814 3582 4870 eadem

1964 4925 1972 4930 '
1993 4911 2441 4967 reconciliationis
2466 4920 2751 4977 estcausa,
2774 4912 2820 4966 si
2847 4911 2985 4966 forte
3014 4911 3361 4982 poenitentem
3376 4909 3555 4964 .ﬁnien
3570 4939 3592 4949 -

1992 5003 2074 5058 dte
2093 5003 2216 5058 vitae
2235 5002 2528 5073 periculum
2557 5003 3025 5073 praeoccupaverit.
3051 5002 3159 5058 Nec
3185 5003 3328 5072 ipsos
3346 5002 3488 5058 enim
3517 5015 3581 5056 ex

1994 5094 2093 5150 hac
2123 5095 2226 5149 vita
2255 5096 2370 5151 sine
2398 5095 2556 5150 arrha
2578 5110 2688 5150 suae
2718 5096 2863 5165 pacis
2884 5097 3029 5151 exire
3060 5096 3196 5151 velle
3226 5095 3387 5150 debet
3412 5102 3586 5150 mater

1994 5186 2250 5241 Ecclesia.

2060 5282 2075 5309 ι
2115 5275 2303 5339 Aliquot
2326 5284 2452 5339 Mss,
2482 5285 2765 5328 reverentes.

2058 5342 2078 5370 ²
2112 5337 2263 5388 Hicin
2288 5338 2432 5388 editis
2452 5341 2701 5400 superﬂuo
2734 5340 2895 5402 fuerat
2930 5339 3173 5402 additum,
3197 5340 3249 5402 in
3284 5337 3361 5402 his
3396 5352 3584 5402 perm-:-

1995 5406 2154 5465 nentes
2178 5412 2194 5450 .'
2219 5402 2437 5465 itemque
2464 5398 2584 5462 post,
2610 5408 2767 5452 tamen
2790 5398 2839 5465 si
2855 5400 3122 5463 desperati,
3150 5403 3196 5465 in
3220 5401 3278 5449 iis
3298 5398 3553 5465 legebatur
3572 5435 3584 5454 ,

1998 5470 2041 5510 cl
2059 5461 2187 5512 intra
2204 5476 2254 5512 se
2279 5461 2553 5523 ptrititentes
2575 5476 2589 5517 :
2609 5476 2717 5525 (pta:
2742 5463 2888 5513 verba
2912 5461 3135 5512 veterum
3156 5461 3387 5512 librorum
3420 5469 3583 5513 aucto.-

1998 5526 2140 5574 ritate
2165 5526 2505 5587 expunxiunts.
2550 5564 2551 5567 η
