3930 6368
523 310 619 364 ι7ι

1435 552 1903 661 LIBER
1986 548 2167 655 SE
2185 550 2597 655 CU‘ND
2617 553 2839 659 US.

1402 309 1487 363 DE
1525 304 1871 363 CONJUGIIS
1910 302 2379 367 ADULTERINIS,
2412 303 2476 359 S.
2519 304 2886 362 AUGUSTINI
3620 321 3697 377 ιη

582 737 897 805 Redarguitur
930 738 1191 805 Pollentius
1206 773 1220 796 ,
1246 737 1483 805 adulterio
1518 744 1690 805 putans
1713 735 1916 805 perinde
1938 741 2086 805 atque
2110 739 2264 805 morte
2283 732 2401 805 solvi
2425 736 2699 805 coniugium
2716 771 2731 794 ,
2767 748 2927 805 eoque
2945 739 3142 805 trahens
3165 740 3279 805 illud
3303 744 3492 805 Apostoli
3512 746 3562 794 ad
3575 752 3696 799 Coi-in.

515 800 639 849 lltios
649 836 661 853 .

706 795 839 868 (fuat!
860 806 1143 868 st_mortu_t_ts
1164 799 1306 860 fuerit
1332 798 1403 868 vir
1425 795 1532 868 ejus
1545 834 1559 855 ,
1606 795 1806 868 liberata
1840 801 1909 866 est
1930 808 1960 868 ;_
1988 801 2303 868 ut‘mortuum
2328 796 2419 868 boc
2572 795 2709 868 velit“
2725 795 2871 868 etiam
2908 799 3178 868 adulterum
3218 795 3433 868 intelligi.
3466 795 3696 868 Argumenta

514 859 691 931 deinde
708 856 828 931 ejus
844 860 1029 923 reliqua
1048 856 1312 920 diluuntur,
1332 866 1381 910 et
1405 856 1533 909 varia
1556 872 1666 921 qua:
1701 858 1908 906 suboriri
1929 857 2066 905 timet
2088 856 2381 905 incommoda
2396 891 2411 915 ,
2435 858 2527 905 nisi
2541 859 2793 920 repudiata
2814 860 3033 910 adultera
3055 862 3234 912 ducere
3253 856 3442 913 alteram
3471 856 3557 917 γὶἶο
3577 856 3697 931 liceat:

1874 1000 2353 1080 Μῶα»...-

514 927 802 970 relutantur.

584 1154 807 1211 CAPUT
848 1154 1126 1210 PRIMUM.
1156 1184 1225 1195 ——
1252 1155 1302 1207 1.
1350 1152 1514 1222 Hujus
1544 1150 1656 1205 libri
1681 1150 1898 1211 occasio,
1930 1147 2007 1201 Ad
2031 1162 2091 1200 ea

511 1260 629 1310 qum
674 1244 801 1299 mihi
847 1247 1161 1315 scripseras,
1207 1246 1370 1299 frater
1420 1242 1663 1311 religiose
1703 1240 1949 1306 Pollenti,
1985 1239 2093 1308 jam

513 1338 892 1408 rescripseram
924 1354 1029 1394 non
1059 1354 1276 1408 parvum
1304 1335 1668 1400 volumen,.de
1694 1334 1757 1387 iis
1796 1332 1883 1402 qui
1911 1332 2092 1385 viven-

513 1430 652 1484 tibus
672 1431 983 1502 COujugibus
1001 1432 1109 1486 suis
1128 1431 1245 1485 aliis
1265 1430 1597 1498 cepulantur.
1627 1424 1779 1494 Quod
1801 1439 1919 1479 cum
1942 1424 2097 1476 inno-

514 1520 702 1576 tuisset
752 1521 1030 1576 Dilectioni
1083 1531 1206 1584 tuae,
1266 1518 1510 1573 addidisti
1550 1517 1724 1586 aliqua
1764 1514 1829 1569 ad
1858 1512 2093 1568 libellum

513 1623 679 1676 tuum,
716 1615 873 1669 etiam
899 1614 980 1668 bis
1007 1629 1093 1669 me
1117 1612 1442 1682 respondere
1468 1609 1776 1664 desiderans
1809 1624 1821 1661 ε
1853 1605 1946 1659 sed
1975 1620 2094 1659 cum

511 1703 687 1759 facere
716 1705 1077 1775 disponercm,
1113 1703 1357 1759 addendo
1389 1711 1444 1757 et
1469 1716 1569 1770 ego
1614 1699 1678 1753 ad
1719 1712 1917 1761 meum,
1948 1696 2017 1750 ita
2041 1706 2097 1748 ut

516 1811 653 1851 unus
682 1797 817 1852 liber
841 1809 983 1853 esset
1008 1799 1166 1853 etiam
1196 1794 1560 1864 responsionis
1589 1807 1722 1845 meae
1742 1833 1756 1853 ,
1787 1796 2009 1858 repente
2037 1788 2099 1841 il-

512 1888 599 1942 lud
628 1888 828 1943 editum
870 1897 954 1943 est
977 1888 1117 1959 quod
1157 1888 1489 1941 absolveram
1531 1884 1696 1954 prius,
1740 1879 2096 1951 flagitantibus

512 1978 781 2045 fratribus,
815 1988 867 2034 et
888 1980 1249 2035 nescientibus
1271 1978 1469 2031 nostris
1488 1978 1504 2007 ί
1533 1974 1672 2045 quod
1701 1973 1875 2027 adhuc
1898 1969 2094 2039 aliquid

511 2080 659 2125 esset
701 2070 1024 2127 addendum.
1060 2071 1192 2124 Hine
1238 2069 1436 2123 factum
1467 2076 1548 2122 est
1577 2073 1635 2120 ut
1662 2065 1828 2120 altero
1855 2078 2094 2118 seorsum

508 2162 793 2229 opusculo,
821 2162 888 2217 ad
918 2177 981 2217 ea
1010 2177 1126 2231 qua:
1153 2160 1427 2226 addidisti,
1459 2156 1788 2227 respondere
1810 2154 2097 2223 compelle-

507 2265 617 2306 rer.
648 2251 762 2307 Non
780 2261 955 2306 autem
977 2267 1096 2321 qute
1124 2250 1391 2315 addidisti,
1420 2249 1668 2319 adjuncta
1696 2254 1819 2302 sunt
1846 2246 1934 2300 lini
1962 2260 2095 2313 optt-

509 2342 639 2397 sculi
668 2342 773 2409 ttti;
802 2343 917 2410 sed,
951 2342 1041 2398 ubi
1068 2343 1239 2398 visum
1268 2350 1369 2409 est,
1391 2341 1506 2411 ejus
1531 2339 1807 2409 interjecla
1834 2344 1959 2391 sunt
1979 2351 2097 2391 cor-

510 2434 647 2504 peri.

582 2525 808 2583 CAPUT
848 2526 911 2583 11.
938 2558 1009 2569 -
1033 2528 1087 2581 2.
1130 2526 1371 2581 Pallentii
1403 2525 1644 2579 sententia
1664 2564 1677 2588 ,
1698 2523 1909 2576 ‘nubere
1951 2518 2098 2572 alteri

508 2619 715 2672 velitum
735 2635 840 2673 esse
866 2619 1073 2689 conjugi
1090 2659 1107 2683 ,
1128 2618 1173 2672 si
1208 2634 1241 2670 α
1267 2632 1365 2670 non
1392 2616 1691 2685 fornicante,
1722 2629 1821 2666 non
1859 2620 2026 2664 autem
2053 2610 2099 2662 si

509 2726 542 2760 a
571 2710 854 2778 {emicante
879 2709 1183 2763 discesserit.
1217 2707 1482 2761 Mortuum
1509 2706 1560 2758 in
1591 2704 1699 2758 loco
1724 2700 1879 2754 Pauli
1908 2699 2098 2753 intelli-

509 2798 729 2865 gendum
756 2799 907 2852 etiam
934 2799 1267 2867 {ornicantem
1296 2796 1463 2850 sentit.
1494 2795 1691 2848 Horum
1720 2794 1949 2861 primum
1969 2789 2096 2843 illttd

508 2898 613 2954 est,
641 2890 723 2944 cui
754 2889 966 2959 quidem
995 2890 1223 2945 arbitror
1252 2904 1337 2943 me
1358 2886 1681 2957 respondere
1709 2884 1927 2949 debere,
1952 2883 2092 2952 quod

515 2985 566 3037 in
599 2982 681 3037 his
704 2982 943 3052 Apostoli
972 2982 1171 3048 verbis,
1199 2982 1287 3037 ubi
1316 2980 1409 3045 ait,
1427 2978 1631 3035 Caeteris
1650 2985 1817 3031 autem
1841 2976 2093 3047 egodico,

514 3092 614 3129 non
648 3075 909 3141 Dominus,
942 3074 1202 3127 mulierem
1228 3089 1260 3126 a
1287 3073 1393 3127 viro
1420 3088 1523 3125 non
1561 3069 1849 3131 discedere;
1886 3066 2022 3139 quod
2053 3066 2098 3119 si

510 3167 813 3232 discesserit,
844 3181 1046 3219 manere
1072 3165 1357 3233 innuptam,
1390 3172 1477 3215 aut
1506 3162 1611 3214 viro
1640 3176 1732 3215 suo
1757 3156 2093 3219 reconciliari,

512 3273 617 3313 non
641 3267 792 3329 putas
814 3259 883 3312 ita
911 3256 1109 3312 dictum
1139 3272 1280 3323 esse,
1310 3255 1354 3310 si
1379 3254 1679 3329 discesserit,
1709 3261 1819 3307 uta
1850 3252 1963 3305 viro
1993 3250 2099 3303 for-

517 3352 730 3406 nicante
755 3350 1064 3406 discessisse
1106 3349 1448 3418 intelligatur,
1475 3328 1594 3415 qua.
1605 3345 1718 3400 sola
1741 3358 1898 3399 causa
1929 3342 2098 3395 disce-

510 3443 638 3499 dere
677 3443 879 3499 licitum
920 3450 1035 3507 est;
1065 3440 1158 3496 sed
1188 3440 1374 3508 potius
1404 3440 1675 3492 existimas
1716 3450 1745 3488 a
1794 3434 2003 3503 pudico,
2042 3440 2099 3486 et

513 3533 632 3588 ideo
654 3532 856 3602 jussam
888 3545 1104 3585 manere
1139 3530 1446 3597 innuptam,
1489 3534 1547 3580 ut
1569 3532 1751 3595 posset
1780 3524 1826 3577 ei
1855 3522 2094 3577 reconci-

513 3625 651 3689 liari,
680 3625 724 3678 si
747 3623 1021 3677 continere
1040 3622 1127 3675 ille
1160 3619 1438 3681 noluisset,
1464 3631 1531 3671 ne
1550 3617 1717 3670 virum
1739 3614 1803 3668 ad
1832 3615 2098 3667 fornican-

512 3715 665 3781 dum,
700 3713 753 3768 id
780 3723 881 3778 est,
909 3712 974 3767 ad
1001 3712 1157 3766 aliam
1179 3728 1239 3767 se
1268 3713 1481 3767 vivente
1506 3706 1822 3770 ducendam,
1852 3707 1961 3776 ipsa
1988 3722 2093 3760 non

514 3805 850 3861 reconciliata
869 3803 1230 3872 compelleret.
1261 3801 1522 3857 Caeterum
1547 3799 1591 3852 si
1617 3813 1645 3851 a
1666 3798 1780 3851 viro
1803 3797 2097 3851 fornicante

515 3895 848 3959 discesserit,
890 3901 1043 3963 putas
1072 3893 1122 3947 ei
1148 3906 1253 3946 non
1299 3888 1514 3960 prmcipi
1553 3897 1611 3943 ut
1635 3888 1850 3957 innupta
1882 3903 2093 3956 perma-

513 3993 639 4039 neat
666 4003 679 4040 :
704 3984 799 4039 sed
826 3984 929 4039 hoc
946 3999 1062 4038 eam
1085 3982 1278 4048 facere,
1321 3981 1367 4036 si
1395 3981 1675 4035 continens
1696 3993 1815 4034 esse
1840 3978 2090 4042 voluerit;

514 4093 620 4131 non
642 4087 698 4131 ut
724 4076 974 4146 prmeepti
1000 4074 1243 4129 violatrix
1274 4071 1571 4128 inveniatur
1594 4085 1732 4133 esse,
1762 4071 1804 4124 si
1834 4071 2092 4137 nupserit.

512 4168 641 4235 Quae
669 4168 763 4222 tibi
792 4167 998 4221 videtur
1042 4165 1208 4220 forma
1248 4173 1303 4221 et
1339 4179 1370 4218 a
1412 4165 1530 4219 viro
1568 4178 1687 4218 esse
1716 4161 1995 4225 Servanda,
2036 4172 2095 4215 ut

514 4273 735 4313 uxorem
764 4272 869 4313 non
900 4256 1147 4321 dimittat,
1180 4262 1402 4325 excepta
1432 4268 1590 4308 causa
1622 4252 2017 4316 fornicationis;
2049 4252 2091 4304 si

511 4360 687 4405 autem
708 4349 991 4415 dimiserit,
1019 4355 1231 4402 maneat
1256 4348 1370 4401 sine
1398 4344 1664 4414 conjugio,
1689 4352 1747 4396 ut
1773 4341 1978 4412 pudica:
2004 4358 2092 4397 re-

509 4440 782 4495 conciliari
829 4438 1000 4509 possit
1038 4436 1210 4502 uxori,
1262 4435 1360 4489 nisi
1406 4435 1542 4489 forte
1578 4433 1958 4487 continentiam
2002 4432 2089 4485 illa

508 4532 793 4601 delegerit;
817 4546 883 4585 ne
910 4531 1090 4585 uxoris
1113 4536 1272 4584 casta:
1297 4526 1777 4581 reconciliationem
1800 4525 2088 4594 refugiens.

514 4621 628 4689 ipse
656 4622 797 4674 illam
837 4628 990 4689 cogat
1024 4618 1302 4681 mmchari,
1345 4618 1389 4671 si
1429 4631 1549 4672 sese
1575 4631 1680 4670 non
1709 4615 1987 4669 continens
2010 4616 2090 4668 vi-

511 4718 669 4764 vente
708 4710 797 4763 illo
835 4709 1074 4779 nupserit
1110 4709 1261 4762 alteri
1296 4725 1310 4760 :
1342 4708 1385 4761 si
1425 4716 1602 4762 autem
1633 4706 1792 4761 fuerit
1831 4706 1899 4759 ab
1926 4722 2091 4762 uxore

510 4803 807 4857 fornicante
834 4800 1147 4869 disjunctus,
1173 4799 1283 4869 jam
1310 4813 1430 4853 eum
1459 4799 1602 4853 nullo
1634 4805 1902 4868 praecepto
1945 4806 2003 4851 ut
2030 4813 2088 4853 se

507 4896 783 4949 contineat
806 4888 1051 4956 detineri,
1076 4907 1173 4947 nec
1199 4891 1419 4946 omnino
1453 4891 1730 4957 mtecbari,
1763 4890 1809 4945 si
1846 4890 1961 4944 viva
2003 4890 2088 4943 illa

504 4984 729 5038 alteram
768 4981 977 5037 duxerit
1027 4981 1315 5050 :quoniam
1356 4980 1406 5036 id
1437 4981 1580 5051 quod
1616 4981 1689 5035 ait
1715 4980 1853 5036 idem
1880 4988 2090 5049 aposto-

508 5074 611 5139 lus,
646 5073 833 5129 Mulier
852 5074 1062 5143 alligata
1087 5081 1179 5138 est,
1207 5071 1446 5141 quamdiu
1472 5073 1547 5126 vir
1570 5072 1679 5142 ejus
1702 5072 1855 5133 vivit;
1891 5071 2023 5140 quod
2047 5072 2089 5123 si

505 5161 731 5221 mortuus
755 5165 903 5237 fuerit
940 5165 1011 5218 vir
1040 5165 1173 5233 ejus,
1204 5163 1408 5217 liberata
1429 5172 1534 5229 est;
1582 5163 1662 5216 cui
1691 5165 1795 5217 vult
1837 5162 1991 5216 nubat
2029 5162 2087 5232 (Ι

506 5259 624 5311 (.‘or.
658 5273 749 5323 vn,
772 5256 859 5322 10,
892 5258 980 5323 ll,
1000 5256 1067 5312 59
1087 5257 1140 5326 );
1173 5256 1248 5310 sic
1276 5255 1674 5325 intelligendum
1703 5255 1991 5320 existimas,
2032 5264 2089 5310 ut

506 5348 550 5401 si
577 5347 656 5400 vir
679 5346 836 5402 fuerit
857 5348 1163 5409 fornicatus,
1192 5362 1290 5417 pro
1312 5356 1521 5401 mortuo
1546 5347 1846 5417 deputetur,
1876 5357 1928 5403 et
1948 5364 2086 5402 uxor

507 5456 606 5510 pro
626 5448 869 5503 mortua;
901 5447 953 5494 et
978 5439 1098 5495 ideo
1119 5439 1276 5495 liceat
1309 5440 1526 5495 cuilibet
1570 5441 1799 5504 illorum,
1833 5448 2083 5509 tanquam

574 5556 589 5586 ι
626 5555 762 5613 Editi,
804 5552 1124 5617 ﬂagitantibus
1146 5554 1376 5614 fratribus
1398 5554 1571 5605 nostris
1592 5560 1636 5605 et
1665 5551 1995 5617 nescientibus.
2032 5561 2085 5617 At

504 5622 611 5688 ‘Mss.
638 5614 824 5688 vocem,
837 5614 1024 5688 uestris
1041 5656 1054 5677 ,
1082 5616 1318 5688 collocant
1342 5624 1478 5688 post,
1503 5623 1547 5665 et
1572 5614 1917 5688 nescientibus;
1958 5622 2012 5688 ut
2038 5616 2084 5663 in

506 5676 797 5751 ltis‘qpideni
817 5676 1114 5751 domestiCos
1144 5687 1193 5751 et
1206 5676 1542 5751 convictores,
1570 5680 1617 5726 in
1638 5676 1955 5740 ﬂaqiltmtiltus
1980 5678 2080 5739 fra-

508 5736 659 5787 tribt't’s
680 5751 796 5787 vero
816 5748 1078 5788 extraneos
1102 5738 1447 5801 intelligamus.

2202 1156 2323 1215 post
2361 1155 2615 1213 mortem,
2649 1149 2718 1202 ita
2750 1158 2869 1219 post
2910 1149 3307 1208 fornicationem
3344 1153 3558 1226 conjugis
3580 1158 3696 1213 alteri

2200 1239 2454 1307 copulari.

2270 1332 2496 1387 CAPUT
2530 1332 2615 1387 ΙΙΙ.
2643 1364 2714 1373 ———
2734 1335 2787 1390 3.
2816 1334 3088 1407 Refellitur
3116 1336 3410 1393 Pollentina.
3435 1340 3605 1406 Quibus
3626 1345 3701 1397 tuis

2200 1425 2443 1479 sensibus
2469 1427 2818 1482 consideratis
2837 1469 2854 1496 ,
2885 1430 2979 1484 abs
3015 1439 3065 1485 te
3093 1446 3294 1500 autem,
3316 1441 3483 1486 utrum
3508 1436 3698 1503 quicum-

2201 1529 2303 1583 que
2332 1514 2543 1571 duxerit
2576 1519 2850 1573 mulierem
2880 1535 3003 1590 qua:
3034 1522 3148 1575 viro
3174 1522 3380 1591 alligata
3404 1538 3509 1579 esse
3531 1524 3700 1580 destite-

2201 1604 2303 1672 rit,
2347 1606 2553 1661 adulter
2594 1607 2869 1664 habendtts
2915 1610 3024 1663 sit?
3072 1610 3223 1678 Quod
3252 1612 3342 1665 tibi
3380 1613 3594 1667 existimo
3621 1631 3696 1668 non

2200 1695 2387 1751 videri.
2409 1696 2530 1751 Ideo
2547 1699 2687 1752 enim
2712 1700 2899 1754 mulier
2919 1701 3105 1754 vivente
3125 1703 3230 1755 viro
3249 1702 3488 1755 vocabitur
3506 1703 3697 1767 adultera,

2200 1786 2244 1839 si
2271 1787 2419 1855 fuerit
2446 1805 2556 1841 cum
2582 1790 2684 1843 alia
2718 1792 2860 1857 viro;
2892 1792 3142 1861 quoniam
3176 1792 3381 1864 alligata
3402 1802 3495 1857 est,
3520 1796 3699 1863 quamdiu

2202 1878 2275 1929 vir
2301 1878 2411 1948 ejus
2442 1879 2578 1932 vivit.
2602 1879 2712 1935 Hoc
2733 1890 2911 1936 autem
2941 1882 3211 1938 vinculum
3246 1883 3289 1937 si
3324 1884 3370 1938 ei
3398 1898 3505 1938 cum
3527 1884 3618 1937 viro
3640 1886 3696 1937 vi-

2202 1979 2357 2023 vente
2402 1985 2509 2024 non
2553 1980 2731 2038 esset,
2777 1972 2893 2027 sine
2935 1974 3045 2027 ullo
3079 1974 3328 2029 adulterii
3366 1976 3562 2029 crimine
3590 1976 3697 2030 alteri

2202 2061 2442 2117 nuberet.
2469 2064 2698 2119 Proinde
2735 2065 2777 2119 si
2805 2065 3014 2135 alligata
3045 2076 3126 2120 est
3166 2066 3408 2136 quamdiu
3438 2066 3510 2120 vir
3530 2067 3623 2136 ejus
3642 2067 3697 2120 ii-

2201 2151 2309 2219 vit,
2339 2154 2485 2209 nullo
2525 2155 2684 2210 modo
2711 2157 2813 2211 nisi
2852 2157 2969 2212 viro
2995 2167 3208 2212 mortuo
3236 2158 3403 2213 soluta
3431 2158 3618 2212 dicenda
3644 2167 3700 2212 est

2200 2244 2268 2298 ab
2297 2244 2396 2299 hoc
2421 2246 2650 2301 vinculo.
2691 2248 2857 2303 Porro
2887 2249 2936 2304 si
2972 2258 3146 2305 morte
3171 2250 3442 2320 cujuslibet
3466 2265 3618 2305 eorum
3648 2251 3701 2303 in-

2203 2345 2282 2391 ter
2304 2339 2550 2393 maritum
2582 2348 2637 2395 et
2664 2357 2881 2397 uxorem
2911 2340 3013 2398 hoc
3040 2343 3310 2399 vinculum
3331 2344 3549 2409 solvitur,
3576 2352 3617 2397 et
3636 2359 3700 2411 pro

2200 2438 2371 2486 morte
2413 2431 2651 2488 habenda
2694 2441 2808 2497 est,
2854 2434 2993 2489 sicut
3035 2434 3208 2504 dicis,
3248 2436 3405 2491 etiam
3457 2434 3699 2497 fornicatio,

2201 2524 2382 2593 procul
2424 2524 2585 2580 dubio
2632 2527 2733 2580 erit
2779 2527 2846 2581 ab
2876 2527 2976 2582 hoc
3003 2535 3058 2583 et
3083 2529 3279 2583 mulier
3302 2530 3495 2592 soluta,
3535 2526 3695 2598 quando

2203 2615 2358 2670 fuerit
2380 2616 2655 2672 fornicata.
2683 2618 2864 2689 Neque
2885 2619 3027 2674 enim
3051 2619 3155 2675 diei
3206 2622 3396 2690 poterit
3420 2622 3524 2675 haec
3545 2620 3699 2689 alligata

2200 2706 2347 2773 viro,
2381 2708 2593 2776 quando
2630 2709 2697 2763 ab
2730 2707 2816 2762 illa
2861 2708 3019 2764 fuerit
3047 2710 3127 2763 vir
3152 2710 3382 2767 solutus.
3420 2712 3490 2765 Ac
3521 2725 3597 2780 per
3636 2709 3703 2765 hoc

2201 2804 2542 2866 posteaquam
2588 2797 2897 2853 fornicando
2934 2799 3145 2869 alligata
3195 2801 3312 2855 viro
3338 2815 3450 2857 esse
3471 2796 3700 2859 destiterit,

2200 2887 2439 2959 quisquis
2467 2904 2583 2942 eam
2613 2887 2857 2953 duxerit,
2888 2889 3098 2944 adulter
3125 2905 3238 2946 non
3268 2891 3387 2946 erit.

2270 2978 2494 3035 CAPUT
2543 2978 2632 3033 IV.
2658 3008 2728 3019 -—
2752 2978 3155 3035 Fornicaliouem
3203 2999 3295 3053 pro
3334 2991 3479 3036 morte
3502 2977 3704 3049 coujugalc

2200 3069 2453 3124 vinculum
2480 3070 2699 3125 solvente
2736 3071 3007 3141 deputare,
3051 3088 3210 3142 quam
3238 3074 3515 3127 absurdum.
3546 3071 3602 3125 Et
3622 3068 3704 3123 vide

2196 3176 2357 3231 quam
2388 3162 2457 3216 sit
2488 3161 2815 3230 absurdum,
2863 3171 2921 3217 ut
2961 3163 3081 3218 ideo
3126 3178 3238 3219 non
3281 3164 3347 3219 sit
3386 3163 3586 3228 adulter,
3619 3158 3703 3228 quia

2198 3252 2351 3307 duxit
2386 3252 2703 3309 adulteram.
2736 3253 2846 3308 lmo
2873 3268 3031 3322 vero,
3067 3254 3217 3324 quod
3255 3264 3336 3310 est
3362 3250 3700 3309 monstruosius,

2201 3358 2300 3398 nec
2324 3344 2434 3414 ipsa
2466 3345 2659 3399 mulier
2684 3344 2785 3398 erit
2810 3343 3050 3400 adultera
3076 3346 3093 3397 ':
3118 3347 3377 3415 quoniam
3404 3359 3498 3399 non
3533 3342 3615 3397 erit
3635 3352 3703 3410 pe

2200 3438 2410 3491 steriori
2438 3438 2550 3491 viro
2577 3451 2708 3491 uxor
2737 3437 2942 3503 aliena,
2972 3436 3066 3492 sed
3110 3452 3234 3494 sua.
3272 3437 3449 3493 Soluto
3488 3434 3605 3490 enim
3639 3444 3707 3499 per

2200 3527 2517 3582 adulterium
2564 3528 2738 3595 priore
2761 3527 3024 3598 conjugali
3053 3528 3271 3593 vinculo
3289 3570 3304 3594 ,
3330 3528 3609 3595 cuicumque
3628 3522 3704 3591 jam

2201 3619 2440 3685 nupserit
2470 3618 2749 3688 conjugem
2778 3632 2883 3673 non
2928 3618 3142 3673 babenti
3163 3661 3183 3685 ,
3231 3634 3335 3674 non
3371 3618 3584 3673 adultera
3619 3626 3705 3667 euut

2199 3709 2441 3764 adultero
2460 3749 2475 3774 ,
2501 3708 2594 3763 sed
2618 3724 2755 3763 uxor
2783 3710 2885 3764 erit
2911 3709 3084 3779 potius
3107 3724 3234 3765 cum
3263 3709 3463 3765 marito.
3488 3701 3705 3774 Quomodo

2198 3815 2325 3871 ergo
2351 3801 2453 3855 erit
2484 3815 2690 3867 verum,
2723 3799 2913 3854 Mulier
2936 3801 3147 3871 alligata
3176 3812 3280 3869 est,
3308 3799 3529 3871 quamdiu
3554 3796 3612 3849 τὶν
3634 3795 3707 3864 ejus

2198 3891 2356 3945 vivit?
2378 3891 2515 3946 Ecce
2541 3892 2623 3945 vir
2650 3890 2768 3961 ejus
2788 3890 2949 3959 vivit,
2973 3892 3095 3961 quia
3116 3907 3221 3948 nec
3247 3893 3314 3948 de
3337 3906 3543 3962 corpore
3568 3898 3707 3942 exces-

2198 3982 2287 4049 sit,
2314 3997 2414 4037 nee
2441 3983 2726 4038 fornicatus
2752 3992 2835 4039 est
2857 4024 2871 4047 ,
2895 3984 3035 4053 quod
3063 3999 3158 4054 pro
3184 3994 3358 4040 morte
3385 3985 3461 4039 vis
3483 3978 3701 4051 deputari;

2198 4082 2252 4128 et
2273 4082 2446 4129 tamen
2477 4075 2525 4129 ei
2548 4075 2736 4129 mulier
2757 4076 2967 4145 alligata
2989 4076 3099 4146 jam
3130 4092 3240 4132 non
3267 4086 3365 4134 est.
3390 4077 3558 4131 Nonne
3580 4080 3707 4124 atten-

2198 4165 2280 4219 dis
2299 4180 2456 4234 quam
2484 4165 2675 4220 sithoc
2697 4175 2882 4221 contra
2909 4168 3226 4239 Apostolum
3255 4169 3507 4225 dicentcnt
3525 4208 3539 4232 ,
3568 4162 3705 4219 Muliet

2198 4256 2409 4327 alligata
2438 4267 2541 4324 est,
2571 4258 2813 4328 quamdiu
2842 4259 2916 4313 vir
2942 4260 3050 4330 ejus
3079 4260 3241 4316 vivit?
3263 4261 3342 4317 An
3372 4261 3497 4316 forte
3523 4257 3706 4311 dicturus

2195 4364 2255 4403 es
2278 4367 2293 4404 ε
2318 4350 2456 4405 Vivit
2481 4350 2715 4420 quidem,
2748 4352 2841 4407 sed
2869 4352 2949 4406 vir
2968 4352 3083 4422 ejus
3101 4354 3214 4423 jam
3240 4371 3343 4410 non
3372 4364 3481 4418 est;
3508 4349 3703 4421 quoniam

2197 4452 2323 4497 tunc
2349 4450 2466 4497 esse
2492 4444 2714 4511 destitit,
2745 4444 2956 4513 quando
2980 4445 3068 4500 illa
3101 4462 3197 4515 per
3220 4447 3525 4503 adulterium
3564 4442 3706 4508 conju-

2196 4533 2314 4602 gale
2343 4534 2609 4588 vinculum
2636 4535 2827 4588 solvit?
2855 4535 3132 4603 Quomodo
3162 4536 3321 4607 igitur
3342 4540 3520 4592 vivente
3544 4534 3630 4587 viro
3650 4546 3708 4581 ro-

2196 4624 2389 4677 cabilur
2429 4623 2689 4691 adultera,
2718 4626 2763 4679 si
2787 4626 2938 4695 fuerit
2972 4642 3086 4680 cum
3124 4628 3228 4681 alio
3268 4629 3410 4691 viro;
3436 4618 3709 4697 quandoqui-

2195 4717 2316 4772 dem
2348 4717 2429 4771 vir
2453 4717 2567 4787 ejus
2603 4718 2691 4772 ille
2728 4718 2837 4787 jam
2869 4734 2973 4773 non
3002 4727 3118 4785 est,
3149 4719 3414 4790 conjugali
3439 4715 3623 4772 vinculo
3646 4724 3711 4778 per

2194 4810 2429 4864 mulieris
2472 4809 2789 4865 adulterium
2830 4811 2941 4880 jam
2989 4812 3200 4867 soluto?
3239 4813 3355 4880 Quo
3388 4811 3520 4865 enim
3546 4807 3709 4859 vivente

2194 4901 2329 4967 viro,
2364 4902 2465 4957 nisi
2495 4916 2611 4965 suo,
2642 4902 2919 4957 vocabitur
2944 4903 3215 4971 adultera,
3253 4904 3297 4958 si
3330 4902 3483 4958 fuerit
3511 4911 3613 4954 cum
3636 4892 3711 4945 alio

2193 4995 2347 5049 viro?
2376 4994 2445 5049 At
2472 4995 2516 5050 si
2545 4995 2627 5049 vir
2646 4994 2761 5064 ejus
2784 5011 2905 5051 esse
2928 4996 3017 5051 ille
3036 4997 3145 5066 jam
3179 4997 3419 5062 destitit;
3447 5009 3544 5050 non
3570 4988 3710 5055 utique

2193 5089 2404 5142 vivente
2433 5087 2547 5141 viro
2584 5087 2858 5143 vocabitur
2886 5086 3121 5143 adultera
3147 5129 3162 5154 ,
3210 5090 3254 5142 si
3299 5087 3457 5142 fuerit
3493 5097 3599 5141 eum
3634 5076 3713 5131 alio

2195 5180 2346 5245 viro;
2394 5180 2488 5235 sed
2529 5180 2728 5235 nullum
2774 5179 2978 5236 habens
3025 5182 3198 5235 virum
3228 5179 3470 5236 nubendo
3501 5174 3590 5231 erit
3619 5182 3710 5224 cum

2193 5285 2291 5326 suo
2315 5273 2448 5326 viro.
2479 5270 2589 5325 lloc
2629 5272 2716 5339 qui
2760 5273 2939 5340 sentit,
2976 5288 3152 5327 nonne
3179 5272 3356 5327 cernis
3384 5283 3531 5340 quam
3568 5267 3712 5318 contra

2193 5364 2504 5434 Apostolum
2549 5363 2779 5418 sentiat?
2807 5363 2958 5431 Quod
2998 5364 3211 5434 quidem
3256 5378 3360 5418 non
3404 5362 3511 5432 ipse
3552 5350 3710 5410 sentis.

2192 5456 2283 5511 sed
2316 5455 2417 5509 hoc
2450 5455 2689 5524 sequitur
2718 5455 2805 5509 illa
2841 5470 2959 5524 quae
3011 5456 3194 5511 sentis.
3253 5454 3393 5508 Muta
3440 5463 3555 5520 ergo
3594 5450 3711 5498 aute-

2190 5546 2464 5612 cedentia,
2510 5546 2554 5599 si
2598 5546 2677 5600 vis
2721 5560 2914 5600 cavere
2954 5545 3256 5616 sequentia;
3304 5554 3358 5600 et
3399 5541 3500 5597 noli
3537 5538 3705 5593 dicere.

2191 5648 2453 5692 mortuum
2497 5637 2669 5690 virum
2710 5637 2792 5692 vel
2833 5646 3095 5693 mortuam
3129 5652 3347 5692 uxorem
3383 5635 3480 5690 hoc
3506 5631 3609 5687 loco
3632 5618 3706 5676 ἀε-

2192 5729 2318 5783 bere
2351 5728 2566 5798 intelligi
2594 5728 2751 5783 etiam
2782 5728 3148 5784 fernieantem.
