3930 6368
217 290 306 348 ιη
1515 269 1711 327 LIBER
1748 265 2122 328 SECUNDUS.

288 405 335 459 ι.
360 397 712 470 Quamobrem
754 396 1047 453 secundum
1098 391 1412 448 doctrinam
1438 404 1620 443 sanam
1665 387 1789 443 Mu-

233 496 312 547 ὄσ
338 493 533 562 alligata
569 497 646 543 est
666 530 683 555 ,
708 489 953 560 quamdiu
987 488 1064 541 vir
1096 488 1206 558 ejus
1236 486 1388 550 vivit;
1418 484 1467 538 id
1495 493 1577 545 est
1595 525 1611 550 ,
1655 500 1789 538 tton-

236 583 342 638 dum
372 598 401 638 e
428 597 655 652 corpore
680 580 957 635 abscessit.
990 578 1180 632 Mulier
1212 578 1355 633 enim
1387 577 1482 631 sub
1512 578 1617 630 viro
1638 618 1653 643 ,
1683 577 1791 630 vivo

233 677 390 729 ater-ito
404 716 419 740 ,
436 674 619 745 juncta
638 682 712 726 est
730 673 863 743 legi;
888 671 990 727 hoc
1012 679 1095 725 est
1112 710 1129 737 ,
1152 670 1455 739 incorpore
1475 669 1785 723 constituto.

232 768 283 823 Si
312 778 469 822 autem
492 773 723 820 mortuus
747 764 928 835 fuerit,
960 762 1063 817 hoc
1083 771 1165 817 est
1188 804 1202 827 ,
1231 762 1300 817 de
1323 776 1549 832 corpore
1574 761 1785 825 exierit,

234 868 439 925 evacuate
465 865 537 912 est
566 873 597 909 a
622 857 733 927 lege
756 856 874 910 viri.
908 853 1077 925 Igitur
1110 855 1300 908 vivente
1339 854 1444 907 viro
1469 893 1483 918 ,
1530 853 1789 907 vocabitur

230 951 452 1014 adultera,
480 949 527 1003 si
555 947 709 1019 fuerit
733 963 850 1000 cum
875 946 976 999 alio
996 946 1122 999 viro.
1149 945 1213 1000 Si
1237 952 1406 998 autem
1433 948 1791 1013 mortuusfue-

228 1042 283 1093 rit
304 1042 373 1095 sit
396 1042 537 1113 ejus,
568 1040 781 1094 liberata
806 1047 881 1093 est
905 1055 937 1092 a
966 1039 1077 1109 lege
1117 1039 1158 1102 ¹,
1206 1045 1262 1090 ιιι
1292 1052 1394 1092 non
1429 1037 1492 1090 sit
1516 1037 1751 1091 adultera
1769 1078 1784 1102 ,

220 1133 259 1184 si
288 1134 429 1205 fuerit
463 1149 579 1187 cum
615 1133 724 1185 alia
755 1133 863 1185 viro
887 1130 1189 1201 (Rom.vu,
1226 1129 1262 1183 2
1289 1138 1335 1183 et
1365 1129 1440 1199 5).
1479 1129 1604 1183 Haec
1626 1129 1785 1184 verba

222 1226 442 1295 Apostoli
474 1226 633 1279 toties
657 1223 879 1292 repetita
899 1265 915 1289 ,
948 1223 1103 1277 toties
1137 1221 1437 1288 inculcata,
1466 1236 1588 1275 vera
1624 1229 1782 1286 sunt,

214 1314 316 1368 vir:
339 1325 484 1380 sunt,
514 1330 646 1369 sana
684 1322 843 1380 sunt,
876 1314 1031 1382 plana
1056 1321 1198 1367 sunt.
1227 1312 1438 1368 Nullius
1464 1313 1564 1368 viri
1597 1321 1781 1382 poste-

210 1403 358 1461 rioris
387 1406 584 1460 mulier
611 1419 747 1459 uxor
771 1418 892 1459 esse
911 1403 1130 1473 incipit,
1154 1402 1255 1457 nisi
1277 1403 1470 1473 prioris
1497 1418 1617 1459 esse
1646 1402 1786 1458 desi-

203 1501 350 1552 rerit.
395 1498 533 1552 Esse
555 1505 732 1550 autem
762 1495 975 1550 desinet
1001 1509 1136 1549 uxor
1165 1495 1357 1565 prioris
1380 1536 1395 1560 ,
1442 1495 1485 1549 si
1528 1495 1787 1555 moriatur

197 1584 275 1641 Vir
298 1588 456 1657 ejus;
500 1602 610 1641 non
647 1587 693 1641 si
722 1586 1036 1640 fornicetur.
1082 1586 1249 1641 Licite
1292 1586 1472 1655 itaque
1502 1586 1788 1640 dimittitur

205 1680 389 1749 conqu
418 1680 492 1733 ob
516 1693 730 1733 causam
757 1676 1155 1742 fornicationis;
1184 1676 1279 1731 sed
1307 1686 1485 1731 manet
1510 1677 1784 1731 vinculum

211 1771 419 1838 prioris,
450 1778 674 1839 propter
695 1769 841 1838 quod
869 1769 928 1822 iit
956 1784 1082 1823 reus
1102 1767 1366 1834 adulterii,
1393 1768 1483 1838 qui
1506 1768 1782 1822 dimissam

204 1863 407 1920 duxerit
435 1867 601 1919 etiam
628 1864 696 1918 ob
723 1877 943 1917 causam
969 1862 1357 1916 fornicationis.

255 1954 500 2012 CAPUT
530 1954 600 2008 Ἴ.
630 1954 947 2024 —Conjugii
977 1953 1233 2006 vinculum
1261 1960 1421 2005 morte
1442 1952 1653 2017 resolvi,
1685 1968 1787 2005 non

201 2058 378 2101 autem
397 2048 720 2116 fornicatione
741 2056 781 2100 et
808 2046 1126 2117 separatione
1154 2046 1447 2115 conjugum.
1475 2044 1623 2099 Sicut
1642 2044 1784 2097 enim

198 2147 469 2194 manente
499 2138 551 2191 in
596 2152 655 2192 se
688 2137 1026 2192 Sacramento
1071 2136 1525 2207 regenerationis,
1567 2150 1786 2191 excom-

194 2230 517 2286 municatur
554 2229 855 2299 cujusquam
885 2245 1013 2284 reus
1042 2229 1314 2295 criminis,
1346 2245 1444 2284 nec
1474 2230 1564 2283 illo
1592 2228 1788 2283 Sacra-

186 2332 384 2378 mento
405 2330 580 2385 caret,
609 2322 816 2376 etiamsi
845 2336 1114 2391 nunquam
1136 2321 1509 2376 reconcilietur
1537 2321 1648 2375 Deo
1675 2338 1690 2375 :
1714 2320 1788 2375 ita

183 2420 446 2469 manente
465 2413 523 2467 in
542 2427 602 2467 se
619 2411 833 2466 vinculo
848 2411 1066 2467 foederis
1082 2411 1391 2481 conjugalis,
1408 2427 1547 2466 uxor
1561 2411 1785 2466 dimitti-

185 2515 266 2560 tur
284 2505 361 2560 ob
379 2519 605 2559 causam
628 2503 997 2559 fornicationis
1016 2544 1031 2569 ,
1056 2518 1156 2559 nec
1179 2503 1383 2559 carebit
1421 2504 1512 2558 illo
1541 2504 1780 2570 vinculo,

186 2596 395 2652 etiamsi
431 2611 711 2666 nunquam
741 2596 1119 2652 reconcilietur
1156 2597 1303 2662 viro;
1332 2597 1536 2651 carebit
1570 2606 1781 2665 autem,

188 2689 226 2742 si
252 2696 514 2742 mortuus
538 2687 704 2741 fuerit
729 2687 813 2742 vir
838 2688 974 2757 ejus.
1017 2686 1163 2743 Reus
1198 2702 1326 2744 vero
1354 2689 1788 2743 excommunica-

191 2788 272 2833 tus
290 2778 415 2834 ideo
440 2794 719 2849 nunquam
742 2778 950 2834 carebit
971 2780 1389 2850 regenerationis
1419 2778 1785 2846 Sacramento,

195 2873 355 2926 etiam
382 2886 486 2925 non
518 2872 905 2927 reconciliatus
926 2914 941 2940 ,
974 2873 1223 2943 quoniam
1253 2888 1525 2943 nunquam
1558 2872 1788 2926 moritur

197 2952 360 3018 Deus.
389 2963 653 3019 Remanet
690 2964 876 3034 itaque
913 2973 1004 3031 ut,
1035 2965 1081 3019 si
1109 2979 1297 3035 sapere
1323 2963 1613 3019 secundum
1646 2964 1791 3033 Apo-

198 3056 392 3111 stolum
418 3057 669 3112 volumus
689 3099 705 3124 ,
736 3073 845 3112 non
876 3058 1116 3112 dicamus
1148 3057 1322 3112 virum
1362 3056 1661 3110 adulterum
1694 3072 1789 3125 pro

206 3157 416 3205 mortuo
448 3150 815 3221 deputandum
836 3191 852 3215 ,
889 3158 943 3204 et
980 3149 1100 3204 ideo
1130 3148 1292 3204 licere
1318 3148 1470 3203 uxori
1496 3147 1611 3217 ejus
1637 3147 1789 3202 alteri

208 3244 422 3301 nubere.
462 3246 721 3314 Quamvis
768 3245 913 3299 enim
962 3245 1032 3299 sit
1079 3258 1225 3297 mors
1277 3241 1633 3306 adulterium,
1683 3255 1789 3296 non

210 3338 477 3406 corporis,
506 3338 599 3392 sed
630 3335 775 3408 quod
813 3335 965 3406 pejus
993 3344 1075 3390 est
1093 3375 1108 3400 ,
1134 3334 1326 3388 anima:
1354 3348 1367 3385 :
1397 3347 1503 3386 non
1532 3341 1711 3387 tamen
1735 3341 1790 3387 et

215 3429 278 3485 de
305 3431 409 3484 ista
430 3431 453 3461 ²
483 3439 672 3496 morte,
701 3429 1018 3499 loquebatur
1045 3428 1330 3498 Apostolus
1350 3468 1364 3493 ,
1393 3440 1514 3482 cum
1543 3426 1754 3482 dicebat
1771 3470 1789 3496 ,

221 3520 374 3585 Quod
396 3524 437 3575 si
461 3535 676 3577 mortuus
701 3524 856 3594 fuerit
877 3522 953 3575 vir
979 3522 1088 3592 ejus
1106 3562 1120 3586 ,
1149 3521 1232 3574 cui
1259 3520 1366 3575 vult
1392 3520 1579 3585 nubat;
1606 3520 1702 3575 sed
1725 3519 1793 3575 de

219 3614 307 3668 illa
335 3615 447 3667 sola
476 3630 571 3683 qua
590 3615 654 3670 de
685 3630 915 3685 corpore
949 3615 1147 3669 exitur.
1176 3613 1440 3682 Quoniam
1470 3614 1514 3667 si
1540 3628 1635 3684 per
1664 3628 1794 3668 con-

214 3704 353 3775 jugis
378 3705 683 3761 adulterium
706 3706 987 3777 conjugale
1012 3706 1234 3761 solvitur
1273 3706 1540 3761 vinculum
1563 3746 1578 3771 ,
1610 3705 1792 3775 sequi-

219 3808 300 3853 tur
326 3799 411 3853 illa
443 3802 767 3869 perversitas
788 3842 803 3867 ,
827 3816 985 3870 quam
1013 3799 1301 3855 cavendam
1334 3815 1454 3855 esse
1473 3798 1790 3866 monstravi,

222 3900 275 3943 ut
298 3901 353 3945 et
380 3894 568 3947 mulier
595 3909 689 3963 per
713 3894 1097 3963 impudicitiam
1124 3892 1358 3947 solvatur
1386 3892 1490 3947 hoc
1530 3891 1744 3946 vinculo
1772 3906 1788 3944 ε

225 3996 339 4049 φη
363 3984 406 4037 si
428 3985 666 4049 solvitur,
698 3985 864 4040 libera
891 3985 994 4042 erit
1012 4001 1043 4039 a
1067 3985 1182 4055 lege
1208 3986 1341 4051 viri;
1372 3994 1429 4040 et
1460 3983 1581 4039 ideo
1601 4024 1617 4051 ,
1648 3982 1791 4054 quod

226 4071 645 4143 insipientissime
690 4076 907 4141 dicitur,
953 4093 1059 4132 non
1112 4078 1216 4132 erit
1263 4077 1503 4131 adultera
1549 4075 1594 4130 si
1639 4075 1797 4130 fuerit

227 4176 346 4217 cum
384 4167 481 4222 alio
507 4169 661 4234 viro,
704 4169 825 4238 quia
872 4184 967 4239 per
1006 4167 1326 4223 adulterium
1370 4167 1591 4222 liberata
1640 4174 1724 4221 est
1764 4180 1795 4220 a

226 4264 398 4329 priore
422 4266 549 4317 viro.
574 4262 731 4330 Quod
758 4263 803 4316 si
835 4262 905 4315 ita
926 4271 1011 4317 est
1036 4277 1067 4315 a
1089 4262 1309 4315 veritate
1333 4260 1543 4315 devium
1563 4300 1578 4325 ,
1603 4267 1659 4313 ut
1679 4259 1799 4314 nul-

225 4353 306 4408 ius
331 4356 401 4421 id,
426 4371 528 4409 non
554 4354 677 4408 dico
697 4352 1048 4418 christianos,
1078 4351 1170 4406 sed
1202 4351 1466 4405 humanus
1492 4364 1679 4404 sensus
1703 4350 1801 4404 ad-

224 4444 422 4510 mittat;
463 4446 701 4515 profecto
728 4445 908 4497 mulier
948 4444 1156 4512 alligata
1183 4451 1289 4510 est,
1321 4441 1563 4511 quamdiu
1587 4442 1663 4494 vir
1687 4442 1798 4512 ejus

228 4536 337 4588 sint
360 4552 382 4590 :
411 4537 546 4608 quod
576 4545 636 4591 ut
678 4536 915 4606 apertius
939 4535 1111 4589 dicam
1135 4577 1148 4599 ,
1178 4534 1432 4605 quamdiu
1475 4534 1558 4589 vir
1582 4533 1700 4603 ejus
1744 4534 1797 4589 in

230 4642 442 4699 corpore
484 4640 587 4686 est.
634 4630 754 4685 Pari
799 4644 927 4700 ergo
971 4627 1139 4684 forma
1190 4638 1244 4684 et
1280 4629 1364 4683 vir
1400 4628 1643 4699 alligatus
1685 4636 1797 4693 est,

232 4724 467 4791 qmdiu
494 4724 690 4779 mulier
719 4723 833 4793 ejus
862 4723 914 4777 in
935 4737 1161 4792 corpore
1183 4731 1284 4777 est.
1316 4720 1469 4777 Unde
1498 4721 1543 4775 si
1581 4721 1694 4775 vult
1721 4720 1803 4775 di-

237 4817 433 4873 mittere
462 4817 761 4872 adulteram
786 4860 803 4888 ,
834 4831 941 4871 non
971 4815 1131 4871 ducat
1156 4816 1376 4870 alteram
1398 4857 1413 4881 ,
1456 4830 1523 4869 ne
1563 4814 1705 4885 quod
1748 4814 1799 4868 in

236 4906 317 4961 il.a
346 4912 550 4981 culpat,
584 4911 701 4981 ipse
725 4909 1041 4965 committat.
1076 4908 1332 4963 Similiter
1360 4916 1414 4963 et
1439 4908 1628 4962 mulier
1652 4908 1698 4962 si
1724 4906 1805 4961 di-

237 5000 390 5056 mittit
422 5003 723 5058 adulterum
745 5045 760 5067 ,
804 5016 907 5057 non
930 5001 1030 5056 sibi
1058 5001 1273 5071 copulet
1295 5002 1520 5057 alterum
1552 5018 1565 5054 :
1594 5001 1799 5070 alligata

236 5102 315 5146 est
341 5098 493 5161 enim,
522 5095 778 5168 quamdiu
805 5095 887 5150 vir
911 5095 1026 5166 ejus
1054 5095 1215 5159 vivit;
1245 5109 1345 5150 nec
1372 5110 1402 5148 a
1428 5095 1545 5165 lege
1568 5093 1668 5148 viri
1703 5094 1803 5148 nisi

239 5188 419 5240 mortui
458 5188 734 5256 liberatur,
767 5195 827 5243 ut
851 5202 957 5242 non
983 5187 1054 5243 sit
1075 5186 1317 5242 adultera
1339 5228 1353 5253 ,
1392 5187 1435 5241 si
1480 5187 1640 5242 fuerit
1680 5201 1802 5240 cum

242 5278 339 5330 alio
363 5280 488 5335 viro.

306 5370 515 5430 CAPUT
547 5374 631 5429 Vl.
650 5404 723 5415 ——
763 5375 818 5430 5.
855 5374 1223 5428 Reconciliatio
1244 5382 1351 5443 post
1367 5374 1671 5428 adulterium
1692 5389 1805 5427 cum

251 5466 439 5536 conjuge
463 5468 783 5539 resipiscenle
807 5485 965 5540 quam
987 5470 1285 5523 conveniens
1309 5468 1603 5523 christiano.
1650 5468 1799 5535 Quod

309 5597 467 5667 [milia
489 5600 690 5654 liberata
704 5607 774 5656 est
797 5618 828 5654 a
848 5601 953 5667 lege
972 5602 1087 5654 viri.
1112 5610 1232 5663 Vox,
1251 5601 1360 5663 viri,
1379 5602 1472 5654 hoc
1494 5604 1599 5654 loco
1621 5617 1715 5657 non
1737 5616 1812 5652 τε.

260 5660 408 5715 Mittu-
431 5664 477 5713 in
500 5672 602 5716 Ilss.

312 5722 326 5751 '
354 5726 417 5773 Sic
439 5728 625 5781 codices
646 5736 753 5781 Mss.
783 5738 834 5781 At.
863 5729 1002 5792 editi,
1028 5738 1122 5777 non
1144 5732 1297 5776 tamen
1327 5728 1382 5777 d‘
1410 5727 1517 5778 ista.

3380 290 3485 350 474

1895 394 2072 440 autem
2107 386 2198 442 tibi
2224 387 2414 445 durum
2438 391 2662 460 videtur,
2693 402 2749 449 ιιι
2777 404 2897 465 post
2921 398 3238 458 adulterium
3282 420 3474 462 recens

1893 480 2104 536 cilietur
2126 479 2342 553 coniugi
2376 486 2601 555 conjux;
2643 488 2688 542 si
2733 490 2865 545 fides
2907 493 3076 560 adsit,
3110 510 3215 551 non
3242 498 3343 552 erit
3370 498 3473 552 du-

1894 586 2033 625 rum.
2065 572 2170 627 Cur
2189 574 2330 629 enim
2356 575 2528 631 adhuc
2553 577 2870 649 deputamus
2899 583 3168 642 adulteros
3188 630 3203 653 ,
3234 603 3370 658 quos
3392 588 3477 645 vel

1895 662 2217 735 Baptismate
2241 667 2449 725 ablutos
2466 711 2481 737 ,
2512 672 2595 727 vel
2624 674 2934 742 poenitentia
2960 679 3228 735 credimus
3247 698 3366 739 esse
3388 698 3474 738 sa-

1898 757 2086 811 natos?
2108 757 2233 813 Haec
2257 760 2479 816 crimina
2509 762 2563 817 in
2601 773 2781 819 vetere
2806 766 2901 821 Dei
2928 768 3044 838 lege
3074 771 3238 837 nullis
3265 775 3470 828 sacrill-

1895 848 1993 904 ciis
2024 851 2443 923 mundabantur,
2494 871 2613 926 quae
2668 857 2802 912 Novi
2850 859 3175 916 Testamenti
3216 866 3475 935 sanguine

1894 943 2009 997 sine
2035 943 2363 1001 dubitatione
2387 948 2707 1003 mundantur
2729 952 2745 981 ¹
2769 967 2783 1004 :
2807 960 2860 1005 et
2881 951 2999 1006 ideo
3018 961 3139 1007 tunc
3156 956 3297 1008 omni
3316 956 3476 1010 modo

1894 1036 2216 1106 prohibitum
2246 1048 2328 1095 est
2369 1040 2437 1095 ab
2464 1041 2570 1096 alio
2608 1044 3023 1099 contaminatam
3068 1047 3185 1101 viro
3231 1048 3471 1117 recipere

1893 1144 2149 1196 uxorem;
2194 1133 2435 1201 quamvis
2462 1133 2627 1189 David
2657 1133 2830 1191 Saulis
2875 1136 3072 1203 filiam,
3120 1154 3279 1209 quam
3326 1150 3475 1208 pater

1891 1220 2132 1289 ejusdem
2182 1223 2422 1278 mulieris
2460 1224 2529 1278 ab
2567 1240 2632 1279 eo
2675 1235 2975 1296 separatam
3025 1227 3246 1283 dederat
3288 1211 3475 1294 alteri,

1892 1320 2140 1383 tanquam
2166 1314 2300 1369 Novi
2340 1315 2663 1370 Testamenti
2712 1319 3078 1394 prteiigurator
3103 1319 3218 1374 sine
3258 1328 3476 1373 cuncta-

1892 1403 2037 1458 tione
2062 1406 2322 1474 receperit
2352 1405 2416 1477 (ll
2439 1405 2566 1477 Reg.
2596 1422 2650 1460 ut
2672 1447 2686 1472 ,
2717 1409 2805 1478 14)
2840 1427 2852 1463 :
2889 1424 3028 1463 nunc
3053 1419 3229 1464 autem
3260 1418 3475 1479 postea-

1891 1510 2049 1563 quam
2093 1495 2334 1550 Christus
2375 1497 2449 1551 ait
2494 1497 2782 1563 adulterze,
2832 1498 2942 1552 Nec
2982 1516 3072 1569 ego
3114 1510 3161 1554 te
3187 1499 3474 1566 danmabo;

1892 1587 2049 1653 vade,
2082 1587 2315 1658 deinceps
2351 1590 2458 1642 noli
2495 1606 2734 1659 peccare;
2776 1589 2894 1659 quis
2938 1607 3044 1645 non
3085 1586 3477 1661 intelligat'de-

1892 1677 2018 1733 bere
2059 1678 2331 1748 ignoscere
2359 1680 2606 1734 maritum
2633 1723 2647 1747 ,
2678 1680 2820 1750 quod
2863 1681 3009 1737 videt
3052 1681 3318 1752 ignovisse
3360 1682 3472 1737 Do-

1890 1770 2092 1824 minum
2121 1771 2429 1839 amborum,
2466 1787 2565 1826 nec
2588 1771 2699 1841 jam
2738 1787 2798 1827 se
2832 1773 3029 1827 debere
3069 1774 3363 1828 adulteram
3390 1772 3471 1827 di-

1891 1877 2035 1927 cere,
2065 1864 2218 1932 cujus
2259 1865 2568 1935 pmnitentis
2596 1865 2800 1920 crimen
2839 1864 3021 1920 divina
3050 1865 3221 1921 credit
3250 1866 3472 1920 misera-

1894 1953 2035 2008 tione
2055 1953 2287 2008 deletum
2306 1956 2329 2008 ?

1961 2044 2187 2100 CAPUT
2226 2045 2336 2099 ΥΠ.
2358 2077 2430 2086 -
2451 2046 2502 2101 6.
2534 2046 2712 2101 Mariti
2730 2049 2987 2102 saevientes
3010 2048 3062 2101 in
3083 2063 3263 2101 uxores
3283 2047 3474 2101 adulte-

1889 2153 1996 2203 ras,
2021 2153 2136 2189 cum
2164 2137 2260 2191 sint
2285 2148 2331 2191 et
2350 2138 2449 2208 ipsi
2469 2138 2703 2192 adulteri.
2732 2139 2835 2194 Sed
2866 2139 2968 2192 hoc
2996 2139 3242 2193 videlicet
3274 2139 3467 2193 inlide-

1891 2228 2018 2282 lium
2068 2243 2256 2283 sensus
2296 2230 2577 2297 exhorret,
2610 2228 2679 2286 ita
2712 2239 2771 2284 ut
2812 2231 3047 2285 nonnulli
3092 2231 3315 2285 modicae
3346 2230 3469 2286 fidei

1891 2321 1977 2376 vel
2006 2321 2183 2390 potius
2220 2321 2419 2376 inimici
2448 2337 2589 2376 verte
2635 2321 2757 2376 fidei
2777 2363 2792 2387 ,
2822 2322 2985 2376 credo
3007 2331 3303 2377 metuentes
3341 2336 3472 2391 pec-

1891 2413 2049 2469 candi
2097 2414 2464 2483 impunitatem
2511 2413 2626 2468 dari
2676 2414 2984 2469 mulieribus
3010 2415 3150 2480 suis,
3182 2413 3311 2467 illud
3336 2412 3478 2482 quod

1891 2504 1961 2560 de
1984 2504 2241 2560 adultera:
2267 2505 2589 2575 indulgentia
2616 2506 2877 2560 Dominus
2905 2504 3030 2560 fecit
3049 2546 3064 2571 ,
3096 2502 3370 2559 auferrent
3406 2503 3473 2558 de

1892 2596 2167 2653 codicibus
2195 2598 2306 2652 suis
2332 2596 2412 2671 (a)
2439 2615 2451 2651 :
2480 2600 2629 2669 quasi
2662 2598 3066 2667 permissionem
3094 2598 3348 2667 peccandi
3378 2597 3477 2651 tri-

1892 2691 2069 2746 buerit
2096 2691 2185 2761 qui
2216 2690 2381 2757 dixit,
2405 2690 2527 2745 Jam
2552 2692 2785 2763 deinceps
2810 2691 2917 2745 noli
2952 2707 3191 2761 peccare;
3223 2698 3315 2744 aut
3356 2690 3478 2744 ideo

1894 2796 2001 2837 non
2039 2783 2284 2838 debuerit
2306 2782 2497 2838 mulier
2523 2798 2553 2837 a
2592 2782 2800 2838 medico
2841 2782 2951 2837 Deo
2977 2782 3117 2837 illius
3147 2780 3351 2851 peccati
3391 2796 3479 2835 re-

1893 2875 2146 2931 missione
2173 2876 2379 2941 sanari,
2403 2890 2467 2929 ne
2489 2874 2886 2930 oifenderentur
2907 2874 3094 2928 insani.
3127 2873 3308 2942 Neque
3329 2872 3473 2926 enim

1893 2969 2083 3038 quibus
2112 2967 2240 3022 illud
2263 2967 2456 3021 factum
2481 2966 2689 3020 Domini
2714 2966 2976 3032 displicet,
3002 2963 3097 3033 ipsi
3123 2964 3297 3033 pudici
3328 2972 3473 3026 sunt,

1894 3068 1949 3113 et
1974 3074 2068 3114 eos
2101 3074 2323 3113 severos
2358 3059 2571 3112 castitas
2599 3056 2722 3110 facit
2754 3074 2767 3110 :
2800 3055 2893 3109 sed
2920 3055 3097 3125 potius
3127 3069 3189 3108 ex
3222 3054 3315 3107 illo
3351 3063 3479 3106 sunt

1895 3150 2168 3203 hominum
2216 3162 2477 3215 numero,
2522 3148 2713 3219 quibus
2761 3147 3017 3201 Dominus
3064 3146 3171 3212 ait,
3223 3145 3323 3210 Qui
3368 3146 3476 3198 sine

1897 3248 2097 3311 peccato
2136 3249 2207 3293 est
2239 3247 2488 3305 vestrum,
2520 3239 2659 3308 prior
2680 3238 2734 3292 in
2762 3254 2874 3291 eam
2903 3236 3122 3306 lapidem
3139 3237 3324 3306 jaciat.
3356 3235 3473 3289 Nisi

1894 3331 2036 3401 quod
2065 3330 2140 3384 illi
2170 3329 2493 3384 conscientia
2524 3329 2694 3383 territi
2740 3335 3116 3391 recesserunt,
3166 3335 3221 3381 et
3262 3334 3469 3381 tentare

1894 3421 2165 3477 Christum
2188 3428 2346 3491 atque
2366 3419 2660 3475 adulteram
2682 3419 2924 3490 persequi
2947 3418 3270 3472 destiterunt
3293 3415 3472 3489 (Joan.

1894 3530 2016 3581 vni,
2042 3514 2224 3587 7-H):
2254 3513 2340 3569 isti
2362 3520 2539 3568 autem
2564 3520 2619 3568 et
2651 3513 2837 3584 aegroti
2874 3509 3139 3566 medicum
3182 3508 3479 3580 reprehen-

1896 3617 2058 3683 dunt,
2087 3626 2141 3673 et
2166 3616 2219 3671 in
2244 3615 2510 3669 adulteras
2541 3612 2766 3669 adulteri
2806 3611 3033 3665 steviunt
3070 3627 3084 3662 :
3113 3608 3303 3679 quibus
3323 3606 3368 3660 si
3394 3602 3481 3660 di-

1897 3716 2127 3774 ceretur,
2174 3721 2284 3761 non
2324 3703 2465 3775 quod
2506 3703 2582 3759 illi
2628 3702 2942 3769 audierunt,
2988 3699 3089 3767 Qui
3133 3700 3240 3753 sine
3280 3704 3481 3768 peccato

1897 3809 2006 3863 est;
2025 3799 2145 3869 quis
2170 3799 2312 3853 enim
2339 3797 2456 3853 sine
2482 3795 2742 3865 peccato?
2771 3793 2866 3849 sed
2887 3835 2902 3861 ,
2933 3793 3034 3860 Qui
3071 3792 3187 3847 sine
3221 3790 3323 3845 isto
3354 3802 3482 3859 pec-

1898 3900 2019 3946 cato
2045 3899 2127 3946 est
2150 3932 2166 3957 ,
2208 3891 2347 3960 prior
2373 3890 2426 3942 in
2448 3889 2590 3943 illam
2611 3888 2834 3957 lapidem
2854 3887 3055 3948 mittat;
3087 3892 3197 3939 tum
3220 3896 3347 3938 vero
3373 3881 3483 3936 for-

1900 3984 2037 4040 sitan
2073 3984 2398 4055 cogitarent,
2440 3982 2531 4052 qui
2570 3979 2982 4051 indignabantur
3014 3977 3156 4048 quod
3185 3976 3485 4030 adulteram

1899 4090 2006 4130 non
2034 4074 2377 4140 occiderent,
2419 4080 2613 4143 quanta
2643 4073 2748 4128 illis
2774 4071 2871 4127 Dei
2894 4067 3263 4125 misericordia
3288 4078 3479 4137 parce-

1900 4152 2068 4226 retur,
2098 4172 2157 4218 ut
2183 4163 2408 4218 adulteri
2436 4164 2701 4217 viverent.

1970 4256 2199 4313 CAPUT
2228 4256 2364 4311 Vlll.
2396 4256 2544 4309 —-7.
2590 4254 2700 4309 Viri
2741 4253 2960 4308 adulteri
3004 4251 3208 4324 gravius
3247 4249 3489 4320 puniendi

1901 4370 2054 4427 quam
2090 4350 2334 4405 adultera
2375 4363 2577 4403 uxores.
2603 4345 2713 4400 Lex
2736 4344 2979 4399 Antonini
3002 4384 3018 4412 ,
3047 4343 3178 4397 viros
3206 4339 3488 4412 impudicos

1970 4534 1986 4565 ι
2022 4532 2094 4581 sic
2119 4528 2267 4580 editio
2285 4534 2361 4578 Er.
2388 4526 2568 4577 nostris
2603 4525 2668 4575 ibi
2695 4523 2944 4588 plerisque
2979 4517 3340 4588 aemelioribus
3365 4522 3489 4588 ayss.

1904 4578 2235 4646 consentiens.
2252 4578 2308 4639 At
2323 4598 2454 4649 Lov.,
2473 4600 2583 4651 qtae
2603 4578 2720 4637 Novi
2738 4578 3016 4636 Testa'mcuti
3028 4581 3080 4633 in
3096 4579 3325 4645 sanguine
3348 4578 3491 4629 Chri-

1904 4657 1967 4709 sti
1987 4655 2088 4707 sine
2111 4652 2402 4705 dubitatione
2424 4648 2734 4701 mandantur.

1969 4738 2042 4800 (a)
2076 4745 2128 4800 1n
2161 4736 2334 4800 graecis
2358 4733 2605 4800 plerisque
2639 4728 3003 4800 exemplaribus
3024 4740 3119 4800 non
3142 4722 3497 4800 legebatur

1907 4789 2055 4851 Storia
2076 4799 2140 4848 de
2162 4789 2382 4847 adultera
2406 4789 2631 4844 muliere.
2658 4795 2767 4856 Ejus
2787 4789 2917 4856 nulla
2948 4791 3154 4856 mentio_
3177 4789 3226 4835 in
3249 4797 3495 4856 commen-

1908 4849 2044 4914 tariis
2079 4859 2395 4922 Chrysostomi
2420 4864 2472 4907 et
2502 4849 2840 4922 TheOpliyjlaeti
2862 4854 2910 4922 in
2932 4849 3243 4922 evangelium
3265 4849 3491 4922 Joannis:

1910 4908 2104 4975 tametsi
2128 4908 2241 4970 alibi
2262 4908 2649 4982 chrysostomus;
2663 4908 2857 4982 scilicet
2871 4915 2919 4982 in
2942 4908 3137 4982 homilia
3158 4910 3246 4968 60,
3278 4921 3395 4982 eam
3420 4908 3497 4979 bi-

1911 4969 2106 5036 storiam
2125 4969 2371 5045 agnoscat:
2391 4969 2722 5045 Hieronymus,
2743 4977 2790 5045 in
2814 4974 3005 5045 dialogo
3027 4974 3262 5045 adve_rsu_s
3278 4969 3497 5045 Pelagia-

1912 5028 2003 5098 in;
2017 5028 2269 5102 'é'é'c'uii’db';
2285 5028 2513 5092 meminit
2533 5028 2662 5105 illius
2684 5028 2732 5087 in
2755 5039 2860 5105 lucc
2883 5028 3064 5086 verba:
3101 5052 3124 5105 σε
3145 5039 3194 5080 tn
3208 5028 3495 5105 evangelio,

1921 5092 2339 5166 ruit—[secndum
2361 5112 2593 5166 Joannem
2616 5104 2664 5166 in
2699 5098 2947 5166 multis__ct
2984 5096 3156 5159 grtecis
3175 5101 3225 5141 et
3242 5092 3402 5166 latinis
3418 5102 3497 5166 co:

1923 5190 1945 5218 tt
1965 5157 2153 5220 ilicibus
2174 5168 2415 5216 invenitur
2436 5165 2501 5213 de
2521 5163 2741 5213 adultera
2773 5157 3129 5227 muliere—quae
3148 5159 3395 5227 accusata,
3424 5157 3501 5227 est

1923 5212 1945 5280 ἆ
1966 5212 2427 5295 ἆρῐίῖὗόιῶτῖιῖῶἕῖ
2448 5212 2685 5295 Eusebius
2715 5212 3501 5295 οωξτιῖί,θηξίενέε³9ἓὲἓίξ¹⁵ἑίὲἓῗ.1¹ἑῖ

1915 5275 2266 5347 έιδιῗὶἷιῖῒῖίὸ,
2291 5275 2414 5338 banc
2448 5289 2512 5336 de
2549 5286 2766 5335 adultera
2805 5275 3049 5333 historiam
3086 5275 3498 5347 Joannidadditam

1916 5339 2126 5407 aiat}:
2165 5339 2423 5415 Evangelio
2456 5349 2583 5415 quod
2628 5347 2902 5415 inscribitur
2945 5340 3211 5415 secundum
3249 5339 3482 5415 demseris

2063 5394 2421 5478 "gibtiiii‘ihiﬁéti
2609 5394 2902 5478 augustinus
2930 5405 3351 5478 suspicamur}:
3372 5394 3499 5478 φλοξὶ

1918 5455 2435 5543 ᾖὲἷίιῖιιῖἧνῖἶίῖιᾶἧῖιῖε
2447 5455 2811 5543 1vet-iorib‘t't’s—Te};
2819 5455 3504 5543 emplaribus‘exstabat:_;id‘eo

1921 5514 2124 5591 ἷὶἒὲἓίὖὲἰέ
2146 5514 2209 5590 ἑῆ
2230 5514 3193 5596 11.7.3333..."iagtasuiaajcememe,
3234 5533 3305 5596 ne
3326 5514 3501 5596 mulie-

1920 5578 3022 5662 severiores
3031 5578 3314 5662 sarculaque-
3484 5611 3500 5638 ι

1922 5644 2776 5723 ageaiai‘it‘c'éh’ta‘arvinam
2818 5653 2867 5701 in
2907 5645 3165 5707 cvangelio
3210 5644 3321 5694 data
3366 5654 3429 5703 P“
3452 5653 3501 5689 δ’

1923 5733 2077 5776 νειιπ.
