  <div class='ocr_page' id='page_1' title='image "/cluster/home/n/w/nwhite01/storage/ocr_20150623/40-41/uva.x000217726/243.png"; bbox 0 0 3844 6484; ppageno 0'>
   <div class='ocr_carea' id='block_1_1' title="bbox 434 399 539 456">
    <p class='ocr_par' dir='ltr' id='par_1_1' title="bbox 434 399 539 456">
     <span class='ocr_line' id='line_1_1' title="bbox 434 399 539 456; baseline -0.01 0"><span class='ocrx_word' id='word_1_1' title='bbox 434 399 539 456; x_wconf 63' lang='grc'><strong>875</strong></span> 
     </span>
    </p>
   </div>
   <div class='ocr_carea' id='block_1_2' title="bbox 439 478 2025 584">
    <p class='ocr_par' dir='ltr' id='par_1_2' title="bbox 439 478 2025 584">
     <span class='ocr_line' id='line_1_2' title="bbox 439 478 2025 584; baseline -0.026 -14"><span class='ocrx_word' id='word_1_2' title='bbox 439 527 580 584; x_wconf 69' lang='lat' dir='ltr'><strong>isque</strong></span> <span class='ocrx_word' id='word_1_3' title='bbox 602 525 662 564; x_wconf 89' lang='lat' dir='ltr'><strong>ac</strong></span> <span class='ocrx_word' id='word_1_4' title='bbox 685 506 914 563; x_wconf 84' lang='lat' dir='ltr'><strong>mulieres</strong></span> <span class='ocrx_word' id='word_1_5' title='bbox 933 497 1166 555; x_wconf 79' lang='lat' dir='ltr'><strong>damnari</strong></span> <span class='ocrx_word' id='word_1_6' title='bbox 1191 492 1419 550; x_wconf 84' lang='lat' dir='ltr'><strong>volentis.</strong></span> <span class='ocrx_word' id='word_1_7' title='bbox 1454 490 1683 543; x_wconf 84' lang='lat' dir='ltr'><strong>Virorum</strong></span> <span class='ocrx_word' id='word_1_8' title='bbox 1706 478 2025 584; x_wconf 73' lang='lat' dir='ltr'><strong>impudicitia</strong></span> 
     </span>
    </p>
   </div>
   <div class='ocr_carea' id='block_1_3' title="bbox 443 573 2023 678">
    <p class='ocr_par' dir='ltr' id='par_1_3' title="bbox 443 573 2023 678">
     <span class='ocr_line' id='line_1_3' title="bbox 443 573 2023 678; baseline -0.025 -16"><span class='ocrx_word' id='word_1_9' title='bbox 443 573 604 678; x_wconf 71' lang='lat' dir='ltr'><strong>pejor.</strong></span> <span class='ocrx_word' id='word_1_10' title='bbox 633 601 739 659; x_wconf 85' lang='lat' dir='ltr'><strong>Sed</strong></span> <span class='ocrx_word' id='word_1_11' title='bbox 759 614 878 657; x_wconf 90' lang='lat' dir='ltr'><strong>cum</strong></span> <span class='ocrx_word' id='word_1_12' title='bbox 904 597 1019 651; x_wconf 64' lang='lat' dir='ltr'><strong>haec</strong></span> <span class='ocrx_word' id='word_1_13' title='bbox 1042 592 1121 648; x_wconf 90' lang='lat' dir='ltr'><strong>eis</strong></span> <span class='ocrx_word' id='word_1_14' title='bbox 1144 588 1369 645; x_wconf 85' lang='lat' dir='ltr'><strong>dicimus</strong></span> <span class='ocrx_word' id='word_1_15' title='bbox 1386 624 1399 649; x_wconf 93' lang='lat'><strong>,</strong></span> <span class='ocrx_word' id='word_1_16' title='bbox 1423 598 1528 637; x_wconf 90' lang='lat' dir='ltr'><strong>non</strong></span> <span class='ocrx_word' id='word_1_17' title='bbox 1554 580 1726 678; x_wconf 83' lang='lat' dir='ltr'><strong>solnm</strong></span> <span class='ocrx_word' id='word_1_18' title='bbox 1766 573 1896 629; x_wconf 82' lang='lat' dir='ltr'><strong>nihil</strong></span> <span class='ocrx_word' id='word_1_19' title='bbox 1926 586 2023 671; x_wconf 43' lang='lat' dir='ltr'><strong>vo.-</strong></span> 
     </span>
    </p>
   </div>
   <div class='ocr_carea' id='block_1_4' title="bbox 444 658 2025 753">
    <p class='ocr_par' dir='ltr' id='par_1_4' title="bbox 444 658 2025 753">
     <span class='ocr_line' id='line_1_4' title="bbox 444 658 2025 753; baseline -0.025 0"><span class='ocrx_word' id='word_1_20' title='bbox 444 658 562 753; x_wconf 72' lang='lat' dir='ltr'><strong>iuiit</strong></span> <span class='ocrx_word' id='word_1_21' title='bbox 585 692 865 748; x_wconf 77' lang='lat' dir='ltr'><strong>detrahere</strong></span> <span class='ocrx_word' id='word_1_22' title='bbox 884 681 1186 746; x_wconf 71' lang='lat' dir='ltr'><strong>severitati;</strong></span> <span class='ocrx_word' id='word_1_23' title='bbox 1215 678 1309 733; x_wconf 90' lang='lat' dir='ltr'><strong>sed</strong></span> <span class='ocrx_word' id='word_1_24' title='bbox 1337 678 1637 730; x_wconf 87' lang='lat' dir='ltr'><strong>irascuntur</strong></span> <span class='ocrx_word' id='word_1_25' title='bbox 1659 671 1876 735; x_wconf 84' lang='lat' dir='ltr'><strong>insuper</strong></span> <span class='ocrx_word' id='word_1_26' title='bbox 1897 658 2025 716; x_wconf 80' lang='lat' dir='ltr'><strong>veri~</strong></span> 
     </span>
    </p>
   </div>
   <div class='ocr_carea' id='block_1_5' title="bbox 446 752 2027 855">
    <p class='ocr_par' dir='ltr' id='par_1_5' title="bbox 446 752 2027 855">
     <span class='ocr_line' id='line_1_5' title="bbox 446 752 2027 855; baseline -0.025 -9"><span class='ocrx_word' id='word_1_27' title='bbox 446 791 570 855; x_wconf 87' lang='lat' dir='ltr'><strong>tati,</strong></span> <span class='ocrx_word' id='word_1_28' title='bbox 601 794 655 841; x_wconf 92' lang='lat' dir='ltr'><strong>et</strong></span> <span class='ocrx_word' id='word_1_29' title='bbox 684 785 971 853; x_wconf 91' lang='lat' dir='ltr'><strong>loquuntur</strong></span> <span class='ocrx_word' id='word_1_30' title='bbox 1009 786 1169 845; x_wconf 88' lang='lat' dir='ltr'><strong>atque</strong></span> <span class='ocrx_word' id='word_1_31' title='bbox 1210 767 1536 840; x_wconf 89' lang='lat' dir='ltr'><strong>respondent</strong></span> <span class='ocrx_word' id='word_1_32' title='bbox 1586 781 1599 817; x_wconf 92' lang='lat'><strong>:</strong></span> <span class='ocrx_word' id='word_1_33' title='bbox 1642 760 1748 817; x_wconf 85' lang='lat' dir='ltr'><strong>Sed</strong></span> <span class='ocrx_word' id='word_1_34' title='bbox 1794 772 1892 812; x_wconf 91' lang='lat' dir='ltr'><strong>nos</strong></span> <span class='ocrx_word' id='word_1_35' title='bbox 1929 752 2027 855; x_wconf 75' lang='lat' dir='ltr'><strong>viri</strong></span> 
     </span>
    </p>
   </div>
   <div class='ocr_carea' id='block_1_6' title="bbox 449 849 2034 946">
    <p class='ocr_par' dir='ltr' id='par_1_6' title="bbox 449 849 2034 946">
     <span class='ocr_line' id='line_1_6' title="bbox 449 849 2034 946; baseline -0.025 -5"><span class='ocrx_word' id='word_1_36' title='bbox 449 849 669 946; x_wconf 81' lang='lat' dir='ltr'><strong>sumus;</strong></span> <span class='ocrx_word' id='word_1_37' title='bbox 699 849 770 934; x_wconf 81' lang='lat' dir='ltr'><strong>an</strong></span> <span class='ocrx_word' id='word_1_38' title='bbox 807 892 934 933; x_wconf 88' lang='lat' dir='ltr'><strong>vero</strong></span> <span class='ocrx_word' id='word_1_39' title='bbox 960 885 1119 929; x_wconf 83' lang='lat' dir='ltr'><strong>sexus</strong></span> <span class='ocrx_word' id='word_1_40' title='bbox 1148 867 1315 923; x_wconf 82' lang='lat' dir='ltr'><strong>nostri</strong></span> <span class='ocrx_word' id='word_1_41' title='bbox 1340 863 1567 934; x_wconf 89' lang='lat' dir='ltr'><strong>dignitas</strong></span> <span class='ocrx_word' id='word_1_42' title='bbox 1588 858 1726 912; x_wconf 85' lang='lat' dir='ltr'><strong>hanc</strong></span> <span class='ocrx_word' id='word_1_43' title='bbox 1751 849 2034 908; x_wconf 70' lang='lat' dir='ltr'><strong>sustinebit</strong></span> 
     </span>
    </p>
   </div>
   <div class='ocr_carea' id='block_1_7' title="bbox 453 950 2033 1046">
    <p class='ocr_par' dir='ltr' id='par_1_7' title="bbox 453 950 2033 1046">
     <span class='ocr_line' id='line_1_7' title="bbox 453 950 2033 1046; baseline -0.025 -14"><span class='ocrx_word' id='word_1_44' title='bbox 453 954 701 1046; x_wconf 88' lang='lat' dir='ltr'><strong>injuriam</strong></span> <span class='ocrx_word' id='word_1_45' title='bbox 723 1012 738 1037; x_wconf 92' lang='lat'><strong>,</strong></span> <span class='ocrx_word' id='word_1_46' title='bbox 768 978 824 1023; x_wconf 91' lang='lat' dir='ltr'><strong>ut</strong></span> <span class='ocrx_word' id='word_1_47' title='bbox 844 982 964 1021; x_wconf 89' lang='lat' dir='ltr'><strong>cum</strong></span> <span class='ocrx_word' id='word_1_48' title='bbox 988 965 1105 1019; x_wconf 91' lang='lat' dir='ltr'><strong>aliis</strong></span> <span class='ocrx_word' id='word_1_49' title='bbox 1143 958 1355 1014; x_wconf 81' lang='lat' dir='ltr'><strong>feminis</strong></span> <span class='ocrx_word' id='word_1_50' title='bbox 1381 963 1578 1024; x_wconf 73' lang='lat' dir='ltr'><strong>prmter</strong></span> <span class='ocrx_word' id='word_1_51' title='bbox 1602 962 1795 1003; x_wconf 79' lang='lat' dir='ltr'><strong>uxores</strong></span> <span class='ocrx_word' id='word_1_52' title='bbox 1813 950 2033 1046; x_wconf 59' lang='lat' dir='ltr'><strong>nostras</strong></span> 
     </span>
    </p>
   </div>
   <div class='ocr_carea' id='block_1_8' title="bbox 455 1033 2033 1136">
    <p class='ocr_par' dir='ltr' id='par_1_8' title="bbox 455 1033 2033 1136">
     <span class='ocr_line' id='line_1_8' title="bbox 455 1033 2033 1136; baseline -0.023 -13"><span class='ocrx_word' id='word_1_53' title='bbox 455 1033 668 1136; x_wconf 54' lang='lat' dir='ltr'><strong>si&#39;quid</strong></span> <span class='ocrx_word' id='word_1_54' title='bbox 712 1033 1080 1122; x_wconf 84' lang='lat' dir='ltr'><strong>admittimus,</strong></span> <span class='ocrx_word' id='word_1_55' title='bbox 1129 1054 1183 1107; x_wconf 89' lang='lat' dir='ltr'><strong>in</strong></span> <span class='ocrx_word' id='word_1_56' title='bbox 1231 1047 1443 1105; x_wconf 85' lang='lat' dir='ltr'><strong>luendis</strong></span> <span class='ocrx_word' id='word_1_57' title='bbox 1485 1043 1659 1115; x_wconf 62' lang='lat' dir='ltr'><strong>poenis</strong></span> <span class='ocrx_word' id='word_1_58' title='bbox 1720 1033 2033 1136; x_wconf 72' lang='lat' dir='ltr'><strong>ntulieribns</strong></span> 
     </span>
    </p>
   </div>
   <div class='ocr_carea' id='block_1_9' title="bbox 457 1124 2038 1226">
    <p class='ocr_par' dir='ltr' id='par_1_9' title="bbox 457 1124 2038 1226">
     <span class='ocr_line' id='line_1_9' title="bbox 457 1124 2038 1226; baseline -0.023 -13"><span class='ocrx_word' id='word_1_59' title='bbox 457 1124 867 1226; x_wconf 78' lang='lat' dir='ltr'><strong>comparemur?</strong></span> <span class='ocrx_word' id='word_1_60' title='bbox 889 1147 1048 1218; x_wconf 83' lang='lat' dir='ltr'><strong>Quasi</strong></span> <span class='ocrx_word' id='word_1_61' title='bbox 1075 1159 1179 1200; x_wconf 91' lang='lat' dir='ltr'><strong>non</strong></span> <span class='ocrx_word' id='word_1_62' title='bbox 1204 1148 1484 1213; x_wconf 81' lang='lat' dir='ltr'><strong>prOpterea</strong></span> <span class='ocrx_word' id='word_1_63' title='bbox 1522 1134 1690 1205; x_wconf 89' lang='lat' dir='ltr'><strong>magis</strong></span> <span class='ocrx_word' id='word_1_64' title='bbox 1710 1129 1944 1186; x_wconf 88' lang='lat' dir='ltr'><strong>debeant</strong></span> <span class='ocrx_word' id='word_1_65' title='bbox 1969 1124 2038 1226; x_wconf 51' lang='grc' dir='ltr'><strong>ξιτ</strong></span> 
     </span>
    </p>
   </div>
   <div class='ocr_carea' id='block_1_10' title="bbox 460 1218 2041 1313">
    <p class='ocr_par' dir='ltr' id='par_1_10' title="bbox 460 1218 2041 1313">
     <span class='ocr_line' id='line_1_10' title="bbox 460 1218 2041 1313; baseline -0.022 -8"><span class='ocrx_word' id='word_1_66' title='bbox 460 1218 630 1305; x_wconf 75' lang='lat' dir='ltr'><strong>licitas</strong></span> <span class='ocrx_word' id='word_1_67' title='bbox 685 1241 1143 1313; x_wconf 89' lang='lat' dir='ltr'><strong>eoncupiscentias</strong></span> <span class='ocrx_word' id='word_1_68' title='bbox 1196 1234 1423 1290; x_wconf 78' lang='lat' dir='ltr'><strong>viriliter</strong></span> <span class='ocrx_word' id='word_1_69' title='bbox 1477 1231 1726 1292; x_wconf 81' lang='lat' dir='ltr'><strong>frenare,</strong></span> <span class='ocrx_word' id='word_1_70' title='bbox 1773 1223 1895 1293; x_wconf 82' lang='lat' dir='ltr'><strong>quia</strong></span> <span class='ocrx_word' id='word_1_71' title='bbox 1939 1218 2041 1313; x_wconf 80' lang='lat' dir='ltr'><strong>viri</strong></span> 
     </span>
    </p>
   </div>
   <div class='ocr_carea' id='block_1_11' title="bbox 464 1311 2042 1409">
    <p class='ocr_par' dir='ltr' id='par_1_11' title="bbox 464 1311 2042 1409">
     <span class='ocr_line' id='line_1_11' title="bbox 464 1311 2042 1409; baseline -0.02 -13"><span class='ocrx_word' id='word_1_72' title='bbox 464 1341 624 1397; x_wconf 85' lang='lat' dir='ltr'><strong>sunt?</strong></span> <span class='ocrx_word' id='word_1_73' title='bbox 652 1337 804 1409; x_wconf 89' lang='lat' dir='ltr'><strong>quasi</strong></span> <span class='ocrx_word' id='word_1_74' title='bbox 835 1311 939 1389; x_wconf 83' lang='lat' dir='ltr'><strong>non</strong></span> <span class='ocrx_word' id='word_1_75' title='bbox 970 1340 1253 1403; x_wconf 87' lang='lat' dir='ltr'><strong>propterea</strong></span> <span class='ocrx_word' id='word_1_76' title='bbox 1280 1324 1449 1395; x_wconf 87' lang='lat' dir='ltr'><strong>magis</strong></span> <span class='ocrx_word' id='word_1_77' title='bbox 1475 1320 1702 1377; x_wconf 86' lang='lat' dir='ltr'><strong>debeant</strong></span> <span class='ocrx_word' id='word_1_78' title='bbox 1729 1311 2042 1371; x_wconf 86' lang='lat' dir='ltr'><strong>mulieribus</strong></span> 
     </span>
    </p>
   </div>
   <div class='ocr_carea' id='block_1_12' title="bbox 463 1406 2044 1494">
    <p class='ocr_par' dir='ltr' id='par_1_12' title="bbox 463 1406 2044 1494">
     <span class='ocr_line' id='line_1_12' title="bbox 463 1406 2044 1494; baseline -0.02 -6"><span class='ocrx_word' id='word_1_79' title='bbox 463 1434 575 1488; x_wconf 87' lang='lat' dir='ltr'><strong>suis</strong></span> <span class='ocrx_word' id='word_1_80' title='bbox 615 1406 685 1485; x_wconf 86' lang='lat' dir='ltr'><strong>ad</strong></span> <span class='ocrx_word' id='word_1_81' title='bbox 725 1428 934 1484; x_wconf 85' lang='lat' dir='ltr'><strong>virtutis</strong></span> <span class='ocrx_word' id='word_1_82' title='bbox 979 1425 1135 1494; x_wconf 86' lang='lat' dir='ltr'><strong>hujus</strong></span> <span class='ocrx_word' id='word_1_83' title='bbox 1176 1418 1474 1488; x_wconf 85' lang='lat' dir='ltr'><strong>exemplum</strong></span> <span class='ocrx_word' id='word_1_84' title='bbox 1516 1429 1575 1469; x_wconf 92' lang='lat' dir='ltr'><strong>se</strong></span> <span class='ocrx_word' id='word_1_85' title='bbox 1614 1409 1893 1482; x_wconf 75' lang='lat' dir='ltr'><strong>pra-bere,</strong></span> <span class='ocrx_word' id='word_1_86' title='bbox 1923 1406 2044 1475; x_wconf 88' lang='lat' dir='ltr'><strong>quia</strong></span> 
     </span>
    </p>
   </div>
   <div class='ocr_carea' id='block_1_13' title="bbox 462 1495 2048 1589">
    <p class='ocr_par' dir='ltr' id='par_1_13' title="bbox 462 1495 2048 1589">
     <span class='ocr_line' id='line_1_13' title="bbox 462 1495 2048 1589; baseline -0.02 -11"><span class='ocrx_word' id='word_1_87' title='bbox 462 1523 563 1578; x_wconf 91' lang='lat' dir='ltr'><strong>viri</strong></span> <span class='ocrx_word' id='word_1_88' title='bbox 584 1530 702 1576; x_wconf 88' lang='lat' dir='ltr'><strong>sunt</strong></span> <span class='ocrx_word' id='word_1_89' title='bbox 726 1520 749 1572; x_wconf 88' lang='lat'><strong>?</strong></span> <span class='ocrx_word' id='word_1_90' title='bbox 775 1518 927 1589; x_wconf 89' lang='lat' dir='ltr'><strong>quasi</strong></span> <span class='ocrx_word' id='word_1_91' title='bbox 953 1532 1055 1569; x_wconf 93' lang='lat' dir='ltr'><strong>non</strong></span> <span class='ocrx_word' id='word_1_92' title='bbox 1102 1520 1386 1583; x_wconf 84' lang='lat' dir='ltr'><strong>propterea</strong></span> <span class='ocrx_word' id='word_1_93' title='bbox 1412 1506 1588 1561; x_wconf 89' lang='lat' dir='ltr'><strong>minus</strong></span> <span class='ocrx_word' id='word_1_94' title='bbox 1613 1503 1845 1557; x_wconf 88' lang='lat' dir='ltr'><strong>debeant</strong></span> <span class='ocrx_word' id='word_1_95' title='bbox 1871 1513 1901 1550; x_wconf 90' lang='lat' dir='ltr'><strong>a</strong></span> <span class='ocrx_word' id='word_1_96' title='bbox 1928 1495 2048 1550; x_wconf 83' lang='lat' dir='ltr'><strong>libi—</strong></span> 
     </span>
    </p>
   </div>
   <div class='ocr_carea' id='block_1_14' title="bbox 464 1599 2047 1684">
    <p class='ocr_par' dir='ltr' id='par_1_14' title="bbox 464 1599 2047 1684">
     <span class='ocr_line' id='line_1_14' title="bbox 464 1599 2047 1684; baseline -0.019 -12"><span class='ocrx_word' id='word_1_97' title='bbox 464 1617 591 1672; x_wconf 89' lang='lat' dir='ltr'><strong>dine</strong></span> <span class='ocrx_word' id='word_1_98' title='bbox 619 1614 887 1684; x_wconf 88' lang='lat' dir='ltr'><strong>superari,</strong></span> <span class='ocrx_word' id='word_1_99' title='bbox 918 1611 1036 1680; x_wconf 83' lang='lat' dir='ltr'><strong>quia</strong></span> <span class='ocrx_word' id='word_1_100' title='bbox 1079 1608 1176 1662; x_wconf 91' lang='lat' dir='ltr'><strong>viri</strong></span> <span class='ocrx_word' id='word_1_101' title='bbox 1218 1602 1385 1659; x_wconf 87' lang='lat' dir='ltr'><strong>sunt?</strong></span> <span class='ocrx_word' id='word_1_102' title='bbox 1426 1599 1579 1671; x_wconf 90' lang='lat' dir='ltr'><strong>quasi</strong></span> <span class='ocrx_word' id='word_1_103' title='bbox 1627 1611 1733 1651; x_wconf 92' lang='lat' dir='ltr'><strong>non</strong></span> <span class='ocrx_word' id='word_1_104' title='bbox 1766 1600 2047 1684; x_wconf 86' lang='lat' dir='ltr'><strong>propterea</strong></span> 
     </span>
    </p>
   </div>
   <div class='ocr_carea' id='block_1_15' title="bbox 466 1683 2050 1766">
    <p class='ocr_par' dir='ltr' id='par_1_15' title="bbox 466 1683 2050 1766">
     <span class='ocr_line' id='line_1_15' title="bbox 466 1683 2050 1766; baseline -0.019 0"><span class='ocrx_word' id='word_1_105' title='bbox 466 1715 643 1766; x_wconf 90' lang='lat' dir='ltr'><strong>minus</strong></span> <span class='ocrx_word' id='word_1_106' title='bbox 688 1708 916 1763; x_wconf 84' lang='lat' dir='ltr'><strong>debeant</strong></span> <span class='ocrx_word' id='word_1_107' title='bbox 968 1702 1264 1759; x_wconf 87' lang='lat' dir='ltr'><strong>lascivienti</strong></span> <span class='ocrx_word' id='word_1_108' title='bbox 1314 1696 1459 1753; x_wconf 89' lang='lat' dir='ltr'><strong>carni</strong></span> <span class='ocrx_word' id='word_1_109' title='bbox 1510 1693 1748 1755; x_wconf 88' lang='lat' dir='ltr'><strong>servire,</strong></span> <span class='ocrx_word' id='word_1_110' title='bbox 1780 1687 1905 1758; x_wconf 90' lang='lat' dir='ltr'><strong>quia</strong></span> <span class='ocrx_word' id='word_1_111' title='bbox 1949 1683 2050 1738; x_wconf 84' lang='lat' dir='ltr'><strong>viri</strong></span> 
     </span>
    </p>
   </div>
   <div class='ocr_carea' id='block_1_16' title="bbox 467 1778 2053 1866">
    <p class='ocr_par' dir='ltr' id='par_1_16' title="bbox 467 1778 2053 1866">
     <span class='ocr_line' id='line_1_16' title="bbox 467 1778 2053 1866; baseline -0.019 -6"><span class='ocrx_word' id='word_1_112' title='bbox 467 1802 628 1860; x_wconf 85' lang='lat' dir='ltr'><strong>sunt?</strong></span> <span class='ocrx_word' id='word_1_113' title='bbox 654 1802 722 1857; x_wconf 90' lang='lat' dir='ltr'><strong>Et</strong></span> <span class='ocrx_word' id='word_1_114' title='bbox 743 1811 919 1855; x_wconf 90' lang='lat' dir='ltr'><strong>tamen</strong></span> <span class='ocrx_word' id='word_1_115' title='bbox 942 1797 1304 1866; x_wconf 84' lang='lat' dir='ltr'><strong>indignantur,</strong></span> <span class='ocrx_word' id='word_1_116' title='bbox 1320 1792 1364 1845; x_wconf 90' lang='lat' dir='ltr'><strong>si</strong></span> <span class='ocrx_word' id='word_1_117' title='bbox 1380 1788 1597 1843; x_wconf 84' lang='lat' dir='ltr'><strong>audiant</strong></span> <span class='ocrx_word' id='word_1_118' title='bbox 1618 1784 1888 1839; x_wconf 91' lang='lat' dir='ltr'><strong>adulteros</strong></span> <span class='ocrx_word' id='word_1_119' title='bbox 1910 1778 2053 1831; x_wconf 91' lang='lat' dir='ltr'><strong>viros</strong></span> 
     </span>
    </p>
   </div>
   <div class='ocr_carea' id='block_1_17' title="bbox 473 1876 2053 1964">
    <p class='ocr_par' dir='ltr' id='par_1_17' title="bbox 473 1876 2053 1964">
     <span class='ocr_line' id='line_1_17' title="bbox 473 1876 2053 1964; baseline -0.018 -15"><span class='ocrx_word' id='word_1_120' title='bbox 473 1892 709 1964; x_wconf 88' lang='lat' dir='ltr'><strong>pendere</strong></span> <span class='ocrx_word' id='word_1_121' title='bbox 747 1890 955 1944; x_wconf 86' lang='lat' dir='ltr'><strong>similes</strong></span> <span class='ocrx_word' id='word_1_122' title='bbox 996 1884 1250 1941; x_wconf 89' lang='lat' dir='ltr'><strong>adulteris</strong></span> <span class='ocrx_word' id='word_1_123' title='bbox 1278 1880 1487 1936; x_wconf 83' lang='lat' dir='ltr'><strong>feminis</strong></span> <span class='ocrx_word' id='word_1_124' title='bbox 1515 1889 1734 1947; x_wconf 78' lang='lat' dir='ltr'><strong>pcenas;</strong></span> <span class='ocrx_word' id='word_1_125' title='bbox 1762 1886 1883 1927; x_wconf 92' lang='lat' dir='ltr'><strong>cum</strong></span> <span class='ocrx_word' id='word_1_126' title='bbox 1907 1876 2053 1964; x_wconf 81' lang='lat' dir='ltr'><strong>tanto</strong></span> 
     </span>
    </p>
   </div>
   <div class='ocr_carea' id='block_1_18' title="bbox 470 1959 2056 2056">
    <p class='ocr_par' dir='ltr' id='par_1_18' title="bbox 470 1959 2056 2056">
     <span class='ocr_line' id='line_1_18' title="bbox 470 1959 2056 2056; baseline -0.018 -16"><span class='ocrx_word' id='word_1_127' title='bbox 470 1959 683 2056; x_wconf 79' lang='lat' dir='ltr'><strong>gravius</strong></span> <span class='ocrx_word' id='word_1_128' title='bbox 713 1996 806 2036; x_wconf 89' lang='lat' dir='ltr'><strong>eos</strong></span> <span class='ocrx_word' id='word_1_129' title='bbox 853 1980 1029 2050; x_wconf 90' lang='lat' dir='ltr'><strong>puniri</strong></span> <span class='ocrx_word' id='word_1_130' title='bbox 1060 1975 1386 2046; x_wconf 88' lang='lat' dir='ltr'><strong>oportuerit,</strong></span> <span class='ocrx_word' id='word_1_131' title='bbox 1431 1976 1629 2040; x_wconf 88' lang='lat' dir='ltr'><strong>quanto</strong></span> <span class='ocrx_word' id='word_1_132' title='bbox 1671 1963 1838 2032; x_wconf 90' lang='lat' dir='ltr'><strong>magis</strong></span> <span class='ocrx_word' id='word_1_133' title='bbox 1867 1959 1931 2013; x_wconf 91' lang='lat' dir='ltr'><strong>ad</strong></span> <span class='ocrx_word' id='word_1_134' title='bbox 1964 1973 2056 2056; x_wconf 81' lang='lat' dir='ltr'><strong>eos</strong></span> 
     </span>
    </p>
   </div>
   <div class='ocr_carea' id='block_1_19' title="bbox 474 2051 2055 2146">
    <p class='ocr_par' dir='ltr' id='par_1_19' title="bbox 474 2051 2055 2146">
     <span class='ocr_line' id='line_1_19' title="bbox 474 2051 2055 2146; baseline -0.018 -15"><span class='ocrx_word' id='word_1_135' title='bbox 474 2051 707 2146; x_wconf 76' lang='lat' dir='ltr'><strong>pertinet</strong></span> <span class='ocrx_word' id='word_1_136' title='bbox 735 2081 789 2128; x_wconf 91' lang='lat' dir='ltr'><strong>ct</strong></span> <span class='ocrx_word' id='word_1_137' title='bbox 807 2073 1001 2126; x_wconf 89' lang='lat' dir='ltr'><strong>virtute</strong></span> <span class='ocrx_word' id='word_1_138' title='bbox 1029 2069 1242 2122; x_wconf 88' lang='lat' dir='ltr'><strong>vincere</strong></span> <span class='ocrx_word' id='word_1_139' title='bbox 1266 2107 1280 2131; x_wconf 96' lang='lat'><strong>,</strong></span> <span class='ocrx_word' id='word_1_140' title='bbox 1309 2072 1364 2120; x_wconf 92' lang='lat' dir='ltr'><strong>et</strong></span> <span class='ocrx_word' id='word_1_141' title='bbox 1402 2059 1658 2129; x_wconf 77' lang='lat' dir='ltr'><strong>exemplo</strong></span> <span class='ocrx_word' id='word_1_142' title='bbox 1685 2069 1873 2125; x_wconf 87' lang='lat' dir='ltr'><strong>regere</strong></span> <span class='ocrx_word' id='word_1_143' title='bbox 1902 2051 2055 2105; x_wconf 88' lang='lat' dir='ltr'><strong>femi-</strong></span> 
     </span>
    </p>
   </div>
   <div class='ocr_carea' id='block_1_20' title="bbox 474 2143 2054 2230">
    <p class='ocr_par' dir='ltr' id='par_1_20' title="bbox 474 2143 2054 2230">
     <span class='ocr_line' id='line_1_20' title="bbox 474 2143 2054 2230; baseline -0.016 -10"><span class='ocrx_word' id='word_1_144' title='bbox 474 2143 591 2220; x_wconf 76' lang='lat' dir='ltr'><strong>nas.</strong></span> <span class='ocrx_word' id='word_1_145' title='bbox 611 2162 927 2220; x_wconf 87' lang='lat' dir='ltr'><strong>Christianis</strong></span> <span class='ocrx_word' id='word_1_146' title='bbox 947 2158 1194 2230; x_wconf 90' lang='lat' dir='ltr'><strong>equidem</strong></span> <span class='ocrx_word' id='word_1_147' title='bbox 1221 2156 1428 2226; x_wconf 90' lang='lat' dir='ltr'><strong>loquor,</strong></span> <span class='ocrx_word' id='word_1_148' title='bbox 1448 2152 1537 2222; x_wconf 92' lang='lat' dir='ltr'><strong>qui</strong></span> <span class='ocrx_word' id='word_1_149' title='bbox 1566 2147 1789 2204; x_wconf 84' lang='lat' dir='ltr'><strong>ﬁdeliter</strong></span> <span class='ocrx_word' id='word_1_150' title='bbox 1816 2143 2054 2207; x_wconf 85' lang='lat' dir='ltr'><strong>audiunt,</strong></span> 
     </span>
    </p>
   </div>
   <div class='ocr_carea' id='block_1_21' title="bbox 474 2240 2062 2326">
    <p class='ocr_par' dir='ltr' id='par_1_21' title="bbox 474 2240 2062 2326">
     <span class='ocr_line' id='line_1_21' title="bbox 474 2240 2062 2326; baseline -0.016 -16"><span class='ocrx_word' id='word_1_151' title='bbox 474 2254 640 2326; x_wconf 83' lang='lat' dir='ltr'><strong>Caput</strong></span> <span class='ocrx_word' id='word_1_152' title='bbox 668 2252 895 2307; x_wconf 85' lang='lat' dir='ltr'><strong>mulieris</strong></span> <span class='ocrx_word' id='word_1_153' title='bbox 931 2251 1007 2305; x_wconf 90' lang='lat' dir='ltr'><strong>vir</strong></span> <span class='ocrx_word' id='word_1_154' title='bbox 1052 2248 1269 2319; x_wconf 82' lang='lat' dir='ltr'><strong>(Ephes.</strong></span> <span class='ocrx_word' id='word_1_155' title='bbox 1295 2262 1348 2312; x_wconf 94' lang='lat' dir='ltr'><strong>v,</strong></span> <span class='ocrx_word' id='word_1_156' title='bbox 1375 2245 1468 2313; x_wconf 70' lang='grc'><strong>25)</strong></span> <span class='ocrx_word' id='word_1_157' title='bbox 1501 2260 1515 2295; x_wconf 87' lang='lat'><strong><em>:</em></strong></span> <span class='ocrx_word' id='word_1_158' title='bbox 1543 2241 1633 2295; x_wconf 90' lang='lat' dir='ltr'><strong>ubi</strong></span> <span class='ocrx_word' id='word_1_159' title='bbox 1676 2254 1735 2293; x_wconf 90' lang='lat' dir='ltr'><strong>se</strong></span> <span class='ocrx_word' id='word_1_160' title='bbox 1768 2240 2062 2307; x_wconf 87' lang='lat' dir='ltr'><strong>agnoscunt</strong></span> 
     </span>
    </p>
   </div>
   <div class='ocr_carea' id='block_1_22' title="bbox 473 2328 2062 2414">
    <p class='ocr_par' dir='ltr' id='par_1_22' title="bbox 473 2328 2062 2414">
     <span class='ocr_line' id='line_1_22' title="bbox 473 2328 2062 2414; baseline -0.014 -12"><span class='ocrx_word' id='word_1_161' title='bbox 473 2348 670 2414; x_wconf 90' lang='lat' dir='ltr'><strong>duces,</strong></span> <span class='ocrx_word' id='word_1_162' title='bbox 709 2346 825 2401; x_wconf 89' lang='lat' dir='ltr'><strong>illas</strong></span> <span class='ocrx_word' id='word_1_163' title='bbox 850 2353 1030 2398; x_wconf 89' lang='lat' dir='ltr'><strong>autem</strong></span> <span class='ocrx_word' id='word_1_164' title='bbox 1072 2341 1292 2396; x_wconf 88' lang='lat' dir='ltr'><strong>comites</strong></span> <span class='ocrx_word' id='word_1_165' title='bbox 1317 2352 1437 2392; x_wconf 90' lang='lat' dir='ltr'><strong>esse</strong></span> <span class='ocrx_word' id='word_1_166' title='bbox 1478 2334 1710 2397; x_wconf 90' lang='lat' dir='ltr'><strong>debere;</strong></span> <span class='ocrx_word' id='word_1_167' title='bbox 1740 2338 1795 2385; x_wconf 90' lang='lat' dir='ltr'><strong>et</strong></span> <span class='ocrx_word' id='word_1_168' title='bbox 1821 2328 1941 2383; x_wconf 90' lang='lat' dir='ltr'><strong>ideo</strong></span> <span class='ocrx_word' id='word_1_169' title='bbox 1968 2340 2062 2380; x_wconf 88' lang='lat' dir='ltr'><strong>ca-</strong></span> 
     </span>
    </p>
   </div>
   <div class='ocr_carea' id='block_1_23' title="bbox 473 2426 2065 2497">
    <p class='ocr_par' dir='ltr' id='par_1_23' title="bbox 473 2426 2065 2497">
     <span class='ocr_line' id='line_1_23' title="bbox 473 2426 2065 2497; baseline -0.014 -5"><span class='ocrx_word' id='word_1_170' title='bbox 473 2437 704 2492; x_wconf 90' lang='lat' dir='ltr'><strong>vendum</strong></span> <span class='ocrx_word' id='word_1_171' title='bbox 729 2436 844 2489; x_wconf 89' lang='lat' dir='ltr'><strong>viro</strong></span> <span class='ocrx_word' id='word_1_172' title='bbox 866 2435 985 2489; x_wconf 89' lang='lat' dir='ltr'><strong>illac</strong></span> <span class='ocrx_word' id='word_1_173' title='bbox 1009 2434 1085 2487; x_wconf 90' lang='lat' dir='ltr'><strong>ire</strong></span> <span class='ocrx_word' id='word_1_174' title='bbox 1112 2429 1342 2486; x_wconf 90' lang='lat' dir='ltr'><strong>vivendo</strong></span> <span class='ocrx_word' id='word_1_175' title='bbox 1362 2469 1376 2491; x_wconf 91' lang='lat'><strong>,</strong></span> <span class='ocrx_word' id='word_1_176' title='bbox 1408 2441 1511 2497; x_wconf 91' lang='lat' dir='ltr'><strong>qua</strong></span> <span class='ocrx_word' id='word_1_177' title='bbox 1538 2426 1692 2479; x_wconf 89' lang='lat' dir='ltr'><strong>timet</strong></span> <span class='ocrx_word' id='word_1_178' title='bbox 1717 2436 1784 2475; x_wconf 90' lang='lat' dir='ltr'><strong>ne</strong></span> <span class='ocrx_word' id='word_1_179' title='bbox 1813 2433 1954 2474; x_wconf 83' lang='lat' dir='ltr'><strong>uxor</strong></span> <span class='ocrx_word' id='word_1_180' title='bbox 1979 2432 2065 2472; x_wconf 89' lang='lat' dir='ltr'><strong>se-</strong></span> 
     </span>
    </p>
   </div>
   <div class='ocr_carea' id='block_1_24' title="bbox 479 2508 2067 2597">
    <p class='ocr_par' dir='ltr' id='par_1_24' title="bbox 479 2508 2067 2597">
     <span class='ocr_line' id='line_1_24' title="bbox 479 2508 2067 2597; baseline -0.013 -15"><span class='ocrx_word' id='word_1_181' title='bbox 479 2536 675 2597; x_wconf 91' lang='lat' dir='ltr'><strong>quatur</strong></span> <span class='ocrx_word' id='word_1_182' title='bbox 702 2525 976 2580; x_wconf 88' lang='lat' dir='ltr'><strong>imitando.</strong></span> <span class='ocrx_word' id='word_1_183' title='bbox 1002 2522 1108 2578; x_wconf 91' lang='lat' dir='ltr'><strong>Sed</strong></span> <span class='ocrx_word' id='word_1_184' title='bbox 1131 2523 1215 2576; x_wconf 91' lang='lat' dir='ltr'><strong>isti</strong></span> <span class='ocrx_word' id='word_1_185' title='bbox 1238 2519 1430 2590; x_wconf 89' lang='lat' dir='ltr'><strong>quibus</strong></span> <span class='ocrx_word' id='word_1_186' title='bbox 1460 2515 1707 2586; x_wconf 91' lang='lat' dir='ltr'><strong>displicet</strong></span> <span class='ocrx_word' id='word_1_187' title='bbox 1731 2520 1791 2567; x_wconf 88' lang='lat' dir='ltr'><strong>ut</strong></span> <span class='ocrx_word' id='word_1_188' title='bbox 1818 2512 1959 2565; x_wconf 91' lang='lat' dir='ltr'><strong>inter</strong></span> <span class='ocrx_word' id='word_1_189' title='bbox 1988 2508 2067 2562; x_wconf 85' lang='lat' dir='ltr'><strong>vi-</strong></span> 
     </span>
    </p>
   </div>
   <div class='ocr_carea' id='block_1_25' title="bbox 477 2607 2066 2682">
    <p class='ocr_par' dir='ltr' id='par_1_25' title="bbox 477 2607 2066 2682">
     <span class='ocr_line' id='line_1_25' title="bbox 477 2607 2066 2682; baseline -0.013 -10"><span class='ocrx_word' id='word_1_190' title='bbox 477 2632 597 2672; x_wconf 89' lang='lat' dir='ltr'><strong>rum</strong></span> <span class='ocrx_word' id='word_1_191' title='bbox 624 2624 678 2670; x_wconf 86' lang='lat' dir='ltr'><strong>et</strong></span> <span class='ocrx_word' id='word_1_192' title='bbox 702 2629 926 2670; x_wconf 83' lang='lat' dir='ltr'><strong>uxorem</strong></span> <span class='ocrx_word' id='word_1_193' title='bbox 955 2628 1051 2682; x_wconf 89' lang='lat' dir='ltr'><strong>par</strong></span> <span class='ocrx_word' id='word_1_194' title='bbox 1088 2610 1354 2681; x_wconf 87' lang='lat' dir='ltr'><strong>pudicitiae</strong></span> <span class='ocrx_word' id='word_1_195' title='bbox 1399 2607 1568 2661; x_wconf 90' lang='lat' dir='ltr'><strong>forma</strong></span> <span class='ocrx_word' id='word_1_196' title='bbox 1593 2612 1854 2666; x_wconf 86' lang='lat' dir='ltr'><strong>servetur,</strong></span> <span class='ocrx_word' id='word_1_197' title='bbox 1885 2609 1940 2656; x_wconf 90' lang='lat' dir='ltr'><strong>et</strong></span> <span class='ocrx_word' id='word_1_198' title='bbox 1968 2613 2066 2670; x_wconf 89' lang='lat' dir='ltr'><strong>po-</strong></span> 
     </span>
    </p>
   </div>
   <div class='ocr_carea' id='block_1_26' title="bbox 479 2692 2067 2779">
    <p class='ocr_par' dir='ltr' id='par_1_26' title="bbox 479 2692 2067 2779">
     <span class='ocr_line' id='line_1_26' title="bbox 479 2692 2067 2779; baseline -0.013 -15"><span class='ocrx_word' id='word_1_199' title='bbox 479 2711 587 2764; x_wconf 84' lang='lat' dir='ltr'><strong>tius</strong></span> <span class='ocrx_word' id='word_1_200' title='bbox 614 2708 815 2779; x_wconf 88' lang='lat' dir='ltr'><strong>eligunt</strong></span> <span class='ocrx_word' id='word_1_201' title='bbox 833 2748 848 2774; x_wconf 95' lang='lat'><strong>,</strong></span> <span class='ocrx_word' id='word_1_202' title='bbox 874 2705 1210 2774; x_wconf 78' lang='lat' dir='ltr'><strong>maximeque</strong></span> <span class='ocrx_word' id='word_1_203' title='bbox 1230 2703 1283 2756; x_wconf 90' lang='lat' dir='ltr'><strong>in</strong></span> <span class='ocrx_word' id='word_1_204' title='bbox 1308 2701 1407 2754; x_wconf 88' lang='lat' dir='ltr'><strong>hac</strong></span> <span class='ocrx_word' id='word_1_205' title='bbox 1427 2714 1584 2753; x_wconf 90' lang='lat' dir='ltr'><strong>causa</strong></span> <span class='ocrx_word' id='word_1_206' title='bbox 1606 2739 1621 2763; x_wconf 95' lang='lat'><strong>,</strong></span> <span class='ocrx_word' id='word_1_207' title='bbox 1650 2694 1833 2751; x_wconf 91' lang='lat' dir='ltr'><strong>mundi</strong></span> <span class='ocrx_word' id='word_1_208' title='bbox 1860 2692 2067 2762; x_wconf 83' lang='lat' dir='ltr'><strong>legibus</strong></span> 
     </span>
    </p>
   </div>
   <div class='ocr_carea' id='block_1_27' title="bbox 478 2788 2067 2868">
    <p class='ocr_par' dir='ltr' id='par_1_27' title="bbox 478 2788 2067 2868">
     <span class='ocr_line' id='line_1_27' title="bbox 478 2788 2067 2868; baseline -0.009 -15"><span class='ocrx_word' id='word_1_209' title='bbox 478 2800 678 2855; x_wconf 89' lang='lat' dir='ltr'><strong>subditi</strong></span> <span class='ocrx_word' id='word_1_210' title='bbox 707 2813 827 2853; x_wconf 90' lang='lat' dir='ltr'><strong>esse</strong></span> <span class='ocrx_word' id='word_1_211' title='bbox 854 2813 1011 2868; x_wconf 85' lang='lat' dir='ltr'><strong>quam</strong></span> <span class='ocrx_word' id='word_1_212' title='bbox 1042 2794 1261 2860; x_wconf 87' lang='lat' dir='ltr'><strong>Christi,</strong></span> <span class='ocrx_word' id='word_1_213' title='bbox 1284 2793 1535 2864; x_wconf 91' lang='lat' dir='ltr'><strong>quoniam</strong></span> <span class='ocrx_word' id='word_1_214' title='bbox 1558 2791 1675 2859; x_wconf 86' lang='lat' dir='ltr'><strong>jura</strong></span> <span class='ocrx_word' id='word_1_215' title='bbox 1702 2788 1934 2842; x_wconf 76' lang='lat' dir='ltr'><strong>forensia</strong></span> <span class='ocrx_word' id='word_1_216' title='bbox 1959 2798 2067 2840; x_wconf 88' lang='lat' dir='ltr'><strong>non</strong></span> 
     </span>
    </p>
   </div>
   <div class='ocr_carea' id='block_1_28' title="bbox 480 2877 2071 2960">
    <p class='ocr_par' dir='ltr' id='par_1_28' title="bbox 480 2877 2071 2960">
     <span class='ocr_line' id='line_1_28' title="bbox 480 2877 2071 2960; baseline -0.01 -14"><span class='ocrx_word' id='word_1_217' title='bbox 480 2891 685 2946; x_wconf 91' lang='lat' dir='ltr'><strong>eisdem</strong></span> <span class='ocrx_word' id='word_1_218' title='bbox 715 2889 907 2960; x_wconf 89' lang='lat' dir='ltr'><strong>quibus</strong></span> <span class='ocrx_word' id='word_1_219' title='bbox 930 2887 1155 2943; x_wconf 82' lang='lat' dir='ltr'><strong>feminas</strong></span> <span class='ocrx_word' id='word_1_220' title='bbox 1179 2884 1446 2958; x_wconf 68' lang='lat' dir='ltr'><strong>pudicitia:</strong></span> <span class='ocrx_word' id='word_1_221' title='bbox 1471 2882 1698 2937; x_wconf 85' lang='lat' dir='ltr'><strong>nexibus</strong></span> <span class='ocrx_word' id='word_1_222' title='bbox 1720 2880 1868 2934; x_wconf 90' lang='lat' dir='ltr'><strong>viros</strong></span> <span class='ocrx_word' id='word_1_223' title='bbox 1885 2877 2071 2932; x_wconf 86' lang='lat' dir='ltr'><strong>viden-</strong></span> 
     </span>
    </p>
   </div>
   <div class='ocr_carea' id='block_1_29' title="bbox 488 2966 2067 3049">
    <p class='ocr_par' dir='ltr' id='par_1_29' title="bbox 488 2966 2067 3049">
     <span class='ocr_line' id='line_1_29' title="bbox 488 2966 2067 3049; baseline -0.008 -16"><span class='ocrx_word' id='word_1_224' title='bbox 488 2990 576 3035; x_wconf 83' lang='lat' dir='ltr'><strong>tur</strong></span> <span class='ocrx_word' id='word_1_225' title='bbox 608 2978 982 3049; x_wconf 89' lang='lat' dir='ltr'><strong>obstringere;</strong></span> <span class='ocrx_word' id='word_1_226' title='bbox 1012 2978 1187 3046; x_wconf 85' lang='lat' dir='ltr'><strong>legant</strong></span> <span class='ocrx_word' id='word_1_227' title='bbox 1213 2974 1339 3045; x_wconf 92' lang='lat' dir='ltr'><strong>quid</strong></span> <span class='ocrx_word' id='word_1_228' title='bbox 1372 2975 1661 3043; x_wconf 88' lang='lat' dir='ltr'><strong>imperator</strong></span> <span class='ocrx_word' id='word_1_229' title='bbox 1688 2968 1985 3025; x_wconf 84' lang='lat' dir='ltr'><strong>Antoninus</strong></span> <span class='ocrx_word' id='word_1_230' title='bbox 2024 2966 2067 3031; x_wconf 74' lang='grc'><strong>⁸,</strong></span> 
     </span>
    </p>
   </div>
   <div class='ocr_carea' id='block_1_30' title="bbox 484 3058 2070 3141">
    <p class='ocr_par' dir='ltr' id='par_1_30' title="bbox 484 3058 2070 3141">
     <span class='ocr_line' id='line_1_30' title="bbox 484 3058 2070 3141; baseline -0.009 -14"><span class='ocrx_word' id='word_1_231' title='bbox 484 3088 596 3128; x_wconf 88' lang='lat' dir='ltr'><strong>non</strong></span> <span class='ocrx_word' id='word_1_232' title='bbox 623 3072 804 3141; x_wconf 88' lang='lat' dir='ltr'><strong>utique</strong></span> <span class='ocrx_word' id='word_1_233' title='bbox 831 3069 1181 3134; x_wconf 77' lang='lat' dir='ltr'><strong>Christianus,</strong></span> <span class='ocrx_word' id='word_1_234' title='bbox 1214 3067 1283 3122; x_wconf 91' lang='lat' dir='ltr'><strong>de</strong></span> <span class='ocrx_word' id='word_1_235' title='bbox 1322 3068 1425 3122; x_wconf 87' lang='lat' dir='ltr'><strong>hac</strong></span> <span class='ocrx_word' id='word_1_236' title='bbox 1470 3081 1530 3121; x_wconf 91' lang='lat' dir='ltr'><strong>re</strong></span> <span class='ocrx_word' id='word_1_237' title='bbox 1572 3061 1949 3125; x_wconf 90' lang='lat' dir='ltr'><strong>constituerit,</strong></span> <span class='ocrx_word' id='word_1_238' title='bbox 1977 3058 2070 3113; x_wconf 90' lang='lat' dir='ltr'><strong>ubi</strong></span> 
     </span>
    </p>
   </div>
   <div class='ocr_carea' id='block_1_31' title="bbox 482 3156 2068 3217">
    <p class='ocr_par' dir='ltr' id='par_1_31' title="bbox 482 3156 2068 3217">
     <span class='ocr_line' id='line_1_31' title="bbox 482 3156 2068 3217; baseline -0.009 0"><span class='ocrx_word' id='word_1_239' title='bbox 482 3163 708 3217; x_wconf 86' lang='lat' dir='ltr'><strong>maritus</strong></span> <span class='ocrx_word' id='word_1_240' title='bbox 738 3176 959 3215; x_wconf 79' lang='lat' dir='ltr'><strong>uxorem</strong></span> <span class='ocrx_word' id='word_1_241' title='bbox 994 3160 1059 3214; x_wconf 92' lang='lat' dir='ltr'><strong>de</strong></span> <span class='ocrx_word' id='word_1_242' title='bbox 1098 3158 1342 3213; x_wconf 90' lang='lat' dir='ltr'><strong>adulterii</strong></span> <span class='ocrx_word' id='word_1_243' title='bbox 1388 3156 1614 3212; x_wconf 90' lang='lat' dir='ltr'><strong>crimine</strong></span> <span class='ocrx_word' id='word_1_244' title='bbox 1663 3167 1919 3209; x_wconf 87' lang='lat' dir='ltr'><strong>accusare</strong></span> <span class='ocrx_word' id='word_1_245' title='bbox 1962 3165 2068 3205; x_wconf 91' lang='lat' dir='ltr'><strong>non</strong></span> 
     </span>
    </p>
   </div>
   <div class='ocr_carea' id='block_1_32' title="bbox 478 3246 2073 3321">
    <p class='ocr_par' dir='ltr' id='par_1_32' title="bbox 478 3246 2073 3321">
     <span class='ocr_line' id='line_1_32' title="bbox 478 3246 2073 3321; baseline -0.006 -14"><span class='ocrx_word' id='word_1_246' title='bbox 478 3254 695 3321; x_wconf 58' lang='lat' dir='ltr'><strong>«sinitur,</strong></span> <span class='ocrx_word' id='word_1_247' title='bbox 719 3253 804 3309; x_wconf 91' lang='lat' dir='ltr'><strong>cui</strong></span> <span class='ocrx_word' id='word_1_248' title='bbox 828 3252 1067 3307; x_wconf 91' lang='lat' dir='ltr'><strong>moribus</strong></span> <span class='ocrx_word' id='word_1_249' title='bbox 1094 3251 1204 3306; x_wconf 90' lang='lat' dir='ltr'><strong>suis</strong></span> <span class='ocrx_word' id='word_1_250' title='bbox 1231 3266 1337 3305; x_wconf 91' lang='lat' dir='ltr'><strong>non</strong></span> <span class='ocrx_word' id='word_1_251' title='bbox 1365 3249 1591 3319; x_wconf 69' lang='lat' dir='ltr'><strong>prmbuit</strong></span> <span class='ocrx_word' id='word_1_252' title='bbox 1613 3246 1871 3303; x_wconf 87' lang='lat' dir='ltr'><strong>castitatis</strong></span> <span class='ocrx_word' id='word_1_253' title='bbox 1891 3260 2073 3300; x_wconf 84' lang='lat' dir='ltr'><strong>exem-</strong></span> 
     </span>
    </p>
   </div>
   <div class='ocr_carea' id='block_1_33' title="bbox 483 3337 2072 3415">
    <p class='ocr_par' dir='ltr' id='par_1_33' title="bbox 483 3337 2072 3415">
     <span class='ocr_line' id='line_1_33' title="bbox 483 3337 2072 3415; baseline -0.005 -16"><span class='ocrx_word' id='word_1_254' title='bbox 483 3347 630 3415; x_wconf 90' lang='lat' dir='ltr'><strong>plum</strong></span> <span class='ocrx_word' id='word_1_255' title='bbox 652 3386 667 3412; x_wconf 95' lang='lat'><strong>,</strong></span> <span class='ocrx_word' id='word_1_256' title='bbox 713 3344 785 3398; x_wconf 90' lang='lat' dir='ltr'><strong>ita</strong></span> <span class='ocrx_word' id='word_1_257' title='bbox 834 3354 891 3397; x_wconf 91' lang='lat' dir='ltr'><strong>ut</strong></span> <span class='ocrx_word' id='word_1_258' title='bbox 928 3343 1088 3398; x_wconf 92' lang='lat' dir='ltr'><strong>ambo</strong></span> <span class='ocrx_word' id='word_1_259' title='bbox 1113 3343 1453 3408; x_wconf 90' lang='lat' dir='ltr'><strong>damnentur,</strong></span> <span class='ocrx_word' id='word_1_260' title='bbox 1483 3340 1527 3395; x_wconf 88' lang='lat' dir='ltr'><strong>si</strong></span> <span class='ocrx_word' id='word_1_261' title='bbox 1556 3339 1717 3393; x_wconf 91' lang='lat' dir='ltr'><strong>ambo</strong></span> <span class='ocrx_word' id='word_1_262' title='bbox 1745 3338 1941 3409; x_wconf 90' lang='lat' dir='ltr'><strong>pariter</strong></span> <span class='ocrx_word' id='word_1_263' title='bbox 1970 3337 2072 3391; x_wconf 86' lang='lat' dir='ltr'><strong>im-</strong></span> 
     </span>
    </p>
   </div>
   <div class='ocr_carea' id='block_1_34' title="bbox 485 3428 2073 3506">
    <p class='ocr_par' dir='ltr' id='par_1_34' title="bbox 485 3428 2073 3506">
     <span class='ocr_line' id='line_1_34' title="bbox 485 3428 2073 3506; baseline -0.004 -17"><span class='ocrx_word' id='word_1_264' title='bbox 485 3436 706 3506; x_wconf 89' lang='lat' dir='ltr'><strong>pudicos</strong></span> <span class='ocrx_word' id='word_1_265' title='bbox 730 3434 1008 3490; x_wconf 86' lang='lat' dir='ltr'><strong>conflictus</strong></span> <span class='ocrx_word' id='word_1_266' title='bbox 1055 3435 1170 3504; x_wconf 90' lang='lat' dir='ltr'><strong>ipse</strong></span> <span class='ocrx_word' id='word_1_267' title='bbox 1214 3434 1522 3488; x_wconf 89' lang='lat' dir='ltr'><strong>convicerit.</strong></span> <span class='ocrx_word' id='word_1_268' title='bbox 1566 3431 1700 3485; x_wconf 88' lang='lat' dir='ltr'><strong>Nam</strong></span> <span class='ocrx_word' id='word_1_269' title='bbox 1746 3445 1904 3499; x_wconf 87' lang='lat' dir='ltr'><strong>supra</strong></span> <span class='ocrx_word' id='word_1_270' title='bbox 1946 3428 2073 3483; x_wconf 89' lang='lat' dir='ltr'><strong>dicti</strong></span> 
     </span>
    </p>
   </div>
   <div class='ocr_carea' id='block_1_35' title="bbox 485 3512 2066 3598">
    <p class='ocr_par' dir='ltr' id='par_1_35' title="bbox 485 3512 2066 3598">
     <span class='ocr_line' id='line_1_35' title="bbox 485 3512 2066 3598; baseline -0.004 -16"><span class='ocrx_word' id='word_1_271' title='bbox 485 3528 823 3598; x_wconf 86' lang='lat' dir='ltr'><strong>imperatoris</strong></span> <span class='ocrx_word' id='word_1_272' title='bbox 847 3528 961 3581; x_wconf 58' lang='lat' dir='ltr'><strong>haec</strong></span> <span class='ocrx_word' id='word_1_273' title='bbox 985 3527 1148 3581; x_wconf 89' lang='lat' dir='ltr'><strong>verba</strong></span> <span class='ocrx_word' id='word_1_274' title='bbox 1174 3512 1334 3592; x_wconf 82' lang='lat' dir='ltr'><strong>sunt,</strong></span> <span class='ocrx_word' id='word_1_275' title='bbox 1374 3539 1493 3595; x_wconf 65' lang='lat' dir='ltr'><strong>quae</strong></span> <span class='ocrx_word' id='word_1_276' title='bbox 1520 3522 1658 3592; x_wconf 89' lang='lat' dir='ltr'><strong>apud</strong></span> <span class='ocrx_word' id='word_1_277' title='bbox 1687 3521 2066 3590; x_wconf 77' lang='lat' dir='ltr'><strong>Gregorianum</strong></span> 
     </span>
    </p>
   </div>
   <div class='ocr_carea' id='block_1_36' title="bbox 484 3611 2065 3688">
    <p class='ocr_par' dir='ltr' id='par_1_36' title="bbox 484 3611 2065 3688">
     <span class='ocr_line' id='line_1_36' title="bbox 484 3611 2065 3688; baseline -0.005 -15"><span class='ocrx_word' id='word_1_278' title='bbox 484 3618 732 3688; x_wconf 85' lang='lat' dir='ltr'><strong>leguntur</strong></span> <span class='ocrx_word' id='word_1_279' title='bbox 778 3617 851 3687; x_wconf 92' lang='lat' dir='ltr'><strong>(a)</strong></span> <span class='ocrx_word' id='word_1_280' title='bbox 886 3635 900 3669; x_wconf 88' lang='lat'>:</span> <span class='ocrx_word' id='word_1_281' title='bbox 933 3617 1107 3681; x_wconf 84' lang='lat' dir='ltr'><strong>Sane,</strong></span> <span class='ocrx_word' id='word_1_282' title='bbox 1141 3616 1340 3684; x_wconf 89' lang='lat' dir='ltr'><strong>inquit,</strong></span> <span class='ocrx_word' id='word_1_283' title='bbox 1386 3629 1511 3667; x_wconf 80' lang='lat' dir='ltr'><strong>mea:</strong></span> <span class='ocrx_word' id='word_1_284' title='bbox 1541 3614 1719 3667; x_wconf 75' lang='lat' dir='ltr'><strong>littera:</strong></span> <span class='ocrx_word' id='word_1_285' title='bbox 1748 3611 1891 3665; x_wconf 88' lang='lat' dir='ltr'><strong>nulla</strong></span> <span class='ocrx_word' id='word_1_286' title='bbox 1935 3620 2065 3680; x_wconf 81' lang='lat' dir='ltr'><strong>partt</strong></span> 
     </span>
    </p>
   </div>
   <div class='ocr_carea' id='block_1_37' title="bbox 489 3702 2077 3777">
    <p class='ocr_par' dir='ltr' id='par_1_37' title="bbox 489 3702 2077 3777">
     <span class='ocr_line' id='line_1_37' title="bbox 489 3702 2077 3777; baseline -0.005 -16"><span class='ocrx_word' id='word_1_287' title='bbox 489 3723 659 3761; x_wconf 77' lang='lat' dir='ltr'><strong>causa:</strong></span> <span class='ocrx_word' id='word_1_288' title='bbox 679 3707 1101 3777; x_wconf 79' lang='lat' dir='ltr'><strong>prtejudicabunt.</strong></span> <span class='ocrx_word' id='word_1_289' title='bbox 1133 3705 1311 3775; x_wconf 87' lang='lat' dir='ltr'><strong>Neque</strong></span> <span class='ocrx_word' id='word_1_290' title='bbox 1334 3705 1469 3759; x_wconf 87' lang='lat' dir='ltr'><strong>enint</strong></span> <span class='ocrx_word' id='word_1_291' title='bbox 1492 3704 1535 3757; x_wconf 89' lang='lat' dir='ltr'><strong>si</strong></span> <span class='ocrx_word' id='word_1_292' title='bbox 1561 3720 1710 3772; x_wconf 88' lang='lat' dir='ltr'><strong>penes</strong></span> <span class='ocrx_word' id='word_1_293' title='bbox 1735 3712 1781 3755; x_wconf 85' lang='lat' dir='ltr'><strong>te</strong></span> <span class='ocrx_word' id='word_1_294' title='bbox 1806 3702 1957 3769; x_wconf 88' lang='lat' dir='ltr'><strong>culpa</strong></span> <span class='ocrx_word' id='word_1_295' title='bbox 1980 3702 2077 3772; x_wconf 81' lang='lat' dir='ltr'><strong>fuit</strong></span> 
     </span>
    </p>
   </div>
   <div class='ocr_carea' id='block_1_38' title="bbox 486 3791 2076 3864">
    <p class='ocr_par' dir='ltr' id='par_1_38' title="bbox 486 3791 2076 3864">
     <span class='ocr_line' id='line_1_38' title="bbox 486 3791 2076 3864; baseline -0.002 -15"><span class='ocrx_word' id='word_1_296' title='bbox 486 3804 546 3850; x_wconf 82' lang='lat' dir='ltr'><strong>ut</strong></span> <span class='ocrx_word' id='word_1_297' title='bbox 568 3796 942 3849; x_wconf 78' lang='lat' dir='ltr'><strong>matrimonium</strong></span> <span class='ocrx_word' id='word_1_298' title='bbox 970 3796 1264 3859; x_wconf 87' lang='lat' dir='ltr'><strong>solveretur,</strong></span> <span class='ocrx_word' id='word_1_299' title='bbox 1292 3804 1339 3848; x_wconf 89' lang='lat' dir='ltr'><strong>et</strong></span> <span class='ocrx_word' id='word_1_300' title='bbox 1369 3793 1646 3847; x_wconf 85' lang='lat' dir='ltr'><strong>secundum</strong></span> <span class='ocrx_word' id='word_1_301' title='bbox 1688 3794 1844 3864; x_wconf 89' lang='lat' dir='ltr'><strong>legem</strong></span> <span class='ocrx_word' id='word_1_302' title='bbox 1862 3791 2076 3846; x_wconf 83' lang='lat' dir='ltr'><strong>&#39;Juliam</strong></span> 
     </span>
    </p>
   </div>
   <div class='ocr_carea' id='block_1_39' title="bbox 488 3883 2077 3959">
    <p class='ocr_par' dir='ltr' id='par_1_39' title="bbox 488 3883 2077 3959">
     <span class='ocr_line' id='line_1_39' title="bbox 488 3883 2077 3959; baseline -0.004 -16"><span class='ocrx_word' id='word_1_303' title='bbox 488 3886 721 3959; x_wconf 88' lang='lat' dir='ltr'><strong>Eupasia</strong></span> <span class='ocrx_word' id='word_1_304' title='bbox 765 3902 895 3939; x_wconf 76' lang='lat' dir='ltr'><strong>uxor</strong></span> <span class='ocrx_word' id='word_1_305' title='bbox 951 3895 1037 3939; x_wconf 89' lang='lat' dir='ltr'><strong>tua</strong></span> <span class='ocrx_word' id='word_1_306' title='bbox 1099 3885 1333 3951; x_wconf 79' lang='lat' dir='ltr'><strong>nuberet,</strong></span> <span class='ocrx_word' id='word_1_307' title='bbox 1384 3894 1589 3954; x_wconf 84' lang='lat' dir='ltr'><strong>propter</strong></span> <span class='ocrx_word' id='word_1_308' title='bbox 1633 3885 1727 3936; x_wconf 82' lang='lat' dir='ltr'><strong>hoc</strong></span> <span class='ocrx_word' id='word_1_309' title='bbox 1776 3883 2077 3953; x_wconf 84' lang='lat' dir='ltr'><strong>rescriptum</strong></span> 
     </span>
    </p>
   </div>
   <div class='ocr_carea' id='block_1_40' title="bbox 488 3977 2076 4040">
    <p class='ocr_par' dir='ltr' id='par_1_40' title="bbox 488 3977 2076 4040">
     <span class='ocr_line' id='line_1_40' title="bbox 488 3977 2076 4040; baseline -0.003 -5"><span class='ocrx_word' id='word_1_310' title='bbox 488 3998 656 4036; x_wconf 85' lang='lat' dir='ltr'><strong>meum</strong></span> <span class='ocrx_word' id='word_1_311' title='bbox 685 3980 922 4034; x_wconf 84' lang='lat' dir='ltr'><strong>adulterii</strong></span> <span class='ocrx_word' id='word_1_312' title='bbox 951 3979 1194 4033; x_wconf 88' lang='lat' dir='ltr'><strong>damnata</strong></span> <span class='ocrx_word' id='word_1_313' title='bbox 1219 3979 1339 4040; x_wconf 87' lang='lat' dir='ltr'><strong>erit,</strong></span> <span class='ocrx_word' id='word_1_314' title='bbox 1372 3979 1468 4032; x_wconf 83' lang='lat' dir='ltr'><strong>nisi</strong></span> <span class='ocrx_word' id='word_1_315' title='bbox 1493 3985 1810 4031; x_wconf 81' lang='lat' dir='ltr'><strong>constetesse</strong></span> <span class='ocrx_word' id='word_1_316' title='bbox 1838 3977 2076 4031; x_wconf 80' lang='lat' dir='ltr'><strong>commis-</strong></span> 
     </span>
    </p>
   </div>
   <div class='ocr_carea' id='block_1_41' title="bbox 482 4068 2078 4136">
    <p class='ocr_par' dir='ltr' id='par_1_41' title="bbox 482 4068 2078 4136">
     <span class='ocr_line' id='line_1_41' title="bbox 482 4068 2078 4136; baseline -0.005 -9"><span class='ocrx_word' id='word_1_317' title='bbox 482 4086 619 4128; x_wconf 76' lang='lat' dir='ltr'><strong>sum.</strong></span> <span class='ocrx_word' id='word_1_318' title='bbox 664 4070 931 4125; x_wconf 86' lang='lat' dir='ltr'><strong>Habebunt</strong></span> <span class='ocrx_word' id='word_1_319' title='bbox 969 4079 1136 4124; x_wconf 90' lang='lat' dir='ltr'><strong>autem</strong></span> <span class='ocrx_word' id='word_1_320' title='bbox 1179 4079 1295 4123; x_wconf 86' lang='lat' dir='ltr'><strong>ante</strong></span> <span class='ocrx_word' id='word_1_321' title='bbox 1332 4069 1505 4123; x_wconf 81' lang='lat' dir='ltr'><strong>oculos</strong></span> <span class='ocrx_word' id='word_1_322' title='bbox 1545 4070 1640 4121; x_wconf 83' lang='lat' dir='ltr'><strong>hoc</strong></span> <span class='ocrx_word' id='word_1_323' title='bbox 1680 4068 1967 4136; x_wconf 85' lang='lat' dir='ltr'><strong>inquirere,</strong></span> <span class='ocrx_word' id='word_1_324' title='bbox 2011 4083 2078 4120; x_wconf 90' lang='lat' dir='ltr'><strong>an</strong></span> 
     </span>
    </p>
   </div>
   <div class='ocr_carea' id='block_1_42' title="bbox 480 4158 2078 4233">
    <p class='ocr_par' dir='ltr' id='par_1_42' title="bbox 480 4158 2078 4233">
     <span class='ocr_line' id='line_1_42' title="bbox 480 4158 2078 4233; baseline -0.003 -16"><span class='ocrx_word' id='word_1_325' title='bbox 480 4180 604 4217; x_wconf 68' lang='lat' dir='ltr'><strong>cum</strong></span> <span class='ocrx_word' id='word_1_326' title='bbox 624 4173 677 4217; x_wconf 92' lang='lat' dir='ltr'><strong>tu</strong></span> <span class='ocrx_word' id='word_1_327' title='bbox 704 4163 883 4233; x_wconf 88' lang='lat' dir='ltr'><strong>pudice</strong></span> <span class='ocrx_word' id='word_1_328' title='bbox 912 4164 1095 4217; x_wconf 82' lang='lat' dir='ltr'><strong>viveres</strong></span> <span class='ocrx_word' id='word_1_329' title='bbox 1118 4204 1133 4229; x_wconf 93' lang='lat'><strong>,</strong></span> <span class='ocrx_word' id='word_1_330' title='bbox 1165 4162 1242 4217; x_wconf 83' lang='lat' dir='ltr'><strong>illi</strong></span> <span class='ocrx_word' id='word_1_331' title='bbox 1269 4178 1463 4233; x_wconf 84' lang='lat' dir='ltr'><strong>quoque</strong></span> <span class='ocrx_word' id='word_1_332' title='bbox 1501 4160 1657 4215; x_wconf 90' lang='lat' dir='ltr'><strong>bonos</strong></span> <span class='ocrx_word' id='word_1_333' title='bbox 1682 4176 1845 4213; x_wconf 89' lang='lat' dir='ltr'><strong>mores</strong></span> <span class='ocrx_word' id='word_1_334' title='bbox 1881 4158 2078 4213; x_wconf 81' lang='lat' dir='ltr'><strong>colendi</strong></span> 
     </span>
    </p>
   </div>
   <div class='ocr_carea' id='block_1_43' title="bbox 482 4252 2077 4325">
    <p class='ocr_par' dir='ltr' id='par_1_43' title="bbox 482 4252 2077 4325">
     <span class='ocr_line' id='line_1_43' title="bbox 482 4252 2077 4325; baseline -0.005 -15"><span class='ocrx_word' id='word_1_335' title='bbox 482 4265 670 4310; x_wconf 76' lang='lat' dir='ltr'><strong>auctor</strong></span> <span class='ocrx_word' id='word_1_336' title='bbox 692 4255 851 4325; x_wconf 75' lang='lat' dir='ltr'><strong>fuisti.</strong></span> <span class='ocrx_word' id='word_1_337' title='bbox 884 4253 1215 4323; x_wconf 84' lang='lat' dir='ltr'><strong>Periniquum</strong></span> <span class='ocrx_word' id='word_1_338' title='bbox 1245 4254 1376 4306; x_wconf 89' lang='lat' dir='ltr'><strong>enim</strong></span> <span class='ocrx_word' id='word_1_339' title='bbox 1406 4253 1529 4305; x_wconf 77' lang='lat' dir='ltr'><strong>milii</strong></span> <span class='ocrx_word' id='word_1_340' title='bbox 1554 4252 1752 4306; x_wconf 89' lang='lat' dir='ltr'><strong>videtur</strong></span> <span class='ocrx_word' id='word_1_341' title='bbox 1772 4266 1879 4304; x_wconf 87' lang='lat' dir='ltr'><strong>esse</strong></span> <span class='ocrx_word' id='word_1_342' title='bbox 1903 4259 1957 4303; x_wconf 90' lang='lat' dir='ltr'><strong>ut</strong></span> <span class='ocrx_word' id='word_1_343' title='bbox 1978 4266 2077 4319; x_wconf 86' lang='lat' dir='ltr'><strong>pu-</strong></span> 
     </span>
    </p>
   </div>
   <div class='ocr_carea' id='block_1_44' title="bbox 485 4344 2077 4418">
    <p class='ocr_par' dir='ltr' id='par_1_44' title="bbox 485 4344 2077 4418">
     <span class='ocr_line' id='line_1_44' title="bbox 485 4344 2077 4418; baseline -0.001 -18"><span class='ocrx_word' id='word_1_344' title='bbox 485 4347 720 4401; x_wconf 81' lang='lat' dir='ltr'><strong>dicitiam</strong></span> <span class='ocrx_word' id='word_1_345' title='bbox 760 4348 837 4401; x_wconf 93' lang='lat' dir='ltr'><strong>vir</strong></span> <span class='ocrx_word' id='word_1_346' title='bbox 877 4347 940 4402; x_wconf 91' lang='lat' dir='ltr'><strong>ab</strong></span> <span class='ocrx_word' id='word_1_347' title='bbox 971 4363 1128 4402; x_wconf 67' lang='lat' dir='ltr'><strong>uxore</strong></span> <span class='ocrx_word' id='word_1_348' title='bbox 1164 4348 1364 4418; x_wconf 78' lang='lat' dir='ltr'><strong>exigat,</strong></span> <span class='ocrx_word' id='word_1_349' title='bbox 1397 4363 1547 4416; x_wconf 85' lang='lat' dir='ltr'><strong>quam</strong></span> <span class='ocrx_word' id='word_1_350' title='bbox 1573 4347 1681 4417; x_wconf 88' lang='lat' dir='ltr'><strong>ipse</strong></span> <span class='ocrx_word' id='word_1_351' title='bbox 1707 4362 1806 4399; x_wconf 78' lang='lat' dir='ltr'><strong>non</strong></span> <span class='ocrx_word' id='word_1_352' title='bbox 1834 4344 2029 4399; x_wconf 77' lang='lat' dir='ltr'><strong>exhibet</strong></span> <span class='ocrx_word' id='word_1_353' title='bbox 2059 4361 2077 4399; x_wconf 91' lang='lat'><strong><em>:</em></strong></span> 
     </span>
    </p>
   </div>
   <div class='ocr_carea' id='block_1_45' title="bbox 485 4440 2080 4511">
    <p class='ocr_par' dir='ltr' id='par_1_45' title="bbox 485 4440 2080 4511">
     <span class='ocr_line' id='line_1_45' title="bbox 485 4440 2080 4511; baseline -0.003 -16"><span class='ocrx_word' id='word_1_354' title='bbox 485 4456 602 4511; x_wconf 71' lang='lat' dir='ltr'><strong>qua!</strong></span> <span class='ocrx_word' id='word_1_355' title='bbox 637 4458 715 4495; x_wconf 88' lang='lat' dir='ltr'><strong>res</strong></span> <span class='ocrx_word' id='word_1_356' title='bbox 759 4450 919 4511; x_wconf 87' lang='lat' dir='ltr'><strong>potest</strong></span> <span class='ocrx_word' id='word_1_357' title='bbox 963 4449 1009 4495; x_wconf 89' lang='lat' dir='ltr'><strong>et</strong></span> <span class='ocrx_word' id='word_1_358' title='bbox 1048 4446 1209 4495; x_wconf 83' lang='lat' dir='ltr'><strong>vimm</strong></span> <span class='ocrx_word' id='word_1_359' title='bbox 1244 4440 1518 4507; x_wconf 86' lang='lat' dir='ltr'><strong>damnare,</strong></span> <span class='ocrx_word' id='word_1_360' title='bbox 1566 4457 1666 4494; x_wconf 87' lang='lat' dir='ltr'><strong>non</strong></span> <span class='ocrx_word' id='word_1_361' title='bbox 1696 4440 1757 4493; x_wconf 92' lang='lat' dir='ltr'><strong>ob</strong></span> <span class='ocrx_word' id='word_1_362' title='bbox 1785 4455 2080 4510; x_wconf 76' lang='lat' dir='ltr'><strong>compensa-</strong></span> 
     </span>
    </p>
   </div>
   <div class='ocr_carea' id='block_1_46' title="bbox 488 4534 2073 4603">
    <p class='ocr_par' dir='ltr' id='par_1_46' title="bbox 488 4534 2073 4603">
     <span class='ocr_line' id='line_1_46' title="bbox 488 4534 2073 4603; baseline 0.001 -16"><span class='ocrx_word' id='word_1_363' title='bbox 488 4534 677 4587; x_wconf 79' lang='lat' dir='ltr'><strong>tionem</strong></span> <span class='ocrx_word' id='word_1_364' title='bbox 702 4537 861 4587; x_wconf 82' lang='lat' dir='ltr'><strong>mutui</strong></span> <span class='ocrx_word' id='word_1_365' title='bbox 887 4535 1113 4588; x_wconf 78' lang='lat' dir='ltr'><strong>criminis</strong></span> <span class='ocrx_word' id='word_1_366' title='bbox 1152 4551 1256 4588; x_wconf 86' lang='lat' dir='ltr'><strong>rem</strong></span> <span class='ocrx_word' id='word_1_367' title='bbox 1286 4535 1415 4588; x_wconf 87' lang='lat' dir='ltr'><strong>inter</strong></span> <span class='ocrx_word' id='word_1_368' title='bbox 1448 4545 1715 4602; x_wconf 80' lang='lat' dir='ltr'><strong>utrumque</strong></span> <span class='ocrx_word' id='word_1_369' title='bbox 1741 4550 2040 4603; x_wconf 82' lang='lat' dir='ltr'><strong>componere</strong></span> <span class='ocrx_word' id='word_1_370' title='bbox 2059 4575 2073 4600; x_wconf 92' lang='lat'><strong>,</strong></span> 
     </span>
    </p>
   </div>
   <div class='ocr_carea' id='block_1_47' title="bbox 487 4626 2081 4697">
    <p class='ocr_par' dir='ltr' id='par_1_47' title="bbox 487 4626 2081 4697">
     <span class='ocr_line' id='line_1_47' title="bbox 487 4626 2081 4697; baseline -0.001 -16"><span class='ocrx_word' id='word_1_371' title='bbox 487 4626 567 4681; x_wconf 81' lang='lat' dir='ltr'><strong>vel</strong></span> <span class='ocrx_word' id='word_1_372' title='bbox 589 4642 792 4679; x_wconf 87' lang='lat' dir='ltr'><strong>causam</strong></span> <span class='ocrx_word' id='word_1_373' title='bbox 831 4629 951 4697; x_wconf 79' lang='lat' dir='ltr'><strong>facti</strong></span> <span class='ocrx_word' id='word_1_374' title='bbox 978 4626 1169 4680; x_wconf 86' lang='lat' dir='ltr'><strong>tollere.</strong></span> <span class='ocrx_word' id='word_1_375' title='bbox 1204 4626 1260 4681; x_wconf 88' lang='lat' dir='ltr'><strong>Si</strong></span> <span class='ocrx_word' id='word_1_376' title='bbox 1293 4627 1407 4681; x_wconf 82' lang='lat' dir='ltr'><strong>haec</strong></span> <span class='ocrx_word' id='word_1_377' title='bbox 1433 4626 1762 4681; x_wconf 82' lang='lat' dir='ltr'><strong>observanda</strong></span> <span class='ocrx_word' id='word_1_378' title='bbox 1789 4635 1913 4680; x_wconf 90' lang='lat' dir='ltr'><strong>sunt</strong></span> <span class='ocrx_word' id='word_1_379' title='bbox 1954 4640 2081 4695; x_wconf 88' lang='lat' dir='ltr'><strong>pro-</strong></span> 
     </span>
    </p>
   </div>
   <div class='ocr_carea' id='block_1_48' title="bbox 493 4715 2079 4787">
    <p class='ocr_par' dir='ltr' id='par_1_48' title="bbox 493 4715 2079 4787">
     <span class='ocr_line' id='line_1_48' title="bbox 493 4715 2079 4787; baseline 0.003 -21"><span class='ocrx_word' id='word_1_380' title='bbox 493 4724 611 4784; x_wconf 85' lang='lat' dir='ltr'><strong>pter</strong></span> <span class='ocrx_word' id='word_1_381' title='bbox 635 4715 797 4770; x_wconf 88' lang='lat' dir='ltr'><strong>decus</strong></span> <span class='ocrx_word' id='word_1_382' title='bbox 820 4725 1046 4771; x_wconf 79' lang='lat' dir='ltr'><strong>terrenae</strong></span> <span class='ocrx_word' id='word_1_383' title='bbox 1074 4716 1333 4781; x_wconf 86' lang='lat' dir='ltr'><strong>civitatis;</strong></span> <span class='ocrx_word' id='word_1_384' title='bbox 1358 4727 1554 4785; x_wconf 89' lang='lat' dir='ltr'><strong>quanto</strong></span> <span class='ocrx_word' id='word_1_385' title='bbox 1592 4716 1848 4771; x_wconf 66' lang='lat' dir='ltr'><strong>castior-es</strong></span> <span class='ocrx_word' id='word_1_386' title='bbox 1887 4715 2079 4787; x_wconf 84' lang='lat' dir='ltr'><strong>quaerit</strong></span> 
     </span>
    </p>
   </div>
   <div class='ocr_carea' id='block_1_49' title="bbox 488 4807 2079 4882">
    <p class='ocr_par' dir='ltr' id='par_1_49' title="bbox 488 4807 2079 4882">
     <span class='ocr_line' id='line_1_49' title="bbox 488 4807 2079 4882; baseline 0.004 -21"><span class='ocrx_word' id='word_1_387' title='bbox 488 4807 727 4863; x_wconf 63' lang='lat' dir='ltr'><strong>caelestis</strong></span> <span class='ocrx_word' id='word_1_388' title='bbox 760 4810 928 4877; x_wconf 88' lang='lat' dir='ltr'><strong>patria</strong></span> <span class='ocrx_word' id='word_1_389' title='bbox 955 4818 1010 4864; x_wconf 90' lang='lat' dir='ltr'><strong>et</strong></span> <span class='ocrx_word' id='word_1_390' title='bbox 1050 4811 1278 4865; x_wconf 89' lang='lat' dir='ltr'><strong>societas</strong></span> <span class='ocrx_word' id='word_1_391' title='bbox 1308 4811 1670 4882; x_wconf 85' lang='lat' dir='ltr'><strong>Angelorum?</strong></span> <span class='ocrx_word' id='word_1_392' title='bbox 1696 4811 1825 4878; x_wconf 84' lang='lat' dir='ltr'><strong>Quae</strong></span> <span class='ocrx_word' id='word_1_393' title='bbox 1849 4826 1975 4867; x_wconf 91' lang='lat' dir='ltr'><strong>cum</strong></span> <span class='ocrx_word' id='word_1_394' title='bbox 2007 4812 2079 4867; x_wconf 89' lang='lat' dir='ltr'><strong>ita</strong></span> 
     </span>
    </p>
   </div>
   <div class='ocr_carea' id='block_1_50' title="bbox 489 4898 2082 4973">
    <p class='ocr_par' dir='ltr' id='par_1_50' title="bbox 489 4898 2082 4973">
     <span class='ocr_line' id='line_1_50' title="bbox 489 4898 2082 4973; baseline 0.005 -22"><span class='ocrx_word' id='word_1_395' title='bbox 489 4898 625 4964; x_wconf 89' lang='lat' dir='ltr'><strong>sint,</strong></span> <span class='ocrx_word' id='word_1_396' title='bbox 657 4899 909 4968; x_wconf 92' lang='lat' dir='ltr'><strong>numquid</strong></span> <span class='ocrx_word' id='word_1_397' title='bbox 939 4900 1057 4954; x_wconf 91' lang='lat' dir='ltr'><strong>ideo</strong></span> <span class='ocrx_word' id='word_1_398' title='bbox 1096 4900 1271 4955; x_wconf 88' lang='lat' dir='ltr'><strong>minor</strong></span> <span class='ocrx_word' id='word_1_399' title='bbox 1296 4909 1415 4967; x_wconf 90' lang='lat' dir='ltr'><strong>est,</strong></span> <span class='ocrx_word' id='word_1_400' title='bbox 1444 4916 1506 4956; x_wconf 92' lang='lat' dir='ltr'><strong>ac</strong></span> <span class='ocrx_word' id='word_1_401' title='bbox 1535 4916 1643 4955; x_wconf 91' lang='lat' dir='ltr'><strong>non</strong></span> <span class='ocrx_word' id='word_1_402' title='bbox 1689 4903 1864 4972; x_wconf 88' lang='lat' dir='ltr'><strong>potius</strong></span> <span class='ocrx_word' id='word_1_403' title='bbox 1909 4902 2082 4973; x_wconf 87' lang='lat' dir='ltr'><strong>major</strong></span> 
     </span>
    </p>
   </div>
   <div class='ocr_carea' id='block_1_51' title="bbox 488 4988 2077 5063">
    <p class='ocr_par' dir='ltr' id='par_1_51' title="bbox 488 4988 2077 5063">
     <span class='ocr_line' id='line_1_51' title="bbox 488 4988 2077 5063; baseline 0.004 -20"><span class='ocrx_word' id='word_1_404' title='bbox 488 4996 546 5043; x_wconf 90' lang='lat' dir='ltr'><strong>et</strong></span> <span class='ocrx_word' id='word_1_405' title='bbox 575 4988 723 5057; x_wconf 87' lang='lat' dir='ltr'><strong>pejor</strong></span> <span class='ocrx_word' id='word_1_406' title='bbox 749 4989 980 5043; x_wconf 90' lang='lat' dir='ltr'><strong>virorum</strong></span> <span class='ocrx_word' id='word_1_407' title='bbox 1004 4990 1330 5060; x_wconf 89' lang='lat' dir='ltr'><strong>impudicitia</strong></span> <span class='ocrx_word' id='word_1_408' title='bbox 1355 5032 1371 5057; x_wconf 92' lang='lat'><strong>,</strong></span> <span class='ocrx_word' id='word_1_409' title='bbox 1395 4993 1516 5062; x_wconf 90' lang='lat' dir='ltr'><strong>quia</strong></span> <span class='ocrx_word' id='word_1_410' title='bbox 1546 4992 1686 5047; x_wconf 88' lang='lat' dir='ltr'><strong>inest</strong></span> <span class='ocrx_word' id='word_1_411' title='bbox 1727 4992 1828 5046; x_wconf 90' lang='lat' dir='ltr'><strong>illis</strong></span> <span class='ocrx_word' id='word_1_412' title='bbox 1850 4995 2077 5063; x_wconf 88' lang='lat' dir='ltr'><strong>superba</strong></span> 
     </span>
    </p>
   </div>
   <div class='ocr_carea' id='block_1_52' title="bbox 491 5079 2077 5155">
    <p class='ocr_par' dir='ltr' id='par_1_52' title="bbox 491 5079 2077 5155">
     <span class='ocr_line' id='line_1_52' title="bbox 491 5079 2077 5155; baseline 0.004 -20"><span class='ocrx_word' id='word_1_413' title='bbox 491 5090 546 5135; x_wconf 90' lang='lat' dir='ltr'><strong>et</strong></span> <span class='ocrx_word' id='word_1_414' title='bbox 589 5079 866 5136; x_wconf 88' lang='lat' dir='ltr'><strong>licentiosa</strong></span> <span class='ocrx_word' id='word_1_415' title='bbox 908 5082 1202 5151; x_wconf 84' lang='lat' dir='ltr'><strong>jactanlia?</strong></span> <span class='ocrx_word' id='word_1_416' title='bbox 1244 5084 1359 5139; x_wconf 87' lang='lat' dir='ltr'><strong>Non</strong></span> <span class='ocrx_word' id='word_1_417' title='bbox 1404 5085 1564 5155; x_wconf 81' lang='lat' dir='ltr'><strong>igitur</strong></span> <span class='ocrx_word' id='word_1_418' title='bbox 1610 5086 1932 5142; x_wconf 82' lang='lat' dir='ltr'><strong>exhorreant</strong></span> <span class='ocrx_word' id='word_1_419' title='bbox 1977 5088 2077 5142; x_wconf 90' lang='lat' dir='ltr'><strong>viri</strong></span> 
     </span>
    </p>
   </div>
   <div class='ocr_carea' id='block_1_53' title="bbox 491 5160 2078 5246">
    <p class='ocr_par' dir='ltr' id='par_1_53' title="bbox 491 5160 2078 5246">
     <span class='ocr_line' id='line_1_53' title="bbox 491 5160 2078 5246; baseline 0.006 -22"><span class='ocrx_word' id='word_1_420' title='bbox 491 5170 635 5240; x_wconf 80' lang='lat' dir='ltr'><strong>quod</strong></span> <span class='ocrx_word' id='word_1_421' title='bbox 662 5160 915 5226; x_wconf 67' lang='lat' dir='ltr'><strong>adultera:</strong></span> <span class='ocrx_word' id='word_1_422' title='bbox 954 5169 1196 5227; x_wconf 90' lang='lat' dir='ltr'><strong>Christus</strong></span> <span class='ocrx_word' id='word_1_423' title='bbox 1240 5174 1445 5243; x_wconf 86' lang='lat' dir='ltr'><strong>ignovit</strong></span> <span class='ocrx_word' id='word_1_424' title='bbox 1476 5192 1489 5227; x_wconf 90' lang='lat'><strong>:</strong></span> <span class='ocrx_word' id='word_1_425' title='bbox 1534 5174 1627 5230; x_wconf 91' lang='lat' dir='ltr'><strong>sed</strong></span> <span class='ocrx_word' id='word_1_426' title='bbox 1673 5175 1850 5245; x_wconf 85' lang='lat' dir='ltr'><strong>petius</strong></span> <span class='ocrx_word' id='word_1_427' title='bbox 1881 5192 2078 5246; x_wconf 79' lang='lat' dir='ltr'><strong>cogno-</strong></span> 
     </span>
    </p>
   </div>
   <div class='ocr_carea' id='block_1_54' title="bbox 492 5264 2072 5332">
    <p class='ocr_par' dir='ltr' id='par_1_54' title="bbox 492 5264 2072 5332">
     <span class='ocr_line' id='line_1_54' title="bbox 492 5264 2072 5332; baseline 0.005 -16"><span class='ocrx_word' id='word_1_428' title='bbox 492 5271 645 5317; x_wconf 88' lang='lat' dir='ltr'><strong>scant</strong></span> <span class='ocrx_word' id='word_1_429' title='bbox 682 5264 842 5317; x_wconf 91' lang='lat' dir='ltr'><strong>etiam</strong></span> <span class='ocrx_word' id='word_1_430' title='bbox 884 5264 1173 5332; x_wconf 89' lang='lat' dir='ltr'><strong>periculum</strong></span> <span class='ocrx_word' id='word_1_431' title='bbox 1216 5279 1369 5319; x_wconf 90' lang='lat' dir='ltr'><strong>suum</strong></span> <span class='ocrx_word' id='word_1_432' title='bbox 1389 5307 1403 5330; x_wconf 93' lang='lat'><strong>,</strong></span> <span class='ocrx_word' id='word_1_433' title='bbox 1435 5274 1490 5320; x_wconf 80' lang='lat' dir='ltr'><strong>et</strong></span> <span class='ocrx_word' id='word_1_434' title='bbox 1515 5267 1674 5321; x_wconf 91' lang='lat' dir='ltr'><strong>simili</strong></span> <span class='ocrx_word' id='word_1_435' title='bbox 1706 5269 1894 5323; x_wconf 89' lang='lat' dir='ltr'><strong>morbo</strong></span> <span class='ocrx_word' id='word_1_436' title='bbox 1925 5269 2072 5324; x_wconf 89' lang='lat' dir='ltr'><strong>labo-</strong></span> 
     </span>
    </p>
   </div>
   <div class='ocr_carea' id='block_1_55' title="bbox 492 5352 2080 5430">
    <p class='ocr_par' dir='ltr' id='par_1_55' title="bbox 492 5352 2080 5430">
     <span class='ocr_line' id='line_1_55' title="bbox 492 5352 2080 5430; baseline 0.005 -22"><span class='ocrx_word' id='word_1_437' title='bbox 492 5360 674 5408; x_wconf 83' lang='lat' dir='ltr'><strong>rantes</strong></span> <span class='ocrx_word' id='word_1_438' title='bbox 701 5352 767 5407; x_wconf 92' lang='lat' dir='ltr'><strong>ad</strong></span> <span class='ocrx_word' id='word_1_439' title='bbox 792 5354 1039 5409; x_wconf 87' lang='lat' dir='ltr'><strong>eumdem</strong></span> <span class='ocrx_word' id='word_1_440' title='bbox 1065 5353 1393 5411; x_wconf 91' lang='lat' dir='ltr'><strong>Salvatorcm</strong></span> <span class='ocrx_word' id='word_1_441' title='bbox 1420 5358 1641 5429; x_wconf 88' lang='lat' dir='ltr'><strong>supplici</strong></span> <span class='ocrx_word' id='word_1_442' title='bbox 1669 5359 1865 5430; x_wconf 89' lang='lat' dir='ltr'><strong>pietate</strong></span> <span class='ocrx_word' id='word_1_443' title='bbox 1894 5361 2080 5416; x_wconf 85' lang='lat' dir='ltr'><strong>confu-</strong></span> 
     </span>
    </p>
   </div>
   <div class='ocr_carea' id='block_1_56' title="bbox 558 5507 2079 5591">
    <p class='ocr_par' dir='ltr' id='par_1_56' title="bbox 558 5507 2079 5591">
     <span class='ocr_line' id='line_1_56' title="bbox 558 5507 2079 5591; baseline -0.012 1"><span class='ocrx_word' id='word_1_444' title='bbox 558 5507 1094 5591; x_wconf 59' lang='lat' dir='ltr'><strong>f...’59‘.“2-§’asmiana»</strong></span> <span class='ocrx_word' id='word_1_445' title='bbox 1150 5513 1373 5567; x_wconf 67' lang='grc' dir='ltr'><strong>Αητοηίαε</strong></span> <span class='ocrx_word' id='word_1_446' title='bbox 1402 5528 1421 5567; x_wconf 74' lang='lat'><strong>.‘</strong></span> <span class='ocrx_word' id='word_1_447' title='bbox 1454 5516 1581 5567; x_wconf 76' lang='lat' dir='ltr'><strong>male</strong></span> <span class='ocrx_word' id='word_1_448' title='bbox 1621 5525 1686 5591; x_wconf 55' lang='lat' dir='ltr'><strong>et,</strong></span> <span class='ocrx_word' id='word_1_449' title='bbox 1721 5519 2079 5585; x_wconf 82' lang='lat' dir='ltr'><strong>refragantibus</strong></span> 
     </span>
    </p>
   </div>
   <div class='ocr_carea' id='block_1_57' title="bbox 489 5569 847 5621">
    <p class='ocr_par' dir='ltr' id='par_1_57' title="bbox 489 5569 847 5621">
     <span class='ocr_line' id='line_1_57' title="bbox 489 5569 847 5621; baseline -0.003 0"><span class='ocrx_word' id='word_1_450' title='bbox 489 5569 718 5621; x_wconf 83' lang='lat' dir='ltr'><strong>omnibus</strong></span> <span class='ocrx_word' id='word_1_451' title='bbox 738 5578 847 5621; x_wconf 78' lang='lat' dir='ltr'><strong>Mss.</strong></span> 
     </span>
    </p>
   </div>
   <div class='ocr_carea' id='block_1_58' title="bbox 554 5632 2078 5708">
    <p class='ocr_par' dir='ltr' id='par_1_58' title="bbox 554 5632 2078 5708">
     <span class='ocr_line' id='line_1_58' title="bbox 554 5632 2078 5708; baseline 0.012 -29"><span class='ocrx_word' id='word_1_452' title='bbox 554 5632 633 5708; x_wconf 16' lang='lat' dir='ltr'><strong>(Aa).</strong></span> <span class='ocrx_word' id='word_1_453' title='bbox 644 5634 928 5708; x_wconf 48' lang='grc' dir='ltr'><strong>φυκοτίἓηί</strong></span> <span class='ocrx_word' id='word_1_454' title='bbox 951 5636 1041 5708; x_wconf 79' lang='lat' dir='ltr'><strong>vix_</strong></span> <span class='ocrx_word' id='word_1_455' title='bbox 1055 5634 1215 5708; x_wconf 74' lang='lat' dir='ltr'><strong>aliqua</strong></span> <span class='ocrx_word' id='word_1_456' title='bbox 1234 5651 1362 5708; x_wconf 78' lang='lat' dir='ltr'><strong>nunc</strong></span> <span class='ocrx_word' id='word_1_457' title='bbox 1375 5651 1638 5708; x_wconf 82' lang='lat' dir='ltr'><strong>supersunt</strong></span> <span class='ocrx_word' id='word_1_458' title='bbox 1649 5643 1800 5708; x_wconf 81' lang='lat' dir='ltr'><strong>fragm</strong></span> <span class='ocrx_word' id='word_1_459' title='bbox 1807 5655 1936 5706; x_wconf 86' lang='lat' dir='ltr'><strong>enta,</strong></span> <span class='ocrx_word' id='word_1_460' title='bbox 1950 5649 2078 5699; x_wconf 87' lang='lat' dir='ltr'><strong>inter</strong></span> 
     </span>
    </p>
   </div>
   <div class='ocr_carea' id='block_1_59' title="bbox 489 5694 2076 5770">
    <p class='ocr_par' dir='ltr' id='par_1_59' title="bbox 489 5694 2076 5770">
     <span class='ocr_line' id='line_1_59' title="bbox 489 5694 2076 5770; baseline -0.017 3"><span class='ocrx_word' id='word_1_461' title='bbox 489 5694 705 5770; x_wconf 50' lang='grc' dir='ltr'><strong>Ἠελίῇ</strong></span> <span class='ocrx_word' id='word_1_462' title='bbox 726 5694 943 5770; x_wconf 35' lang='lat' dir='ltr'><strong>ciem&quot;!</strong></span> <span class='ocrx_word' id='word_1_463' title='bbox 961 5694 1179 5770; x_wconf 52' lang='lat' dir='ltr'><strong>ewnihi</strong></span> <span class='ocrx_word' id='word_1_464' title='bbox 1194 5694 1696 5770; x_wconf 63' lang='lat' dir='ltr'><strong>wnﬁlilutib__t_otidem</strong></span> <span class='ocrx_word' id='word_1_465' title='bbox 1720 5694 1884 5756; x_wconf 61' lang='lat' dir='ltr'><strong>iveth</strong></span> <span class='ocrx_word' id='word_1_466' title='bbox 1897 5743 1910 5766; x_wconf 92' lang='lat'><strong>,</strong></span> <span class='ocrx_word' id='word_1_467' title='bbox 1925 5694 2076 5761; x_wconf 51' lang='grc' dir='ltr'><strong>’ἀεί</strong></span> 
     </span>
    </p>
   </div>
   <div class='ocr_carea' id='block_1_60' title="bbox 490 5754 2078 5830">
    <p class='ocr_par' dir='ltr' id='par_1_60' title="bbox 490 5754 2078 5830">
     <span class='ocr_line' id='line_1_60' title="bbox 490 5754 2078 5830; baseline -0.006 0"><span class='ocrx_word' id='word_1_468' title='bbox 599 5758 710 5830; x_wconf 55' lang='grc' dir='ltr'><strong>ἕρεο</strong></span> <span class='ocrx_word' id='word_1_469' title='bbox 738 5758 1155 5830; x_wconf 52' lang='lat' dir='ltr'><strong>semanima.</strong></span> <span class='ocrx_word' id='word_1_470' title='bbox 1180 5763 1583 5830; x_wconf 38' lang='lat' dir='ltr'><strong>credimysailluc</strong></span> <span class='ocrx_word' id='word_1_471' title='bbox 1604 5754 2078 5830; x_wconf 63' lang='lat' dir='ltr'><strong>adjeca’.i€jds&#39;ia}§</strong></span> 
     </span>
    </p>
   </div>
   <div class='ocr_carea' id='block_1_61' title="bbox 490 5814 1885 5888">
    <p class='ocr_par' dir='ltr' id='par_1_61' title="bbox 490 5814 1885 5888">
     <span class='ocr_line' id='line_1_61' title="bbox 490 5814 1885 5888; baseline 0.011 -23"><span class='ocrx_word' id='word_1_472' title='bbox 490 5814 697 5865; x_wconf 78' lang='lat' dir='ltr'><strong>habetur</strong></span> <span class='ocrx_word' id='word_1_473' title='bbox 717 5814 861 5869; x_wconf 74' lang='lat' dir='ltr'><strong>etiam</strong></span> <span class='ocrx_word' id='word_1_474' title='bbox 885 5821 1009 5883; x_wconf 84' lang='lat' dir='ltr'><strong>apud</strong></span> <span class='ocrx_word' id='word_1_475' title='bbox 1031 5814 1295 5886; x_wconf 80' lang='lat' dir='ltr'><strong>Ulpiauum,</strong></span> <span class='ocrx_word' id='word_1_476' title='bbox 1318 5827 1342 5888; x_wconf 64' lang='grc' dir='ltr'><strong>ς</strong></span> <span class='ocrx_word' id='word_1_477' title='bbox 1365 5827 1395 5875; x_wconf 77' lang='lat'>3</span> <span class='ocrx_word' id='word_1_478' title='bbox 1415 5814 1537 5886; x_wconf 65' lang='lat' dir='ltr'><strong>,&#39;lih.</strong></span> <span class='ocrx_word' id='word_1_479' title='bbox 1573 5828 1624 5877; x_wconf 71' lang='grc' dir='ltr'><strong>ιδ</strong></span> <span class='ocrx_word' id='word_1_480' title='bbox 1642 5814 1707 5878; x_wconf 60' lang='lat' dir='ltr'><strong>&#39;Jé</strong></span> <span class='ocrx_word' id='word_1_481' title='bbox 1721 5814 1885 5880; x_wconf 50' lang='lat' dir='ltr'><strong>“sint.</strong></span> 
     </span>
    </p>
   </div>
   <div class='ocr_carea' id='block_1_62' title="bbox 1335 348 2837 429">
    <p class='ocr_par' dir='ltr' id='par_1_62' title="bbox 1335 348 2837 429">
     <span class='ocr_line' id='line_1_62' title="bbox 1335 348 2837 429; baseline -0.017 0"><span class='ocrx_word' id='word_1_482' title='bbox 1335 373 1423 429; x_wconf 83' lang='lat' dir='ltr'><strong>DE</strong></span> <span class='ocrx_word' id='word_1_483' title='bbox 1460 364 1811 427; x_wconf 73' lang='lat' dir='ltr'><strong>CONJUGIIS</strong></span> <span class='ocrx_word' id='word_1_484' title='bbox 1846 356 2327 423; x_wconf 66' lang='lat' dir='ltr'><strong>ADULTERlNlS,</strong></span> <span class='ocrx_word' id='word_1_485' title='bbox 2368 355 2424 411; x_wconf 89' lang='lat' dir='ltr'><strong>S.</strong></span> <span class='ocrx_word' id='word_1_486' title='bbox 2470 348 2837 409; x_wconf 66' lang='lat' dir='ltr'><strong>AUGUSTINI</strong></span> 
     </span>
    </p>
   </div>
   <div class='ocr_carea' id='block_1_63' title="bbox 3685 346 3768 403">
    <p class='ocr_par' dir='ltr' id='par_1_63' title="bbox 3685 346 3768 403">
     <span class='ocr_line' id='line_1_63' title="bbox 3685 346 3768 403; baseline 0.012 -1"><span class='ocrx_word' id='word_1_487' title='bbox 3685 346 3768 403; x_wconf 71' lang='lat'><strong>76</strong></span> 
     </span>
    </p>
   </div>
   <div class='ocr_carea' id='block_1_64' title="bbox 2135 460 3768 542">
    <p class='ocr_par' dir='ltr' id='par_1_64' title="bbox 2135 460 3768 542">
     <span class='ocr_line' id='line_1_64' title="bbox 2135 460 3768 542; baseline -0.008 -12"><span class='ocrx_word' id='word_1_488' title='bbox 2135 476 2311 542; x_wconf 77' lang='lat' dir='ltr'><strong>giant;</strong></span> <span class='ocrx_word' id='word_1_489' title='bbox 2364 480 2419 525; x_wconf 91' lang='lat' dir='ltr'><strong>ct</strong></span> <span class='ocrx_word' id='word_1_490' title='bbox 2469 468 2610 539; x_wconf 90' lang='lat' dir='ltr'><strong>quod</strong></span> <span class='ocrx_word' id='word_1_491' title='bbox 2658 468 2709 521; x_wconf 91' lang='lat' dir='ltr'><strong>in</strong></span> <span class='ocrx_word' id='word_1_492' title='bbox 2757 464 2845 519; x_wconf 87' lang='lat' dir='ltr'><strong>illa</strong></span> <span class='ocrx_word' id='word_1_493' title='bbox 2889 462 3089 518; x_wconf 87' lang='lat' dir='ltr'><strong>factum</strong></span> <span class='ocrx_word' id='word_1_494' title='bbox 3140 460 3351 532; x_wconf 84' lang='lat' dir='ltr'><strong>legunt,</strong></span> <span class='ocrx_word' id='word_1_495' title='bbox 3400 461 3586 518; x_wconf 84' lang='lat' dir='ltr'><strong>etiam</strong></span> <span class='ocrx_word' id='word_1_496' title='bbox 3646 463 3768 517; x_wconf 73' lang='lat' dir='ltr'><strong>sibi</strong></span> 
     </span>
    </p>
   </div>
   <div class='ocr_carea' id='block_1_65' title="bbox 2136 553 3775 621">
    <p class='ocr_par' dir='ltr' id='par_1_65' title="bbox 2136 553 3775 621">
     <span class='ocr_line' id='line_1_65' title="bbox 2136 553 3775 621; baseline -0.008 -1"><span class='ocrx_word' id='word_1_497' title='bbox 2136 564 2490 620; x_wconf 86' lang='lat' dir='ltr'><strong>necessarium</strong></span> <span class='ocrx_word' id='word_1_498' title='bbox 2542 574 2662 615; x_wconf 88' lang='lat' dir='ltr'><strong>esse</strong></span> <span class='ocrx_word' id='word_1_499' title='bbox 2722 557 3007 621; x_wconf 80' lang='lat' dir='ltr'><strong>fateantur,</strong></span> <span class='ocrx_word' id='word_1_500' title='bbox 3056 553 3439 609; x_wconf 86' lang='lat' dir='ltr'><strong>adulteriorum</strong></span> <span class='ocrx_word' id='word_1_501' title='bbox 3507 567 3775 608; x_wconf 82' lang='lat' dir='ltr'><strong>suorum</strong></span> 
     </span>
    </p>
   </div>
   <div class='ocr_carea' id='block_1_66' title="bbox 2136 644 3777 721">
    <p class='ocr_par' dir='ltr' id='par_1_66' title="bbox 2136 644 3777 721">
     <span class='ocr_line' id='line_1_66' title="bbox 2136 644 3777 721; baseline -0.007 -9"><span class='ocrx_word' id='word_1_502' title='bbox 2136 656 2451 712; x_wconf 88' lang='lat' dir='ltr'><strong>medicinam</strong></span> <span class='ocrx_word' id='word_1_503' title='bbox 2481 650 2808 721; x_wconf 83' lang='lat' dir='ltr'><strong>suscipiant,</strong></span> <span class='ocrx_word' id='word_1_504' title='bbox 2841 648 3140 703; x_wconf 70' lang='lat' dir='ltr'><strong>adulterare</strong></span> <span class='ocrx_word' id='word_1_505' title='bbox 3164 647 3276 717; x_wconf 87' lang='lat' dir='ltr'><strong>jam</strong></span> <span class='ocrx_word' id='word_1_506' title='bbox 3298 646 3568 702; x_wconf 84' lang='lat' dir='ltr'><strong>desinant</strong></span> <span class='ocrx_word' id='word_1_507' title='bbox 3592 689 3613 713; x_wconf 90' lang='lat'><strong>,</strong></span> <span class='ocrx_word' id='word_1_508' title='bbox 3640 644 3777 701; x_wconf 83' lang='lat' dir='ltr'><strong>lau-</strong></span> 
     </span>
    </p>
   </div>
   <div class='ocr_carea' id='block_1_67' title="bbox 2137 741 3776 814">
    <p class='ocr_par' dir='ltr' id='par_1_67' title="bbox 2137 741 3776 814">
     <span class='ocr_line' id='line_1_67' title="bbox 2137 741 3776 814; baseline -0.006 -9"><span class='ocrx_word' id='word_1_509' title='bbox 2137 750 2266 806; x_wconf 89' lang='lat' dir='ltr'><strong>dent</strong></span> <span class='ocrx_word' id='word_1_510' title='bbox 2302 749 2358 804; x_wconf 88' lang='lat' dir='ltr'><strong>in</strong></span> <span class='ocrx_word' id='word_1_511' title='bbox 2395 762 2453 802; x_wconf 89' lang='lat' dir='ltr'><strong>se</strong></span> <span class='ocrx_word' id='word_1_512' title='bbox 2500 746 2593 801; x_wconf 89' lang='lat' dir='ltr'><strong>Dei</strong></span> <span class='ocrx_word' id='word_1_513' title='bbox 2623 743 2930 814; x_wconf 88' lang='lat' dir='ltr'><strong>patientiam</strong></span> <span class='ocrx_word' id='word_1_514' title='bbox 2952 784 2967 808; x_wconf 96' lang='lat'><strong>,</strong></span> <span class='ocrx_word' id='word_1_515' title='bbox 2995 750 3154 812; x_wconf 88' lang='lat' dir='ltr'><strong>agant</strong></span> <span class='ocrx_word' id='word_1_516' title='bbox 3183 741 3566 810; x_wconf 71' lang='lat' dir='ltr'><strong>paenitentiam</strong></span> <span class='ocrx_word' id='word_1_517' title='bbox 3591 781 3613 806; x_wconf 88' lang='lat'><strong>,</strong></span> <span class='ocrx_word' id='word_1_518' title='bbox 3674 755 3776 795; x_wconf 77' lang='lat' dir='ltr'><strong>su—</strong></span> 
     </span>
    </p>
   </div>
   <div class='ocr_carea' id='block_1_68' title="bbox 2138 832 3774 908">
    <p class='ocr_par' dir='ltr' id='par_1_68' title="bbox 2138 832 3774 908">
     <span class='ocr_line' id='line_1_68' title="bbox 2138 832 3774 908; baseline -0.005 -13"><span class='ocrx_word' id='word_1_519' title='bbox 2138 849 2285 896; x_wconf 90' lang='lat' dir='ltr'><strong>mant</strong></span> <span class='ocrx_word' id='word_1_520' title='bbox 2327 838 2708 908; x_wconf 84' lang='lat' dir='ltr'><strong>indulgentiam</strong></span> <span class='ocrx_word' id='word_1_521' title='bbox 2730 877 2744 900; x_wconf 95' lang='lat'><strong>,</strong></span> <span class='ocrx_word' id='word_1_522' title='bbox 2777 842 2983 888; x_wconf 90' lang='lat' dir='ltr'><strong>mutent</strong></span> <span class='ocrx_word' id='word_1_523' title='bbox 3006 832 3075 888; x_wconf 91' lang='lat' dir='ltr'><strong>de</strong></span> <span class='ocrx_word' id='word_1_524' title='bbox 3104 847 3261 904; x_wconf 72' lang='lat' dir='ltr'><strong>poena</strong></span> <span class='ocrx_word' id='word_1_525' title='bbox 3300 832 3666 887; x_wconf 77' lang='lat' dir='ltr'><strong>feminarum</strong></span> <span class='ocrx_word' id='word_1_526' title='bbox 3717 844 3774 887; x_wconf 91' lang='lat' dir='ltr'><strong>et</strong></span> 
     </span>
    </p>
   </div>
   <div class='ocr_carea' id='block_1_69' title="bbox 2139 925 3032 998">
    <p class='ocr_par' dir='ltr' id='par_1_69' title="bbox 2139 925 3032 998">
     <span class='ocr_line' id='line_1_69' title="bbox 2139 925 3032 998; baseline -0.012 -10"><span class='ocrx_word' id='word_1_527' title='bbox 2139 932 2208 988; x_wconf 92' lang='lat' dir='ltr'><strong>de</strong></span> <span class='ocrx_word' id='word_1_528' title='bbox 2233 946 2325 986; x_wconf 88' lang='lat' dir='ltr'><strong>sua</strong></span> <span class='ocrx_word' id='word_1_529' title='bbox 2358 930 2670 998; x_wconf 87' lang='lat' dir='ltr'><strong>impunitate</strong></span> <span class='ocrx_word' id='word_1_530' title='bbox 2690 925 3032 981; x_wconf 90' lang='lat' dir='ltr'><strong>sententiam.</strong></span> 
     </span>
    </p>
   </div>
   <div class='ocr_carea' id='block_1_70' title="bbox 2212 1017 3776 1082">
    <p class='ocr_par' dir='ltr' id='par_1_70' title="bbox 2212 1017 3776 1082">
     <span class='ocr_line' id='line_1_70' title="bbox 2212 1017 3776 1082; baseline -0.006 -1"><span class='ocrx_word' id='word_1_531' title='bbox 2212 1024 2439 1082; x_wconf 83' lang='lat' dir='ltr'><strong>CAPUT</strong></span> <span class='ocrx_word' id='word_1_532' title='bbox 2468 1022 2556 1077; x_wconf 80' lang='lat' dir='ltr'><strong>IX.</strong></span> <span class='ocrx_word' id='word_1_533' title='bbox 2573 1052 2644 1063; x_wconf 91' lang='lat'><strong>-—</strong></span> <span class='ocrx_word' id='word_1_534' title='bbox 2664 1023 2717 1076; x_wconf 90' lang='lat'><strong>8.</strong></span> <span class='ocrx_word' id='word_1_535' title='bbox 2742 1019 2939 1076; x_wconf 89' lang='lat' dir='ltr'><strong>Nolens</strong></span> <span class='ocrx_word' id='word_1_536' title='bbox 2963 1017 3281 1073; x_wconf 86' lang='lat' dir='ltr'><strong>reconciliari</strong></span> <span class='ocrx_word' id='word_1_537' title='bbox 3308 1018 3577 1073; x_wconf 66' lang='lat' dir='ltr'><strong>adultera</strong></span> <span class='ocrx_word' id='word_1_538' title='bbox 3606 1021 3776 1072; x_wconf 71' lang='lat' dir='ltr'><strong>uxori</strong></span> 
     </span>
    </p>
   </div>
   <div class='ocr_carea' id='block_1_71' title="bbox 2145 1109 3777 1186">
    <p class='ocr_par' dir='ltr' id='par_1_71' title="bbox 2145 1109 3777 1186">
     <span class='ocr_line' id='line_1_71' title="bbox 2145 1109 3777 1186; baseline -0.007 -12"><span class='ocrx_word' id='word_1_539' title='bbox 2145 1135 2247 1174; x_wconf 87' lang='lat' dir='ltr'><strong>non</strong></span> <span class='ocrx_word' id='word_1_540' title='bbox 2286 1123 2445 1186; x_wconf 79' lang='lat' dir='ltr'><strong>potest</strong></span> <span class='ocrx_word' id='word_1_541' title='bbox 2488 1115 2634 1168; x_wconf 86' lang='lat' dir='ltr'><strong>alteri</strong></span> <span class='ocrx_word' id='word_1_542' title='bbox 2677 1113 2883 1168; x_wconf 86' lang='lat' dir='ltr'><strong>nubere.</strong></span> <span class='ocrx_word' id='word_1_543' title='bbox 2928 1112 3131 1179; x_wconf 87' lang='lat' dir='ltr'><strong>Quibus</strong></span> <span class='ocrx_word' id='word_1_544' title='bbox 3176 1109 3544 1165; x_wconf 77' lang='lat' dir='ltr'><strong>consideratis</strong></span> <span class='ocrx_word' id='word_1_545' title='bbox 3601 1120 3777 1179; x_wconf 85' lang='lat' dir='ltr'><strong>atque</strong></span> 
     </span>
    </p>
   </div>
   <div class='ocr_carea' id='block_1_72' title="bbox 2149 1201 3775 1271">
    <p class='ocr_par' dir='ltr' id='par_1_72' title="bbox 2149 1201 3775 1271">
     <span class='ocr_line' id='line_1_72' title="bbox 2149 1201 3775 1271; baseline -0.006 -7"><span class='ocrx_word' id='word_1_546' title='bbox 2149 1208 2404 1271; x_wconf 87' lang='lat' dir='ltr'><strong>tractatis,</strong></span> <span class='ocrx_word' id='word_1_547' title='bbox 2439 1207 2486 1260; x_wconf 91' lang='lat' dir='ltr'><strong>si</strong></span> <span class='ocrx_word' id='word_1_548' title='bbox 2538 1204 2839 1261; x_wconf 88' lang='lat' dir='ltr'><strong>communis</strong></span> <span class='ocrx_word' id='word_1_549' title='bbox 2886 1201 3139 1268; x_wconf 88' lang='lat' dir='ltr'><strong>conditio,</strong></span> <span class='ocrx_word' id='word_1_550' title='bbox 3170 1217 3466 1259; x_wconf 85' lang='lat' dir='ltr'><strong>commune</strong></span> <span class='ocrx_word' id='word_1_551' title='bbox 3524 1202 3775 1265; x_wconf 79' lang='lat' dir='ltr'><strong>malum,</strong></span> 
     </span>
    </p>
   </div>
   <div class='ocr_carea' id='block_1_73' title="bbox 2148 1294 3783 1366">
    <p class='ocr_par' dir='ltr' id='par_1_73' title="bbox 2148 1294 3783 1366">
     <span class='ocr_line' id='line_1_73' title="bbox 2148 1294 3783 1366; baseline -0.002 -13"><span class='ocrx_word' id='word_1_552' title='bbox 2148 1312 2433 1353; x_wconf 91' lang='lat' dir='ltr'><strong>commune</strong></span> <span class='ocrx_word' id='word_1_553' title='bbox 2482 1296 2802 1366; x_wconf 89' lang='lat' dir='ltr'><strong>periculum,</strong></span> <span class='ocrx_word' id='word_1_554' title='bbox 2852 1309 3138 1349; x_wconf 89' lang='lat' dir='ltr'><strong>commune</strong></span> <span class='ocrx_word' id='word_1_555' title='bbox 3179 1294 3396 1360; x_wconf 88' lang='lat' dir='ltr'><strong>vulnus,</strong></span> <span class='ocrx_word' id='word_1_556' title='bbox 3442 1298 3783 1349; x_wconf 81' lang='lat' dir='ltr'><strong>communis</strong></span> 
     </span>
    </p>
   </div>
   <div class='ocr_carea' id='block_1_74' title="bbox 2149 1385 3775 1455">
    <p class='ocr_par' dir='ltr' id='par_1_74' title="bbox 2149 1385 3775 1455">
     <span class='ocr_line' id='line_1_74' title="bbox 2149 1385 3775 1455; baseline -0.004 -11"><span class='ocrx_word' id='word_1_557' title='bbox 2149 1389 2313 1454; x_wconf 91' lang='lat' dir='ltr'><strong>salus,</strong></span> <span class='ocrx_word' id='word_1_558' title='bbox 2340 1388 2567 1442; x_wconf 81' lang='lat' dir='ltr'><strong>ﬁdeliter</strong></span> <span class='ocrx_word' id='word_1_559' title='bbox 2595 1398 2647 1441; x_wconf 94' lang='lat' dir='ltr'><strong>et</strong></span> <span class='ocrx_word' id='word_1_560' title='bbox 2676 1386 2947 1441; x_wconf 85' lang='lat' dir='ltr'><strong>humiliter</strong></span> <span class='ocrx_word' id='word_1_561' title='bbox 2972 1386 3263 1455; x_wconf 85' lang='lat' dir='ltr'><strong>cogitetur;</strong></span> <span class='ocrx_word' id='word_1_562' title='bbox 3291 1401 3399 1439; x_wconf 85' lang='lat' dir='ltr'><strong>non</strong></span> <span class='ocrx_word' id='word_1_563' title='bbox 3420 1385 3541 1439; x_wconf 86' lang='lat' dir='ltr'><strong>erit</strong></span> <span class='ocrx_word' id='word_1_564' title='bbox 3567 1386 3775 1454; x_wconf 81' lang='lat' dir='ltr'><strong>turpis,</strong></span> 
     </span>
    </p>
   </div>
   <div class='ocr_carea' id='block_1_75' title="bbox 2152 1478 3777 1549">
    <p class='ocr_par' dir='ltr' id='par_1_75' title="bbox 2152 1478 3777 1549">
     <span class='ocr_line' id='line_1_75' title="bbox 2152 1478 3777 1549; baseline -0.002 -16"><span class='ocrx_word' id='word_1_565' title='bbox 2152 1495 2324 1549; x_wconf 87' lang='lat' dir='ltr'><strong>neque</strong></span> <span class='ocrx_word' id='word_1_566' title='bbox 2352 1478 2604 1542; x_wconf 81' lang='lat' dir='ltr'><strong>difficilis,</strong></span> <span class='ocrx_word' id='word_1_567' title='bbox 2641 1478 2802 1532; x_wconf 89' lang='lat' dir='ltr'><strong>etiam</strong></span> <span class='ocrx_word' id='word_1_568' title='bbox 2831 1486 2949 1546; x_wconf 90' lang='lat' dir='ltr'><strong>post</strong></span> <span class='ocrx_word' id='word_1_569' title='bbox 2987 1485 3289 1547; x_wconf 83' lang='lat' dir='ltr'><strong>perpetrata</strong></span> <span class='ocrx_word' id='word_1_570' title='bbox 3325 1482 3499 1545; x_wconf 86' lang='lat' dir='ltr'><strong>atque</strong></span> <span class='ocrx_word' id='word_1_571' title='bbox 3535 1484 3777 1545; x_wconf 77' lang='lat' dir='ltr'><strong>purgata</strong></span> 
     </span>
    </p>
   </div>
   <div class='ocr_carea' id='block_1_76' title="bbox 2152 1567 3775 1637">
    <p class='ocr_par' dir='ltr' id='par_1_76' title="bbox 2152 1567 3775 1637">
     <span class='ocr_line' id='line_1_76' title="bbox 2152 1567 3775 1637; baseline -0.002 -13"><span class='ocrx_word' id='word_1_572' title='bbox 2152 1570 2409 1625; x_wconf 88' lang='lat' dir='ltr'><strong>adulteria</strong></span> <span class='ocrx_word' id='word_1_573' title='bbox 2434 1569 2799 1624; x_wconf 86' lang='lat' dir='ltr'><strong>reconciliatio</strong></span> <span class='ocrx_word' id='word_1_574' title='bbox 2824 1567 3133 1637; x_wconf 82' lang='lat' dir='ltr'><strong>conjugum.</strong></span> <span class='ocrx_word' id='word_1_575' title='bbox 3154 1568 3243 1621; x_wconf 91' lang='lat' dir='ltr'><strong>ubi</strong></span> <span class='ocrx_word' id='word_1_576' title='bbox 3273 1582 3367 1637; x_wconf 87' lang='lat' dir='ltr'><strong>per</strong></span> <span class='ocrx_word' id='word_1_577' title='bbox 3387 1567 3594 1622; x_wconf 74' lang='lat' dir='ltr'><strong>claves</strong></span> <span class='ocrx_word' id='word_1_578' title='bbox 3624 1567 3775 1637; x_wconf 71' lang='lat' dir='ltr'><strong>regni</strong></span> 
     </span>
    </p>
   </div>
   <div class='ocr_carea' id='block_1_77' title="bbox 2154 1662 3775 1731">
    <p class='ocr_par' dir='ltr' id='par_1_77' title="bbox 2154 1662 3775 1731">
     <span class='ocr_line' id='line_1_77' title="bbox 2154 1662 3775 1731; baseline -0.003 -10"><span class='ocrx_word' id='word_1_579' title='bbox 2154 1668 2411 1722; x_wconf 58' lang='lat' dir='ltr'><strong>caelorum</strong></span> <span class='ocrx_word' id='word_1_580' title='bbox 2457 1680 2560 1719; x_wconf 93' lang='lat' dir='ltr'><strong>non</strong></span> <span class='ocrx_word' id='word_1_581' title='bbox 2604 1664 2878 1718; x_wconf 90' lang='lat' dir='ltr'><strong>dubitatur</strong></span> <span class='ocrx_word' id='word_1_582' title='bbox 2916 1662 3035 1717; x_wconf 86' lang='lat' dir='ltr'><strong>ﬁeri</strong></span> <span class='ocrx_word' id='word_1_583' title='bbox 3079 1662 3325 1717; x_wconf 87' lang='lat' dir='ltr'><strong>remissio</strong></span> <span class='ocrx_word' id='word_1_584' title='bbox 3368 1671 3775 1731; x_wconf 80' lang='lat' dir='ltr'><strong>peccatorum:</strong></span> 
     </span>
    </p>
   </div>
   <div class='ocr_carea' id='block_1_78' title="bbox 2157 1753 3779 1826">
    <p class='ocr_par' dir='ltr' id='par_1_78' title="bbox 2157 1753 3779 1826">
     <span class='ocr_line' id='line_1_78' title="bbox 2157 1753 3779 1826; baseline -0.004 -13"><span class='ocrx_word' id='word_1_585' title='bbox 2157 1774 2262 1813; x_wconf 88' lang='lat' dir='ltr'><strong>non</strong></span> <span class='ocrx_word' id='word_1_586' title='bbox 2287 1766 2344 1812; x_wconf 91' lang='lat' dir='ltr'><strong>ut</strong></span> <span class='ocrx_word' id='word_1_587' title='bbox 2372 1766 2494 1826; x_wconf 82' lang='lat' dir='ltr'><strong>post</strong></span> <span class='ocrx_word' id='word_1_588' title='bbox 2519 1756 2621 1809; x_wconf 91' lang='lat' dir='ltr'><strong>viri</strong></span> <span class='ocrx_word' id='word_1_589' title='bbox 2658 1754 2943 1809; x_wconf 88' lang='lat' dir='ltr'><strong>divortium</strong></span> <span class='ocrx_word' id='word_1_590' title='bbox 2972 1753 3211 1809; x_wconf 88' lang='lat' dir='ltr'><strong>adultera</strong></span> <span class='ocrx_word' id='word_1_591' title='bbox 3238 1762 3558 1817; x_wconf 87' lang='lat' dir='ltr'><strong>revocetur,</strong></span> <span class='ocrx_word' id='word_1_592' title='bbox 3589 1753 3693 1808; x_wconf 86' lang='lat' dir='ltr'><strong>sed</strong></span> <span class='ocrx_word' id='word_1_593' title='bbox 3728 1764 3779 1807; x_wconf 85' lang='lat' dir='ltr'><strong>ut</strong></span> 
     </span>
    </p>
   </div>
   <div class='ocr_carea' id='block_1_79' title="bbox 2159 1842 3775 1920">
    <p class='ocr_par' dir='ltr' id='par_1_79' title="bbox 2159 1842 3775 1920">
     <span class='ocr_line' id='line_1_79' title="bbox 2159 1842 3775 1920; baseline -0.005 -16"><span class='ocrx_word' id='word_1_594' title='bbox 2159 1858 2281 1920; x_wconf 87' lang='lat' dir='ltr'><strong>post</strong></span> <span class='ocrx_word' id='word_1_595' title='bbox 2304 1847 2501 1903; x_wconf 85' lang='lat' dir='ltr'><strong>Christi</strong></span> <span class='ocrx_word' id='word_1_596' title='bbox 2526 1846 2854 1902; x_wconf 90' lang='lat' dir='ltr'><strong>consortium</strong></span> <span class='ocrx_word' id='word_1_597' title='bbox 2885 1845 3123 1899; x_wconf 88' lang='lat' dir='ltr'><strong>adultera</strong></span> <span class='ocrx_word' id='word_1_598' title='bbox 3150 1860 3253 1898; x_wconf 91' lang='lat' dir='ltr'><strong>non</strong></span> <span class='ocrx_word' id='word_1_599' title='bbox 3285 1853 3546 1899; x_wconf 83' lang='lat' dir='ltr'><strong>vocetur.</strong></span> <span class='ocrx_word' id='word_1_600' title='bbox 3576 1842 3775 1898; x_wconf 79' lang='lat' dir='ltr'><strong>Verum</strong></span> 
     </span>
    </p>
   </div>
   <div class='ocr_carea' id='block_1_80' title="bbox 2159 1934 3778 2007">
    <p class='ocr_par' dir='ltr' id='par_1_80' title="bbox 2159 1934 3778 2007">
     <span class='ocr_line' id='line_1_80' title="bbox 2159 1934 3778 2007; baseline -0.004 -12"><span class='ocrx_word' id='word_1_601' title='bbox 2159 1955 2285 1996; x_wconf 92' lang='lat' dir='ltr'><strong>ecce</strong></span> <span class='ocrx_word' id='word_1_602' title='bbox 2315 1954 2423 1993; x_wconf 88' lang='lat' dir='ltr'><strong>non</strong></span> <span class='ocrx_word' id='word_1_603' title='bbox 2455 1940 2563 2003; x_wconf 83' lang='lat' dir='ltr'><strong>fiat,</strong></span> <span class='ocrx_word' id='word_1_604' title='bbox 2598 1952 2758 1992; x_wconf 91' lang='lat' dir='ltr'><strong>nemo</strong></span> <span class='ocrx_word' id='word_1_605' title='bbox 2797 1937 3091 2007; x_wconf 90' lang='lat' dir='ltr'><strong>compellit,</strong></span> <span class='ocrx_word' id='word_1_606' title='bbox 3127 1936 3251 2005; x_wconf 85' lang='lat' dir='ltr'><strong>quia</strong></span> <span class='ocrx_word' id='word_1_607' title='bbox 3285 1934 3429 1989; x_wconf 91' lang='lat' dir='ltr'><strong>forte</strong></span> <span class='ocrx_word' id='word_1_608' title='bbox 3475 1935 3572 1990; x_wconf 78' lang='lat' dir='ltr'><strong>lex</strong></span> <span class='ocrx_word' id='word_1_609' title='bbox 3605 1936 3778 2005; x_wconf 81' lang='lat' dir='ltr'><strong>aliqua</strong></span> 
     </span>
    </p>
   </div>
   <div class='ocr_carea' id='block_1_81' title="bbox 2164 2026 3776 2101">
    <p class='ocr_par' dir='ltr' id='par_1_81' title="bbox 2164 2026 3776 2101">
     <span class='ocr_line' id='line_1_81' title="bbox 2164 2026 3776 2101; baseline -0.004 -15"><span class='ocrx_word' id='word_1_610' title='bbox 2164 2032 2321 2101; x_wconf 91' lang='lat' dir='ltr'><strong>hujus</strong></span> <span class='ocrx_word' id='word_1_611' title='bbox 2350 2031 2535 2086; x_wconf 66' lang='lat' dir='ltr'><strong>surculi</strong></span> <span class='ocrx_word' id='word_1_612' title='bbox 2569 2037 2717 2084; x_wconf 86' lang='lat' dir='ltr'><strong>vetat</strong></span> <span class='ocrx_word' id='word_1_613' title='bbox 2752 2027 3046 2084; x_wconf 90' lang='lat' dir='ltr'><strong>secundum</strong></span> <span class='ocrx_word' id='word_1_614' title='bbox 3089 2034 3313 2081; x_wconf 61' lang='lat' dir='ltr'><strong>terrenae</strong></span> <span class='ocrx_word' id='word_1_615' title='bbox 3358 2026 3617 2081; x_wconf 85' lang='lat' dir='ltr'><strong>civitatis</strong></span> <span class='ocrx_word' id='word_1_616' title='bbox 3660 2041 3776 2079; x_wconf 87' lang='lat' dir='ltr'><strong>mo-</strong></span> 
     </span>
    </p>
   </div>
   <div class='ocr_carea' id='block_1_82' title="bbox 2162 2118 3778 2192">
    <p class='ocr_par' dir='ltr' id='par_1_82' title="bbox 2162 2118 3778 2192">
     <span class='ocr_line' id='line_1_82' title="bbox 2162 2118 3778 2192; baseline -0.005 -13"><span class='ocrx_word' id='word_1_617' title='bbox 2162 2122 2311 2188; x_wconf 90' lang='lat' dir='ltr'><strong>dum,</strong></span> <span class='ocrx_word' id='word_1_618' title='bbox 2336 2122 2429 2177; x_wconf 90' lang='lat' dir='ltr'><strong>uhi</strong></span> <span class='ocrx_word' id='word_1_619' title='bbox 2460 2121 2687 2192; x_wconf 87' lang='lat' dir='ltr'><strong>cogitata</strong></span> <span class='ocrx_word' id='word_1_620' title='bbox 2716 2135 2821 2175; x_wconf 90' lang='lat' dir='ltr'><strong>non</strong></span> <span class='ocrx_word' id='word_1_621' title='bbox 2849 2128 2931 2174; x_wconf 89' lang='lat' dir='ltr'><strong>est</strong></span> <span class='ocrx_word' id='word_1_622' title='bbox 2958 2119 3177 2174; x_wconf 86' lang='lat' dir='ltr'><strong>abolitio</strong></span> <span class='ocrx_word' id='word_1_623' title='bbox 3206 2118 3506 2173; x_wconf 87' lang='lat' dir='ltr'><strong>criminum</strong></span> <span class='ocrx_word' id='word_1_624' title='bbox 3538 2133 3642 2187; x_wconf 82' lang='lat' dir='ltr'><strong>per</strong></span> <span class='ocrx_word' id='word_1_625' title='bbox 3660 2133 3778 2171; x_wconf 81' lang='lat' dir='ltr'><strong>san-</strong></span> 
     </span>
    </p>
   </div>
   <div class='ocr_carea' id='block_1_83' title="bbox 2163 2212 3774 2289">
    <p class='ocr_par' dir='ltr' id='par_1_83' title="bbox 2163 2212 3774 2289">
     <span class='ocr_line' id='line_1_83' title="bbox 2163 2212 3774 2289; baseline -0.006 -16"><span class='ocrx_word' id='word_1_626' title='bbox 2163 2219 2376 2289; x_wconf 88' lang='lat' dir='ltr'><strong>guinem</strong></span> <span class='ocrx_word' id='word_1_627' title='bbox 2406 2225 2668 2271; x_wconf 79' lang='lat' dir='ltr'><strong>sanctum.</strong></span> <span class='ocrx_word' id='word_1_628' title='bbox 2701 2214 3041 2283; x_wconf 88' lang='lat' dir='ltr'><strong>Suscipiatur</strong></span> <span class='ocrx_word' id='word_1_629' title='bbox 3067 2227 3195 2283; x_wconf 84' lang='lat' dir='ltr'><strong>ergo</strong></span> <span class='ocrx_word' id='word_1_630' title='bbox 3224 2212 3598 2275; x_wconf 84' lang='lat' dir='ltr'><strong>continentia,</strong></span> <span class='ocrx_word' id='word_1_631' title='bbox 3628 2227 3774 2280; x_wconf 86' lang='lat' dir='ltr'><strong>quam</strong></span> 
     </span>
    </p>
   </div>
   <div class='ocr_carea' id='block_1_84' title="bbox 2166 2304 3777 2378">
    <p class='ocr_par' dir='ltr' id='par_1_84' title="bbox 2166 2304 3777 2378">
     <span class='ocr_line' id='line_1_84' title="bbox 2166 2304 3777 2378; baseline -0.004 -14"><span class='ocrx_word' id='word_1_632' title='bbox 2166 2310 2312 2364; x_wconf 91' lang='lat' dir='ltr'><strong>nulla</strong></span> <span class='ocrx_word' id='word_1_633' title='bbox 2342 2308 2428 2363; x_wconf 81' lang='lat' dir='ltr'><strong>lex</strong></span> <span class='ocrx_word' id='word_1_634' title='bbox 2461 2308 2741 2378; x_wconf 89' lang='lat' dir='ltr'><strong>prohibet;</strong></span> <span class='ocrx_word' id='word_1_635' title='bbox 2788 2307 2841 2361; x_wconf 90' lang='lat' dir='ltr'><strong>in</strong></span> <span class='ocrx_word' id='word_1_636' title='bbox 2886 2306 2987 2360; x_wconf 90' lang='lat' dir='ltr'><strong>alia</strong></span> <span class='ocrx_word' id='word_1_637' title='bbox 3035 2320 3141 2359; x_wconf 89' lang='lat' dir='ltr'><strong>non</strong></span> <span class='ocrx_word' id='word_1_638' title='bbox 3180 2313 3332 2359; x_wconf 89' lang='lat' dir='ltr'><strong>eatur</strong></span> <span class='ocrx_word' id='word_1_639' title='bbox 3367 2304 3676 2359; x_wconf 84' lang='lat' dir='ltr'><strong>adulteria.</strong></span> <span class='ocrx_word' id='word_1_640' title='bbox 3722 2305 3777 2357; x_wconf 87' lang='lat' dir='ltr'><strong>Et</strong></span> 
     </span>
    </p>
   </div>
   <div class='ocr_carea' id='block_1_85' title="bbox 2166 2382 3771 2471">
    <p class='ocr_par' dir='ltr' id='par_1_85' title="bbox 2166 2382 3771 2471">
     <span class='ocr_line' id='line_1_85' title="bbox 2166 2382 3771 2471; baseline -0.005 -16"><span class='ocrx_word' id='word_1_641' title='bbox 2166 2399 2297 2471; x_wconf 91' lang='lat' dir='ltr'><strong>quid</strong></span> <span class='ocrx_word' id='word_1_642' title='bbox 2325 2399 2393 2454; x_wconf 87' lang='lat' dir='ltr'><strong>ad</strong></span> <span class='ocrx_word' id='word_1_643' title='bbox 2436 2414 2555 2465; x_wconf 90' lang='lat' dir='ltr'><strong>nos,</strong></span> <span class='ocrx_word' id='word_1_644' title='bbox 2587 2399 2633 2453; x_wconf 93' lang='lat' dir='ltr'><strong>si</strong></span> <span class='ocrx_word' id='word_1_645' title='bbox 2666 2413 2763 2453; x_wconf 91' lang='lat' dir='ltr'><strong>nec</strong></span> <span class='ocrx_word' id='word_1_646' title='bbox 2797 2382 3191 2451; x_wconf 56' lang='lat' dir='ltr'><strong>saltem&#39;divina</strong></span> <span class='ocrx_word' id='word_1_647' title='bbox 3226 2396 3597 2450; x_wconf 73' lang='lat' dir='ltr'><strong>miseratione</strong></span> <span class='ocrx_word' id='word_1_648' title='bbox 3626 2412 3771 2449; x_wconf 88' lang='lat' dir='ltr'><strong>mun-</strong></span> 
     </span>
    </p>
   </div>
   <div class='ocr_carea' id='block_1_86' title="bbox 2167 2489 3771 2565">
    <p class='ocr_par' dir='ltr' id='par_1_86' title="bbox 2167 2489 3771 2565">
     <span class='ocr_line' id='line_1_86' title="bbox 2167 2489 3771 2565; baseline -0.006 -16"><span class='ocrx_word' id='word_1_649' title='bbox 2167 2493 2290 2549; x_wconf 89' lang='lat' dir='ltr'><strong>data</strong></span> <span class='ocrx_word' id='word_1_650' title='bbox 2334 2493 2527 2547; x_wconf 88' lang='lat' dir='ltr'><strong>marito</strong></span> <span class='ocrx_word' id='word_1_651' title='bbox 2554 2490 2957 2546; x_wconf 73' lang='lat' dir='ltr'><strong>reconcilietur1</strong></span> <span class='ocrx_word' id='word_1_652' title='bbox 2984 2489 3245 2553; x_wconf 86' lang='lat' dir='ltr'><strong>adultera,</strong></span> <span class='ocrx_word' id='word_1_653' title='bbox 3272 2489 3396 2542; x_wconf 88' lang='lat' dir='ltr'><strong>dum</strong></span> <span class='ocrx_word' id='word_1_654' title='bbox 3442 2496 3645 2565; x_wconf 78' lang='lat' dir='ltr'><strong>tamen</strong></span> <span class='ocrx_word' id='word_1_655' title='bbox 3675 2505 3771 2541; x_wconf 89' lang='lat' dir='ltr'><strong>non</strong></span> 
     </span>
    </p>
   </div>
   <div class='ocr_carea' id='block_1_87' title="bbox 2169 2581 3771 2651">
    <p class='ocr_par' dir='ltr' id='par_1_87' title="bbox 2169 2581 3771 2651">
     <span class='ocr_line' id='line_1_87' title="bbox 2169 2581 3771 2651; baseline -0.004 -11"><span class='ocrx_word' id='word_1_656' title='bbox 2169 2584 2524 2640; x_wconf 86' lang='lat' dir='ltr'><strong>reconciliatis</strong></span> <span class='ocrx_word' id='word_1_657' title='bbox 2551 2582 2828 2645; x_wconf 86' lang='lat' dir='ltr'><strong>adulteris,</strong></span> <span class='ocrx_word' id='word_1_658' title='bbox 2854 2598 2960 2636; x_wconf 93' lang='lat' dir='ltr'><strong>non</strong></span> <span class='ocrx_word' id='word_1_659' title='bbox 2989 2582 3089 2635; x_wconf 87' lang='lat' dir='ltr'><strong>alia</strong></span> <span class='ocrx_word' id='word_1_660' title='bbox 3133 2583 3261 2635; x_wconf 87' lang='lat' dir='ltr'><strong>liant</strong></span> <span class='ocrx_word' id='word_1_661' title='bbox 3287 2581 3445 2651; x_wconf 86' lang='lat' dir='ltr'><strong>quasi</strong></span> <span class='ocrx_word' id='word_1_662' title='bbox 3484 2581 3771 2643; x_wconf 81' lang='lat' dir='ltr'><strong>connubia,</strong></span> 
     </span>
    </p>
   </div>
   <div class='ocr_carea' id='block_1_88' title="bbox 2171 2672 3777 2761">
    <p class='ocr_par' dir='ltr' id='par_1_88' title="bbox 2171 2672 3777 2761">
     <span class='ocr_line' id='line_1_88' title="bbox 2171 2672 3777 2761; baseline -0.005 -30"><span class='ocrx_word' id='word_1_663' title='bbox 2171 2692 2289 2747; x_wconf 77' lang='lat' dir='ltr'><strong>qua:</strong></span> <span class='ocrx_word' id='word_1_664' title='bbox 2313 2676 2711 2731; x_wconf 88' lang='lat' dir='ltr'><strong>convincuntur</strong></span> <span class='ocrx_word' id='word_1_665' title='bbox 2745 2688 2867 2761; x_wconf 44' lang='lat' dir='ltr'><strong>esse</strong></span> <span class='ocrx_word' id='word_1_666' title='bbox 2906 2672 3204 2727; x_wconf 80' lang='lat' dir='ltr'><strong>adulteria?</strong></span> <span class='ocrx_word' id='word_1_667' title='bbox 3248 2672 3439 2726; x_wconf 82' lang='lat' dir='ltr'><strong>Mulier</strong></span> <span class='ocrx_word' id='word_1_668' title='bbox 3483 2673 3641 2728; x_wconf 86' lang='lat' dir='ltr'><strong>enim</strong></span> <span class='ocrx_word' id='word_1_669' title='bbox 3669 2674 3777 2724; x_wconf 86' lang='lat' dir='ltr'><strong>alli-</strong></span> 
     </span>
    </p>
   </div>
   <div class='ocr_carea' id='block_1_89' title="bbox 2172 2762 3777 2838">
    <p class='ocr_par' dir='ltr' id='par_1_89' title="bbox 2172 2762 3777 2838">
     <span class='ocr_line' id='line_1_89' title="bbox 2172 2762 3777 2838; baseline -0.001 -18"><span class='ocrx_word' id='word_1_670' title='bbox 2172 2776 2291 2838; x_wconf 86' lang='lat' dir='ltr'><strong>gata</strong></span> <span class='ocrx_word' id='word_1_671' title='bbox 2323 2776 2413 2832; x_wconf 85' lang='lat' dir='ltr'><strong>est,</strong></span> <span class='ocrx_word' id='word_1_672' title='bbox 2442 2766 2686 2836; x_wconf 85' lang='lat' dir='ltr'><strong>quamdiu</strong></span> <span class='ocrx_word' id='word_1_673' title='bbox 2715 2766 2790 2819; x_wconf 87' lang='lat' dir='ltr'><strong>vir</strong></span> <span class='ocrx_word' id='word_1_674' title='bbox 2825 2766 2933 2836; x_wconf 84' lang='lat' dir='ltr'><strong>ejus</strong></span> <span class='ocrx_word' id='word_1_675' title='bbox 2972 2765 3087 2817; x_wconf 88' lang='lat' dir='ltr'><strong>vivit</strong></span> <span class='ocrx_word' id='word_1_676' title='bbox 3119 2764 3168 2834; x_wconf 94' lang='grc' dir='ltr'>(Ι</span> <span class='ocrx_word' id='word_1_677' title='bbox 3189 2762 3306 2819; x_wconf 88' lang='lat' dir='ltr'><strong>Cor.</strong></span> <span class='ocrx_word' id='word_1_678' title='bbox 3332 2778 3432 2830; x_wconf 84' lang='lat' dir='ltr'><strong>vn,</strong></span> <span class='ocrx_word' id='word_1_679' title='bbox 3474 2764 3607 2834; x_wconf 80' lang='lat'><strong>39).</strong></span> <span class='ocrx_word' id='word_1_680' title='bbox 3648 2764 3777 2833; x_wconf 78' lang='lat' dir='ltr'><strong>Ergo</strong></span> 
     </span>
    </p>
   </div>
   <div class='ocr_carea' id='block_1_90' title="bbox 2173 2855 3777 2929">
    <p class='ocr_par' dir='ltr' id='par_1_90' title="bbox 2173 2855 3777 2929">
     <span class='ocr_line' id='line_1_90' title="bbox 2173 2855 3777 2929; baseline -0.003 -15"><span class='ocrx_word' id='word_1_681' title='bbox 2173 2867 2569 2929; x_wconf 81' lang='lat' dir='ltr'><strong>consequenter</strong></span> <span class='ocrx_word' id='word_1_682' title='bbox 2612 2868 2666 2913; x_wconf 87' lang='lat' dir='ltr'><strong>et</strong></span> <span class='ocrx_word' id='word_1_683' title='bbox 2709 2858 2792 2911; x_wconf 89' lang='lat' dir='ltr'><strong>vir</strong></span> <span class='ocrx_word' id='word_1_684' title='bbox 2830 2857 3074 2927; x_wconf 87' lang='lat' dir='ltr'><strong>alligatus</strong></span> <span class='ocrx_word' id='word_1_685' title='bbox 3122 2864 3233 2923; x_wconf 89' lang='lat' dir='ltr'><strong>est,</strong></span> <span class='ocrx_word' id='word_1_686' title='bbox 3276 2855 3551 2926; x_wconf 86' lang='lat' dir='ltr'><strong>quamdiu</strong></span> <span class='ocrx_word' id='word_1_687' title='bbox 3599 2858 3777 2911; x_wconf 60' lang='lat' dir='ltr'><strong>malim</strong></span> 
     </span>
    </p>
   </div>
   <div class='ocr_carea' id='block_1_91' title="bbox 2174 2948 3777 3022">
    <p class='ocr_par' dir='ltr' id='par_1_91' title="bbox 2174 2948 3777 3022">
     <span class='ocr_line' id='line_1_91' title="bbox 2174 2948 3777 3022; baseline -0.002 -15"><span class='ocrx_word' id='word_1_688' title='bbox 2174 2952 2292 3022; x_wconf 86' lang='lat' dir='ltr'><strong>ejus</strong></span> <span class='ocrx_word' id='word_1_689' title='bbox 2319 2951 2468 3005; x_wconf 85' lang='lat' dir='ltr'><strong>vivit.</strong></span> <span class='ocrx_word' id='word_1_690' title='bbox 2516 2950 2643 3006; x_wconf 69' lang='lat' dir='ltr'><strong>Haec</strong></span> <span class='ocrx_word' id='word_1_691' title='bbox 2685 2950 2917 3019; x_wconf 78' lang='lat' dir='ltr'><strong>alligatio</strong></span> <span class='ocrx_word' id='word_1_692' title='bbox 2961 2950 3085 3004; x_wconf 91' lang='lat' dir='ltr'><strong>facit</strong></span> <span class='ocrx_word' id='word_1_693' title='bbox 3110 2962 3169 3004; x_wconf 90' lang='lat' dir='ltr'><strong>ut</strong></span> <span class='ocrx_word' id='word_1_694' title='bbox 3196 2948 3312 3003; x_wconf 86' lang='lat' dir='ltr'><strong>aliis</strong></span> <span class='ocrx_word' id='word_1_695' title='bbox 3351 2950 3630 3021; x_wconf 82' lang='lat' dir='ltr'><strong>conjungi</strong></span> <span class='ocrx_word' id='word_1_696' title='bbox 3676 2950 3777 3005; x_wconf 83' lang='lat' dir='ltr'><strong>sine</strong></span> 
     </span>
    </p>
   </div>
   <div class='ocr_carea' id='block_1_92' title="bbox 2174 3038 3779 3111">
    <p class='ocr_par' dir='ltr' id='par_1_92' title="bbox 2174 3038 3779 3111">
     <span class='ocr_line' id='line_1_92' title="bbox 2174 3038 3779 3111; baseline -0.002 -15"><span class='ocrx_word' id='word_1_697' title='bbox 2174 3041 2472 3097; x_wconf 84' lang='lat' dir='ltr'><strong>adulterina</strong></span> <span class='ocrx_word' id='word_1_698' title='bbox 2495 3042 2834 3111; x_wconf 88' lang='lat' dir='ltr'><strong>copulatione</strong></span> <span class='ocrx_word' id='word_1_699' title='bbox 2859 3056 2964 3095; x_wconf 91' lang='lat' dir='ltr'><strong>non</strong></span> <span class='ocrx_word' id='word_1_700' title='bbox 2991 3042 3215 3111; x_wconf 87' lang='lat' dir='ltr'><strong>possint.</strong></span> <span class='ocrx_word' id='word_1_701' title='bbox 3247 3038 3399 3096; x_wconf 91' lang='lat' dir='ltr'><strong>Unde</strong></span> <span class='ocrx_word' id='word_1_702' title='bbox 3430 3056 3680 3096; x_wconf 85' lang='lat' dir='ltr'><strong>necesse</strong></span> <span class='ocrx_word' id='word_1_703' title='bbox 3706 3052 3779 3094; x_wconf 80' lang='lat' dir='ltr'><strong>est</strong></span> 
     </span>
    </p>
   </div>
   <div class='ocr_carea' id='block_1_93' title="bbox 2174 3133 3781 3203">
    <p class='ocr_par' dir='ltr' id='par_1_93' title="bbox 2174 3133 3781 3203">
     <span class='ocr_line' id='line_1_93' title="bbox 2174 3133 3781 3203; baseline -0.001 -14"><span class='ocrx_word' id='word_1_704' title='bbox 2174 3149 2242 3189; x_wconf 79' lang='lat' dir='ltr'><strong>ex</strong></span> <span class='ocrx_word' id='word_1_705' title='bbox 2269 3133 2478 3188; x_wconf 89' lang='lat' dir='ltr'><strong>duobus</strong></span> <span class='ocrx_word' id='word_1_706' title='bbox 2520 3133 2837 3203; x_wconf 81' lang='lat' dir='ltr'><strong>conjugibus</strong></span> <span class='ocrx_word' id='word_1_707' title='bbox 2870 3142 3100 3203; x_wconf 88' lang='lat' dir='ltr'><strong>quatuor</strong></span> <span class='ocrx_word' id='word_1_708' title='bbox 3134 3133 3405 3188; x_wconf 87' lang='lat' dir='ltr'><strong>adulteros</strong></span> <span class='ocrx_word' id='word_1_709' title='bbox 3453 3134 3609 3199; x_wconf 79' lang='lat' dir='ltr'><strong>fieri,</strong></span> <span class='ocrx_word' id='word_1_710' title='bbox 3655 3135 3699 3188; x_wconf 88' lang='lat' dir='ltr'><strong>si</strong></span> <span class='ocrx_word' id='word_1_711' title='bbox 3735 3146 3781 3187; x_wconf 79' lang='lat' dir='ltr'><strong>et</strong></span> 
     </span>
    </p>
   </div>
   <div class='ocr_carea' id='block_1_94' title="bbox 2180 3223 3779 3294">
    <p class='ocr_par' dir='ltr' id='par_1_94' title="bbox 2180 3223 3779 3294">
     <span class='ocr_line' id='line_1_94' title="bbox 2180 3223 3779 3294; baseline 0 -16"><span class='ocrx_word' id='word_1_712' title='bbox 2180 3223 2268 3279; x_wconf 89' lang='lat' dir='ltr'><strong>illa</strong></span> <span class='ocrx_word' id='word_1_713' title='bbox 2290 3224 2441 3279; x_wconf 88' lang='lat' dir='ltr'><strong>alteri</strong></span> <span class='ocrx_word' id='word_1_714' title='bbox 2482 3225 2743 3293; x_wconf 91' lang='lat' dir='ltr'><strong>nupserit,</strong></span> <span class='ocrx_word' id='word_1_715' title='bbox 2772 3233 2827 3280; x_wconf 89' lang='lat' dir='ltr'><strong>et</strong></span> <span class='ocrx_word' id='word_1_716' title='bbox 2854 3225 2942 3280; x_wconf 92' lang='lat' dir='ltr'><strong>ille</strong></span> <span class='ocrx_word' id='word_1_717' title='bbox 2969 3226 3190 3280; x_wconf 88' lang='lat' dir='ltr'><strong>alteram</strong></span> <span class='ocrx_word' id='word_1_718' title='bbox 3220 3225 3495 3279; x_wconf 73' lang='lat' dir='ltr'><strong>duxerit&#39;.</strong></span> <span class='ocrx_word' id='word_1_719' title='bbox 3532 3226 3779 3294; x_wconf 81' lang='lat' dir='ltr'><strong>Quamvis</strong></span> 
     </span>
    </p>
   </div>
   <div class='ocr_carea' id='block_1_95' title="bbox 2176 3304 3776 3388">
    <p class='ocr_par' dir='ltr' id='par_1_95' title="bbox 2176 3304 3776 3388">
     <span class='ocr_line' id='line_1_95' title="bbox 2176 3304 3776 3388; baseline -0.002 -13"><span class='ocrx_word' id='word_1_720' title='bbox 2176 3318 2321 3375; x_wconf 89' lang='lat' dir='ltr'><strong>enim</strong></span> <span class='ocrx_word' id='word_1_721' title='bbox 2368 3304 2680 3373; x_wconf 80' lang='lat' dir='ltr'><strong>sceleratius</strong></span> <span class='ocrx_word' id='word_1_722' title='bbox 2712 3318 3030 3383; x_wconf 69' lang='lat' dir='ltr'><strong>moschetur,</strong></span> <span class='ocrx_word' id='word_1_723' title='bbox 3063 3319 3151 3388; x_wconf 89' lang='lat' dir='ltr'><strong>qui</strong></span> <span class='ocrx_word' id='word_1_724' title='bbox 3194 3334 3299 3371; x_wconf 91' lang='lat' dir='ltr'><strong>non</strong></span> <span class='ocrx_word' id='word_1_725' title='bbox 3327 3332 3498 3373; x_wconf 85' lang='lat' dir='ltr'><strong>causa</strong></span> <span class='ocrx_word' id='word_1_726' title='bbox 3550 3319 3776 3373; x_wconf 78' lang='lat' dir='ltr'><strong>fornica-</strong></span> 
     </span>
    </p>
   </div>
   <div class='ocr_carea' id='block_1_96' title="bbox 2177 3408 3780 3479">
    <p class='ocr_par' dir='ltr' id='par_1_96' title="bbox 2177 3408 3780 3479">
     <span class='ocr_line' id='line_1_96' title="bbox 2177 3408 3780 3479; baseline 0.001 -16"><span class='ocrx_word' id='word_1_727' title='bbox 2177 3408 2340 3464; x_wconf 88' lang='lat' dir='ltr'><strong>tionis</strong></span> <span class='ocrx_word' id='word_1_728' title='bbox 2369 3424 2537 3463; x_wconf 86' lang='lat' dir='ltr'><strong>uxore</strong></span> <span class='ocrx_word' id='word_1_729' title='bbox 2560 3409 2779 3463; x_wconf 89' lang='lat' dir='ltr'><strong>dimissa</strong></span> <span class='ocrx_word' id='word_1_730' title='bbox 2812 3410 3032 3464; x_wconf 89' lang='lat' dir='ltr'><strong>alteram</strong></span> <span class='ocrx_word' id='word_1_731' title='bbox 3057 3408 3232 3472; x_wconf 91' lang='lat' dir='ltr'><strong>ducit;</strong></span> <span class='ocrx_word' id='word_1_732' title='bbox 3265 3410 3405 3478; x_wconf 90' lang='lat' dir='ltr'><strong>quod</strong></span> <span class='ocrx_word' id='word_1_733' title='bbox 3425 3426 3611 3479; x_wconf 87' lang='lat' dir='ltr'><strong>genus</strong></span> <span class='ocrx_word' id='word_1_734' title='bbox 3640 3412 3780 3466; x_wconf 57' lang='lat' dir='ltr'><strong>adul.</strong></span> 
     </span>
    </p>
   </div>
   <div class='ocr_carea' id='block_1_97' title="bbox 2182 3504 3783 3574">
    <p class='ocr_par' dir='ltr' id='par_1_97' title="bbox 2182 3504 3783 3574">
     <span class='ocr_line' id='line_1_97' title="bbox 2182 3504 3783 3574; baseline 0.001 -15"><span class='ocrx_word' id='word_1_735' title='bbox 2182 3504 2297 3559; x_wconf 53' lang='lat' dir='ltr'><strong>serii</strong></span> <span class='ocrx_word' id='word_1_736' title='bbox 2320 3504 2758 3557; x_wconf 86' lang='lat' dir='ltr'><strong>commemoravit</strong></span> <span class='ocrx_word' id='word_1_737' title='bbox 2788 3504 3098 3558; x_wconf 77' lang='lat' dir='ltr'><strong>Mattlueus:</strong></span> <span class='ocrx_word' id='word_1_738' title='bbox 3118 3512 3296 3558; x_wconf 88' lang='lat' dir='ltr'><strong>tamen</strong></span> <span class='ocrx_word' id='word_1_739' title='bbox 3330 3519 3431 3558; x_wconf 92' lang='lat' dir='ltr'><strong>non</strong></span> <span class='ocrx_word' id='word_1_740' title='bbox 3458 3504 3643 3558; x_wconf 88' lang='lat' dir='ltr'><strong>solum</strong></span> <span class='ocrx_word' id='word_1_741' title='bbox 3668 3508 3783 3574; x_wconf 84' lang='lat' dir='ltr'><strong>ipse</strong></span> 
     </span>
    </p>
   </div>
   <div class='ocr_carea' id='block_1_98' title="bbox 2178 3595 3783 3667">
    <p class='ocr_par' dir='ltr' id='par_1_98' title="bbox 2178 3595 3783 3667">
     <span class='ocr_line' id='line_1_98' title="bbox 2178 3595 3783 3667; baseline -0.001 -16"><span class='ocrx_word' id='word_1_742' title='bbox 2178 3595 2498 3659; x_wconf 60' lang='lat' dir='ltr'><strong>moechatur,</strong></span> <span class='ocrx_word' id='word_1_743' title='bbox 2527 3595 2644 3662; x_wconf 87' lang='lat' dir='ltr'><strong>sed,</strong></span> <span class='ocrx_word' id='word_1_744' title='bbox 2691 3596 2848 3650; x_wconf 88' lang='lat' dir='ltr'><strong>sicuti</strong></span> <span class='ocrx_word' id='word_1_745' title='bbox 2868 3606 2950 3651; x_wconf 91' lang='lat' dir='ltr'><strong>est</strong></span> <span class='ocrx_word' id='word_1_746' title='bbox 2987 3595 3127 3666; x_wconf 90' lang='lat' dir='ltr'><strong>apud</strong></span> <span class='ocrx_word' id='word_1_747' title='bbox 3172 3595 3423 3663; x_wconf 86' lang='lat' dir='ltr'><strong>Marcum,</strong></span> <span class='ocrx_word' id='word_1_748' title='bbox 3463 3595 3783 3667; x_wconf 74' lang='lat' dir='ltr'><strong>Quicmque</strong></span> 
     </span>
    </p>
   </div>
   <div class='ocr_carea' id='block_1_99' title="bbox 2179 3688 3781 3753">
    <p class='ocr_par' dir='ltr' id='par_1_99' title="bbox 2179 3688 3781 3753">
     <span class='ocr_line' id='line_1_99' title="bbox 2179 3688 3781 3753; baseline 0 -12"><span class='ocrx_word' id='word_1_749' title='bbox 2179 3688 2427 3742; x_wconf 81' lang='lat' dir='ltr'><strong>dimiserit</strong></span> <span class='ocrx_word' id='word_1_750' title='bbox 2472 3704 2681 3742; x_wconf 80' lang='lat' dir='ltr'><strong>uxorem</strong></span> <span class='ocrx_word' id='word_1_751' title='bbox 2720 3706 2885 3753; x_wconf 83' lang='lat' dir='ltr'><strong>suam,</strong></span> <span class='ocrx_word' id='word_1_752' title='bbox 2922 3698 2968 3743; x_wconf 89' lang='lat' dir='ltr'><strong>et</strong></span> <span class='ocrx_word' id='word_1_753' title='bbox 3011 3689 3167 3743; x_wconf 85' lang='lat' dir='ltr'><strong>aliam</strong></span> <span class='ocrx_word' id='word_1_754' title='bbox 3204 3689 3424 3751; x_wconf 74' lang='lat' dir='ltr'><strong>duxerit,</strong></span> <span class='ocrx_word' id='word_1_755' title='bbox 3471 3690 3781 3744; x_wconf 74' lang='lat' dir='ltr'><strong>adulterium</strong></span> 
     </span>
    </p>
   </div>
   <div class='ocr_carea' id='block_1_100' title="bbox 2180 3783 3779 3854">
    <p class='ocr_par' dir='ltr' id='par_1_100' title="bbox 2180 3783 3779 3854">
     <span class='ocr_line' id='line_1_100' title="bbox 2180 3783 3779 3854; baseline 0.001 -18"><span class='ocrx_word' id='word_1_756' title='bbox 2180 3783 2445 3837; x_wconf 86' lang='lat' dir='ltr'><strong>committit</strong></span> <span class='ocrx_word' id='word_1_757' title='bbox 2468 3800 2621 3854; x_wconf 84' lang='lat' dir='ltr'><strong>super</strong></span> <span class='ocrx_word' id='word_1_758' title='bbox 2645 3799 2796 3848; x_wconf 76' lang='lat' dir='ltr'><strong>eam;</strong></span> <span class='ocrx_word' id='word_1_759' title='bbox 2825 3791 2871 3837; x_wconf 87' lang='lat' dir='ltr'><strong>et</strong></span> <span class='ocrx_word' id='word_1_760' title='bbox 2909 3783 2953 3837; x_wconf 92' lang='lat' dir='ltr'><strong>si</strong></span> <span class='ocrx_word' id='word_1_761' title='bbox 2978 3799 3110 3837; x_wconf 71' lang='lat' dir='ltr'><strong>uxor</strong></span> <span class='ocrx_word' id='word_1_762' title='bbox 3144 3783 3387 3836; x_wconf 88' lang='lat' dir='ltr'><strong>dimiserit</strong></span> <span class='ocrx_word' id='word_1_763' title='bbox 3410 3784 3592 3838; x_wconf 83' lang='lat' dir='ltr'><strong>virum</strong></span> <span class='ocrx_word' id='word_1_764' title='bbox 3621 3801 3779 3846; x_wconf 66' lang='lat' dir='ltr'><strong>mant.</strong></span> 
     </span>
    </p>
   </div>
   <div class='ocr_carea' id='block_1_101' title="bbox 2180 3873 3777 3945">
    <p class='ocr_par' dir='ltr' id='par_1_101' title="bbox 2180 3873 3777 3945">
     <span class='ocr_line' id='line_1_101' title="bbox 2180 3873 3777 3945; baseline -0.002 -15"><span class='ocrx_word' id='word_1_765' title='bbox 2180 3884 2225 3931; x_wconf 90' lang='lat' dir='ltr'><strong>et</strong></span> <span class='ocrx_word' id='word_1_766' title='bbox 2250 3876 2341 3930; x_wconf 84' lang='lat' dir='ltr'><strong>alii</strong></span> <span class='ocrx_word' id='word_1_767' title='bbox 2356 3877 2601 3945; x_wconf 85' lang='lat' dir='ltr'><strong>nupserit,</strong></span> <span class='ocrx_word' id='word_1_768' title='bbox 2626 3874 2903 3929; x_wconf 69' lang='lat' dir='ltr'><strong>nascebatur</strong></span> <span class='ocrx_word' id='word_1_769' title='bbox 2929 3873 3119 3945; x_wconf 81' lang='lat' dir='ltr'><strong>(Marc.</strong></span> <span class='ocrx_word' id='word_1_770' title='bbox 3148 3890 3208 3938; x_wconf 69' lang='grc' dir='ltr'><strong>Χ,</strong></span> <span class='ocrx_word' id='word_1_771' title='bbox 3239 3875 3297 3929; x_wconf 84' lang='lat' dir='ltr'><strong>ll</strong></span> <span class='ocrx_word' id='word_1_772' title='bbox 3324 3883 3373 3927; x_wconf 87' lang='lat' dir='ltr'><strong>et</strong></span> <span class='ocrx_word' id='word_1_773' title='bbox 3396 3873 3494 3944; x_wconf 73' lang='lat'><strong>12)</strong></span> <span class='ocrx_word' id='word_1_774' title='bbox 3519 3893 3535 3935; x_wconf 87' lang='lat'><strong>:</strong></span> <span class='ocrx_word' id='word_1_775' title='bbox 3566 3884 3624 3930; x_wconf 87' lang='lat' dir='ltr'><strong>et</strong></span> <span class='ocrx_word' id='word_1_776' title='bbox 3639 3876 3777 3929; x_wconf 87' lang='lat' dir='ltr'><strong>sicuti</strong></span> 
     </span>
    </p>
   </div>
   <div class='ocr_carea' id='block_1_102' title="bbox 2180 3965 3777 4037">
    <p class='ocr_par' dir='ltr' id='par_1_102' title="bbox 2180 3965 3777 4037">
     <span class='ocr_line' id='line_1_102' title="bbox 2180 3965 3777 4037; baseline -0.002 -15"><span class='ocrx_word' id='word_1_777' title='bbox 2180 3975 2264 4022; x_wconf 88' lang='lat' dir='ltr'><strong>est</strong></span> <span class='ocrx_word' id='word_1_778' title='bbox 2291 3967 2428 4037; x_wconf 84' lang='lat' dir='ltr'><strong>apud</strong></span> <span class='ocrx_word' id='word_1_779' title='bbox 2460 3967 2678 4033; x_wconf 88' lang='lat' dir='ltr'><strong>Lucam,</strong></span> <span class='ocrx_word' id='word_1_780' title='bbox 2705 3966 2884 4020; x_wconf 86' lang='lat' dir='ltr'><strong>Omnis</strong></span> <span class='ocrx_word' id='word_1_781' title='bbox 2924 3966 3008 4036; x_wconf 88' lang='lat' dir='ltr'><strong>qui</strong></span> <span class='ocrx_word' id='word_1_782' title='bbox 3049 3965 3256 4019; x_wconf 88' lang='lat' dir='ltr'><strong>dimittit</strong></span> <span class='ocrx_word' id='word_1_783' title='bbox 3291 3981 3515 4019; x_wconf 72' lang='lat' dir='ltr'><strong>uxorem</strong></span> <span class='ocrx_word' id='word_1_784' title='bbox 3557 3984 3720 4029; x_wconf 71' lang='lat' dir='ltr'><strong>suam,</strong></span> <span class='ocrx_word' id='word_1_785' title='bbox 3740 3977 3777 4019; x_wconf 80' lang='lat' dir='ltr'><strong>ct</strong></span> 
     </span>
    </p>
   </div>
   <div class='ocr_carea' id='block_1_103' title="bbox 2182 4059 3778 4129">
    <p class='ocr_par' dir='ltr' id='par_1_103' title="bbox 2182 4059 3778 4129">
     <span class='ocr_line' id='line_1_103' title="bbox 2182 4059 3778 4129; baseline 0 -16"><span class='ocrx_word' id='word_1_786' title='bbox 2182 4059 2323 4114; x_wconf 88' lang='lat' dir='ltr'><strong>ducit</strong></span> <span class='ocrx_word' id='word_1_787' title='bbox 2349 4060 2579 4124; x_wconf 83' lang='lat' dir='ltr'><strong>alterum,</strong></span> <span class='ocrx_word' id='word_1_788' title='bbox 2606 4060 2923 4124; x_wconf 74' lang='lat' dir='ltr'><strong>moechatur;</strong></span> <span class='ocrx_word' id='word_1_789' title='bbox 2953 4067 3001 4112; x_wconf 88' lang='lat' dir='ltr'><strong>et</strong></span> <span class='ocrx_word' id='word_1_790' title='bbox 3024 4060 3111 4129; x_wconf 84' lang='lat' dir='ltr'><strong>qui</strong></span> <span class='ocrx_word' id='word_1_791' title='bbox 3136 4059 3396 4112; x_wconf 85' lang='lat' dir='ltr'><strong>dimissam</strong></span> <span class='ocrx_word' id='word_1_792' title='bbox 3416 4075 3453 4111; x_wconf 89' lang='lat' dir='ltr'><strong>a</strong></span> <span class='ocrx_word' id='word_1_793' title='bbox 3474 4060 3594 4112; x_wconf 70' lang='lat' dir='ltr'><strong>viro</strong></span> <span class='ocrx_word' id='word_1_794' title='bbox 3626 4061 3778 4114; x_wconf 62' lang='lat' dir='ltr'><strong>dars-</strong></span> 
     </span>
    </p>
   </div>
   <div class='ocr_carea' id='block_1_104' title="bbox 2182 4150 3780 4225">
    <p class='ocr_par' dir='ltr' id='par_1_104' title="bbox 2182 4150 3780 4225">
     <span class='ocr_line' id='line_1_104' title="bbox 2182 4150 3780 4225; baseline 0 -18"><span class='ocrx_word' id='word_1_795' title='bbox 2182 4154 2268 4217; x_wconf 85' lang='lat' dir='ltr'><strong>rit,</strong></span> <span class='ocrx_word' id='word_1_796' title='bbox 2299 4154 2577 4207; x_wconf 70' lang='lat' dir='ltr'><strong>moechatur</strong></span> <span class='ocrx_word' id='word_1_797' title='bbox 2620 4151 2768 4225; x_wconf 87' lang='lat' dir='ltr'><strong>(Luc.</strong></span> <span class='ocrx_word' id='word_1_798' title='bbox 2808 4168 2915 4219; x_wconf 76' lang='lat' dir='ltr'><strong>XVI,</strong></span> <span class='ocrx_word' id='word_1_799' title='bbox 2964 4150 3075 4223; x_wconf 85' lang='grc'><strong>18).</strong></span> <span class='ocrx_word' id='word_1_800' title='bbox 3109 4152 3185 4207; x_wconf 87' lang='lat' dir='ltr'><strong>De</strong></span> <span class='ocrx_word' id='word_1_801' title='bbox 3222 4151 3414 4221; x_wconf 83' lang='lat' dir='ltr'><strong>quibus</strong></span> <span class='ocrx_word' id='word_1_802' title='bbox 3463 4154 3780 4209; x_wconf 71' lang='lat' dir='ltr'><strong>testimoniis</strong></span> 
     </span>
    </p>
   </div>
   <div class='ocr_carea' id='block_1_105' title="bbox 2178 4242 3285 4313">
    <p class='ocr_par' dir='ltr' id='par_1_105' title="bbox 2178 4242 3285 4313">
     <span class='ocr_line' id='line_1_105' title="bbox 2178 4242 3285 4313; baseline -0.003 -14"><span class='ocrx_word' id='word_1_803' title='bbox 2178 4244 2287 4313; x_wconf 88' lang='lat' dir='ltr'><strong>jam</strong></span> <span class='ocrx_word' id='word_1_804' title='bbox 2319 4245 2448 4299; x_wconf 88' lang='lat' dir='ltr'><strong>satis</strong></span> <span class='ocrx_word' id='word_1_805' title='bbox 2479 4244 2531 4298; x_wconf 90' lang='lat' dir='ltr'><strong>in</strong></span> <span class='ocrx_word' id='word_1_806' title='bbox 2562 4243 2703 4298; x_wconf 91' lang='lat' dir='ltr'><strong>libro</strong></span> <span class='ocrx_word' id='word_1_807' title='bbox 2735 4244 3013 4313; x_wconf 91' lang='lat' dir='ltr'><strong>superiore</strong></span> <span class='ocrx_word' id='word_1_808' title='bbox 3036 4242 3285 4298; x_wconf 82' lang='lat' dir='ltr'><strong>disserui.</strong></span> 
     </span>
    </p>
   </div>
   <div class='ocr_carea' id='block_1_106' title="bbox 2254 4335 3781 4406">
    <p class='ocr_par' dir='ltr' id='par_1_106' title="bbox 2254 4335 3781 4406">
     <span class='ocr_line' id='line_1_106' title="bbox 2254 4335 3781 4406; baseline -0.001 -14"><span class='ocrx_word' id='word_1_809' title='bbox 2254 4336 2482 4393; x_wconf 78' lang='lat' dir='ltr'><strong>CAPUT</strong></span> <span class='ocrx_word' id='word_1_810' title='bbox 2520 4335 2677 4391; x_wconf 80' lang='lat' dir='ltr'><strong>X.—</strong></span> <span class='ocrx_word' id='word_1_811' title='bbox 2714 4337 2770 4392; x_wconf 91' lang='lat'><strong>9.</strong></span> <span class='ocrx_word' id='word_1_812' title='bbox 2811 4335 3244 4391; x_wconf 87' lang='lat' dir='ltr'><strong>Incontinentium</strong></span> <span class='ocrx_word' id='word_1_813' title='bbox 3276 4336 3521 4406; x_wconf 82' lang='lat' dir='ltr'><strong>querelas</strong></span> <span class='ocrx_word' id='word_1_814' title='bbox 3548 4338 3781 4392; x_wconf 68' lang='lat' dir='ltr'><strong>adversus</strong></span> 
     </span>
    </p>
   </div>
   <div class='ocr_carea' id='block_1_107' title="bbox 2185 4427 3778 4500">
    <p class='ocr_par' dir='ltr' id='par_1_107' title="bbox 2185 4427 3778 4500">
     <span class='ocr_line' id='line_1_107' title="bbox 2185 4427 3778 4500; baseline -0.001 -16"><span class='ocrx_word' id='word_1_815' title='bbox 2185 4431 2342 4500; x_wconf 85' lang='lat' dir='ltr'><strong>legem</strong></span> <span class='ocrx_word' id='word_1_816' title='bbox 2379 4428 2565 4484; x_wconf 79' lang='lat' dir='ltr'><strong>Christi</strong></span> <span class='ocrx_word' id='word_1_817' title='bbox 2608 4428 2823 4483; x_wconf 88' lang='lat' dir='ltr'><strong>vetantis</strong></span> <span class='ocrx_word' id='word_1_818' title='bbox 2858 4428 3006 4482; x_wconf 87' lang='lat' dir='ltr'><strong>alteri</strong></span> <span class='ocrx_word' id='word_1_819' title='bbox 3045 4429 3231 4481; x_wconf 86' lang='lat' dir='ltr'><strong>nubere</strong></span> <span class='ocrx_word' id='word_1_820' title='bbox 3270 4427 3488 4481; x_wconf 79' lang='lat' dir='ltr'><strong>dimissa</strong></span> <span class='ocrx_word' id='word_1_821' title='bbox 3532 4429 3778 4488; x_wconf 71' lang='lat' dir='ltr'><strong>adultera.</strong></span> 
     </span>
    </p>
   </div>
   <div class='ocr_carea' id='block_1_108' title="bbox 2184 4520 3779 4591">
    <p class='ocr_par' dir='ltr' id='par_1_108' title="bbox 2184 4520 3779 4591">
     <span class='ocr_line' id='line_1_108' title="bbox 2184 4520 3779 4591; baseline -0.002 -17"><span class='ocrx_word' id='word_1_822' title='bbox 2184 4522 2211 4590; x_wconf 79' lang='lat' dir='ltr'><strong>f</strong></span> <span class='ocrx_word' id='word_1_823' title='bbox 2209 4532 2375 4575; x_wconf 87' lang='lat' dir='ltr'><strong>rustra</strong></span> <span class='ocrx_word' id='word_1_824' title='bbox 2396 4521 2654 4591; x_wconf 86' lang='lat' dir='ltr'><strong>objectari.</strong></span> <span class='ocrx_word' id='word_1_825' title='bbox 2678 4520 2737 4575; x_wconf 87' lang='lat' dir='ltr'><strong>Si</strong></span> <span class='ocrx_word' id='word_1_826' title='bbox 2757 4520 3173 4574; x_wconf 80' lang='lat' dir='ltr'><strong>incontinentiam</strong></span> <span class='ocrx_word' id='word_1_827' title='bbox 3185 4521 3401 4590; x_wconf 76' lang='lat' dir='ltr'><strong>querela:</strong></span> <span class='ocrx_word' id='word_1_828' title='bbox 3418 4521 3779 4581; x_wconf 75' lang='lat' dir='ltr'><strong>adniittantur,</strong></span> 
     </span>
    </p>
   </div>
   <div class='ocr_carea' id='block_1_109' title="bbox 2186 4613 3779 4684">
    <p class='ocr_par' dir='ltr' id='par_1_109' title="bbox 2186 4613 3779 4684">
     <span class='ocr_line' id='line_1_109' title="bbox 2186 4613 3779 4684; baseline -0.001 -17"><span class='ocrx_word' id='word_1_829' title='bbox 2186 4614 2518 4684; x_wconf 87' lang='lat' dir='ltr'><strong>permittenda</strong></span> <span class='ocrx_word' id='word_1_830' title='bbox 2539 4614 2795 4667; x_wconf 80' lang='lat' dir='ltr'><strong>adulteria</strong></span> <span class='ocrx_word' id='word_1_831' title='bbox 2828 4615 2880 4667; x_wconf 86' lang='lat' dir='ltr'><strong>in</strong></span> <span class='ocrx_word' id='word_1_832' title='bbox 2908 4613 3080 4667; x_wconf 88' lang='lat' dir='ltr'><strong>multis</strong></span> <span class='ocrx_word' id='word_1_833' title='bbox 3104 4614 3323 4668; x_wconf 83' lang='lat' dir='ltr'><strong>casibus.</strong></span> <span class='ocrx_word' id='word_1_834' title='bbox 3350 4613 3568 4668; x_wconf 70' lang='lat' dir='ltr'><strong>Iustior</strong></span> <span class='ocrx_word' id='word_1_835' title='bbox 3599 4614 3779 4669; x_wconf 75' lang='lat' dir='ltr'><strong>ridebi-</strong></span> 
     </span>
    </p>
   </div>
   <div class='ocr_carea' id='block_1_110' title="bbox 2186 4705 3779 4777">
    <p class='ocr_par' dir='ltr' id='par_1_110' title="bbox 2186 4705 3779 4777">
     <span class='ocr_line' id='line_1_110' title="bbox 2186 4705 3779 4777; baseline 0 -18"><span class='ocrx_word' id='word_1_836' title='bbox 2186 4716 2268 4760; x_wconf 87' lang='lat' dir='ltr'><strong>tur</strong></span> <span class='ocrx_word' id='word_1_837' title='bbox 2302 4707 2504 4775; x_wconf 85' lang='lat' dir='ltr'><strong>querela</strong></span> <span class='ocrx_word' id='word_1_838' title='bbox 2549 4705 2772 4761; x_wconf 82' lang='lat' dir='ltr'><strong>mulieris</strong></span> <span class='ocrx_word' id='word_1_839' title='bbox 2803 4716 2982 4776; x_wconf 71' lang='lat' dir='ltr'><strong>pra&#39;ter</strong></span> <span class='ocrx_word' id='word_1_840' title='bbox 3027 4708 3411 4777; x_wconf 80' lang='lat' dir='ltr'><strong>fornicationem</strong></span> <span class='ocrx_word' id='word_1_841' title='bbox 3459 4709 3698 4763; x_wconf 61' lang='lat' dir='ltr'><strong>dimissa</strong></span> <span class='ocrx_word' id='word_1_842' title='bbox 3737 4718 3779 4759; x_wconf 80' lang='lat' dir='ltr'><strong>ct</strong></span> 
     </span>
    </p>
   </div>
   <div class='ocr_carea' id='block_1_111' title="bbox 2184 4799 3783 4870">
    <p class='ocr_par' dir='ltr' id='par_1_111' title="bbox 2184 4799 3783 4870">
     <span class='ocr_line' id='line_1_111' title="bbox 2184 4799 3783 4870; baseline 0.001 -18"><span class='ocrx_word' id='word_1_843' title='bbox 2184 4800 2371 4852; x_wconf 86' lang='lat' dir='ltr'><strong>nubere</strong></span> <span class='ocrx_word' id='word_1_844' title='bbox 2395 4799 2543 4852; x_wconf 83' lang='lat' dir='ltr'><strong>alteri</strong></span> <span class='ocrx_word' id='word_1_845' title='bbox 2569 4800 2836 4868; x_wconf 83' lang='lat' dir='ltr'><strong>cupientis.</strong></span> <span class='ocrx_word' id='word_1_846' title='bbox 2879 4799 2982 4855; x_wconf 89' lang='lat' dir='ltr'><strong>Sed</strong></span> <span class='ocrx_word' id='word_1_847' title='bbox 3016 4799 3311 4870; x_wconf 84' lang='lat' dir='ltr'><strong>respondes</strong></span> <span class='ocrx_word' id='word_1_848' title='bbox 3351 4799 3489 4855; x_wconf 86' lang='lat' dir='ltr'><strong>mihi</strong></span> <span class='ocrx_word' id='word_1_849' title='bbox 3521 4820 3534 4855; x_wconf 94' lang='lat'><strong>:</strong></span> <span class='ocrx_word' id='word_1_850' title='bbox 3570 4802 3783 4856; x_wconf 70' lang='lat' dir='ltr'><strong>«Conti-</strong></span> 
     </span>
    </p>
   </div>
   <div class='ocr_carea' id='block_1_112' title="bbox 2191 4892 3783 4963">
    <p class='ocr_par' dir='ltr' id='par_1_112' title="bbox 2191 4892 3783 4963">
     <span class='ocr_line' id='line_1_112' title="bbox 2191 4892 3783 4963; baseline 0.001 -19"><span class='ocrx_word' id='word_1_851' title='bbox 2191 4909 2211 4944; x_wconf 72' lang='grc' dir='ltr'>ι</span> <span class='ocrx_word' id='word_1_852' title='bbox 2246 4900 2436 4947; x_wconf 90' lang='lat' dir='ltr'><strong>neuter</strong></span> <span class='ocrx_word' id='word_1_853' title='bbox 2469 4892 2650 4948; x_wconf 88' lang='lat' dir='ltr'><strong>vivere</strong></span> <span class='ocrx_word' id='word_1_854' title='bbox 2673 4907 2964 4962; x_wconf 87' lang='lat' dir='ltr'><strong>paucorum</strong></span> <span class='ocrx_word' id='word_1_855' title='bbox 2994 4900 3109 4956; x_wconf 88' lang='lat' dir='ltr'><strong>est;</strong></span> <span class='ocrx_word' id='word_1_856' title='bbox 3152 4900 3208 4947; x_wconf 92' lang='lat' dir='ltr'><strong>et</strong></span> <span class='ocrx_word' id='word_1_857' title='bbox 3237 4892 3360 4947; x_wconf 91' lang='lat' dir='ltr'><strong>ideo</strong></span> <span class='ocrx_word' id='word_1_858' title='bbox 3384 4895 3479 4963; x_wconf 86' lang='lat' dir='ltr'><strong>qui</strong></span> <span class='ocrx_word' id='word_1_859' title='bbox 3512 4893 3783 4949; x_wconf 79' lang='lat' dir='ltr'><strong>fornican-</strong></span> 
     </span>
    </p>
   </div>
   <div class='ocr_carea' id='block_1_113' title="bbox 2192 4983 3783 5056">
    <p class='ocr_par' dir='ltr' id='par_1_113' title="bbox 2192 4983 3783 5056">
     <span class='ocr_line' id='line_1_113' title="bbox 2192 4983 3783 5056; baseline 0.003 -21"><span class='ocrx_word' id='word_1_860' title='bbox 2192 5002 2210 5035; x_wconf 74' lang='grc' dir='ltr'>ι</span> <span class='ocrx_word' id='word_1_861' title='bbox 2246 4992 2328 5040; x_wconf 90' lang='lat' dir='ltr'><strong>tes</strong></span> <span class='ocrx_word' id='word_1_862' title='bbox 2361 4983 2618 5056; x_wconf 90' lang='lat' dir='ltr'><strong>conjuges</strong></span> <span class='ocrx_word' id='word_1_863' title='bbox 2642 4985 2983 5049; x_wconf 89' lang='lat' dir='ltr'><strong>dimiserunt,</strong></span> <span class='ocrx_word' id='word_1_864' title='bbox 3011 4985 3263 5056; x_wconf 89' lang='lat' dir='ltr'><strong>quoniam</strong></span> <span class='ocrx_word' id='word_1_865' title='bbox 3293 5000 3403 5040; x_wconf 92' lang='lat' dir='ltr'><strong>non</strong></span> <span class='ocrx_word' id='word_1_866' title='bbox 3430 4996 3669 5055; x_wconf 84' lang='lat' dir='ltr'><strong>possunt</strong></span> <span class='ocrx_word' id='word_1_867' title='bbox 3706 5001 3783 5039; x_wconf 81' lang='lat' dir='ltr'><strong>re-</strong></span> 
     </span>
    </p>
   </div>
   <div class='ocr_carea' id='block_1_114' title="bbox 2191 5077 3782 5149">
    <p class='ocr_par' dir='ltr' id='par_1_114' title="bbox 2191 5077 3782 5149">
     <span class='ocr_line' id='line_1_114' title="bbox 2191 5077 3782 5149; baseline 0 -21"><span class='ocrx_word' id='word_1_868' title='bbox 2191 5094 2213 5128; x_wconf 77' lang='lat' dir='ltr'><strong>i</strong></span> <span class='ocrx_word' id='word_1_869' title='bbox 2244 5078 2541 5143; x_wconf 87' lang='lat' dir='ltr'><strong>conciliari,</strong></span> <span class='ocrx_word' id='word_1_870' title='bbox 2584 5087 2789 5133; x_wconf 88' lang='lat' dir='ltr'><strong>tantum</strong></span> <span class='ocrx_word' id='word_1_871' title='bbox 2820 5092 2880 5133; x_wconf 89' lang='lat' dir='ltr'><strong>se</strong></span> <span class='ocrx_word' id='word_1_872' title='bbox 2920 5077 3104 5133; x_wconf 89' lang='lat' dir='ltr'><strong>vident</strong></span> <span class='ocrx_word' id='word_1_873' title='bbox 3150 5077 3465 5147; x_wconf 88' lang='lat' dir='ltr'><strong>periclitari,</strong></span> <span class='ocrx_word' id='word_1_874' title='bbox 3511 5088 3574 5133; x_wconf 90' lang='lat' dir='ltr'><strong>ut</strong></span> <span class='ocrx_word' id='word_1_875' title='bbox 3619 5078 3782 5149; x_wconf 83' lang='lat' dir='ltr'><strong>legem</strong></span> 
     </span>
    </p>
   </div>
   <div class='ocr_carea' id='block_1_115' title="bbox 2193 5168 3779 5242">
    <p class='ocr_par' dir='ltr' id='par_1_115' title="bbox 2193 5168 3779 5242">
     <span class='ocr_line' id='line_1_115' title="bbox 2193 5168 3779 5242; baseline 0.003 -21"><span class='ocrx_word' id='word_1_876' title='bbox 2193 5187 2211 5221; x_wconf 74' lang='grc' dir='ltr'>ι</span> <span class='ocrx_word' id='word_1_877' title='bbox 2248 5168 2447 5225; x_wconf 90' lang='lat' dir='ltr'><strong>Christi</strong></span> <span class='ocrx_word' id='word_1_878' title='bbox 2478 5186 2584 5225; x_wconf 93' lang='lat' dir='ltr'><strong>non</strong></span> <span class='ocrx_word' id='word_1_879' title='bbox 2611 5171 2918 5237; x_wconf 90' lang='lat' dir='ltr'><strong>humanam,</strong></span> <span class='ocrx_word' id='word_1_880' title='bbox 2950 5171 3043 5226; x_wconf 90' lang='lat' dir='ltr'><strong>sed</strong></span> <span class='ocrx_word' id='word_1_881' title='bbox 3083 5170 3304 5227; x_wconf 84' lang='lat' dir='ltr'><strong>feralem</strong></span> <span class='ocrx_word' id='word_1_882' title='bbox 3346 5173 3726 5242; x_wconf 85' lang='lat' dir='ltr'><strong>pronuntient.</strong></span> <span class='ocrx_word' id='word_1_883' title='bbox 3762 5189 3779 5220; x_wconf 72' lang='grc' dir='ltr'>ι</span> 
     </span>
    </p>
   </div>
   <div class='ocr_carea' id='block_1_116' title="bbox 2185 5262 3783 5334">
    <p class='ocr_par' dir='ltr' id='par_1_116' title="bbox 2185 5262 3783 5334">
     <span class='ocr_line' id='line_1_116' title="bbox 2185 5262 3783 5334; baseline -0.002 -15"><span class='ocrx_word' id='word_1_884' title='bbox 2185 5262 2231 5319; x_wconf 88' lang='grc'>0</span> <span class='ocrx_word' id='word_1_885' title='bbox 2258 5264 2441 5332; x_wconf 84' lang='lat' dir='ltr'><strong>frater,</strong></span> <span class='ocrx_word' id='word_1_886' title='bbox 2479 5273 2735 5334; x_wconf 89' lang='lat' dir='ltr'><strong>quantum</strong></span> <span class='ocrx_word' id='word_1_887' title='bbox 2770 5264 2836 5319; x_wconf 91' lang='lat' dir='ltr'><strong>ad</strong></span> <span class='ocrx_word' id='word_1_888' title='bbox 2878 5264 3279 5319; x_wconf 90' lang='lat' dir='ltr'><strong>incontinentes</strong></span> <span class='ocrx_word' id='word_1_889' title='bbox 3306 5264 3563 5334; x_wconf 86' lang='lat' dir='ltr'><strong>pertinet,</strong></span> <span class='ocrx_word' id='word_1_890' title='bbox 3596 5263 3783 5318; x_wconf 73' lang='lat' dir='ltr'><strong>multas</strong></span> 
     </span>
    </p>
   </div>
   <div class='ocr_carea' id='block_1_117' title="bbox 2185 5356 3778 5428">
    <p class='ocr_par' dir='ltr' id='par_1_117' title="bbox 2185 5356 3778 5428">
     <span class='ocr_line' id='line_1_117' title="bbox 2185 5356 3778 5428; baseline -0.002 -18"><span class='ocrx_word' id='word_1_891' title='bbox 2185 5357 2433 5425; x_wconf 90' lang='lat' dir='ltr'><strong>querelas</strong></span> <span class='ocrx_word' id='word_1_892' title='bbox 2492 5356 2689 5412; x_wconf 89' lang='lat' dir='ltr'><strong>habere</strong></span> <span class='ocrx_word' id='word_1_893' title='bbox 2734 5364 2993 5428; x_wconf 81' lang='lat' dir='ltr'><strong>possunt,</strong></span> <span class='ocrx_word' id='word_1_894' title='bbox 3037 5357 3249 5428; x_wconf 91' lang='lat' dir='ltr'><strong>quibus,</strong></span> <span class='ocrx_word' id='word_1_895' title='bbox 3300 5364 3360 5411; x_wconf 91' lang='lat' dir='ltr'><strong>ut</strong></span> <span class='ocrx_word' id='word_1_896' title='bbox 3400 5356 3559 5423; x_wconf 89' lang='lat' dir='ltr'><strong>dicis,</strong></span> <span class='ocrx_word' id='word_1_897' title='bbox 3616 5358 3778 5427; x_wconf 75' lang='lat' dir='ltr'><strong>legem</strong></span> 
     </span>
    </p>
   </div>
   <div class='ocr_carea' id='block_1_118' title="bbox 2185 5446 3781 5517">
    <p class='ocr_par' dir='ltr' id='par_1_118' title="bbox 2185 5446 3781 5517">
     <span class='ocr_line' id='line_1_118' title="bbox 2185 5446 3781 5517; baseline -0.001 -15"><span class='ocrx_word' id='word_1_898' title='bbox 2185 5446 2383 5503; x_wconf 81' lang='lat' dir='ltr'><strong>Christi</strong></span> <span class='ocrx_word' id='word_1_899' title='bbox 2424 5446 2645 5503; x_wconf 89' lang='lat' dir='ltr'><strong>feralem</strong></span> <span class='ocrx_word' id='word_1_900' title='bbox 2686 5450 3053 5517; x_wconf 84' lang='lat' dir='ltr'><strong>pronuntient,</strong></span> <span class='ocrx_word' id='word_1_901' title='bbox 3100 5464 3210 5503; x_wconf 92' lang='lat' dir='ltr'><strong>non</strong></span> <span class='ocrx_word' id='word_1_902' title='bbox 3254 5448 3569 5503; x_wconf 87' lang='lat' dir='ltr'><strong>humanam.</strong></span> <span class='ocrx_word' id='word_1_903' title='bbox 3610 5449 3683 5503; x_wconf 82' lang='lat' dir='ltr'><strong>Et</strong></span> <span class='ocrx_word' id='word_1_904' title='bbox 3708 5458 3781 5500; x_wconf 51' lang='lat' dir='ltr'><strong>ta-</strong></span> 
     </span>
    </p>
   </div>
   <div class='ocr_carea' id='block_1_119' title="bbox 2185 5539 3778 5612">
    <p class='ocr_par' dir='ltr' id='par_1_119' title="bbox 2185 5539 3778 5612">
     <span class='ocr_line' id='line_1_119' title="bbox 2185 5539 3778 5612; baseline -0.001 -19"><span class='ocrx_word' id='word_1_905' title='bbox 2185 5553 2306 5593; x_wconf 92' lang='lat' dir='ltr'><strong>men</strong></span> <span class='ocrx_word' id='word_1_906' title='bbox 2358 5554 2462 5595; x_wconf 90' lang='lat' dir='ltr'><strong>non</strong></span> <span class='ocrx_word' id='word_1_907' title='bbox 2505 5548 2722 5610; x_wconf 84' lang='lat' dir='ltr'><strong>propter</strong></span> <span class='ocrx_word' id='word_1_908' title='bbox 2762 5540 2882 5596; x_wconf 90' lang='lat' dir='ltr'><strong>illos</strong></span> <span class='ocrx_word' id='word_1_909' title='bbox 2923 5540 3266 5612; x_wconf 83' lang='lat' dir='ltr'><strong>Evangelium</strong></span> <span class='ocrx_word' id='word_1_910' title='bbox 3313 5539 3520 5596; x_wconf 83' lang='lat' dir='ltr'><strong>Christi</strong></span> <span class='ocrx_word' id='word_1_911' title='bbox 3557 5554 3778 5610; x_wconf 56' lang='lat' dir='ltr'><strong>pen-er-</strong></span> 
     </span>
    </p>
   </div>
   <div class='ocr_carea' id='block_1_120' title="bbox 2249 5710 3775 5773">
    <p class='ocr_par' dir='ltr' id='par_1_120' title="bbox 2249 5710 3775 5773">
     <span class='ocr_line' id='line_1_120' title="bbox 2249 5710 3775 5773; baseline 0.003 -13"><span class='ocrx_word' id='word_1_912' title='bbox 2249 5712 2266 5743; x_wconf 86' lang='grc'>¹</span> <span class='ocrx_word' id='word_1_913' title='bbox 2301 5711 2436 5773; x_wconf 80' lang='lat' dir='ltr'><strong>Editi,</strong></span> <span class='ocrx_word' id='word_1_914' title='bbox 2459 5710 2786 5764; x_wconf 72' lang='lat' dir='ltr'><strong>reconcilietur</strong></span> <span class='ocrx_word' id='word_1_915' title='bbox 2809 5729 2840 5764; x_wconf 90' lang='lat' dir='ltr'><strong>a</strong></span> <span class='ocrx_word' id='word_1_916' title='bbox 2866 5724 2978 5765; x_wconf 85' lang='lat' dir='ltr'><strong>Deo.</strong></span> <span class='ocrx_word' id='word_1_917' title='bbox 3024 5722 3073 5766; x_wconf 72' lang='lat' dir='ltr'><strong>At</strong></span> <span class='ocrx_word' id='word_1_918' title='bbox 3093 5723 3193 5764; x_wconf 69' lang='lat' dir='ltr'><strong>Mss.</strong></span> <span class='ocrx_word' id='word_1_919' title='bbox 3221 5728 3317 5763; x_wconf 89' lang='lat' dir='ltr'><strong>non</strong></span> <span class='ocrx_word' id='word_1_920' title='bbox 3340 5714 3547 5773; x_wconf 83' lang='lat' dir='ltr'><strong>addunt,</strong></span> <span class='ocrx_word' id='word_1_921' title='bbox 3587 5728 3622 5763; x_wconf 78' lang='grc' dir='ltr'><em>α</em></span> <span class='ocrx_word' id='word_1_922' title='bbox 3673 5723 3775 5773; x_wconf 71' lang='lat' dir='ltr'><strong>Deo.</strong></span> 
     </span>
    </p>
   </div>
   <div class='ocr_carea' id='block_1_121' title="bbox 2247 5772 3780 5846">
    <p class='ocr_par' dir='ltr' id='par_1_121' title="bbox 2247 5772 3780 5846">
     <span class='ocr_line' id='line_1_121' title="bbox 2247 5772 3780 5846; baseline 0.003 -24"><span class='ocrx_word' id='word_1_923' title='bbox 2247 5772 2403 5846; x_wconf 29' lang='lat' dir='ltr'><strong>[sola</strong></span> <span class='ocrx_word' id='word_1_924' title='bbox 2442 5775 2589 5846; x_wconf 70' lang='lat' dir='ltr'><strong>editio</strong></span> <span class='ocrx_word' id='word_1_925' title='bbox 2623 5782 2753 5846; x_wconf 66' lang='lat' dir='ltr'><strong>Ipv.,</strong></span> <span class='ocrx_word' id='word_1_926' title='bbox 2786 5776 2826 5829; x_wconf 83' lang='lat' dir='ltr'><strong>si</strong></span> <span class='ocrx_word' id='word_1_927' title='bbox 2864 5784 2908 5827; x_wconf 87' lang='lat' dir='ltr'><strong>et</strong></span> <span class='ocrx_word' id='word_1_928' title='bbox 2950 5776 3037 5828; x_wconf 84' lang='lat' dir='ltr'><strong>illa</strong></span> <span class='ocrx_word' id='word_1_929' title='bbox 3076 5774 3297 5827; x_wconf 83' lang='lat' dir='ltr'><strong>adultero</strong></span> <span class='ocrx_word' id='word_1_930' title='bbox 3324 5776 3563 5839; x_wconf 61' lang='lat' dir='ltr'><strong>irrepserat,</strong></span> <span class='ocrx_word' id='word_1_931' title='bbox 3616 5783 3666 5827; x_wconf 76' lang='lat' dir='ltr'><strong>et</strong></span> <span class='ocrx_word' id='word_1_932' title='bbox 3705 5772 3780 5822; x_wconf 68' lang='grc' dir='ltr'><em>ιιιι</em></span> 
     </span>
    </p>
   </div>
   <div class='ocr_carea' id='block_1_122' title="bbox 2186 5834 2690 5887">
    <p class='ocr_par' dir='ltr' id='par_1_122' title="bbox 2186 5834 2690 5887">
     <span class='ocr_line' id='line_1_122' title="bbox 2186 5834 2690 5887; baseline 0.008 -4"><span class='ocrx_word' id='word_1_933' title='bbox 2186 5834 2456 5885; x_wconf 83' lang='lat' dir='ltr'><strong>adulteram</strong></span> <span class='ocrx_word' id='word_1_934' title='bbox 2482 5834 2690 5887; x_wconf 67' lang='lat' dir='ltr'><strong>duxerit.</strong></span> 
     </span>
    </p>
   </div>
  </div>
