3930 6368
176 404 257 462 ιη
1486 398 1689 453 LIBER
1725 395 2103 456 SECUNDUS.

183 531 300 581 tere.
336 515 407 573 vel
446 525 653 570 mutare
690 514 973 569 debemus.
1018 513 1093 568 Te
1139 513 1334 583 quippe
1379 512 1489 565 sola
1538 528 1727 567 eorum

182 612 365 682 querela
391 619 692 679 permovet,
730 608 829 677 qui
867 606 1117 675 conjuges
1161 620 1318 659 causa
1367 602 1733 660 fornicationis

183 702 505 758 intercedente
531 701 836 764 dimittunt,
865 699 910 753 si
933 699 1061 753 alias
1090 697 1285 752 ducere
1330 713 1431 751 non
1456 698 1729 752 sinantur:

183 796 392 862 quoniam
423 793 700 847 continere
725 806 1012 861 paucorum
1041 798 1142 854 est,
1174 800 1332 859 atque
1355 788 1420 843 ad
1449 788 1500 843 id
1537 789 1733 842 debent

185 883 310 939 laude
334 884 594 937 adhortari
622 924 636 946 ,
661 898 766 935 non
796 882 914 950 lege
943 879 1209 950 compelli.
1235 878 1417 949 Itaque
1446 880 1488 939 si
1512 878 1731 933 dimissa

182 974 381 1030 adultera
418 990 521 1027 non
552 974 765 1027 ducitur
807 973 991 1035 altera,
1020 972 1217 1042 justam
1261 971 1556 1040 querelam,
1594 971 1731 1047 sicut

178 1079 331 1135 putas,
362 1069 573 1123 habebit
613 1068 889 1121 hominum
920 1065 1321 1120 ineontinentia.
1370 1063 1474 1119 Sed
1510 1063 1728 1118 attende

170 1170 303 1221 quam
331 1158 472 1228 plura
502 1167 647 1222 sunt,
679 1157 763 1209 ubi
788 1156 832 1209 si
861 1154 1103 1226 querelas
1131 1154 1571 1209 incontinentium
1593 1154 1723 1207 veli-

167 1259 269 1299 mus
294 1248 598 1311 admittere,
629 1260 853 1301 necesse
880 1246 1029 1299 nobis
1056 1249 1157 1299 erit
1193 1244 1449 1298 adulteria
1485 1243 1723 1298 facienda

162 1342 496 1397 permitteret
530 1339 667 1407 Quid
697 1340 741 1393 si
773 1340 912 1392 enim
940 1337 1118 1407 aliquo
1145 1336 1397 1390 diuturno
1423 1346 1475 1390 et
1514 1336 1726 1389 insana-

157 1420 232 1479 lnli
256 1432 443 1484 morbo
471 1430 717 1499 corporis
748 1439 989 1483 teneatur
1018 1427 1208 1495 conjux
1232 1468 1247 1493 ,
1275 1441 1380 1495 quo
1410 1426 1724 1480 concubitus

150 1510 549 1592 impeditur(a)?
583 1520 731 1590 quid,
760 1520 802 1573 si
831 1519 1126 1588 captivitas,
1162 1519 1243 1571 vel
1268 1520 1348 1573 vis
1366 1518 1537 1588 aliqua
1564 1533 1720 1586 sepa-

140 1610 229 1670 τρι,
259 1614 328 1666 ita
380 1622 435 1666 ut
482 1613 616 1665 sciat
660 1612 842 1665 vivere
886 1610 1107 1663 maritus
1156 1624 1396 1675 uxorem,
1425 1608 1578 1677 cujus
1622 1606 1721 1662 sibi

145 1702 270 1771 mnia
311 1704 656 1773 denegatur?
698 1717 957 1757 ceusesne
1008 1700 1332 1754 admittenda
1381 1699 1720 1755 incontinen-

163 1793 248 1849 lium
298 1811 606 1859 murmura,
643 1802 697 1848 et
741 1791 1095 1863 permittenda
1144 1789 1442 1845 adulteria?
1486 1790 1621 1856 Quid
1666 1790 1720 1844 in

166 1885 223 1941 hoc
250 1890 376 1957 ipso
408 1886 554 1940 unde
584 1886 939 1954 interrogatus
986 1892 1068 1937 est
1096 1881 1375 1946 Dominus,
1418 1880 1719 1950 rcSpondit-

158 1990 220 2043 qac
261 1979 389 2032 fieri
423 1993 532 2031 non
562 1976 770 2041 debere,
798 1974 891 2029 sed
920 1973 986 2028 ad
1013 1973 1260 2028 duritiam
1297 1973 1472 2028 cordis
1509 1975 1717 2028 illorum

152 2065 358 2142 Moysen
388 2070 697 2140 permisisse
721 2068 826 2123 dari
856 2067 1093 2122 libellum
1129 2066 1356 2137 repudii,
1389 2076 1440 2123 et
1465 2083 1718 2138 quacum-

146 2172 229 2226 que
263 2176 436 2214 causa
470 2160 728 2215 dimittere
750 2158 1060 2228 conjugem?
1087 2173 1265 2213 nonne
1304 2158 1388 2214 lex
1417 2158 1609 2213 Christi
1638 2160 1719 2214 in-

141 2250 542 2303 continentibus
581 2249 842 2318 displicet,
887 2252 976 2320 qui
1027 2265 1221 2305 uxores
1269 2250 1547 2320 litigiosus,
1581 2252 1720 2320 inju-

134 2342 315 2406 riosas,
358 2343 692 2409 imperiosas,
726 2341 1050 2407 faStidiosas,
1084 2350 1137 2396 et
1164 2342 1228 2395 ad
1267 2343 1595 2397 reddendum
1625 2343 1719 2399 de-

129 2433 275 2490 bitum
306 2435 600 2505 conjugale
637 2436 997 2499 difﬁcillimas,
1032 2436 1253 2505 repudio
1284 2437 1596 2507 interposito
1620 2438 1717 2492 ab-

128 2528 270 2599 jicere
301 2531 518 2597 volunt,
543 2539 598 2584 et
621 2530 817 2585 alteras
844 2529 1077 2584 ducere?
1118 2530 1233 2585 lam
1262 2546 1411 2601 ergo,
1444 2531 1565 2600 quia
1588 2532 1718 2585 isto-

128 2635 220 2674 rum
252 2622 652 2675 incontinentia
697 2620 871 2691 legem
917 2621 1113 2675 Christi
1163 2622 1387 2690 horruit,
1419 2620 1487 2676 ad
1530 2636 1715 2678 eorum

131 2714 189 2769 lex
221 2714 425 2769 Christi
453 2714 743 2768 arbitrium
770 2713 1144 2767 commutanda
1174 2714 1295 2770 est?

182 2807 271 2862 10.
312 2806 431 2861 Jam
466 2822 631 2876 porro
656 2808 702 2860 si
731 2807 982 2860 maritum
1014 2806 1279 2876 relinquat
1308 2822 1459 2871 uxor,
1494 2806 1575 2861 vel
1604 2820 1715 2860 ma-

136 2898 251 2952 ritus
274 2913 519 2962 uxorem,
541 2915 649 2952 non
674 2913 839 2952 causa
870 2897 1252 2963 fornicationis,
1275 2897 1367 2953 sed
1397 2899 1569 2967 potius
1588 2912 1718 2952 con-

138 2990 378 3058 linenli’x,
398 2993 571 3061 sitque
604 2991 942 3045 incontinens
961 2991 1044 3044 cui
1072 2991 1348 3059 repudium
1376 2999 1590 3060 propter
1616 2992 1718 3046 hoc

140 3080 303 3149 datur;
331 3099 515 3153 quaero
541 3096 720 3137 utrum
753 3099 863 3139 non
899 3084 1001 3139 erit
1029 3084 1238 3139 adulter
1260 3085 1342 3140 vel
1380 3085 1641 3151 adultera,
1668 3086 1714 3140 si

146 3172 276 3226 alteri
303 3176 617 3243 copuletur?
656 3175 737 3239 Si,
764 3175 881 3230 Non
909 3180 1033 3241 erit,
1063 3175 1285 3242 dicitur;
1320 3177 1543 3231 Domino
1579 3191 1712 3231 con-

151 3266 420 3332 tradicitur,
466 3268 618 3337 cujus
647 3268 767 3323 haec
794 3269 958 3324 verba
985 3278 1110 3323 sunt
1136 3286 1148 3321 :
1181 3268 1387 3322 Dictum
1426 3278 1497 3324 est
1524 3279 1710 3336 autent,

156 3356 441 3428 Quicumque
480 3359 724 3413 dimiserit
750 3377 960 3415 uxorem
985 3377 1148 3427 suam,
1179 3360 1261 3414 det
1286 3361 1362 3414 illi
1383 3360 1606 3414 libellum
1634 3378 1715 3415 rc-

155 3451 290 3512 piidii.
335 3448 445 3521 Ego
480 3462 645 3505 autem
687 3452 802 3505 dico
842 3451 978 3506 vobis
1004 3452 1120 3522 quia
1157 3453 1319 3506 omnis
1356 3452 1440 3521 qui
1469 3453 1717 3507 dimiserit

157 3554 347 3593 uxorem
384 3560 541 3609 suam,
569 3555 779 3612 excepta
826 3560 979 3598 causa
1020 3544 1392 3615 fornicationis,
1438 3545 1557 3615 facit
1601 3560 1714 3598 eam

157 3631 415 3695 maritari;
456 3644 501 3685 et
530 3635 613 3704 qui
652 3635 917 3689 dimissam
954 3635 1174 3701 duxerit,
1216 3636 1467 3689 adulterat
1493 3635 1709 3707 (Matth.

156 3738 190 3788 γ,
212 3724 277 3779 51
295 3725 474 3796 e152).
519 3728 647 3782 Ecce
677 3729 897 3783 dimissa
946 3738 1044 3794 est,
1089 3743 1195 3783 non
1242 3727 1477 3794 dimisit;
1508 3739 1562 3783 et
1591 3729 1713 3798 quia

156 3820 407 3875 continere
442 3836 732 3890 paucorum
763 3831 867 3889 est,
905 3823 1301 3878 incontinentiae
1329 3823 1492 3877 cessit
1529 3832 1584 3876 et
1611 3839 1710 3876 nu-

158 3912 273 3977 psit;
310 3922 363 3966 et
388 3924 561 3969 tamen
586 3915 811 3970 adulter
849 3914 1140 3969 adulteram
1185 3915 1355 3970 duxit.
1395 3914 1567 3969 Ambo
1608 3914 1707 3981 rei,

158 4003 294 4055 ambo
319 4002 600 4060 damnandi
636 4016 794 4071 sunt;
835 4016 889 4062 et
917 4022 1034 4076 quae
1064 4007 1241 4076 nupsit
1278 4006 1398 4061 vivo
1424 4008 1636 4073 marito,
1659 4015 1715 4061 et

157 4093 231 4159 qui
270 4094 407 4149 duxit
431 4113 548 4151 eam
580 4097 735 4167 cujus
772 4099 903 4152 vivit
930 4099 1171 4153 maritus.
1212 4098 1476 4169 Numquid
1518 4098 1603 4153 hic
1629 4098 1711 4154 le-

152 4198 257 4250 gem
280 4186 463 4241 Christi
492 4190 723 4243 dicimus
749 4189 1113 4255 inhumanam,
1135 4206 1238 4259 qua
1262 4190 1603 4245 constituitur
1621 4206 1711 4246 rea
1740 4214 1745 4221 ’

153 4276 264 4329 tanti
288 4279 517 4334 criminis
541 4288 704 4350 atque
733 4281 965 4349 punitur,
989 4296 1148 4351 quam
1171 4282 1249 4335 vir
1279 4282 1420 4339 nulla
1443 4282 1558 4351 ejus
1579 4297 1713 4349 pra:-

148 4373 355 4429 cedente
392 4377 740 4432 fornicatione
786 4377 1005 4439 dimisit,
1056 4387 1110 4432 et
1149 4378 1270 4446 quia
1319 4391 1609 4446 paucorum
1630 4386 1713 4431 est

146 4465 420 4529 continere,
447 4467 763 4523 dimittendo
793 4468 1048 4537 compulit
1074 4468 1311 4525 nubere?
1350 4467 1460 4523 Cur
1490 4483 1594 4522 non
1626 4467 1712 4522 hic

146 4552 363 4610 dicimus
387 4557 689 4613 habendum
718 4573 837 4614 esse
866 4574 960 4627 pro
988 4565 1219 4626 mortuo,
1240 4558 1330 4629 qui
1366 4559 1504 4613 male
1532 4558 1712 4613 dimit-

146 4644 298 4700 tenda
342 4650 478 4717 prior
505 4650 788 4719 conjugale
832 4650 1098 4705 vinculum
1129 4649 1306 4719 rupit?
1334 4649 1466 4704 Nam
1497 4665 1600 4719 qua
1628 4666 1713 4704 ra-

146 4732 285 4790 tione
323 4740 556 4795 dicturus
583 4755 642 4798 es
687 4755 809 4795 eum
858 4741 1063 4811 rupisse
1090 4741 1360 4796 vinculum
1408 4740 1707 4810 conjugale,

151 4826 231 4893 qui
270 4829 388 4885 licet
429 4834 501 4887 sit
546 4832 808 4897 machus,
842 4847 946 4886 non
975 4832 1177 4886 dimisit
1222 4847 1475 4897 uxorem;
1503 4841 1557 4886 et
1589 4848 1711 4887 cum

153 4932 251 4971 non
291 4924 509 4993 rupisse,
538 4924 629 4993 qui
657 4925 818 4978 etiam
860 4934 1060 4979 castam
1087 4924 1287 4979 dimisit
1313 4924 1571 4979 uxorem?
1601 4923 1714 4992 Ego

145 5019 321 5066 autem
346 5014 459 5070 dico
508 5016 564 5070 in
610 5025 836 5085 utroque
882 5031 1097 5071 manere
1136 5017 1240 5071 hoc
1288 5016 1580 5081 vinculum,
1608 5031 1714 5086 quo

149 5102 331 5159 mulier
355 5106 561 5176 alligata
589 5116 693 5171 est,
732 5108 984 5177 quamdiu
1016 5108 1100 5162 vir
1127 5109 1245 5177 ejus
1276 5108 1421 5174 vivit,
1447 5109 1558 5163 sive
1587 5124 1715 5162 con-

150 5190 336 5259 tinens,
360 5198 467 5252 sive
494 5197 736 5253 moechus
766 5214 779 5250 :
812 5207 867 5253 et
896 5198 1015 5253 ideo
1052 5201 1307 5254 mmcliari
1339 5216 1456 5254 eam
1486 5215 1604 5269 qua:
1628 5199 1715 5254 di-

150 5283 302 5339 missa
323 5291 578 5358 nupserit,
607 5301 661 5344 et
694 5289 948 5344 nuechari
978 5305 1101 5344 eum
1130 5290 1220 5359 qui
1249 5290 1520 5345 dimissam
1548 5290 1717 5345 duxe-

211 5415 229 5489 ξ
365 5420 513 5470 editio
535 5428 665 5479 Lov.,
682 5421 929 5489 adulteria
951 5420 1116 5489 ﬂenda
1136 5424 1429 5489 permittere.

188 5478 277 5541 σία)
306 5487 483 5548 Frustra
516 5478 773 5548 opponitur
812 5478 1029 5548 Gregorii
1055 5494 1087 5534 ll
1128 5478 1415 5547 rescriptum
1453 5487 1510 5535 ad
1537 5488 1719 5537 Bonifa-

166 5546 271 5607 ζιιιω
310 5548 349 5604 Ει
370 5545 501 5593 istola
528 5545 602 5603 15,
629 5549 734 5597 sive
755 5549 881 5597 inter
899 5545 1222 5598 Eouil'aeiauas
1252 5545 1354 5607 1:26,
1382 5559 1433 5598 et
1457 5549 1581 5598 male
1603 5551 1721 5599 alias

165 5602 349 5661 Regum
389 5614 435 5654 ιιι
458 5624 473 5655 ι
494 5602 630 5657 uaria
655 5624 667 5657 :
693 5610 822 5671 quod
844 5610 1045 5673 quidem
1081 5602 1352 5661 Gratianus
1375 5612 1422 5659 in
1465 5620 1637 5674 quaest.
1657 5612 1714 5673 ‘2,

166 5669 252 5718 ωρ-
270 5665 340 5718 δὲ,
359 5623 490 5718 (mori
510 5671 813 5718 promatur}
840 5673 1000 5718 reiicit
1024 5680 1077 5718 ut
1100 5688 1123 5717 ι
1145 5672 1443 5718 evanuelima
1462 5682 1513 5718 et
1536 5682 1714 5718 anasto-

508 5672 813 5735 propostjxi,
840 5672 1000 5736 rejicit
1024 5680 1077 5721 ut
1100 5688 1123 5717 ι
1145 5672 1443 5736 evangelicae
1462 5672 1513 5722 et
1536 5672 1727 5736 aposto-

244 5665 375 5712 .52.(

166 5669 252 5768 afl-
270 5669 340 5725 52,
359 5669 486 5727 (mod
508 5669 813 5735 ρνσροδιξίιιὶ,
840 5669 1000 5734 reiicit
1024 5680 1077 5721 ut
1100 5688 1123 5717 ι
1145 5672 1443 5736 evangelicae
1462 5669 1513 5722 et
1536 5669 1720 5736 aposto-

174 5729 556 5795 tignuarium
604 5737 797 5795 penitus
837 5735 1133 5793 adversum;
1156 5750 1179 5779 ι
1228 5736 1453 5784 Barouius
1497 5750 1615 5784 vero
1661 5737 1720 5784 ad

174 5788 345 5858 393738,
365 5796 473 5857 acci;
492 5798 527 5845 it
552 5788 617 5845 ιη’
636 5796 891 5846 meliorem
916 5788 1143 5858 partem,
1192 5809 1283 5845 nec
1312 5797 1566 5858 Augustino
1605 5811 1720 5847 con-

3328 419 3432 478 J78

1843 511 1939 579 rit,
1980 512 2093 568 sive
2130 528 2158 567 a
2207 515 2440 584 rumeno,
2482 518 2594 574 sive
2633 536 2661 574 a
2705 525 3011 583 continente
3048 509 3273 586 dimissa
3319 519 3426 601 siti

1840 603 2087 672 quoniam
2114 606 2293 660 mulier
2313 608 2523 679 alligata
2544 622 2633 683 est,
2656 617 2893 682 quamdiu
2919 620 2993 672 vir
3022 622 3131 691 ejus
3152 624 3290 676 vivit.
3317 624 3424 681 Sed

1840 710 1981 750 nime
2023 696 2090 752 de
2131 700 2363 768 querelis
2410 702 2849 761 incontinentiam
2899 709 3247 781 disputamus.
3289 716 3427 785 Quid

1838 790 1981 845 enim
2007 793 2214 848 videtur
2235 795 2431 865 justius
2462 798 2618 869 hujus
2654 803 2891 858 mulieris
2925 809 3161 875 querela,
3189 827 3307 879 qua:
3341 811 3424 866 di-

1836 882 1907 936 cit
1932 900 1946 937 :
1975 884 2199 939 Dimissa
2227 902 2367 955 sum,
2392 906 2497 945 non
2528 892 2740 959 dimisi;
2784 904 2836 949 et
2861 900 3112 966 quoniam
3147 902 3423 958 continuere

1834 986 2125 1041 paucorum
2153 986 2253 1044 est,
2284 995 2389 1034 non
2417 996 2505 1036 me
2538 985 2796 1051 continui,
2817 1002 2883 1042 ne
2914 986 3206 1044 fornicarer
3234 993 3419 1061 nupsi;

1833 1071 1888 1116 et
1934 1064 2081 1119 dicor
2129 1069 2425 1136 mmchata,
2466 1073 2587 1142 quia
2643 1078 2841 1146 nupsi?
2891 1079 3156 1150 Numquid
3207 1094 3421 1153 propter

1834 1154 1990 1224 hujus
2014 1160 2164 1228 quasi
2196 1160 2393 1231 justam
2418 1167 2708 1236 querelam,
2737 1171 2908 1240 legem
2936 1175 3274 1228 censebimus
3305 1192 3422 1230 mu-

1833 1248 2043 1303 tandam
2086 1267 2207 1309 esse
2233 1253 2488 1324 divinam,
2521 1268 2578 1314 ut
2606 1261 2761 1316 istam
2798 1279 2904 1318 non
2937 1264 3237 1331 judicemus
3266 1268 3421 1326 adul-

1831 1342 2036 1395 teram?
2080 1345 2253 1401 Absit.
2308 1346 2413 1403 Sed
2461 1353 2809 1420 respondebis
2855 1372 2959 1411 non
3002 1374 3119 1413 eam
3172 1359 3419 1416 debuisse

1827 1429 2041 1498 dimitti,
2066 1436 2189 1504 quia
2235 1438 2600 1497 fornicationis
2650 1446 2795 1500 nulla
2845 1463 3002 1502 causa
3045 1461 3414 1518 prmcesscrat.

1829 1519 2026 1577 Verum
2074 1524 2207 1581 dicis
2241 1546 2254 1582 :
2286 1546 2409 1585 nam
2456 1544 2729 1602 peccatum
2779 1540 2953 1592 mariti
2993 1541 3109 1609 ejus
3160 1541 3416 1597 Dominus

1827 1617 2108 1681 expressit,
2140 1619 2229 1673 ubi
2255 1622 2348 1685 ait,
2379 1622 2481 1689 Qui
2507 1624 2752 1680 dimiserit
2778 1645 2987 1683 uxorem
3020 1648 3185 1697 suam,
3207 1644 3415 1701 excepta

1825 1721 1979 1760 causa
2007 1711 2377 1779 fornicationis,
2405 1717 2531 1785 facit
2557 1734 2666 1771 eam
2708 1721 2965 1774 tuaac/tari.
3015 1722 3118 1776 Sed
3160 1724 3415 1793 numquid

1824 1794 1922 1849 ista
1952 1797 2072 1853 ideo
2098 1802 2346 1859 nubendo
2376 1817 2558 1875 postea
2588 1824 2692 1864 non
2718 1812 2978 1880 peccavit,
2998 1816 3118 1884 quia
3147 1816 3292 1885 prius
3328 1817 3411 1871 di-

1823 1888 2082 1944 mittendo
2125 1892 2214 1947 ille
2255 1898 2528 1964 peccavit?
2555 1899 2692 1967 Quid
2732 1918 2860 1973 ergo
2890 1904 2941 1959 ei
2981 1904 3217 1974 prodest,
3261 1906 3408 1975 quod

1822 1978 1890 2034 de
1928 1981 2045 2052 lege
2075 1983 2272 2041 Christi
2302 1991 2495 2044 mulier
2528 1993 2866 2051 incontinens
2904 1998 3139 2067 queritur
3166 2039 3181 2065 ,
3222 2000 3325 2054 nisi
3356 2008 3413 2054 ut

1821 2085 2164 2129 murmurans
2190 2078 2437 2144 puniatur
2462 2082 2488 2134 Ρ

1892 2160 2117 2219 CAPUT
2157 2165 2249 2221 XI.
2288 2198 2363 2208 —
2400 2171 2488 2224 11.
2534 2170 2759 2243 Objectio
2798 2175 2901 2228 alia
2938 2174 3182 2231 Pollentii
3218 2189 3273 2232 ut
3308 2182 3414 2234 sal-

1820 2258 1917 2305 tem
1957 2248 2181 2323 ﬁliorum
2220 2259 2588 2330 gignendorum
2615 2280 2770 2317 causa
2808 2265 2956 2319 liceat
2983 2268 3194 2319 alteram
3233 2269 3413 2323 ducere

1821 2342 2029 2399 dimissa
2056 2347 2308 2402 adultera.
2340 2350 2459 2405 Jam
2490 2369 2632 2408 nunc
2674 2355 2834 2410 etiam
2866 2356 2955 2410 illa
2984 2356 3260 2413 videamus
3288 2376 3410 2429 quae

1820 2435 1924 2489 alio
1954 2438 2071 2491 loco
2102 2440 2447 2511 interponens
2476 2445 2747 2514 addidisti,
2778 2464 2950 2517 neque
2987 2448 3055 2503 ad
3086 2465 3148 2505 ea
3186 2466 3411 2521 respon-

1820 2527 1948 2585 dere
1977 2530 2187 2587 voluisti
2223 2551 2236 2588 :
2281 2536 2366 2590 ubi
2411 2547 2462 2593 te
2492 2547 2689 2606 movet,
2722 2550 2776 2595 et
2820 2541 3092 2596 miscraris
3135 2542 3409 2598 hominem

1819 2619 1907 2688 qui
1935 2619 2133 2677 cubare
2158 2638 2277 2678 cum
2304 2626 2565 2695 adultam,
2594 2631 2802 2685 etiamsi
2845 2646 2952 2685 non
2999 2632 3407 2702 incontinentia,

1819 2720 1964 2767 certe
1994 2714 2223 2770 ﬁliorum
2265 2720 2717 2788 procreandorum
2768 2724 3084 2780 necessitate
3129 2727 3409 2796 compelli-

1819 2811 1926 2871 tur,
1965 2803 2011 2859 si
2053 2822 2160 2861 non
2186 2811 2236 2865 ei
2280 2809 2400 2865 licet
2430 2812 2508 2866 sic
2535 2827 2653 2866 eam
2688 2813 2978 2880 dimittere,
3013 2823 3161 2870 utea
3196 2818 3411 2873 vivente

1818 2894 2041 2950 alteram
2070 2896 2248 2953 ducat.
2279 2900 2432 2956 Unde
2472 2913 2617 2958 recte
2656 2906 2973 2973 movereris,
3005 2907 3050 2961 si
3090 2906 3411 2963 adulterium

1818 3000 1925 3040 non
1953 2998 2115 3055 esset,
2149 2992 2393 3060 quamvis
2408 2993 2649 3048 adultera
2679 2995 2798 3049 viva
2840 3013 3029 3063 uxore,
3057 2998 3409 3054 alteram‘du-

1818 3090 1961 3132 cere.
1991 3077 2047 3133 Si
2073 3089 2250 3136 autem
2281 3082 2599 3138 adulterium
2626 3096 2729 3151 est,
2763 3095 2820 3140 ut
2845 3102 2908 3141 ea
2934 3103 3053 3157 qua:
3078 3098 3202 3143 sunt
3226 3089 3410 3165 dispu-

1818 3179 1927 3227 tata
1952 3172 2270 3243 docucrunt,
2288 3178 2415 3248 quid
2442 3180 2751 3237 obtenditur
2779 3185 3229 3252 procreandorum
3250 3204 3409 3243 causa

1817 3261 2088 3319 filiorum?
2130 3266 2243 3321 Non
2282 3269 2424 3323 enim
2470 3280 2757 3341 propterea
2796 3274 3115 3344 flagitiorum
3156 3286 3240 3332 est
3283 3293 3409 3346 per-

1817 3353 2073 3409 mittenda
2113 3357 2324 3413 licentia
2359 3377 2372 3412 :
2418 3370 2510 3413 aut
2538 3362 2698 3415 vero1
2727 3370 2833 3416 tam
2862 3364 3156 3418 cavendum
3184 3375 3263 3419 est
3292 3367 3409 3422 sine

1816 3448 2048 3516 posteris
2078 3451 2236 3516 mori,
2271 3467 2430 3521 quam
2460 3452 2765 3522 eligendum
2806 3454 2859 3508 in
2886 3466 3159 3524 posterum
3192 3457 3409 3513 vivere?

1817 3540 1959 3612 quod
2008 3557 2113 3597 non
2154 3545 2399 3600 sinentur
2438 3544 2685 3611 adulteri,
2711 3562 2845 3615 quos
2895 3562 3116 3603 necesse
3157 3558 3240 3603 est
3287 3561 3408 3619 post

1818 3631 2043 3702 primam
2071 3643 2300 3689 mortem
2337 3636 2587 3690 secundae
2616 3637 2803 3692 mortis
2828 3639 3123 3694 aeternitate
3141 3639 3402 3695 damnari.

1814 3724 1950 3781 Nam
2006 3727 2457 3795 procreandorum
2507 3729 2739 3783 ﬁliorum
2772 3730 2875 3784 ista
2924 3732 3187 3797 causatio,
3243 3733 3413 3787 etiam

1815 3832 1923 3871 non
1952 3817 2243 3886 adulteras,
2271 3820 2366 3875 sed
2414 3822 2745 3876 castissimus
2774 3822 3017 3889 feminas,
3044 3824 3091 3878 si
3118 3823 3256 3879 forte
3300 3825 3417 3881 sint

1816 3907 2048 3976 steriles,
2081 3911 2221 3980 cogit
2247 3910 2461 3981 dimitti,
2490 3920 2546 3967 et
2568 3912 2766 3969 alteras
2794 3913 2917 3968 duci
2945 3931 2959 3968 :
2991 3913 3134 3985 quod
3167 3914 3261 3970 tibi
3287 3916 3407 3969 exi-

1815 4001 1979 4057 stimo
2005 4018 2109 4057 non
2141 4004 2370 4073 placere.

1887 4095 1975 4151 i2.
2015 4097 2347 4166 Quapmpter
2390 4097 2433 4150 si
2480 4112 2640 4153 causa
2685 4098 3083 4154 incontinentia}
3125 4114 3231 4154 non
3278 4108 3410 4157 sunt

1815 4187 2113 4243 excusanda
2156 4187 2414 4241 adulteria
2436 4229 2452 4253 ,
2484 4198 2683 4257 quanto
2710 4190 2887 4245 minus
2922 4200 3243 4246 excusantur
3275 4204 3405 4260 pro-

1816 4279 2169 4335 creandorum
2197 4294 2355 4334 causa
2384 4279 2648 4336 ﬁliorum?

1886 4372 2111 4427 CAPUT
2151 4371 2264 4425 Xll.
2290 4401 2359 4414 ——
2379 4372 2599 4444 Nuptias
2628 4376 2723 4429 hoc
2753 4385 2974 4445 tempore
2995 4376 3219 4445 ﬁliorum
3244 4391 3409 4432 causa

1814 4465 1878 4518 iis
1903 4475 2094 4518 tantum
2120 4466 2376 4535 eligendos
2404 4483 2536 4533 esse,
2566 4470 2653 4540 qui
2676 4486 2729 4523 se
2756 4470 3010 4523 continere
3036 4486 3138 4523 non
3169 4480 3398 4537 possunt.

1816 4555 1896 4610 llli
1924 4557 2118 4627 quippe
2146 4556 2475 4623 inﬁrmitati,
2506 4559 2607 4614 hoc
2646 4570 2761 4625 est,
2796 4560 3189 4615 incontinentirc
3234 4561 3401 4615 voluit

1814 4649 2105 4719 Apostolus
2132 4648 2401 4705 subveniri
2440 4650 2719 4707 honestate
2757 4653 3080 4723 nuptiarum.
3112 4652 3228 4708 Non
3260 4653 3411 4711 enim

1815 4741 1919 4807 ait,
1963 4741 2018 4796 Si
2063 4740 2199 4796 ﬁlios
2253 4758 2359 4796 non
2412 4743 2605 4811 habet,
2654 4744 2850 4809 nubat;
2907 4745 3037 4812 sed,
3090 4744 3154 4800 Si
3200 4762 3254 4799 se
3306 4762 3413 4799 non

1815 4834 2071 4897 continet,
2122 4831 2276 4886 nubat
2326 4832 2382 4900 (Ι
2428 4832 2549 4889 Cor.
2594 4850 2699 4901 vn,
2750 4832 2840 4906 9).
2891 4834 3144 4890 Filiorum
3191 4835 3411 4906 quidem

1816 4925 2106 4994 prepagine
2144 4934 2520 4995 compensatur
2559 4926 2700 4995 quod
2731 4926 3126 4982 incontinentiae
3157 4928 3409 4983 nubendo

1818 5017 2041 5073 ceditur.
2073 5016 2205 5072 Nam
2237 5018 2416 5087 utique
2442 5018 2821 5073 incontinentia
2852 5019 3033 5073 vitium
3071 5032 3182 5086 est,
3218 5020 3406 5088 conjus

1818 5109 1961 5177 gium
1989 5118 2163 5163 autem
2209 5123 2314 5162 non
2343 5117 2426 5163 est
2463 5108 2683 5175 vitium;
2716 5118 2769 5165 et
2799 5110 2919 5165 ideo
2948 5111 3006 5165 ﬁt
3036 5127 3130 5181 per
3159 5111 3259 5166 hoc
3306 5112 3407 5165 bo—

1820 5215 1976 5265 num,
2028 5208 2085 5253 ut
2135 5198 2263 5253 illud
2314 5199 2524 5255 veniale
2563 5200 2631 5254 sit
2680 5200 2900 5256 malum.
2946 5200 3081 5257 Cum
3125 5203 3231 5256 sint
3279 5216 3407 5271 ergo

1821 5292 2021 5361 nuptiae
2045 5307 2202 5346 causa
2226 5292 2514 5362 generandi
2543 5294 2832 5361 institutze,
2866 5309 2929 5349 ea
2967 5310 3125 5350 causa
3155 5293 3349 5349 ﬁebant
3376 5311 3410 5350 a

1823 5384 2097 5447 Patribns,
2127 5382 2217 5452 qui
2244 5390 2447 5437 tantum
2493 5384 2669 5439 officio
2698 5385 2989 5455 generandi
3031 5384 3243 5439 feminis
3265 5428 3280 5453 ,
3311 5384 3408 5439 sed

1824 5492 1927 5529 non
1973 5475 2174 5539 illicile,
2199 5477 2579 5531 miscebantur.
2630 5478 2760 5532 Erat
2798 5477 2941 5532 enim
2990 5486 3116 5533 tunc
3161 5476 3407 5548 qumdam

1825 5566 2145 5635 propagandi
2177 5568 2465 5623 necessitas
2490 5609 2504 5633 ,
2534 5586 2652 5637 qum
2682 5584 2825 5624 nunc
2859 5584 2965 5622 non
3001 5576 3081 5621 est
3110 5587 3122 5622 :
3155 5568 3405 5635 quoniam

1826 5669 2018 5729 tempus
2056 5660 2423 5729 amplectendi,
2454 5661 2589 5715 sicut
2614 5661 2864 5729 scriptum
2894 5669 2973 5713 est
2997 5700 3010 5721 ,
3045 5659 3186 5729 quod
3229 5660 3413 5730 utique

1826 5762 1950 5805 tuac
1970 5749 2092 5811 fuit;
2116 5760 2161 5803 et
2180 5760 2371 5820 tempus
2388 5750 2674 5805 continendi
2688 5749 2750 5803 ab
2766 5750 2998 5817 amplexu
3022 5749 3214 5821 tEccle.
3231 5765 3307 5818 ut,
3327 5748 3413 5824 ὅ),

1895 5867 1906 5893 ¹
1948 5869 2075 5923 Lov.,
2104 5867 2184 5913 (ut
2212 5862 2328 5913 riro.
2353 5864 2522 5913 Castori
2548 5864 2760 5925 codices,
2781 5866 2867 5915 aut
2886 5874 3011 5914 vero.
