  <div class='ocr_page' id='page_1' title='image "/cluster/home/n/w/nwhite01/storage/ocr_20150623/40-41/uva.x000217726/245.png"; bbox 0 0 3930 6368; ppageno 0'>
   <div class='ocr_carea' id='block_1_1' title="bbox 516 366 622 424">
    <p class='ocr_par' dir='ltr' id='par_1_1' title="bbox 516 366 622 424">
     <span class='ocr_line' id='line_1_1' title="bbox 516 366 622 424; baseline 0 0"><span class='ocrx_word' id='word_1_1' title='bbox 516 366 622 424; x_wconf 67' lang='grc'><strong>479</strong></span> 
     </span>
    </p>
   </div>
   <div class='ocr_carea' id='block_1_2' title="bbox 516 462 2100 551">
    <p class='ocr_par' dir='ltr' id='par_1_2' title="bbox 516 462 2100 551">
     <span class='ocr_line' id='line_1_2' title="bbox 516 462 2100 551; baseline -0.016 -14"><span class='ocrx_word' id='word_1_2' title='bbox 516 478 663 551; x_wconf 89' lang='lat' dir='ltr'><strong>quod</strong></span> <span class='ocrx_word' id='word_1_3' title='bbox 692 489 834 535; x_wconf 89' lang='lat' dir='ltr'><strong>nunc</strong></span> <span class='ocrx_word' id='word_1_4' title='bbox 872 479 975 529; x_wconf 87' lang='lat' dir='ltr'><strong>est.</strong></span> <span class='ocrx_word' id='word_1_5' title='bbox 1023 470 1099 525; x_wconf 89' lang='lat' dir='ltr'><strong>De</strong></span> <span class='ocrx_word' id='word_1_6' title='bbox 1124 482 1232 539; x_wconf 89' lang='lat' dir='ltr'><strong>quo</strong></span> <span class='ocrx_word' id='word_1_7' title='bbox 1273 475 1508 536; x_wconf 91' lang='lat' dir='ltr'><strong>tempore</strong></span> <span class='ocrx_word' id='word_1_8' title='bbox 1552 463 1837 532; x_wconf 74' lang='lat' dir='ltr'><strong>Apostolus</strong></span> <span class='ocrx_word' id='word_1_9' title='bbox 1874 462 2100 529; x_wconf 88' lang='lat' dir='ltr'><strong>loquens</strong></span> 
     </span>
    </p>
   </div>
   <div class='ocr_carea' id='block_1_3' title="bbox 519 552 2096 632">
    <p class='ocr_par' dir='ltr' id='par_1_3' title="bbox 519 552 2096 632">
     <span class='ocr_line' id='line_1_3' title="bbox 519 552 2096 632; baseline -0.013 -9"><span class='ocrx_word' id='word_1_10' title='bbox 519 570 594 625; x_wconf 86' lang='lat' dir='ltr'><strong>ait</strong></span> <span class='ocrx_word' id='word_1_11' title='bbox 618 589 631 625; x_wconf 96' lang='lat'><strong>:</strong></span> <span class='ocrx_word' id='word_1_12' title='bbox 664 566 742 622; x_wconf 86' lang='lat' dir='ltr'><strong><em>De</em></strong></span> <span class='ocrx_word' id='word_1_13' title='bbox 766 573 964 629; x_wconf 68' lang='lat' dir='ltr'><strong>calere,</strong></span> <span class='ocrx_word' id='word_1_14' title='bbox 995 562 1197 632; x_wconf 78' lang='lat' dir='ltr'><strong>fratres,</strong></span> <span class='ocrx_word' id='word_1_15' title='bbox 1231 568 1421 627; x_wconf 78' lang='lat' dir='ltr'><strong>tempus</strong></span> <span class='ocrx_word' id='word_1_16' title='bbox 1449 558 1589 610; x_wconf 86' lang='lat' dir='ltr'><strong><em>breve</em></strong></span> <span class='ocrx_word' id='word_1_17' title='bbox 1614 564 1685 608; x_wconf 83' lang='lat' dir='ltr'><strong>est</strong></span> <span class='ocrx_word' id='word_1_18' title='bbox 1706 569 1727 615; x_wconf 86' lang='grc'><strong><em>;</em></strong></span> <span class='ocrx_word' id='word_1_19' title='bbox 1753 552 1996 622; x_wconf 81' lang='lat' dir='ltr'><strong>reliquum</strong></span> <span class='ocrx_word' id='word_1_20' title='bbox 2023 558 2096 604; x_wconf 89' lang='lat' dir='ltr'><strong>est</strong></span> 
     </span>
    </p>
   </div>
   <div class='ocr_carea' id='block_1_4' title="bbox 520 642 2102 726">
    <p class='ocr_par' dir='ltr' id='par_1_4' title="bbox 520 642 2102 726">
     <span class='ocr_line' id='line_1_4' title="bbox 520 642 2102 726; baseline -0.011 -14"><span class='ocrx_word' id='word_1_21' title='bbox 520 670 574 712; x_wconf 86' lang='lat' dir='ltr'><strong>ut</strong></span> <span class='ocrx_word' id='word_1_22' title='bbox 613 667 663 712; x_wconf 82' lang='lat' dir='ltr'><strong>et</strong></span> <span class='ocrx_word' id='word_1_23' title='bbox 701 657 786 726; x_wconf 86' lang='lat' dir='ltr'><strong>qui</strong></span> <span class='ocrx_word' id='word_1_24' title='bbox 831 653 1013 707; x_wconf 83' lang='lat' dir='ltr'><strong>habent</strong></span> <span class='ocrx_word' id='word_1_25' title='bbox 1056 666 1258 716; x_wconf 73' lang='lat' dir='ltr'><strong>uxores,</strong></span> <span class='ocrx_word' id='word_1_26' title='bbox 1305 658 1541 715; x_wconf 88' lang='lat' dir='ltr'><strong>tanquam</strong></span> <span class='ocrx_word' id='word_1_27' title='bbox 1585 663 1683 699; x_wconf 89' lang='lat' dir='ltr'><strong>non</strong></span> <span class='ocrx_word' id='word_1_28' title='bbox 1726 644 1961 697; x_wconf 81' lang='lat' dir='ltr'><strong>habentes</strong></span> <span class='ocrx_word' id='word_1_29' title='bbox 2002 642 2102 695; x_wconf 87' lang='lat' dir='ltr'><strong>sint</strong></span> 
     </span>
    </p>
   </div>
   <div class='ocr_carea' id='block_1_5' title="bbox 522 731 2101 819">
    <p class='ocr_par' dir='ltr' id='par_1_5' title="bbox 522 731 2101 819">
     <span class='ocr_line' id='line_1_5' title="bbox 522 731 2101 819; baseline -0.013 -14"><span class='ocrx_word' id='word_1_30' title='bbox 522 751 565 819; x_wconf 90' lang='grc'><strong>(1</strong></span> <span class='ocrx_word' id='word_1_31' title='bbox 597 748 715 804; x_wconf 82' lang='lat' dir='ltr'><strong>Cor.</strong></span> <span class='ocrx_word' id='word_1_32' title='bbox 747 762 848 811; x_wconf 91' lang='lat' dir='ltr'><strong>vn,</strong></span> <span class='ocrx_word' id='word_1_33' title='bbox 879 744 994 815; x_wconf 72' lang='lat'><strong>29).</strong></span> <span class='ocrx_word' id='word_1_34' title='bbox 1023 742 1173 799; x_wconf 83' lang='lat' dir='ltr'><strong>Unde</strong></span> <span class='ocrx_word' id='word_1_35' title='bbox 1219 755 1361 794; x_wconf 91' lang='lat' dir='ltr'><strong>nunc</strong></span> <span class='ocrx_word' id='word_1_36' title='bbox 1400 737 1696 793; x_wconf 74' lang='lat' dir='ltr'><strong>rectissime</strong></span> <span class='ocrx_word' id='word_1_37' title='bbox 1732 735 1953 799; x_wconf 88' lang='lat' dir='ltr'><strong>dicitur,</strong></span> <span class='ocrx_word' id='word_1_38' title='bbox 2004 731 2101 798; x_wconf 84' lang='lat' dir='ltr'><strong>Qui</strong></span> 
     </span>
    </p>
   </div>
   <div class='ocr_carea' id='block_1_6' title="bbox 521 829 2104 915">
    <p class='ocr_par' dir='ltr' id='par_1_6' title="bbox 521 829 2104 915">
     <span class='ocr_line' id='line_1_6' title="bbox 521 829 2104 915; baseline -0.011 -18"><span class='ocrx_word' id='word_1_39' title='bbox 521 850 681 915; x_wconf 83' lang='lat' dir='ltr'><strong>potest</strong></span> <span class='ocrx_word' id='word_1_40' title='bbox 711 855 924 909; x_wconf 85' lang='lat' dir='ltr'><strong><em>capere,</em></strong></span> <span class='ocrx_word' id='word_1_41' title='bbox 953 836 1121 905; x_wconf 84' lang='lat' dir='ltr'><strong>capiat</strong></span> <span class='ocrx_word' id='word_1_42' title='bbox 1154 832 1363 906; x_wconf 79' lang='lat' dir='ltr'><strong>(Matth.</strong></span> <span class='ocrx_word' id='word_1_43' title='bbox 1397 847 1488 886; x_wconf 74' lang='lat' dir='ltr'><strong>XIX</strong></span> <span class='ocrx_word' id='word_1_44' title='bbox 1509 873 1523 897; x_wconf 93' lang='lat'><strong>,</strong></span> <span class='ocrx_word' id='word_1_45' title='bbox 1560 829 1647 901; x_wconf 70' lang='lat'><strong>12)</strong></span> <span class='ocrx_word' id='word_1_46' title='bbox 1678 849 1689 883; x_wconf 92' lang='lat'><strong>:</strong></span> <span class='ocrx_word' id='word_1_47' title='bbox 1725 830 1812 899; x_wconf 88' lang='lat' dir='ltr'><strong>qui</strong></span> <span class='ocrx_word' id='word_1_48' title='bbox 1841 835 2016 882; x_wconf 89' lang='lat' dir='ltr'><strong>autem</strong></span> <span class='ocrx_word' id='word_1_49' title='bbox 2046 841 2104 881; x_wconf 88' lang='lat' dir='ltr'><strong>se</strong></span> 
     </span>
    </p>
   </div>
   <div class='ocr_carea' id='block_1_7' title="bbox 521 918 2104 993">
    <p class='ocr_par' dir='ltr' id='par_1_7' title="bbox 521 918 2104 993">
     <span class='ocr_line' id='line_1_7' title="bbox 521 918 2104 993; baseline -0.011 -7"><span class='ocrx_word' id='word_1_50' title='bbox 521 947 628 986; x_wconf 92' lang='lat' dir='ltr'><strong>non</strong></span> <span class='ocrx_word' id='word_1_51' title='bbox 677 930 934 993; x_wconf 92' lang='lat' dir='ltr'><strong>continet,</strong></span> <span class='ocrx_word' id='word_1_52' title='bbox 982 926 1163 980; x_wconf 91' lang='lat' dir='ltr'><strong>nubat.</strong></span> <span class='ocrx_word' id='word_1_53' title='bbox 1214 923 1365 978; x_wconf 89' lang='lat' dir='ltr'><strong>Tunc</strong></span> <span class='ocrx_word' id='word_1_54' title='bbox 1406 936 1533 992; x_wconf 88' lang='lat' dir='ltr'><strong>ergo</strong></span> <span class='ocrx_word' id='word_1_55' title='bbox 1572 921 1731 975; x_wconf 90' lang='lat' dir='ltr'><strong>etiam</strong></span> <span class='ocrx_word' id='word_1_56' title='bbox 1780 918 2104 973; x_wconf 90' lang='lat' dir='ltr'><strong>continentia</strong></span> 
     </span>
    </p>
   </div>
   <div class='ocr_carea' id='block_1_8' title="bbox 522 1007 2106 1092">
    <p class='ocr_par' dir='ltr' id='par_1_8' title="bbox 522 1007 2106 1092">
     <span class='ocr_line' id='line_1_8' title="bbox 522 1007 2106 1092; baseline -0.01 -15"><span class='ocrx_word' id='word_1_57' title='bbox 522 1030 741 1092; x_wconf 82' lang='lat' dir='ltr'><strong>prepter</strong></span> <span class='ocrx_word' id='word_1_58' title='bbox 766 1018 1194 1089; x_wconf 76' lang='lat' dir='ltr'><strong>propagationem</strong></span> <span class='ocrx_word' id='word_1_59' title='bbox 1226 1013 1451 1067; x_wconf 89' lang='lat' dir='ltr'><strong>ﬁliorum</strong></span> <span class='ocrx_word' id='word_1_60' title='bbox 1482 1011 1535 1066; x_wconf 90' lang='lat' dir='ltr'><strong>in</strong></span> <span class='ocrx_word' id='word_1_61' title='bbox 1565 1011 1773 1081; x_wconf 86' lang='lat' dir='ltr'><strong>nuptias</strong></span> <span class='ocrx_word' id='word_1_62' title='bbox 1811 1007 2106 1064; x_wconf 85' lang='lat' dir='ltr'><strong>descende-</strong></span> 
     </span>
    </p>
   </div>
   <div class='ocr_carea' id='block_1_9' title="bbox 523 1097 2107 1171">
    <p class='ocr_par' dir='ltr' id='par_1_9' title="bbox 523 1097 2107 1171">
     <span class='ocr_line' id='line_1_9' title="bbox 523 1097 2107 1171; baseline -0.011 -4"><span class='ocrx_word' id='word_1_63' title='bbox 523 1116 613 1168; x_wconf 90' lang='lat' dir='ltr'><strong>bat</strong></span> <span class='ocrx_word' id='word_1_64' title='bbox 636 1111 814 1166; x_wconf 90' lang='lat' dir='ltr'><strong>ofﬁcio</strong></span> <span class='ocrx_word' id='word_1_65' title='bbox 845 1111 860 1141; x_wconf 86' lang='grc'>¹</span> <span class='ocrx_word' id='word_1_66' title='bbox 889 1128 903 1163; x_wconf 91' lang='lat'><strong>:</strong></span> <span class='ocrx_word' id='word_1_67' title='bbox 931 1123 1069 1163; x_wconf 91' lang='lat' dir='ltr'><strong>nunc</strong></span> <span class='ocrx_word' id='word_1_68' title='bbox 1104 1116 1278 1161; x_wconf 91' lang='lat' dir='ltr'><strong>autem</strong></span> <span class='ocrx_word' id='word_1_69' title='bbox 1311 1104 1573 1158; x_wconf 80' lang='lat' dir='ltr'><strong>vinculum</strong></span> <span class='ocrx_word' id='word_1_70' title='bbox 1616 1099 1849 1171; x_wconf 83' lang='lat' dir='ltr'><strong>nuptiale</strong></span> <span class='ocrx_word' id='word_1_71' title='bbox 1880 1097 2107 1153; x_wconf 91' lang='lat' dir='ltr'><strong>inconti-</strong></span> 
     </span>
    </p>
   </div>
   <div class='ocr_carea' id='block_1_10' title="bbox 524 1194 2105 1266">
    <p class='ocr_par' dir='ltr' id='par_1_10' title="bbox 524 1194 2105 1266">
     <span class='ocr_line' id='line_1_10' title="bbox 524 1194 2105 1266; baseline -0.009 -6"><span class='ocrx_word' id='word_1_72' title='bbox 524 1206 722 1261; x_wconf 65' lang='lat' dir='ltr'><strong>nentiae</strong></span> <span class='ocrx_word' id='word_1_73' title='bbox 746 1203 989 1259; x_wconf 83' lang='lat' dir='ltr'><strong>subvenit</strong></span> <span class='ocrx_word' id='word_1_74' title='bbox 1011 1201 1166 1266; x_wconf 90' lang='lat' dir='ltr'><strong>vitio;</strong></span> <span class='ocrx_word' id='word_1_75' title='bbox 1196 1207 1253 1254; x_wconf 92' lang='lat' dir='ltr'><strong>ut</strong></span> <span class='ocrx_word' id='word_1_76' title='bbox 1278 1198 1345 1253; x_wconf 89' lang='lat' dir='ltr'><strong>ab</strong></span> <span class='ocrx_word' id='word_1_77' title='bbox 1369 1199 1449 1254; x_wconf 91' lang='lat' dir='ltr'><strong>eis</strong></span> <span class='ocrx_word' id='word_1_78' title='bbox 1475 1197 1562 1266; x_wconf 88' lang='lat' dir='ltr'><strong>qui</strong></span> <span class='ocrx_word' id='word_1_79' title='bbox 1590 1212 1647 1250; x_wconf 92' lang='lat' dir='ltr'><strong>se</strong></span> <span class='ocrx_word' id='word_1_80' title='bbox 1676 1210 1781 1250; x_wconf 92' lang='lat' dir='ltr'><strong>non</strong></span> <span class='ocrx_word' id='word_1_81' title='bbox 1812 1194 2105 1258; x_wconf 89' lang='lat' dir='ltr'><strong>continent,</strong></span> 
     </span>
    </p>
   </div>
   <div class='ocr_carea' id='block_1_11' title="bbox 526 1286 2107 1365">
    <p class='ocr_par' dir='ltr' id='par_1_11' title="bbox 526 1286 2107 1365">
     <span class='ocr_line' id='line_1_11' title="bbox 526 1286 2107 1365; baseline -0.009 -15"><span class='ocrx_word' id='word_1_82' title='bbox 526 1312 635 1350; x_wconf 91' lang='lat' dir='ltr'><strong>non</strong></span> <span class='ocrx_word' id='word_1_83' title='bbox 662 1311 758 1365; x_wconf 89' lang='lat' dir='ltr'><strong>per</strong></span> <span class='ocrx_word' id='word_1_84' title='bbox 783 1292 1159 1362; x_wconf 82' lang='lat' dir='ltr'><strong>turpitudinem</strong></span> <span class='ocrx_word' id='word_1_85' title='bbox 1188 1300 1511 1359; x_wconf 89' lang='lat' dir='ltr'><strong>stuprorum,</strong></span> <span class='ocrx_word' id='word_1_86' title='bbox 1536 1288 1629 1343; x_wconf 92' lang='lat' dir='ltr'><strong>sed</strong></span> <span class='ocrx_word' id='word_1_87' title='bbox 1660 1303 1752 1357; x_wconf 88' lang='lat' dir='ltr'><strong>per</strong></span> <span class='ocrx_word' id='word_1_88' title='bbox 1774 1286 2107 1340; x_wconf 82' lang='lat' dir='ltr'><strong>honestatem</strong></span> 
     </span>
    </p>
   </div>
   <div class='ocr_carea' id='block_1_12' title="bbox 529 1377 2111 1455">
    <p class='ocr_par' dir='ltr' id='par_1_12' title="bbox 529 1377 2111 1455">
     <span class='ocr_line' id='line_1_12' title="bbox 529 1377 2111 1455; baseline -0.008 -16"><span class='ocrx_word' id='word_1_89' title='bbox 529 1384 898 1455; x_wconf 86' lang='lat' dir='ltr'><strong>conjugiorum</strong></span> <span class='ocrx_word' id='word_1_90' title='bbox 920 1424 934 1450; x_wconf 94' lang='lat'><strong>,</strong></span> <span class='ocrx_word' id='word_1_91' title='bbox 969 1382 1057 1436; x_wconf 88' lang='lat' dir='ltr'><strong>ﬁat</strong></span> <span class='ocrx_word' id='word_1_92' title='bbox 1094 1381 1398 1451; x_wconf 81' lang='lat' dir='ltr'><strong>propagatio</strong></span> <span class='ocrx_word' id='word_1_93' title='bbox 1427 1379 1676 1433; x_wconf 88' lang='lat' dir='ltr'><strong>ﬁliorum.</strong></span> <span class='ocrx_word' id='word_1_94' title='bbox 1707 1377 1815 1431; x_wconf 87' lang='lat' dir='ltr'><strong>Cur</strong></span> <span class='ocrx_word' id='word_1_95' title='bbox 1843 1391 1969 1445; x_wconf 89' lang='lat' dir='ltr'><strong>ergo</strong></span> <span class='ocrx_word' id='word_1_96' title='bbox 2004 1389 2111 1428; x_wconf 92' lang='lat' dir='ltr'><strong>non</strong></span> 
     </span>
    </p>
   </div>
   <div class='ocr_carea' id='block_1_13' title="bbox 527 1466 2115 1544">
    <p class='ocr_par' dir='ltr' id='par_1_13' title="bbox 527 1466 2115 1544">
     <span class='ocr_line' id='line_1_13' title="bbox 527 1466 2115 1544; baseline -0.006 -16"><span class='ocrx_word' id='word_1_97' title='bbox 527 1475 661 1529; x_wconf 80' lang='lat' dir='ltr'><strong>dixit</strong></span> <span class='ocrx_word' id='word_1_98' title='bbox 675 1473 976 1544; x_wconf 81' lang='lat' dir='ltr'><strong>Apostolus,</strong></span> <span class='ocrx_word' id='word_1_99' title='bbox 995 1472 1049 1528; x_wconf 92' lang='lat' dir='ltr'><strong>Si</strong></span> <span class='ocrx_word' id='word_1_100' title='bbox 1072 1474 1208 1527; x_wconf 87' lang='lat' dir='ltr'><strong>ﬁlios</strong></span> <span class='ocrx_word' id='word_1_101' title='bbox 1230 1487 1333 1525; x_wconf 91' lang='lat' dir='ltr'><strong>non</strong></span> <span class='ocrx_word' id='word_1_102' title='bbox 1352 1470 1528 1535; x_wconf 80' lang='lat' dir='ltr'><strong>habet,</strong></span> <span class='ocrx_word' id='word_1_103' title='bbox 1545 1469 1742 1523; x_wconf 83' lang='lat' dir='ltr'><strong>nubat?</strong></span> <span class='ocrx_word' id='word_1_104' title='bbox 1762 1468 1891 1534; x_wconf 85' lang='lat' dir='ltr'><strong>Quia</strong></span> <span class='ocrx_word' id='word_1_105' title='bbox 1913 1466 2115 1521; x_wconf 90' lang='lat' dir='ltr'><strong>scilicet</strong></span> 
     </span>
    </p>
   </div>
   <div class='ocr_carea' id='block_1_14' title="bbox 530 1560 2112 1633">
    <p class='ocr_par' dir='ltr' id='par_1_14' title="bbox 530 1560 2112 1633">
     <span class='ocr_line' id='line_1_14' title="bbox 530 1560 2112 1633; baseline -0.005 -15"><span class='ocrx_word' id='word_1_106' title='bbox 530 1563 634 1618; x_wconf 89' lang='lat' dir='ltr'><strong>hoc</strong></span> <span class='ocrx_word' id='word_1_107' title='bbox 660 1572 900 1633; x_wconf 89' lang='lat' dir='ltr'><strong>tempore</strong></span> <span class='ocrx_word' id='word_1_108' title='bbox 929 1562 1234 1617; x_wconf 89' lang='lat' dir='ltr'><strong>continendi</strong></span> <span class='ocrx_word' id='word_1_109' title='bbox 1261 1561 1327 1616; x_wconf 90' lang='lat' dir='ltr'><strong>ab</strong></span> <span class='ocrx_word' id='word_1_110' title='bbox 1352 1560 1618 1630; x_wconf 86' lang='lat' dir='ltr'><strong>amplexu,</strong></span> <span class='ocrx_word' id='word_1_111' title='bbox 1652 1573 1755 1614; x_wconf 90' lang='lat' dir='ltr'><strong>non</strong></span> <span class='ocrx_word' id='word_1_112' title='bbox 1782 1567 1863 1613; x_wconf 90' lang='lat' dir='ltr'><strong>est</strong></span> <span class='ocrx_word' id='word_1_113' title='bbox 1892 1572 2112 1611; x_wconf 88' lang='lat' dir='ltr'><strong>necesse</strong></span> 
     </span>
    </p>
   </div>
   <div class='ocr_carea' id='block_1_15' title="bbox 529 1650 2109 1725">
    <p class='ocr_par' dir='ltr' id='par_1_15' title="bbox 529 1650 2109 1725">
     <span class='ocr_line' id='line_1_15' title="bbox 529 1650 2109 1725; baseline -0.007 -16"><span class='ocrx_word' id='word_1_114' title='bbox 529 1655 667 1710; x_wconf 82' lang='lat' dir='ltr'><strong>ﬁlios</strong></span> <span class='ocrx_word' id='word_1_115' title='bbox 704 1669 1016 1725; x_wconf 85' lang='lat' dir='ltr'><strong>propagare.</strong></span> <span class='ocrx_word' id='word_1_116' title='bbox 1046 1654 1110 1707; x_wconf 86' lang='lat' dir='ltr'><strong>Et</strong></span> <span class='ocrx_word' id='word_1_117' title='bbox 1136 1667 1301 1723; x_wconf 88' lang='lat' dir='ltr'><strong>quare</strong></span> <span class='ocrx_word' id='word_1_118' title='bbox 1342 1651 1502 1716; x_wconf 86' lang='lat' dir='ltr'><strong>dixit,</strong></span> <span class='ocrx_word' id='word_1_119' title='bbox 1534 1650 1595 1705; x_wconf 87' lang='lat' dir='ltr'><strong>Si</strong></span> <span class='ocrx_word' id='word_1_120' title='bbox 1637 1666 1690 1702; x_wconf 88' lang='lat' dir='ltr'><strong>se</strong></span> <span class='ocrx_word' id='word_1_121' title='bbox 1730 1665 1829 1701; x_wconf 89' lang='lat' dir='ltr'><strong>non</strong></span> <span class='ocrx_word' id='word_1_122' title='bbox 1874 1652 2109 1711; x_wconf 85' lang='lat' dir='ltr'><strong>continet,</strong></span> 
     </span>
    </p>
   </div>
   <div class='ocr_carea' id='block_1_16' title="bbox 531 1737 2112 1815">
    <p class='ocr_par' dir='ltr' id='par_1_16' title="bbox 531 1737 2112 1815">
     <span class='ocr_line' id='line_1_16' title="bbox 531 1737 2112 1815; baseline -0.006 -15"><span class='ocrx_word' id='word_1_123' title='bbox 531 1746 728 1800; x_wconf 83' lang='lat' dir='ltr'><strong>nubat?</strong></span> <span class='ocrx_word' id='word_1_124' title='bbox 776 1745 967 1815; x_wconf 82' lang='lat' dir='ltr'><strong>Utique</strong></span> <span class='ocrx_word' id='word_1_125' title='bbox 1020 1754 1320 1814; x_wconf 81' lang='lat' dir='ltr'><strong>propterea,</strong></span> <span class='ocrx_word' id='word_1_126' title='bbox 1367 1757 1433 1796; x_wconf 91' lang='lat' dir='ltr'><strong>ne</strong></span> <span class='ocrx_word' id='word_1_127' title='bbox 1482 1756 1575 1810; x_wconf 90' lang='lat' dir='ltr'><strong>per</strong></span> <span class='ocrx_word' id='word_1_128' title='bbox 1619 1737 2048 1801; x_wconf 87' lang='lat' dir='ltr'><strong>incontinentiam</strong></span> <span class='ocrx_word' id='word_1_129' title='bbox 2093 1739 2112 1768; x_wconf 80' lang='grc'>²</span> 
     </span>
    </p>
   </div>
   <div class='ocr_carea' id='block_1_17' title="bbox 530 1829 2111 1907">
    <p class='ocr_par' dir='ltr' id='par_1_17' title="bbox 530 1829 2111 1907">
     <span class='ocr_line' id='line_1_17' title="bbox 530 1829 2111 1907; baseline -0.005 -16"><span class='ocrx_word' id='word_1_130' title='bbox 530 1846 751 1907; x_wconf 80' lang='lat' dir='ltr'><strong>cogatur</strong></span> <span class='ocrx_word' id='word_1_131' title='bbox 781 1836 1102 1891; x_wconf 80' lang='lat' dir='ltr'><strong>adulterare.</strong></span> <span class='ocrx_word' id='word_1_132' title='bbox 1137 1833 1194 1889; x_wconf 90' lang='lat' dir='ltr'><strong>Si</strong></span> <span class='ocrx_word' id='word_1_133' title='bbox 1233 1849 1361 1903; x_wconf 79' lang='lat' dir='ltr'><strong>ergo</strong></span> <span class='ocrx_word' id='word_1_134' title='bbox 1391 1848 1449 1887; x_wconf 91' lang='lat' dir='ltr'><strong>se</strong></span> <span class='ocrx_word' id='word_1_135' title='bbox 1477 1832 1745 1893; x_wconf 88' lang='lat' dir='ltr'><strong>continet,</strong></span> <span class='ocrx_word' id='word_1_136' title='bbox 1776 1846 1874 1885; x_wconf 91' lang='lat' dir='ltr'><strong>nec</strong></span> <span class='ocrx_word' id='word_1_137' title='bbox 1910 1829 2111 1897; x_wconf 91' lang='lat' dir='ltr'><strong>nubat,</strong></span> 
     </span>
    </p>
   </div>
   <div class='ocr_carea' id='block_1_18' title="bbox 535 1914 2111 1998">
    <p class='ocr_par' dir='ltr' id='par_1_18' title="bbox 535 1914 2111 1998">
     <span class='ocr_line' id='line_1_18' title="bbox 535 1914 2111 1998; baseline -0.006 -17"><span class='ocrx_word' id='word_1_138' title='bbox 535 1943 635 1983; x_wconf 91' lang='lat' dir='ltr'><strong>nec</strong></span> <span class='ocrx_word' id='word_1_139' title='bbox 658 1914 895 1998; x_wconf 80' lang='lat' dir='ltr'><strong>generet.</strong></span> <span class='ocrx_word' id='word_1_140' title='bbox 924 1927 978 1981; x_wconf 89' lang='lat' dir='ltr'><strong>Si</strong></span> <span class='ocrx_word' id='word_1_141' title='bbox 1005 1934 1181 1980; x_wconf 90' lang='lat' dir='ltr'><strong>autem</strong></span> <span class='ocrx_word' id='word_1_142' title='bbox 1212 1939 1272 1978; x_wconf 92' lang='lat' dir='ltr'><strong>se</strong></span> <span class='ocrx_word' id='word_1_143' title='bbox 1315 1939 1419 1977; x_wconf 92' lang='lat' dir='ltr'><strong>non</strong></span> <span class='ocrx_word' id='word_1_144' title='bbox 1445 1924 1714 1988; x_wconf 89' lang='lat' dir='ltr'><strong>continet,</strong></span> <span class='ocrx_word' id='word_1_145' title='bbox 1748 1922 1888 1976; x_wconf 89' lang='lat' dir='ltr'><strong>licite</strong></span> <span class='ocrx_word' id='word_1_146' title='bbox 1914 1920 2111 1985; x_wconf 89' lang='lat' dir='ltr'><strong>nubat,</strong></span> 
     </span>
    </p>
   </div>
   <div class='ocr_carea' id='block_1_19' title="bbox 534 2014 2114 2089">
    <p class='ocr_par' dir='ltr' id='par_1_19' title="bbox 534 2014 2114 2089">
     <span class='ocr_line' id='line_1_19' title="bbox 534 2014 2114 2089; baseline -0.004 -16"><span class='ocrx_word' id='word_1_147' title='bbox 534 2034 603 2074; x_wconf 92' lang='lat' dir='ltr'><strong>ne</strong></span> <span class='ocrx_word' id='word_1_148' title='bbox 634 2020 855 2089; x_wconf 89' lang='lat' dir='ltr'><strong>turpiter</strong></span> <span class='ocrx_word' id='word_1_149' title='bbox 899 2027 1136 2088; x_wconf 85' lang='lat' dir='ltr'><strong>generet,</strong></span> <span class='ocrx_word' id='word_1_150' title='bbox 1177 2025 1271 2070; x_wconf 90' lang='lat' dir='ltr'><strong>aut</strong></span> <span class='ocrx_word' id='word_1_151' title='bbox 1317 2017 1521 2084; x_wconf 89' lang='lat' dir='ltr'><strong>turpius</strong></span> <span class='ocrx_word' id='word_1_152' title='bbox 1565 2014 1967 2070; x_wconf 89' lang='lat' dir='ltr'><strong>concumbendo</strong></span> <span class='ocrx_word' id='word_1_153' title='bbox 2010 2030 2114 2067; x_wconf 78' lang='lat' dir='ltr'><strong>non</strong></span> 
     </span>
    </p>
   </div>
   <div class='ocr_carea' id='block_1_20' title="bbox 534 2108 2114 2180">
    <p class='ocr_par' dir='ltr' id='par_1_20' title="bbox 534 2108 2114 2180">
     <span class='ocr_line' id='line_1_20' title="bbox 534 2108 2114 2180; baseline -0.003 -14"><span class='ocrx_word' id='word_1_154' title='bbox 534 2119 770 2180; x_wconf 78' lang='lat' dir='ltr'><strong>generet.</strong></span> <span class='ocrx_word' id='word_1_155' title='bbox 801 2111 1112 2180; x_wconf 86' lang='lat' dir='ltr'><strong>Quanquam</strong></span> <span class='ocrx_word' id='word_1_156' title='bbox 1140 2109 1240 2163; x_wconf 91' lang='lat' dir='ltr'><strong>hoc</strong></span> <span class='ocrx_word' id='word_1_157' title='bbox 1264 2109 1404 2177; x_wconf 90' lang='lat' dir='ltr'><strong>quod</strong></span> <span class='ocrx_word' id='word_1_158' title='bbox 1432 2109 1671 2162; x_wconf 92' lang='lat' dir='ltr'><strong>ultimum</strong></span> <span class='ocrx_word' id='word_1_159' title='bbox 1700 2108 1842 2175; x_wconf 85' lang='lat' dir='ltr'><strong>dixi,</strong></span> <span class='ocrx_word' id='word_1_160' title='bbox 1876 2108 2114 2161; x_wconf 88' lang='lat' dir='ltr'><strong>nonnulli</strong></span> 
     </span>
    </p>
   </div>
   <div class='ocr_carea' id='block_1_21' title="bbox 534 2196 2114 2267">
    <p class='ocr_par' dir='ltr' id='par_1_21' title="bbox 534 2196 2114 2267">
     <span class='ocr_line' id='line_1_21' title="bbox 534 2196 2114 2267; baseline -0.001 -14"><span class='ocrx_word' id='word_1_161' title='bbox 534 2198 729 2253; x_wconf 78' lang='lat' dir='ltr'><strong>faciant</strong></span> <span class='ocrx_word' id='word_1_162' title='bbox 763 2200 919 2252; x_wconf 90' lang='lat' dir='ltr'><strong>etiam</strong></span> <span class='ocrx_word' id='word_1_163' title='bbox 949 2198 1089 2252; x_wconf 93' lang='lat' dir='ltr'><strong>licite</strong></span> <span class='ocrx_word' id='word_1_164' title='bbox 1116 2196 1400 2266; x_wconf 85' lang='lat' dir='ltr'><strong>conjugali.</strong></span> <span class='ocrx_word' id='word_1_165' title='bbox 1440 2196 1623 2252; x_wconf 87' lang='lat' dir='ltr'><strong>lllicite</strong></span> <span class='ocrx_word' id='word_1_166' title='bbox 1653 2213 1880 2267; x_wconf 78' lang='lat' dir='ltr'><strong>namque</strong></span> <span class='ocrx_word' id='word_1_167' title='bbox 1922 2207 1975 2252; x_wconf 88' lang='lat' dir='ltr'><strong>et</strong></span> <span class='ocrx_word' id='word_1_168' title='bbox 2004 2207 2114 2252; x_wconf 86' lang='lat' dir='ltr'><strong>tur-</strong></span> 
     </span>
    </p>
   </div>
   <div class='ocr_carea' id='block_1_22' title="bbox 534 2289 2118 2360">
    <p class='ocr_par' dir='ltr' id='par_1_22' title="bbox 534 2289 2118 2360">
     <span class='ocr_line' id='line_1_22' title="bbox 534 2289 2118 2360; baseline -0.001 -16"><span class='ocrx_word' id='word_1_169' title='bbox 534 2291 672 2360; x_wconf 86' lang='lat' dir='ltr'><strong>piter</strong></span> <span class='ocrx_word' id='word_1_170' title='bbox 716 2289 874 2343; x_wconf 89' lang='lat' dir='ltr'><strong>etiam</strong></span> <span class='ocrx_word' id='word_1_171' title='bbox 920 2304 1041 2343; x_wconf 92' lang='lat' dir='ltr'><strong>cum</strong></span> <span class='ocrx_word' id='word_1_172' title='bbox 1089 2289 1323 2359; x_wconf 80' lang='lat' dir='ltr'><strong>legitima</strong></span> <span class='ocrx_word' id='word_1_173' title='bbox 1371 2304 1537 2343; x_wconf 79' lang='lat' dir='ltr'><strong>uxore</strong></span> <span class='ocrx_word' id='word_1_174' title='bbox 1579 2291 1983 2354; x_wconf 90' lang='lat' dir='ltr'><strong>concumbitur,</strong></span> <span class='ocrx_word' id='word_1_175' title='bbox 2029 2289 2118 2343; x_wconf 92' lang='lat' dir='ltr'><strong>ubi</strong></span> 
     </span>
    </p>
   </div>
   <div class='ocr_carea' id='block_1_23' title="bbox 539 2380 2119 2451">
    <p class='ocr_par' dir='ltr' id='par_1_23' title="bbox 539 2380 2119 2451">
     <span class='ocr_line' id='line_1_23' title="bbox 539 2380 2119 2451; baseline 0.001 -16"><span class='ocrx_word' id='word_1_176' title='bbox 539 2381 701 2451; x_wconf 92' lang='lat' dir='ltr'><strong>prolis</strong></span> <span class='ocrx_word' id='word_1_177' title='bbox 743 2381 1019 2449; x_wconf 89' lang='lat' dir='ltr'><strong>conceptio</strong></span> <span class='ocrx_word' id='word_1_178' title='bbox 1048 2381 1334 2435; x_wconf 90' lang='lat' dir='ltr'><strong>devitatur.</strong></span> <span class='ocrx_word' id='word_1_179' title='bbox 1366 2380 1517 2448; x_wconf 86' lang='lat' dir='ltr'><strong>Quod</strong></span> <span class='ocrx_word' id='word_1_180' title='bbox 1549 2381 1776 2436; x_wconf 83' lang='lat' dir='ltr'><strong>faciebat</strong></span> <span class='ocrx_word' id='word_1_181' title='bbox 1796 2382 1947 2436; x_wconf 87' lang='lat' dir='ltr'><strong>Onan</strong></span> <span class='ocrx_word' id='word_1_182' title='bbox 1982 2382 2119 2437; x_wconf 90' lang='lat' dir='ltr'><strong>ﬁlius</strong></span> 
     </span>
    </p>
   </div>
   <div class='ocr_carea' id='block_1_24' title="bbox 537 2471 2115 2545">
    <p class='ocr_par' dir='ltr' id='par_1_24' title="bbox 537 2471 2115 2545">
     <span class='ocr_line' id='line_1_24' title="bbox 537 2471 2115 2545; baseline 0.001 -19"><span class='ocrx_word' id='word_1_183' title='bbox 537 2471 709 2535; x_wconf 67' lang='lat' dir='ltr'><strong>Iudae,</strong></span> <span class='ocrx_word' id='word_1_184' title='bbox 737 2482 790 2527; x_wconf 90' lang='lat' dir='ltr'><strong>et</strong></span> <span class='ocrx_word' id='word_1_185' title='bbox 810 2473 997 2527; x_wconf 91' lang='lat' dir='ltr'><strong>occidit</strong></span> <span class='ocrx_word' id='word_1_186' title='bbox 1022 2472 1169 2526; x_wconf 91' lang='lat' dir='ltr'><strong>illum</strong></span> <span class='ocrx_word' id='word_1_187' title='bbox 1194 2482 1407 2541; x_wconf 88' lang='lat' dir='ltr'><strong>propter</strong></span> <span class='ocrx_word' id='word_1_188' title='bbox 1429 2473 1527 2526; x_wconf 92' lang='lat' dir='ltr'><strong>hoc</strong></span> <span class='ocrx_word' id='word_1_189' title='bbox 1551 2473 1688 2527; x_wconf 89' lang='lat' dir='ltr'><strong>Deus</strong></span> <span class='ocrx_word' id='word_1_190' title='bbox 1711 2473 1861 2545; x_wconf 76' lang='lat' dir='ltr'><strong>(Gen.</strong></span> <span class='ocrx_word' id='word_1_191' title='bbox 1888 2490 2115 2541; x_wconf 82' lang='lat' dir='ltr'><strong>xxxvnt,</strong></span> 
     </span>
    </p>
   </div>
   <div class='ocr_carea' id='block_1_25' title="bbox 538 2562 2121 2633">
    <p class='ocr_par' dir='ltr' id='par_1_25' title="bbox 538 2562 2121 2633">
     <span class='ocr_line' id='line_1_25' title="bbox 538 2562 2121 2633; baseline 0.001 -17"><span class='ocrx_word' id='word_1_192' title='bbox 538 2562 713 2631; x_wconf 71' lang='lat'><strong>8-10).</strong></span> <span class='ocrx_word' id='word_1_193' title='bbox 745 2563 1059 2633; x_wconf 88' lang='lat' dir='ltr'><strong>Propagatio</strong></span> <span class='ocrx_word' id='word_1_194' title='bbox 1097 2563 1272 2632; x_wconf 87' lang='lat' dir='ltr'><strong>itaque</strong></span> <span class='ocrx_word' id='word_1_195' title='bbox 1303 2563 1536 2616; x_wconf 88' lang='lat' dir='ltr'><strong>liliorttm</strong></span> <span class='ocrx_word' id='word_1_196' title='bbox 1557 2604 1571 2627; x_wconf 95' lang='lat'><strong>,</strong></span> <span class='ocrx_word' id='word_1_197' title='bbox 1604 2563 1713 2633; x_wconf 87' lang='lat' dir='ltr'><strong>ipsa</strong></span> <span class='ocrx_word' id='word_1_198' title='bbox 1757 2572 1838 2618; x_wconf 90' lang='lat' dir='ltr'><strong>est</strong></span> <span class='ocrx_word' id='word_1_199' title='bbox 1869 2565 2037 2633; x_wconf 88' lang='lat' dir='ltr'><strong>prima</strong></span> <span class='ocrx_word' id='word_1_200' title='bbox 2068 2574 2121 2619; x_wconf 91' lang='lat' dir='ltr'><strong>et</strong></span> 
     </span>
    </p>
   </div>
   <div class='ocr_carea' id='block_1_26' title="bbox 537 2648 2118 2724">
    <p class='ocr_par' dir='ltr' id='par_1_26' title="bbox 537 2648 2118 2724">
     <span class='ocr_line' id='line_1_26' title="bbox 537 2648 2118 2724; baseline 0.001 -19"><span class='ocrx_word' id='word_1_201' title='bbox 537 2651 796 2705; x_wconf 86' lang='lat' dir='ltr'><strong>naturalis</strong></span> <span class='ocrx_word' id='word_1_202' title='bbox 821 2660 873 2706; x_wconf 87' lang='lat' dir='ltr'><strong>et</strong></span> <span class='ocrx_word' id='word_1_203' title='bbox 899 2648 1126 2723; x_wconf 86' lang='lat' dir='ltr'><strong>legitima</strong></span> <span class='ocrx_word' id='word_1_204' title='bbox 1154 2667 1311 2706; x_wconf 86' lang='lat' dir='ltr'><strong>causa</strong></span> <span class='ocrx_word' id='word_1_205' title='bbox 1337 2653 1635 2721; x_wconf 89' lang='lat' dir='ltr'><strong>nuptiarmn</strong></span> <span class='ocrx_word' id='word_1_206' title='bbox 1664 2671 1676 2706; x_wconf 93' lang='lat'><strong>:</strong></span> <span class='ocrx_word' id='word_1_207' title='bbox 1705 2668 1768 2707; x_wconf 91' lang='lat' dir='ltr'><strong>ac</strong></span> <span class='ocrx_word' id='word_1_208' title='bbox 1790 2668 1883 2722; x_wconf 89' lang='lat' dir='ltr'><strong>per</strong></span> <span class='ocrx_word' id='word_1_209' title='bbox 1909 2654 2008 2708; x_wconf 87' lang='lat' dir='ltr'><strong>hoc</strong></span> <span class='ocrx_word' id='word_1_210' title='bbox 2029 2655 2118 2724; x_wconf 88' lang='lat' dir='ltr'><strong>qui</strong></span> 
     </span>
    </p>
   </div>
   <div class='ocr_carea' id='block_1_27' title="bbox 538 2743 2121 2813">
    <p class='ocr_par' dir='ltr' id='par_1_27' title="bbox 538 2743 2121 2813">
     <span class='ocr_line' id='line_1_27' title="bbox 538 2743 2121 2813; baseline 0.003 -18"><span class='ocrx_word' id='word_1_211' title='bbox 538 2751 756 2811; x_wconf 86' lang='lat' dir='ltr'><strong>propter</strong></span> <span class='ocrx_word' id='word_1_212' title='bbox 785 2743 1215 2797; x_wconf 86' lang='lat' dir='ltr'><strong>incontinentiam</strong></span> <span class='ocrx_word' id='word_1_213' title='bbox 1245 2743 1600 2813; x_wconf 84' lang='lat' dir='ltr'><strong>conjugautur</strong></span> <span class='ocrx_word' id='word_1_214' title='bbox 1624 2783 1639 2809; x_wconf 94' lang='lat'><strong>,</strong></span> <span class='ocrx_word' id='word_1_215' title='bbox 1670 2760 1777 2798; x_wconf 89' lang='lat' dir='ltr'><strong>non</strong></span> <span class='ocrx_word' id='word_1_216' title='bbox 1818 2745 1895 2800; x_wconf 90' lang='lat' dir='ltr'><strong>sic</strong></span> <span class='ocrx_word' id='word_1_217' title='bbox 1924 2745 2121 2800; x_wconf 89' lang='lat' dir='ltr'><strong>debent</strong></span> 
     </span>
    </p>
   </div>
   <div class='ocr_carea' id='block_1_28' title="bbox 545 2836 2120 2903">
    <p class='ocr_par' dir='ltr' id='par_1_28' title="bbox 545 2836 2120 2903">
     <span class='ocr_line' id='line_1_28' title="bbox 545 2836 2120 2903; baseline 0.002 -15"><span class='ocrx_word' id='word_1_218' title='bbox 545 2844 840 2903; x_wconf 88' lang='lat' dir='ltr'><strong>temperare</strong></span> <span class='ocrx_word' id='word_1_219' title='bbox 867 2837 1064 2890; x_wconf 89' lang='lat' dir='ltr'><strong>malum</strong></span> <span class='ocrx_word' id='word_1_220' title='bbox 1105 2851 1258 2889; x_wconf 89' lang='lat' dir='ltr'><strong>suum</strong></span> <span class='ocrx_word' id='word_1_221' title='bbox 1280 2876 1294 2901; x_wconf 96' lang='lat'><strong>,</strong></span> <span class='ocrx_word' id='word_1_222' title='bbox 1328 2844 1385 2889; x_wconf 92' lang='lat' dir='ltr'><strong>ut</strong></span> <span class='ocrx_word' id='word_1_223' title='bbox 1415 2836 1607 2890; x_wconf 90' lang='lat' dir='ltr'><strong>bonum</strong></span> <span class='ocrx_word' id='word_1_224' title='bbox 1639 2838 1995 2892; x_wconf 87' lang='lat' dir='ltr'><strong>exterminent</strong></span> <span class='ocrx_word' id='word_1_225' title='bbox 2025 2853 2120 2891; x_wconf 58' lang='lat' dir='ltr'><strong>nuo</strong></span> 
     </span>
    </p>
   </div>
   <div class='ocr_carea' id='block_1_29' title="bbox 542 2926 2120 3003">
    <p class='ocr_par' dir='ltr' id='par_1_29' title="bbox 542 2926 2120 3003">
     <span class='ocr_line' id='line_1_29' title="bbox 542 2926 2120 3003; baseline 0.004 -26"><span class='ocrx_word' id='word_1_226' title='bbox 542 2926 788 3003; x_wconf 87' lang='lat' dir='ltr'><strong>ptiarum,</strong></span> <span class='ocrx_word' id='word_1_227' title='bbox 821 2927 871 2981; x_wconf 90' lang='lat' dir='ltr'><strong>id</strong></span> <span class='ocrx_word' id='word_1_228' title='bbox 902 2935 999 2991; x_wconf 91' lang='lat' dir='ltr'><strong>cst,</strong></span> <span class='ocrx_word' id='word_1_229' title='bbox 1032 2927 1373 2997; x_wconf 79' lang='lat' dir='ltr'><strong>propaginem</strong></span> <span class='ocrx_word' id='word_1_230' title='bbox 1401 2926 1649 2983; x_wconf 89' lang='lat' dir='ltr'><strong>ﬁliorum.</strong></span> <span class='ocrx_word' id='word_1_231' title='bbox 1681 2930 1756 2985; x_wconf 89' lang='lat' dir='ltr'><strong>De</strong></span> <span class='ocrx_word' id='word_1_232' title='bbox 1785 2930 2120 2985; x_wconf 89' lang='lat' dir='ltr'><strong>incontinen-</strong></span> 
     </span>
    </p>
   </div>
   <div class='ocr_carea' id='block_1_30' title="bbox 544 3014 2122 3088">
    <p class='ocr_par' dir='ltr' id='par_1_30' title="bbox 544 3014 2122 3088">
     <span class='ocr_line' id='line_1_30' title="bbox 544 3014 2122 3088; baseline 0.004 -20"><span class='ocrx_word' id='word_1_233' title='bbox 544 3014 685 3069; x_wconf 90' lang='lat' dir='ltr'><strong>tibus</strong></span> <span class='ocrx_word' id='word_1_234' title='bbox 726 3016 917 3086; x_wconf 91' lang='lat' dir='ltr'><strong>quippe</strong></span> <span class='ocrx_word' id='word_1_235' title='bbox 956 3018 1270 3086; x_wconf 88' lang='lat' dir='ltr'><strong>loquebatur</strong></span> <span class='ocrx_word' id='word_1_236' title='bbox 1317 3018 1640 3088; x_wconf 84' lang='lat' dir='ltr'><strong>Apostolus,</strong></span> <span class='ocrx_word' id='word_1_237' title='bbox 1687 3020 1775 3075; x_wconf 82' lang='lat' dir='ltr'><strong>tibi</strong></span> <span class='ocrx_word' id='word_1_238' title='bbox 1822 3021 1938 3075; x_wconf 90' lang='lat' dir='ltr'><strong>ait:</strong></span> <span class='ocrx_word' id='word_1_239' title='bbox 1999 3021 2122 3075; x_wconf 87' lang='lat' dir='ltr'><strong>Volo</strong></span> 
     </span>
    </p>
   </div>
   <div class='ocr_carea' id='block_1_31' title="bbox 542 3107 2122 3183">
    <p class='ocr_par' dir='ltr' id='par_1_31' title="bbox 542 3107 2122 3183">
     <span class='ocr_line' id='line_1_31' title="bbox 542 3107 2122 3183; baseline 0.005 -24"><span class='ocrx_word' id='word_1_240' title='bbox 542 3107 699 3178; x_wconf 78' lang='lat' dir='ltr'><strong>igitur</strong></span> <span class='ocrx_word' id='word_1_241' title='bbox 712 3108 939 3177; x_wconf 87' lang='lat' dir='ltr'><strong>juniores</strong></span> <span class='ocrx_word' id='word_1_242' title='bbox 970 3108 1180 3174; x_wconf 87' lang='lat' dir='ltr'><strong>nubere,</strong></span> <span class='ocrx_word' id='word_1_243' title='bbox 1212 3110 1345 3176; x_wconf 85' lang='lat' dir='ltr'><strong>ﬁlios</strong></span> <span class='ocrx_word' id='word_1_244' title='bbox 1377 3127 1667 3179; x_wconf 83' lang='lat' dir='ltr'><strong>procreare,</strong></span> <span class='ocrx_word' id='word_1_245' title='bbox 1709 3114 2122 3183; x_wconf 80' lang='lat' dir='ltr'><strong>matresfamilias</strong></span> 
     </span>
    </p>
   </div>
   <div class='ocr_carea' id='block_1_32' title="bbox 544 3199 2123 3276">
    <p class='ocr_par' dir='ltr' id='par_1_32' title="bbox 544 3199 2123 3276">
     <span class='ocr_line' id='line_1_32' title="bbox 544 3199 2123 3276; baseline 0.004 -25"><span class='ocrx_word' id='word_1_246' title='bbox 544 3214 670 3264; x_wconf 83' lang='lat' dir='ltr'><strong>esse,</strong></span> <span class='ocrx_word' id='word_1_247' title='bbox 700 3199 891 3252; x_wconf 77' lang='lat' dir='ltr'><strong>nullam</strong></span> <span class='ocrx_word' id='word_1_248' title='bbox 920 3200 1227 3253; x_wconf 75' lang='lat' dir='ltr'><strong>occasionem</strong></span> <span class='ocrx_word' id='word_1_249' title='bbox 1251 3201 1373 3255; x_wconf 90' lang='lat' dir='ltr'><strong>dare</strong></span> <span class='ocrx_word' id='word_1_250' title='bbox 1402 3203 1691 3257; x_wconf 85' lang='lat' dir='ltr'><strong>adversario</strong></span> <span class='ocrx_word' id='word_1_251' title='bbox 1720 3204 1973 3258; x_wconf 83' lang='lat' dir='ltr'><strong>maledicti</strong></span> <span class='ocrx_word' id='word_1_252' title='bbox 1999 3222 2123 3276; x_wconf 82' lang='lat' dir='ltr'><strong>gra-</strong></span> 
     </span>
    </p>
   </div>
   <div class='ocr_carea' id='block_1_33' title="bbox 546 3287 2125 3363">
    <p class='ocr_par' dir='ltr' id='par_1_33' title="bbox 546 3287 2125 3363">
     <span class='ocr_line' id='line_1_33' title="bbox 546 3287 2125 3363; baseline 0.004 -21"><span class='ocrx_word' id='word_1_253' title='bbox 546 3288 636 3342; x_wconf 88' lang='lat' dir='ltr'><strong>tia.</strong></span> <span class='ocrx_word' id='word_1_254' title='bbox 673 3287 794 3341; x_wconf 80' lang='lat' dir='ltr'><strong>lam</strong></span> <span class='ocrx_word' id='word_1_255' title='bbox 837 3289 967 3341; x_wconf 88' lang='lat' dir='ltr'><strong>enim</strong></span> <span class='ocrx_word' id='word_1_256' title='bbox 995 3305 1244 3344; x_wconf 80' lang='lat' dir='ltr'><strong>conversa:</strong></span> <span class='ocrx_word' id='word_1_257' title='bbox 1281 3292 1512 3362; x_wconf 71' lang='lat' dir='ltr'><strong>quardam</strong></span> <span class='ocrx_word' id='word_1_258' title='bbox 1540 3303 1655 3347; x_wconf 87' lang='lat' dir='ltr'><strong>sunt</strong></span> <span class='ocrx_word' id='word_1_259' title='bbox 1693 3303 1823 3347; x_wconf 86' lang='lat' dir='ltr'><strong>retro</strong></span> <span class='ocrx_word' id='word_1_260' title='bbox 1852 3304 1961 3363; x_wconf 89' lang='lat' dir='ltr'><strong>post</strong></span> <span class='ocrx_word' id='word_1_261' title='bbox 1989 3305 2125 3349; x_wconf 83' lang='lat' dir='ltr'><strong>sata-</strong></span> 
     </span>
    </p>
   </div>
   <div class='ocr_carea' id='block_1_34' title="bbox 546 3378 2124 3453">
    <p class='ocr_par' dir='ltr' id='par_1_34' title="bbox 546 3378 2124 3453">
     <span class='ocr_line' id='line_1_34' title="bbox 546 3378 2124 3453; baseline 0.004 -21"><span class='ocrx_word' id='word_1_262' title='bbox 546 3395 662 3432; x_wconf 89' lang='lat' dir='ltr'><strong>nam</strong></span> <span class='ocrx_word' id='word_1_263' title='bbox 691 3378 733 3447; x_wconf 96' lang='lat' dir='ltr'><strong>(I</strong></span> <span class='ocrx_word' id='word_1_264' title='bbox 767 3378 896 3433; x_wconf 87' lang='lat' dir='ltr'><strong>Tim.</strong></span> <span class='ocrx_word' id='word_1_265' title='bbox 923 3396 980 3443; x_wconf 90' lang='lat' dir='ltr'><strong>v,</strong></span> <span class='ocrx_word' id='word_1_266' title='bbox 1017 3380 1082 3433; x_wconf 74' lang='lat' dir='ltr'><strong>M</strong></span> <span class='ocrx_word' id='word_1_267' title='bbox 1100 3389 1144 3433; x_wconf 90' lang='lat' dir='ltr'><strong>et</strong></span> <span class='ocrx_word' id='word_1_268' title='bbox 1168 3382 1281 3451; x_wconf 78' lang='grc'><strong>15).</strong></span> <span class='ocrx_word' id='word_1_269' title='bbox 1319 3381 1451 3436; x_wconf 90' lang='lat' dir='ltr'><strong>Cum</strong></span> <span class='ocrx_word' id='word_1_270' title='bbox 1493 3384 1667 3453; x_wconf 87' lang='lat' dir='ltr'><strong>itaque</strong></span> <span class='ocrx_word' id='word_1_271' title='bbox 1713 3384 1940 3451; x_wconf 88' lang='lat' dir='ltr'><strong>dicebat,</strong></span> <span class='ocrx_word' id='word_1_272' title='bbox 2000 3384 2124 3438; x_wconf 74' lang='lat' dir='ltr'><strong>Volo</strong></span> 
     </span>
    </p>
   </div>
   <div class='ocr_carea' id='block_1_35' title="bbox 535 3469 2120 3544">
    <p class='ocr_par' dir='ltr' id='par_1_35' title="bbox 535 3469 2120 3544">
     <span class='ocr_line' id='line_1_35' title="bbox 535 3469 2120 3544; baseline 0.004 -22"><span class='ocrx_word' id='word_1_273' title='bbox 535 3470 766 3539; x_wconf 81' lang='lat' dir='ltr'><strong>juniores</strong></span> <span class='ocrx_word' id='word_1_274' title='bbox 795 3469 1013 3533; x_wconf 82' lang='lat' dir='ltr'><strong>nubere;</strong></span> <span class='ocrx_word' id='word_1_275' title='bbox 1045 3469 1144 3523; x_wconf 88' lang='lat' dir='ltr'><strong>hoc</strong></span> <span class='ocrx_word' id='word_1_276' title='bbox 1173 3472 1353 3542; x_wconf 92' lang='lat' dir='ltr'><strong>utique</strong></span> <span class='ocrx_word' id='word_1_277' title='bbox 1381 3475 1629 3528; x_wconf 90' lang='lat' dir='ltr'><strong>monebat</strong></span> <span class='ocrx_word' id='word_1_278' title='bbox 1658 3485 1876 3544; x_wconf 88' lang='lat' dir='ltr'><strong>propter</strong></span> <span class='ocrx_word' id='word_1_279' title='bbox 1915 3475 2120 3529; x_wconf 91' lang='lat' dir='ltr'><strong>ruinam</strong></span> 
     </span>
    </p>
   </div>
   <div class='ocr_carea' id='block_1_36' title="bbox 545 3558 2121 3621">
    <p class='ocr_par' dir='ltr' id='par_1_36' title="bbox 545 3558 2121 3621">
     <span class='ocr_line' id='line_1_36' title="bbox 545 3558 2121 3621; baseline 0.004 -9"><span class='ocrx_word' id='word_1_280' title='bbox 545 3558 937 3615; x_wconf 69' lang='lat' dir='ltr'><strong>incontinentia:</strong></span> <span class='ocrx_word' id='word_1_281' title='bbox 977 3561 1313 3617; x_wconf 88' lang='lat' dir='ltr'><strong>fulciendam.</strong></span> <span class='ocrx_word' id='word_1_282' title='bbox 1354 3563 1456 3619; x_wconf 88' lang='lat' dir='ltr'><strong>Sed</strong></span> <span class='ocrx_word' id='word_1_283' title='bbox 1498 3580 1564 3619; x_wconf 91' lang='lat' dir='ltr'><strong>ne</strong></span> <span class='ocrx_word' id='word_1_284' title='bbox 1609 3565 1741 3620; x_wconf 91' lang='lat' dir='ltr'><strong>forte</strong></span> <span class='ocrx_word' id='word_1_285' title='bbox 1781 3566 1848 3621; x_wconf 91' lang='lat' dir='ltr'><strong>ab</strong></span> <span class='ocrx_word' id='word_1_286' title='bbox 1886 3567 1965 3621; x_wconf 88' lang='lat' dir='ltr'><strong>eis</strong></span> <span class='ocrx_word' id='word_1_287' title='bbox 2011 3566 2121 3620; x_wconf 88' lang='lat' dir='ltr'><strong>sola</strong></span> 
     </span>
    </p>
   </div>
   <div class='ocr_carea' id='block_1_37' title="bbox 544 3650 2125 3725">
    <p class='ocr_par' dir='ltr' id='par_1_37' title="bbox 544 3650 2125 3725">
     <span class='ocr_line' id='line_1_37' title="bbox 544 3650 2125 3725; baseline 0.006 -23"><span class='ocrx_word' id='word_1_288' title='bbox 544 3650 773 3704; x_wconf 87' lang='lat' dir='ltr'><strong>carnalis</strong></span> <span class='ocrx_word' id='word_1_289' title='bbox 806 3652 1250 3723; x_wconf 59' lang='lat' dir='ltr'><strong>concupiscentiae</strong></span> <span class='ocrx_word' id='word_1_290' title='bbox 1298 3656 1617 3725; x_wconf 88' lang='lat' dir='ltr'><strong>cogitaretur</strong></span> <span class='ocrx_word' id='word_1_291' title='bbox 1662 3658 1978 3723; x_wconf 88' lang='lat' dir='ltr'><strong>inﬁrmitas,</strong></span> <span class='ocrx_word' id='word_1_292' title='bbox 2038 3658 2125 3713; x_wconf 90' lang='lat' dir='ltr'><strong>cui</strong></span> 
     </span>
    </p>
   </div>
   <div class='ocr_carea' id='block_1_38' title="bbox 547 3743 2124 3816">
    <p class='ocr_par' dir='ltr' id='par_1_38' title="bbox 547 3743 2124 3816">
     <span class='ocr_line' id='line_1_38' title="bbox 547 3743 2124 3816; baseline 0.007 -23"><span class='ocrx_word' id='word_1_293' title='bbox 547 3743 909 3799; x_wconf 88' lang='lat' dir='ltr'><strong>tantummodo</strong></span> <span class='ocrx_word' id='word_1_294' title='bbox 942 3754 1085 3800; x_wconf 90' lang='lat' dir='ltr'><strong>esset</strong></span> <span class='ocrx_word' id='word_1_295' title='bbox 1124 3762 1287 3816; x_wconf 87' lang='lat' dir='ltr'><strong>opere</strong></span> <span class='ocrx_word' id='word_1_296' title='bbox 1326 3748 1574 3803; x_wconf 88' lang='lat' dir='ltr'><strong>connubii</strong></span> <span class='ocrx_word' id='word_1_297' title='bbox 1617 3749 1978 3816; x_wconf 89' lang='lat' dir='ltr'><strong>serviendum,</strong></span> <span class='ocrx_word' id='word_1_298' title='bbox 2023 3767 2124 3804; x_wconf 88' lang='lat' dir='ltr'><strong>nu—</strong></span> 
     </span>
    </p>
   </div>
   <div class='ocr_carea' id='block_1_39' title="bbox 546 3830 2126 3913">
    <p class='ocr_par' dir='ltr' id='par_1_39' title="bbox 546 3830 2126 3913">
     <span class='ocr_line' id='line_1_39' title="bbox 546 3830 2126 3913; baseline 0.008 -27"><span class='ocrx_word' id='word_1_299' title='bbox 546 3833 771 3903; x_wconf 86' lang='lat' dir='ltr'><strong>ptiarum</strong></span> <span class='ocrx_word' id='word_1_300' title='bbox 814 3847 992 3892; x_wconf 90' lang='lat' dir='ltr'><strong>autem</strong></span> <span class='ocrx_word' id='word_1_301' title='bbox 1031 3830 1114 3893; x_wconf 85' lang='lat' dir='ltr'><strong>vel</strong></span> <span class='ocrx_word' id='word_1_302' title='bbox 1164 3849 1593 3895; x_wconf 88' lang='lat' dir='ltr'><strong>contemneretur</strong></span> <span class='ocrx_word' id='word_1_303' title='bbox 1638 3843 1718 3896; x_wconf 87' lang='lat' dir='ltr'><strong>vel</strong></span> <span class='ocrx_word' id='word_1_304' title='bbox 1770 3844 2126 3913; x_wconf 88' lang='lat' dir='ltr'><strong>negligeretur</strong></span> 
     </span>
    </p>
   </div>
   <div class='ocr_carea' id='block_1_40' title="bbox 545 3923 2127 4006">
    <p class='ocr_par' dir='ltr' id='par_1_40' title="bbox 545 3923 2127 4006">
     <span class='ocr_line' id='line_1_40' title="bbox 545 3923 2127 4006; baseline 0.007 -28"><span class='ocrx_word' id='word_1_305' title='bbox 545 3923 772 3993; x_wconf 83' lang='lat' dir='ltr'><strong>bonum;</strong></span> <span class='ocrx_word' id='word_1_306' title='bbox 795 3930 1046 3984; x_wconf 89' lang='lat' dir='ltr'><strong>continuo</strong></span> <span class='ocrx_word' id='word_1_307' title='bbox 1067 3930 1359 3999; x_wconf 84' lang='lat' dir='ltr'><strong>subjunxit,</strong></span> <span class='ocrx_word' id='word_1_308' title='bbox 1388 3932 1521 3999; x_wconf 80' lang='lat' dir='ltr'><strong>ﬁlios</strong></span> <span class='ocrx_word' id='word_1_309' title='bbox 1552 3949 1833 4001; x_wconf 82' lang='lat' dir='ltr'><strong>procreare,</strong></span> <span class='ocrx_word' id='word_1_310' title='bbox 1864 3941 2127 4006; x_wconf 79' lang='lat' dir='ltr'><strong>matresfa-</strong></span> 
     </span>
    </p>
   </div>
   <div class='ocr_carea' id='block_1_41' title="bbox 543 4015 2126 4095">
    <p class='ocr_par' dir='ltr' id='par_1_41' title="bbox 543 4015 2126 4095">
     <span class='ocr_line' id='line_1_41' title="bbox 543 4015 2126 4095; baseline 0.009 -28"><span class='ocrx_word' id='word_1_311' title='bbox 543 4015 707 4071; x_wconf 85' lang='lat' dir='ltr'><strong>milias</strong></span> <span class='ocrx_word' id='word_1_312' title='bbox 733 4035 855 4072; x_wconf 86' lang='lat' dir='ltr'><strong>esse.</strong></span> <span class='ocrx_word' id='word_1_313' title='bbox 883 4020 983 4084; x_wconf 90' lang='lat' dir='ltr'><strong>Qui</strong></span> <span class='ocrx_word' id='word_1_314' title='bbox 1009 4035 1136 4073; x_wconf 88' lang='lat' dir='ltr'><strong>vero</strong></span> <span class='ocrx_word' id='word_1_315' title='bbox 1162 4020 1363 4088; x_wconf 88' lang='lat' dir='ltr'><strong>eligunt</strong></span> <span class='ocrx_word' id='word_1_316' title='bbox 1386 4022 1689 4088; x_wconf 87' lang='lat' dir='ltr'><strong>continere,</strong></span> <span class='ocrx_word' id='word_1_317' title='bbox 1723 4024 1919 4094; x_wconf 88' lang='lat' dir='ltr'><strong>aliquid</strong></span> <span class='ocrx_word' id='word_1_318' title='bbox 1946 4026 2126 4095; x_wconf 88' lang='lat' dir='ltr'><strong>utique</strong></span> 
     </span>
    </p>
   </div>
   <div class='ocr_carea' id='block_1_42' title="bbox 542 4107 2121 4181">
    <p class='ocr_par' dir='ltr' id='par_1_42' title="bbox 542 4107 2121 4181">
     <span class='ocr_line' id='line_1_42' title="bbox 542 4107 2121 4181; baseline 0.008 -22"><span class='ocrx_word' id='word_1_319' title='bbox 542 4107 732 4162; x_wconf 86' lang='lat' dir='ltr'><strong>melius</strong></span> <span class='ocrx_word' id='word_1_320' title='bbox 760 4110 961 4179; x_wconf 90' lang='lat' dir='ltr'><strong>eligunt</strong></span> <span class='ocrx_word' id='word_1_321' title='bbox 988 4125 1142 4179; x_wconf 91' lang='lat' dir='ltr'><strong>quam</strong></span> <span class='ocrx_word' id='word_1_322' title='bbox 1171 4121 1253 4165; x_wconf 89' lang='lat' dir='ltr'><strong>est</strong></span> <span class='ocrx_word' id='word_1_323' title='bbox 1281 4113 1582 4181; x_wconf 87' lang='lat' dir='ltr'><strong>nuptiarum</strong></span> <span class='ocrx_word' id='word_1_324' title='bbox 1614 4114 1807 4169; x_wconf 91' lang='lat' dir='ltr'><strong>bonum</strong></span> <span class='ocrx_word' id='word_1_325' title='bbox 1830 4157 1844 4181; x_wconf 91' lang='lat'><strong>,</strong></span> <span class='ocrx_word' id='word_1_326' title='bbox 1877 4115 1981 4171; x_wconf 89' lang='lat' dir='ltr'><strong>hoc</strong></span> <span class='ocrx_word' id='word_1_327' title='bbox 2007 4126 2121 4181; x_wconf 90' lang='lat' dir='ltr'><strong>est,</strong></span> 
     </span>
    </p>
   </div>
   <div class='ocr_carea' id='block_1_43' title="bbox 543 4198 2125 4272">
    <p class='ocr_par' dir='ltr' id='par_1_43' title="bbox 543 4198 2125 4272">
     <span class='ocr_line' id='line_1_43' title="bbox 543 4198 2125 4272; baseline 0.008 -24"><span class='ocrx_word' id='word_1_328' title='bbox 543 4198 813 4263; x_wconf 79' lang='lat' dir='ltr'><strong>generatio</strong></span> <span class='ocrx_word' id='word_1_329' title='bbox 861 4198 1108 4252; x_wconf 92' lang='lat' dir='ltr'><strong>ﬁliorum.</strong></span> <span class='ocrx_word' id='word_1_330' title='bbox 1152 4199 1303 4255; x_wconf 88' lang='lat' dir='ltr'><strong>Unde</strong></span> <span class='ocrx_word' id='word_1_331' title='bbox 1345 4201 1387 4255; x_wconf 92' lang='lat' dir='ltr'><strong>si</strong></span> <span class='ocrx_word' id='word_1_332' title='bbox 1428 4202 1637 4272; x_wconf 88' lang='lat' dir='ltr'><strong>eligitur</strong></span> <span class='ocrx_word' id='word_1_333' title='bbox 1678 4206 2022 4270; x_wconf 88' lang='lat' dir='ltr'><strong>continentia,</strong></span> <span class='ocrx_word' id='word_1_334' title='bbox 2068 4218 2125 4261; x_wconf 90' lang='lat' dir='ltr'><strong>ut</strong></span> 
     </span>
    </p>
   </div>
   <div class='ocr_carea' id='block_1_44' title="bbox 544 4282 2126 4367">
    <p class='ocr_par' dir='ltr' id='par_1_44' title="bbox 544 4282 2126 4367">
     <span class='ocr_line' id='line_1_44' title="bbox 544 4282 2126 4367; baseline 0.009 -29"><span class='ocrx_word' id='word_1_335' title='bbox 544 4282 684 4339; x_wconf 87' lang='lat' dir='ltr'><strong>bono</strong></span> <span class='ocrx_word' id='word_1_336' title='bbox 729 4290 1030 4357; x_wconf 87' lang='lat' dir='ltr'><strong>nuptiarum</strong></span> <span class='ocrx_word' id='word_1_337' title='bbox 1070 4290 1261 4345; x_wconf 91' lang='lat' dir='ltr'><strong>melius</strong></span> <span class='ocrx_word' id='word_1_338' title='bbox 1296 4292 1491 4362; x_wconf 89' lang='lat' dir='ltr'><strong>aliquid</strong></span> <span class='ocrx_word' id='word_1_339' title='bbox 1542 4306 1880 4363; x_wconf 88' lang='lat' dir='ltr'><strong>capessatur;</strong></span> <span class='ocrx_word' id='word_1_340' title='bbox 1930 4308 2126 4367; x_wconf 90' lang='lat' dir='ltr'><strong>quanto</strong></span> 
     </span>
    </p>
   </div>
   <div class='ocr_carea' id='block_1_45' title="bbox 544 4376 2124 4445">
    <p class='ocr_par' dir='ltr' id='par_1_45' title="bbox 544 4376 2124 4445">
     <span class='ocr_line' id='line_1_45' title="bbox 544 4376 2124 4445; baseline 0.011 -18"><span class='ocrx_word' id='word_1_341' title='bbox 544 4376 721 4443; x_wconf 88' lang='lat' dir='ltr'><strong>potius</strong></span> <span class='ocrx_word' id='word_1_342' title='bbox 747 4379 1090 4434; x_wconf 88' lang='lat' dir='ltr'><strong>custodienda</strong></span> <span class='ocrx_word' id='word_1_343' title='bbox 1118 4390 1217 4445; x_wconf 87' lang='lat' dir='ltr'><strong>est,</strong></span> <span class='ocrx_word' id='word_1_344' title='bbox 1246 4391 1305 4435; x_wconf 93' lang='lat' dir='ltr'><strong>ut</strong></span> <span class='ocrx_word' id='word_1_345' title='bbox 1333 4382 1649 4439; x_wconf 87' lang='lat' dir='ltr'><strong>adulterium</strong></span> <span class='ocrx_word' id='word_1_346' title='bbox 1678 4390 1968 4442; x_wconf 89' lang='lat' dir='ltr'><strong>caveatur?</strong></span> <span class='ocrx_word' id='word_1_347' title='bbox 1994 4390 2124 4444; x_wconf 91' lang='lat' dir='ltr'><strong>Cum</strong></span> 
     </span>
    </p>
   </div>
   <div class='ocr_carea' id='block_1_46' title="bbox 543 4466 2123 4547">
    <p class='ocr_par' dir='ltr' id='par_1_46' title="bbox 543 4466 2123 4547">
     <span class='ocr_line' id='line_1_46' title="bbox 543 4466 2123 4547; baseline 0.009 -28"><span class='ocrx_word' id='word_1_348' title='bbox 543 4466 685 4521; x_wconf 91' lang='lat' dir='ltr'><strong>enim</strong></span> <span class='ocrx_word' id='word_1_349' title='bbox 731 4468 951 4525; x_wconf 83' lang='lat' dir='ltr'><strong>dixisset</strong></span> <span class='ocrx_word' id='word_1_350' title='bbox 994 4472 1307 4541; x_wconf 89' lang='lat' dir='ltr'><strong>Apostolus,</strong></span> <span class='ocrx_word' id='word_1_351' title='bbox 1357 4474 1507 4538; x_wconf 84' lang='lat' dir='ltr'><strong>Quod</strong></span> <span class='ocrx_word' id='word_1_352' title='bbox 1547 4476 1592 4528; x_wconf 88' lang='lat' dir='ltr'><strong>si</strong></span> <span class='ocrx_word' id='word_1_353' title='bbox 1638 4493 1690 4530; x_wconf 85' lang='lat' dir='ltr'><strong>se</strong></span> <span class='ocrx_word' id='word_1_354' title='bbox 1732 4495 1831 4532; x_wconf 86' lang='lat' dir='ltr'><strong>non</strong></span> <span class='ocrx_word' id='word_1_355' title='bbox 1884 4481 2123 4547; x_wconf 85' lang='lat' dir='ltr'><strong>continet,</strong></span> 
     </span>
    </p>
   </div>
   <div class='ocr_carea' id='block_1_47' title="bbox 546 4556 2128 4641">
    <p class='ocr_par' dir='ltr' id='par_1_47' title="bbox 546 4556 2128 4641">
     <span class='ocr_line' id='line_1_47' title="bbox 546 4556 2128 4641; baseline 0.011 -35"><span class='ocrx_word' id='word_1_356' title='bbox 546 4556 747 4610; x_wconf 89' lang='lat' dir='ltr'><strong>nubat:</strong></span> <span class='ocrx_word' id='word_1_357' title='bbox 794 4558 979 4614; x_wconf 80' lang='lat' dir='ltr'><strong>Melius</strong></span> <span class='ocrx_word' id='word_1_358' title='bbox 1023 4571 1096 4615; x_wconf 86' lang='lat' dir='ltr'><strong>est</strong></span> <span class='ocrx_word' id='word_1_359' title='bbox 1141 4564 1311 4631; x_wconf 90' lang='lat' dir='ltr'><strong>enim,</strong></span> <span class='ocrx_word' id='word_1_360' title='bbox 1363 4565 1564 4635; x_wconf 71' lang='lat' dir='ltr'><strong>inquit;</strong></span> <span class='ocrx_word' id='word_1_361' title='bbox 1612 4567 1795 4622; x_wconf 87' lang='lat' dir='ltr'><strong>nubere</strong></span> <span class='ocrx_word' id='word_1_362' title='bbox 1844 4588 1995 4641; x_wconf 84' lang='lat' dir='ltr'><strong>quam</strong></span> <span class='ocrx_word' id='word_1_363' title='bbox 2046 4573 2128 4625; x_wconf 87' lang='lat' dir='ltr'><strong>uri</strong></span> 
     </span>
    </p>
   </div>
   <div class='ocr_carea' id='block_1_48' title="bbox 546 4646 2125 4732">
    <p class='ocr_par' dir='ltr' id='par_1_48' title="bbox 546 4646 2125 4732">
     <span class='ocr_line' id='line_1_48' title="bbox 546 4646 2125 4732; baseline 0.013 -35"><span class='ocrx_word' id='word_1_364' title='bbox 546 4646 589 4715; x_wconf 93' lang='lat' dir='ltr'><strong>(l</strong></span> <span class='ocrx_word' id='word_1_365' title='bbox 617 4646 733 4700; x_wconf 86' lang='lat' dir='ltr'><strong>Cor.</strong></span> <span class='ocrx_word' id='word_1_366' title='bbox 767 4664 875 4717; x_wconf 89' lang='lat' dir='ltr'><strong>vn,</strong></span> <span class='ocrx_word' id='word_1_367' title='bbox 904 4652 981 4719; x_wconf 88' lang='lat'><strong>9).</strong></span> <span class='ocrx_word' id='word_1_368' title='bbox 1013 4652 1128 4706; x_wconf 83' lang='lat' dir='ltr'><strong>Non</strong></span> <span class='ocrx_word' id='word_1_369' title='bbox 1158 4654 1326 4723; x_wconf 84' lang='lat' dir='ltr'><strong>dixit,</strong></span> <span class='ocrx_word' id='word_1_370' title='bbox 1357 4657 1655 4730; x_wconf 83' lang='lat' dir='ltr'><strong>Meliusest</strong></span> <span class='ocrx_word' id='word_1_371' title='bbox 1684 4661 1939 4715; x_wconf 71' lang='lat' dir='ltr'><strong>moecbari</strong></span> <span class='ocrx_word' id='word_1_372' title='bbox 1969 4678 2125 4732; x_wconf 87' lang='lat' dir='ltr'><strong>quam</strong></span> 
     </span>
    </p>
   </div>
   <div class='ocr_carea' id='block_1_49' title="bbox 547 4748 650 4789">
    <p class='ocr_par' dir='ltr' id='par_1_49' title="bbox 547 4748 650 4789">
     <span class='ocr_line' id='line_1_49' title="bbox 547 4748 650 4789; baseline 0 0"><span class='ocrx_word' id='word_1_373' title='bbox 547 4748 650 4789; x_wconf 83' lang='lat' dir='ltr'><strong>uri.</strong></span> 
     </span>
    </p>
   </div>
   <div class='ocr_carea' id='block_1_50' title="bbox 620 4826 2126 4917">
    <p class='ocr_par' dir='ltr' id='par_1_50' title="bbox 620 4826 2126 4917">
     <span class='ocr_line' id='line_1_50' title="bbox 620 4826 2126 4917; baseline 0.014 -37"><span class='ocrx_word' id='word_1_374' title='bbox 620 4826 847 4884; x_wconf 84' lang='lat' dir='ltr'><strong>CAPUT</strong></span> <span class='ocrx_word' id='word_1_375' title='bbox 875 4830 1008 4886; x_wconf 77' lang='lat' dir='ltr'>XIII.</span> <span class='ocrx_word' id='word_1_376' title='bbox 1028 4862 1100 4872; x_wconf 93' lang='lat'><strong>-—</strong></span> <span class='ocrx_word' id='word_1_377' title='bbox 1118 4835 1199 4890; x_wconf 80' lang='grc'><strong>15.</strong></span> <span class='ocrx_word' id='word_1_378' title='bbox 1231 4836 1284 4890; x_wconf 86' lang='grc' dir='ltr'><em>Ν</em></span> <span class='ocrx_word' id='word_1_379' title='bbox 1288 4840 1472 4894; x_wconf 84' lang='lat' dir='ltr'><strong>olentes</strong></span> <span class='ocrx_word' id='word_1_380' title='bbox 1496 4841 1809 4895; x_wconf 85' lang='lat' dir='ltr'><strong>reconciliari</strong></span> <span class='ocrx_word' id='word_1_381' title='bbox 1829 4846 2126 4917; x_wconf 73' lang='lat' dir='ltr'><strong>coniugibus</strong></span> 
     </span>
    </p>
   </div>
   <div class='ocr_carea' id='block_1_51' title="bbox 547 4918 2123 5006">
    <p class='ocr_par' dir='ltr' id='par_1_51' title="bbox 547 4918 2123 5006">
     <span class='ocr_line' id='line_1_51' title="bbox 547 4918 2123 5006; baseline 0.015 -38"><span class='ocrx_word' id='word_1_382' title='bbox 547 4918 826 4983; x_wconf 86' lang='lat' dir='ltr'><strong>adulteris,</strong></span> <span class='ocrx_word' id='word_1_383' title='bbox 858 4924 1213 4981; x_wconf 84' lang='lat' dir='ltr'><strong>continentiam</strong></span> <span class='ocrx_word' id='word_1_384' title='bbox 1251 4932 1553 4984; x_wconf 81' lang='lat' dir='ltr'><strong>custodiant.</strong></span> <span class='ocrx_word' id='word_1_385' title='bbox 1600 4932 1712 4986; x_wconf 91' lang='lat' dir='ltr'><strong>Non</strong></span> <span class='ocrx_word' id='word_1_386' title='bbox 1751 4942 1834 4988; x_wconf 85' lang='lat' dir='ltr'><strong>est</strong></span> <span class='ocrx_word' id='word_1_387' title='bbox 1875 4945 2031 5006; x_wconf 86' lang='lat' dir='ltr'><strong>tgttur</strong></span> <span class='ocrx_word' id='word_1_388' title='bbox 2059 4939 2123 4992; x_wconf 88' lang='lat' dir='ltr'><strong>ad</strong></span> 
     </span>
    </p>
   </div>
   <div class='ocr_carea' id='block_1_52' title="bbox 545 5009 2125 5101">
    <p class='ocr_par' dir='ltr' id='par_1_52' title="bbox 545 5009 2125 5101">
     <span class='ocr_line' id='line_1_52' title="bbox 545 5009 2125 5101; baseline 0.016 -40"><span class='ocrx_word' id='word_1_389' title='bbox 545 5009 687 5076; x_wconf 91' lang='lat' dir='ltr'><strong>quod</strong></span> <span class='ocrx_word' id='word_1_390' title='bbox 719 5011 1062 5071; x_wconf 90' lang='lat' dir='ltr'><strong>exhortemur</strong></span> <span class='ocrx_word' id='word_1_391' title='bbox 1090 5034 1181 5073; x_wconf 89' lang='lat' dir='ltr'><strong>eos</strong></span> <span class='ocrx_word' id='word_1_392' title='bbox 1217 5022 1305 5090; x_wconf 89' lang='lat' dir='ltr'><strong>qui</strong></span> <span class='ocrx_word' id='word_1_393' title='bbox 1350 5024 1677 5078; x_wconf 88' lang='lat' dir='ltr'><strong>reconciliari</strong></span> <span class='ocrx_word' id='word_1_394' title='bbox 1719 5027 1903 5083; x_wconf 83' lang='lat' dir='ltr'><strong>timent</strong></span> <span class='ocrx_word' id='word_1_395' title='bbox 1937 5032 2125 5101; x_wconf 82' lang='lat' dir='ltr'><strong>conju-</strong></span> 
     </span>
    </p>
   </div>
   <div class='ocr_carea' id='block_1_53' title="bbox 545 5098 2126 5179">
    <p class='ocr_par' dir='ltr' id='par_1_53' title="bbox 545 5098 2126 5179">
     <span class='ocr_line' id='line_1_53' title="bbox 545 5098 2126 5179; baseline 0.018 -29"><span class='ocrx_word' id='word_1_396' title='bbox 545 5098 699 5167; x_wconf 90' lang='lat' dir='ltr'><strong>gibus</strong></span> <span class='ocrx_word' id='word_1_397' title='bbox 726 5101 977 5159; x_wconf 90' lang='lat' dir='ltr'><strong>adulteris</strong></span> <span class='ocrx_word' id='word_1_398' title='bbox 1008 5109 1312 5176; x_wconf 80' lang='lat' dir='ltr'><strong>pmnitcndo</strong></span> <span class='ocrx_word' id='word_1_399' title='bbox 1342 5114 1558 5179; x_wconf 87' lang='lat' dir='ltr'><strong>sanatis,</strong></span> <span class='ocrx_word' id='word_1_400' title='bbox 1591 5115 1688 5170; x_wconf 92' lang='lat' dir='ltr'><strong>nisi</strong></span> <span class='ocrx_word' id='word_1_401' title='bbox 1719 5117 1784 5171; x_wconf 91' lang='lat' dir='ltr'><strong>ad</strong></span> <span class='ocrx_word' id='word_1_402' title='bbox 1823 5098 2126 5177; x_wconf 81' lang='lat' dir='ltr'><strong>custodien-</strong></span> 
     </span>
    </p>
   </div>
   <div class='ocr_carea' id='block_1_54' title="bbox 547 5188 2149 5281">
    <p class='ocr_par' dir='ltr' id='par_1_54' title="bbox 547 5188 2149 5281">
     <span class='ocr_line' id='line_1_54' title="bbox 547 5188 2149 5281; baseline 0.017 -40"><span class='ocrx_word' id='word_1_403' title='bbox 547 5188 668 5243; x_wconf 88' lang='lat' dir='ltr'><strong>dam</strong></span> <span class='ocrx_word' id='word_1_404' title='bbox 697 5193 1094 5251; x_wconf 92' lang='lat' dir='ltr'><strong>continentiam.</strong></span> <span class='ocrx_word' id='word_1_405' title='bbox 1128 5200 1386 5266; x_wconf 89' lang='lat' dir='ltr'><strong>Quoniam</strong></span> <span class='ocrx_word' id='word_1_406' title='bbox 1417 5204 1606 5259; x_wconf 89' lang='lat' dir='ltr'><strong>mulier</strong></span> <span class='ocrx_word' id='word_1_407' title='bbox 1629 5206 1834 5277; x_wconf 82' lang='lat' dir='ltr'><strong>alligata</strong></span> <span class='ocrx_word' id='word_1_408' title='bbox 1872 5215 2149 5281; x_wconf 37' lang='lat' dir='ltr'><strong>quamdiu.</strong></span> 
     </span>
    </p>
   </div>
   <div class='ocr_carea' id='block_1_55' title="bbox 546 5279 2124 5365">
    <p class='ocr_par' dir='ltr' id='par_1_55' title="bbox 546 5279 2124 5365">
     <span class='ocr_line' id='line_1_55' title="bbox 546 5279 2124 5365; baseline 0.019 -34"><span class='ocrx_word' id='word_1_409' title='bbox 546 5279 660 5335; x_wconf 84' lang='lat' dir='ltr'><strong>sive</strong></span> <span class='ocrx_word' id='word_1_410' title='bbox 690 5284 931 5341; x_wconf 56' lang='lat' dir='ltr'><strong>macellus</strong></span> <span class='ocrx_word' id='word_1_411' title='bbox 960 5288 1076 5344; x_wconf 85' lang='lat' dir='ltr'><strong>sive</strong></span> <span class='ocrx_word' id='word_1_412' title='bbox 1102 5299 1274 5344; x_wconf 90' lang='lat' dir='ltr'><strong>castus</strong></span> <span class='ocrx_word' id='word_1_413' title='bbox 1304 5293 1383 5345; x_wconf 89' lang='lat' dir='ltr'><strong>vir</strong></span> <span class='ocrx_word' id='word_1_414' title='bbox 1421 5295 1536 5363; x_wconf 90' lang='lat' dir='ltr'><strong>ejus</strong></span> <span class='ocrx_word' id='word_1_415' title='bbox 1562 5298 1720 5365; x_wconf 89' lang='lat' dir='ltr'><strong>vivit,</strong></span> <span class='ocrx_word' id='word_1_416' title='bbox 1758 5279 2056 5359; x_wconf 60' lang='lat' dir='ltr'><strong>merebatur</strong></span> <span class='ocrx_word' id='word_1_417' title='bbox 2084 5308 2124 5360; x_wconf 67' lang='lat' dir='ltr'><strong>si</strong></span> 
     </span>
    </p>
   </div>
   <div class='ocr_carea' id='block_1_56' title="bbox 546 5368 2126 5456">
    <p class='ocr_par' dir='ltr' id='par_1_56' title="bbox 546 5368 2126 5456">
     <span class='ocr_line' id='line_1_56' title="bbox 546 5368 2126 5456; baseline 0.021 -36"><span class='ocrx_word' id='word_1_418' title='bbox 546 5368 696 5424; x_wconf 89' lang='lat' dir='ltr'><strong>alteri</strong></span> <span class='ocrx_word' id='word_1_419' title='bbox 725 5377 993 5444; x_wconf 86' lang='lat' dir='ltr'><strong>nupserit;</strong></span> <span class='ocrx_word' id='word_1_420' title='bbox 1030 5390 1083 5432; x_wconf 89' lang='lat' dir='ltr'><strong>et</strong></span> <span class='ocrx_word' id='word_1_421' title='bbox 1113 5380 1193 5433; x_wconf 91' lang='lat' dir='ltr'><strong>vir</strong></span> <span class='ocrx_word' id='word_1_422' title='bbox 1218 5381 1461 5452; x_wconf 77' lang='lat' dir='ltr'><strong>alligatus</strong></span> <span class='ocrx_word' id='word_1_423' title='bbox 1490 5391 1740 5456; x_wconf 88' lang='lat' dir='ltr'><strong>quamdiu</strong></span> <span class='ocrx_word' id='word_1_424' title='bbox 1782 5394 1892 5448; x_wconf 85' lang='lat' dir='ltr'><strong>sive</strong></span> <span class='ocrx_word' id='word_1_425' title='bbox 1921 5399 2126 5453; x_wconf 66' lang='lat' dir='ltr'><strong>moecha</strong></span> 
     </span>
    </p>
   </div>
   <div class='ocr_carea' id='block_1_57' title="bbox 548 5460 2128 5544">
    <p class='ocr_par' dir='ltr' id='par_1_57' title="bbox 548 5460 2128 5544">
     <span class='ocr_line' id='line_1_57' title="bbox 548 5460 2128 5544; baseline 0.018 -28"><span class='ocrx_word' id='word_1_426' title='bbox 548 5460 660 5517; x_wconf 83' lang='lat' dir='ltr'><strong>sive</strong></span> <span class='ocrx_word' id='word_1_427' title='bbox 683 5474 826 5519; x_wconf 86' lang='lat' dir='ltr'><strong>easta</strong></span> <span class='ocrx_word' id='word_1_428' title='bbox 853 5484 984 5523; x_wconf 85' lang='lat' dir='ltr'><strong>uxor</strong></span> <span class='ocrx_word' id='word_1_429' title='bbox 1007 5469 1121 5538; x_wconf 83' lang='lat' dir='ltr'><strong>ejus</strong></span> <span class='ocrx_word' id='word_1_430' title='bbox 1146 5471 1293 5540; x_wconf 87' lang='lat' dir='ltr'><strong>vivit,</strong></span> <span class='ocrx_word' id='word_1_431' title='bbox 1323 5478 1618 5536; x_wconf 64' lang='lat' dir='ltr'><strong>moechatur</strong></span> <span class='ocrx_word' id='word_1_432' title='bbox 1642 5483 1685 5537; x_wconf 90' lang='lat' dir='ltr'><strong>si</strong></span> <span class='ocrx_word' id='word_1_433' title='bbox 1713 5485 1932 5540; x_wconf 90' lang='lat' dir='ltr'><strong>alteram</strong></span> <span class='ocrx_word' id='word_1_434' title='bbox 1965 5488 2128 5544; x_wconf 87' lang='lat' dir='ltr'><strong>duxe-</strong></span> 
     </span>
    </p>
   </div>
   <div class='ocr_carea' id='block_1_58' title="bbox 545 5643 2128 5751">
    <p class='ocr_par' dir='ltr' id='par_1_58' title="bbox 545 5643 2128 5751">
     <span class='ocr_line' id='line_1_58' title="bbox 545 5643 2128 5751; baseline 0.023 -64"><span class='ocrx_word' id='word_1_435' title='bbox 545 5643 1001 5751; x_wconf 33' lang='lat' dir='ltr'><strong>ﬂ.ifmtmrmauensis</strong></span> <span class='ocrx_word' id='word_1_436' title='bbox 1039 5658 1143 5702; x_wconf 79' lang='lat' dir='ltr'><strong>Mss.</strong></span> <span class='ocrx_word' id='word_1_437' title='bbox 1165 5688 1180 5713; x_wconf 95' lang='lat'><strong>,</strong></span> <span class='ocrx_word' id='word_1_438' title='bbox 1236 5656 1287 5707; x_wconf 89' lang='lat' dir='ltr'><strong>in</strong></span> <span class='ocrx_word' id='word_1_439' title='bbox 1328 5660 1605 5723; x_wconf 75' lang='lat' dir='ltr'><strong>nuptiarum</strong></span> <span class='ocrx_word' id='word_1_440' title='bbox 1646 5664 1961 5718; x_wconf 81' lang='lat' dir='ltr'><strong>descendebat</strong></span> <span class='ocrx_word' id='word_1_441' title='bbox 2026 5670 2128 5737; x_wconf 66' lang='lat' dir='ltr'><strong>olli-</strong></span> 
     </span>
    </p>
   </div>
   <div class='ocr_carea' id='block_1_59' title="bbox 609 5767 1877 5844">
    <p class='ocr_par' dir='ltr' id='par_1_59' title="bbox 609 5767 1877 5844">
     <span class='ocr_line' id='line_1_59' title="bbox 609 5767 1877 5844; baseline 0.024 -34"><span class='ocrx_word' id='word_1_442' title='bbox 609 5767 627 5795; x_wconf 68' lang='lat'><strong>’</strong></span> <span class='ocrx_word' id='word_1_443' title='bbox 660 5768 961 5821; x_wconf 62' lang='lat' dir='ltr'><strong>umbeicnsis</strong></span> <span class='ocrx_word' id='word_1_444' title='bbox 983 5775 1155 5837; x_wconf 80' lang='lat' dir='ltr'><strong>codex,</strong></span> <span class='ocrx_word' id='word_1_445' title='bbox 1182 5791 1239 5827; x_wconf 88' lang='lat' dir='ltr'><strong>nc</strong></span> <span class='ocrx_word' id='word_1_446' title='bbox 1259 5790 1451 5844; x_wconf 79' lang='lat' dir='ltr'><strong>propter</strong></span> <span class='ocrx_word' id='word_1_447' title='bbox 1476 5782 1877 5840; x_wconf 55' lang='lat' dir='ltr'><strong>incontinndimu</strong></span> 
     </span>
    </p>
   </div>
   <div class='ocr_carea' id='block_1_60' title="bbox 1414 341 3781 412">
    <p class='ocr_par' dir='ltr' id='par_1_60' title="bbox 1414 341 3781 412">
     <span class='ocr_line' id='line_1_60' title="bbox 1414 341 3781 412; baseline -0.005 -5"><span class='ocrx_word' id='word_1_448' title='bbox 1414 352 1501 407; x_wconf 83' lang='lat' dir='ltr'><strong>DE</strong></span> <span class='ocrx_word' id='word_1_449' title='bbox 1537 344 1879 405; x_wconf 83' lang='lat' dir='ltr'><strong>CONJUGllS</strong></span> <span class='ocrx_word' id='word_1_450' title='bbox 1916 341 2390 412; x_wconf 82' lang='lat' dir='ltr'><strong>ADULTERlNlS,</strong></span> <span class='ocrx_word' id='word_1_451' title='bbox 2431 343 2472 401; x_wconf 87' lang='lat' dir='ltr'><strong>S</strong></span> <span class='ocrx_word' id='word_1_452' title='bbox 2530 341 2899 401; x_wconf 79' lang='lat' dir='ltr'><strong>AUGUSTINI</strong></span> <span class='ocrx_word' id='word_1_453' title='bbox 3419 348 3427 353; x_wconf 78' lang='grc'><strong><em>’</em></strong></span> <span class='ocrx_word' id='word_1_454' title='bbox 3691 350 3781 407; x_wconf 63' lang='lat' dir='ltr'><strong>uo</strong></span> 
     </span>
    </p>
   </div>
   <div class='ocr_carea' id='block_1_61' title="bbox 2208 456 3780 530">
    <p class='ocr_par' dir='ltr' id='par_1_61' title="bbox 2208 456 3780 530">
     <span class='ocr_line' id='line_1_61' title="bbox 2208 456 3780 530; baseline 0.003 -19"><span class='ocrx_word' id='word_1_455' title='bbox 2208 458 2295 511; x_wconf 90' lang='lat' dir='ltr'><strong>rit.</strong></span> <span class='ocrx_word' id='word_1_456' title='bbox 2328 457 2451 512; x_wconf 71' lang='lat' dir='ltr'><strong>&quot;me</strong></span> <span class='ocrx_word' id='word_1_457' title='bbox 2482 472 2707 529; x_wconf 87' lang='lat' dir='ltr'><strong>namque</strong></span> <span class='ocrx_word' id='word_1_458' title='bbox 2742 457 2976 526; x_wconf 82' lang='lat' dir='ltr'><strong>alligatio</strong></span> <span class='ocrx_word' id='word_1_459' title='bbox 3007 456 3221 529; x_wconf 89' lang='lat' dir='ltr'><strong>quando</strong></span> <span class='ocrx_word' id='word_1_460' title='bbox 3246 459 3458 530; x_wconf 87' lang='lat' dir='ltr'><strong>quidem</strong></span> <span class='ocrx_word' id='word_1_461' title='bbox 3500 475 3608 516; x_wconf 90' lang='lat' dir='ltr'><strong>non</strong></span> <span class='ocrx_word' id='word_1_462' title='bbox 3637 464 3780 517; x_wconf 70' lang='lat' dir='ltr'><strong>solvi-</strong></span> 
     </span>
    </p>
   </div>
   <div class='ocr_carea' id='block_1_62' title="bbox 2208 548 3777 623">
    <p class='ocr_par' dir='ltr' id='par_1_62' title="bbox 2208 548 3777 623">
     <span class='ocr_line' id='line_1_62' title="bbox 2208 548 3777 623; baseline 0.003 -20"><span class='ocrx_word' id='word_1_463' title='bbox 2208 559 2324 613; x_wconf 89' lang='lat' dir='ltr'><strong>tur,</strong></span> <span class='ocrx_word' id='word_1_464' title='bbox 2359 549 2564 604; x_wconf 90' lang='lat' dir='ltr'><strong>etiamsi</strong></span> <span class='ocrx_word' id='word_1_465' title='bbox 2608 564 2704 618; x_wconf 84' lang='lat' dir='ltr'><strong>per</strong></span> <span class='ocrx_word' id='word_1_466' title='bbox 2737 548 3012 618; x_wconf 91' lang='lat' dir='ltr'><strong>repudium</strong></span> <span class='ocrx_word' id='word_1_467' title='bbox 3056 549 3250 620; x_wconf 85' lang='lat' dir='ltr'><strong>conjux</strong></span> <span class='ocrx_word' id='word_1_468' title='bbox 3272 563 3467 607; x_wconf 88' lang='lat' dir='ltr'><strong>acasto</strong></span> <span class='ocrx_word' id='word_1_469' title='bbox 3511 552 3725 623; x_wconf 84' lang='lat' dir='ltr'><strong>conjuge</strong></span> <span class='ocrx_word' id='word_1_470' title='bbox 3760 559 3777 587; x_wconf 77' lang='grc'>⁸</span> 
     </span>
    </p>
   </div>
   <div class='ocr_carea' id='block_1_63' title="bbox 2207 640 3779 714">
    <p class='ocr_par' dir='ltr' id='par_1_63' title="bbox 2207 640 3779 714">
     <span class='ocr_line' id='line_1_63' title="bbox 2207 640 3779 714; baseline 0.004 -20"><span class='ocrx_word' id='word_1_471' title='bbox 2207 649 2519 710; x_wconf 88' lang='lat' dir='ltr'><strong>separetur;</strong></span> <span class='ocrx_word' id='word_1_472' title='bbox 2576 640 2742 694; x_wconf 90' lang='lat' dir='ltr'><strong>multo</strong></span> <span class='ocrx_word' id='word_1_473' title='bbox 2805 641 2977 695; x_wconf 88' lang='lat' dir='ltr'><strong>mintts</strong></span> <span class='ocrx_word' id='word_1_474' title='bbox 3022 640 3274 710; x_wconf 77' lang='lat' dir='ltr'><strong>solvitur,</strong></span> <span class='ocrx_word' id='word_1_475' title='bbox 3316 644 3359 697; x_wconf 93' lang='lat' dir='ltr'><strong>si</strong></span> <span class='ocrx_word' id='word_1_476' title='bbox 3402 660 3508 697; x_wconf 87' lang='lat' dir='ltr'><strong>non</strong></span> <span class='ocrx_word' id='word_1_477' title='bbox 3556 657 3779 714; x_wconf 87' lang='lat' dir='ltr'><strong>separata</strong></span> 
     </span>
    </p>
   </div>
   <div class='ocr_carea' id='block_1_64' title="bbox 2212 730 3783 802">
    <p class='ocr_par' dir='ltr' id='par_1_64' title="bbox 2212 730 3783 802">
     <span class='ocr_line' id='line_1_64' title="bbox 2212 730 3783 802; baseline 0.002 -15"><span class='ocrx_word' id='word_1_478' title='bbox 2212 734 2530 788; x_wconf 70' lang='lat' dir='ltr'><strong>maaehetur.</strong></span> <span class='ocrx_word' id='word_1_479' title='bbox 2555 734 2629 787; x_wconf 86' lang='lat' dir='ltr'><strong>Ac</strong></span> <span class='ocrx_word' id='word_1_480' title='bbox 2652 749 2747 802; x_wconf 87' lang='lat' dir='ltr'><strong>per</strong></span> <span class='ocrx_word' id='word_1_481' title='bbox 2770 730 2872 787; x_wconf 88' lang='lat' dir='ltr'><strong>hoc</strong></span> <span class='ocrx_word' id='word_1_482' title='bbox 2898 748 3001 788; x_wconf 90' lang='lat' dir='ltr'><strong>non</strong></span> <span class='ocrx_word' id='word_1_483' title='bbox 3024 749 3142 788; x_wconf 91' lang='lat' dir='ltr'><strong>eam</strong></span> <span class='ocrx_word' id='word_1_484' title='bbox 3171 736 3348 801; x_wconf 86' lang='lat' dir='ltr'><strong>solvit,</strong></span> <span class='ocrx_word' id='word_1_485' title='bbox 3373 736 3475 790; x_wconf 88' lang='lat' dir='ltr'><strong>nisi</strong></span> <span class='ocrx_word' id='word_1_486' title='bbox 3505 752 3647 790; x_wconf 90' lang='lat' dir='ltr'><strong>mors</strong></span> <span class='ocrx_word' id='word_1_487' title='bbox 3665 753 3783 790; x_wconf 82' lang='lat' dir='ltr'><strong>cnn-</strong></span> 
     </span>
    </p>
   </div>
   <div class='ocr_carea' id='block_1_65' title="bbox 2207 820 3782 897">
    <p class='ocr_par' dir='ltr' id='par_1_65' title="bbox 2207 820 3782 897">
     <span class='ocr_line' id='line_1_65' title="bbox 2207 820 3782 897; baseline 0.004 -20"><span class='ocrx_word' id='word_1_488' title='bbox 2207 825 2376 894; x_wconf 89' lang='lat' dir='ltr'><strong>jugis,</strong></span> <span class='ocrx_word' id='word_1_489' title='bbox 2406 839 2511 878; x_wconf 92' lang='lat' dir='ltr'><strong>non</strong></span> <span class='ocrx_word' id='word_1_490' title='bbox 2538 823 2591 878; x_wconf 92' lang='lat' dir='ltr'><strong>in</strong></span> <span class='ocrx_word' id='word_1_491' title='bbox 2618 820 2934 879; x_wconf 89' lang='lat' dir='ltr'><strong>adulterium</strong></span> <span class='ocrx_word' id='word_1_492' title='bbox 2966 828 3297 893; x_wconf 88' lang='lat' dir='ltr'><strong>corruentis,</strong></span> <span class='ocrx_word' id='word_1_493' title='bbox 3329 826 3423 881; x_wconf 88' lang='lat' dir='ltr'><strong>sed</strong></span> <span class='ocrx_word' id='word_1_494' title='bbox 3461 827 3531 882; x_wconf 88' lang='lat' dir='ltr'><strong>de</strong></span> <span class='ocrx_word' id='word_1_495' title='bbox 3570 844 3782 897; x_wconf 90' lang='lat' dir='ltr'><strong>corpore</strong></span> 
     </span>
    </p>
   </div>
   <div class='ocr_carea' id='block_1_66' title="bbox 2210 916 3784 985">
    <p class='ocr_par' dir='ltr' id='par_1_66' title="bbox 2210 916 3784 985">
     <span class='ocr_line' id='line_1_66' title="bbox 2210 916 3784 985; baseline 0.002 -14"><span class='ocrx_word' id='word_1_496' title='bbox 2210 916 2470 972; x_wconf 85' lang='lat' dir='ltr'><strong>exeuntis.</strong></span> <span class='ocrx_word' id='word_1_497' title='bbox 2501 916 2835 985; x_wconf 87' lang='lat' dir='ltr'><strong>Quapropter</strong></span> <span class='ocrx_word' id='word_1_498' title='bbox 2860 917 2903 971; x_wconf 90' lang='lat' dir='ltr'><strong>si</strong></span> <span class='ocrx_word' id='word_1_499' title='bbox 2936 918 3215 973; x_wconf 90' lang='lat' dir='ltr'><strong>recesserit</strong></span> <span class='ocrx_word' id='word_1_500' title='bbox 3242 918 3432 973; x_wconf 90' lang='lat' dir='ltr'><strong>mulier</strong></span> <span class='ocrx_word' id='word_1_501' title='bbox 3460 920 3530 973; x_wconf 89' lang='lat' dir='ltr'><strong>ab</strong></span> <span class='ocrx_word' id='word_1_502' title='bbox 3558 918 3784 974; x_wconf 81' lang='lat' dir='ltr'><strong>adultero</strong></span> 
     </span>
    </p>
   </div>
   <div class='ocr_carea' id='block_1_67' title="bbox 2210 1008 3784 1081">
    <p class='ocr_par' dir='ltr' id='par_1_67' title="bbox 2210 1008 3784 1081">
     <span class='ocr_line' id='line_1_67' title="bbox 2210 1008 3784 1081; baseline 0.001 -18"><span class='ocrx_word' id='word_1_503' title='bbox 2210 1009 2326 1063; x_wconf 90' lang='lat' dir='ltr'><strong>viro</strong></span> <span class='ocrx_word' id='word_1_504' title='bbox 2346 1051 2359 1075; x_wconf 93' lang='lat'><strong>,</strong></span> <span class='ocrx_word' id='word_1_505' title='bbox 2388 1019 2441 1063; x_wconf 87' lang='lat' dir='ltr'><strong>et</strong></span> <span class='ocrx_word' id='word_1_506' title='bbox 2467 1008 2517 1064; x_wconf 91' lang='lat' dir='ltr'><strong>ei</strong></span> <span class='ocrx_word' id='word_1_507' title='bbox 2547 1009 2872 1063; x_wconf 89' lang='lat' dir='ltr'><strong>reconciliari</strong></span> <span class='ocrx_word' id='word_1_508' title='bbox 2902 1026 3005 1063; x_wconf 92' lang='lat' dir='ltr'><strong>non</strong></span> <span class='ocrx_word' id='word_1_509' title='bbox 3042 1010 3188 1073; x_wconf 88' lang='lat' dir='ltr'><strong>vult,</strong></span> <span class='ocrx_word' id='word_1_510' title='bbox 3221 1019 3435 1065; x_wconf 85' lang='lat' dir='ltr'><strong>maneat</strong></span> <span class='ocrx_word' id='word_1_511' title='bbox 3463 1012 3704 1081; x_wconf 86' lang='lat' dir='ltr'><strong>innupta;</strong></span> <span class='ocrx_word' id='word_1_512' title='bbox 3734 1026 3784 1066; x_wconf 92' lang='lat' dir='ltr'><strong>et</strong></span> 
     </span>
    </p>
   </div>
   <div class='ocr_carea' id='block_1_68' title="bbox 2215 1100 3784 1168">
    <p class='ocr_par' dir='ltr' id='par_1_68' title="bbox 2215 1100 3784 1168">
     <span class='ocr_line' id='line_1_68' title="bbox 2215 1100 3784 1168; baseline 0.001 -13"><span class='ocrx_word' id='word_1_513' title='bbox 2215 1102 2259 1156; x_wconf 90' lang='lat' dir='ltr'><strong>si</strong></span> <span class='ocrx_word' id='word_1_514' title='bbox 2285 1100 2549 1155; x_wconf 84' lang='lat' dir='ltr'><strong>dimiserit</strong></span> <span class='ocrx_word' id='word_1_515' title='bbox 2573 1101 2654 1154; x_wconf 88' lang='lat' dir='ltr'><strong>vir</strong></span> <span class='ocrx_word' id='word_1_516' title='bbox 2680 1100 2976 1155; x_wconf 87' lang='lat' dir='ltr'><strong>adulteram</strong></span> <span class='ocrx_word' id='word_1_517' title='bbox 3006 1102 3306 1168; x_wconf 90' lang='lat' dir='ltr'><strong>mulierem,</strong></span> <span class='ocrx_word' id='word_1_518' title='bbox 3334 1113 3387 1156; x_wconf 89' lang='lat' dir='ltr'><strong>et</strong></span> <span class='ocrx_word' id='word_1_519' title='bbox 3412 1119 3528 1157; x_wconf 89' lang='lat' dir='ltr'><strong>eam</strong></span> <span class='ocrx_word' id='word_1_520' title='bbox 3561 1118 3659 1156; x_wconf 89' lang='lat' dir='ltr'><strong>non</strong></span> <span class='ocrx_word' id='word_1_521' title='bbox 3685 1104 3784 1157; x_wconf 82' lang='lat' dir='ltr'><strong>vult</strong></span> 
     </span>
    </p>
   </div>
   <div class='ocr_carea' id='block_1_69' title="bbox 2216 1195 3784 1265">
    <p class='ocr_par' dir='ltr' id='par_1_69' title="bbox 2216 1195 3784 1265">
     <span class='ocr_line' id='line_1_69' title="bbox 2216 1195 3784 1265; baseline 0.001 -16"><span class='ocrx_word' id='word_1_522' title='bbox 2216 1196 2455 1265; x_wconf 86' lang='lat' dir='ltr'><strong>recipere</strong></span> <span class='ocrx_word' id='word_1_523' title='bbox 2498 1209 2597 1249; x_wconf 89' lang='lat' dir='ltr'><strong>nec</strong></span> <span class='ocrx_word' id='word_1_524' title='bbox 2632 1202 2751 1263; x_wconf 90' lang='lat' dir='ltr'><strong>post</strong></span> <span class='ocrx_word' id='word_1_525' title='bbox 2787 1195 3174 1264; x_wconf 81' lang='lat' dir='ltr'><strong>paenitentiam,</strong></span> <span class='ocrx_word' id='word_1_526' title='bbox 3219 1196 3482 1251; x_wconf 84' lang='lat' dir='ltr'><strong>custodiat</strong></span> <span class='ocrx_word' id='word_1_527' title='bbox 3520 1200 3784 1251; x_wconf 83' lang='lat' dir='ltr'><strong>continen-</strong></span> 
     </span>
    </p>
   </div>
   <div class='ocr_carea' id='block_1_70' title="bbox 2217 1285 3782 1358">
    <p class='ocr_par' dir='ltr' id='par_1_70' title="bbox 2217 1285 3782 1358">
     <span class='ocr_line' id='line_1_70' title="bbox 2217 1285 3782 1358; baseline 0.003 -20"><span class='ocrx_word' id='word_1_528' title='bbox 2217 1285 2381 1338; x_wconf 91' lang='lat' dir='ltr'><strong>tiam:</strong></span> <span class='ocrx_word' id='word_1_529' title='bbox 2433 1286 2534 1339; x_wconf 91' lang='lat' dir='ltr'><strong>etsi</strong></span> <span class='ocrx_word' id='word_1_530' title='bbox 2581 1300 2684 1338; x_wconf 91' lang='lat' dir='ltr'><strong>non</strong></span> <span class='ocrx_word' id='word_1_531' title='bbox 2726 1300 2789 1339; x_wconf 87' lang='lat' dir='ltr'><strong>ex</strong></span> <span class='ocrx_word' id='word_1_532' title='bbox 2825 1286 3097 1341; x_wconf 90' lang='lat' dir='ltr'><strong>voluntate</strong></span> <span class='ocrx_word' id='word_1_533' title='bbox 3135 1287 3359 1356; x_wconf 87' lang='lat' dir='ltr'><strong>eligendi</strong></span> <span class='ocrx_word' id='word_1_534' title='bbox 3392 1287 3612 1358; x_wconf 87' lang='lat' dir='ltr'><strong>potioris</strong></span> <span class='ocrx_word' id='word_1_535' title='bbox 3649 1290 3782 1350; x_wconf 86' lang='lat' dir='ltr'><strong>boni,</strong></span> 
     </span>
    </p>
   </div>
   <div class='ocr_carea' id='block_1_71' title="bbox 2215 1377 3787 1448">
    <p class='ocr_par' dir='ltr' id='par_1_71' title="bbox 2215 1377 3787 1448">
     <span class='ocr_line' id='line_1_71' title="bbox 2215 1377 3787 1448; baseline 0.002 -16"><span class='ocrx_word' id='word_1_536' title='bbox 2215 1386 2360 1432; x_wconf 90' lang='lat' dir='ltr'><strong>certe</strong></span> <span class='ocrx_word' id='word_1_537' title='bbox 2391 1392 2452 1431; x_wconf 88' lang='lat' dir='ltr'><strong>ex</strong></span> <span class='ocrx_word' id='word_1_538' title='bbox 2489 1377 2806 1432; x_wconf 89' lang='lat' dir='ltr'><strong>necessitate</strong></span> <span class='ocrx_word' id='word_1_539' title='bbox 2833 1378 3029 1431; x_wconf 86' lang='lat' dir='ltr'><strong>vitandi</strong></span> <span class='ocrx_word' id='word_1_540' title='bbox 3073 1380 3354 1448; x_wconf 89' lang='lat' dir='ltr'><strong>perniciosi</strong></span> <span class='ocrx_word' id='word_1_541' title='bbox 3388 1381 3535 1433; x_wconf 89' lang='lat' dir='ltr'><strong>mali.</strong></span> <span class='ocrx_word' id='word_1_542' title='bbox 3578 1381 3650 1434; x_wconf 81' lang='lat' dir='ltr'><strong>Ad</strong></span> <span class='ocrx_word' id='word_1_543' title='bbox 3692 1380 3787 1435; x_wconf 87' lang='lat' dir='ltr'><strong>hoc</strong></span> 
     </span>
    </p>
   </div>
   <div class='ocr_carea' id='block_1_72' title="bbox 2216 1469 3785 1540">
    <p class='ocr_par' dir='ltr' id='par_1_72' title="bbox 2216 1469 3785 1540">
     <span class='ocr_line' id='line_1_72' title="bbox 2216 1469 3785 1540; baseline 0.002 -17"><span class='ocrx_word' id='word_1_544' title='bbox 2216 1469 2557 1533; x_wconf 80' lang='lat' dir='ltr'><strong>exhortarer,</strong></span> <span class='ocrx_word' id='word_1_545' title='bbox 2590 1469 2793 1523; x_wconf 89' lang='lat' dir='ltr'><strong>etiamsi</strong></span> <span class='ocrx_word' id='word_1_546' title='bbox 2820 1485 2956 1523; x_wconf 81' lang='lat' dir='ltr'><strong>uxor</strong></span> <span class='ocrx_word' id='word_1_547' title='bbox 2984 1478 3127 1524; x_wconf 87' lang='lat' dir='ltr'><strong>esset</strong></span> <span class='ocrx_word' id='word_1_548' title='bbox 3162 1470 3212 1524; x_wconf 91' lang='lat' dir='ltr'><strong>in</strong></span> <span class='ocrx_word' id='word_1_549' title='bbox 3243 1470 3499 1540; x_wconf 84' lang='lat' dir='ltr'><strong>languore</strong></span> <span class='ocrx_word' id='word_1_550' title='bbox 3530 1472 3785 1526; x_wconf 84' lang='lat' dir='ltr'><strong>insanabili</strong></span> 
     </span>
    </p>
   </div>
   <div class='ocr_carea' id='block_1_73' title="bbox 2215 1560 3781 1632">
    <p class='ocr_par' dir='ltr' id='par_1_73' title="bbox 2215 1560 3781 1632">
     <span class='ocr_line' id='line_1_73' title="bbox 2215 1560 3781 1632; baseline 0.002 -18"><span class='ocrx_word' id='word_1_551' title='bbox 2215 1571 2373 1631; x_wconf 88' lang='lat' dir='ltr'><strong>atque</strong></span> <span class='ocrx_word' id='word_1_552' title='bbox 2394 1560 2661 1623; x_wconf 85' lang='lat' dir='ltr'><strong>diuturno,</strong></span> <span class='ocrx_word' id='word_1_553' title='bbox 2685 1560 2889 1615; x_wconf 87' lang='lat' dir='ltr'><strong>etiamsi</strong></span> <span class='ocrx_word' id='word_1_554' title='bbox 2913 1561 3103 1615; x_wconf 89' lang='lat' dir='ltr'><strong>alicubi</strong></span> <span class='ocrx_word' id='word_1_555' title='bbox 3130 1570 3272 1616; x_wconf 89' lang='lat' dir='ltr'><strong>esset</strong></span> <span class='ocrx_word' id='word_1_556' title='bbox 3291 1577 3517 1632; x_wconf 86' lang='lat' dir='ltr'><strong>corpore</strong></span> <span class='ocrx_word' id='word_1_557' title='bbox 3538 1574 3781 1632; x_wconf 84' lang='lat' dir='ltr'><strong>separata,</strong></span> 
     </span>
    </p>
   </div>
   <div class='ocr_carea' id='block_1_74' title="bbox 2217 1650 3785 1723">
    <p class='ocr_par' dir='ltr' id='par_1_74' title="bbox 2217 1650 3785 1723">
     <span class='ocr_line' id='line_1_74' title="bbox 2217 1650 3785 1723; baseline 0.003 -19"><span class='ocrx_word' id='word_1_558' title='bbox 2217 1666 2322 1720; x_wconf 91' lang='lat' dir='ltr'><strong>quo</strong></span> <span class='ocrx_word' id='word_1_559' title='bbox 2352 1650 2571 1704; x_wconf 90' lang='lat' dir='ltr'><strong>maritus</strong></span> <span class='ocrx_word' id='word_1_560' title='bbox 2601 1666 2705 1705; x_wconf 92' lang='lat' dir='ltr'><strong>non</strong></span> <span class='ocrx_word' id='word_1_561' title='bbox 2746 1662 2924 1720; x_wconf 89' lang='lat' dir='ltr'><strong>posset</strong></span> <span class='ocrx_word' id='word_1_562' title='bbox 2966 1652 3257 1707; x_wconf 85' lang='lat' dir='ltr'><strong>accedere:</strong></span> <span class='ocrx_word' id='word_1_563' title='bbox 3302 1662 3573 1723; x_wconf 88' lang='lat' dir='ltr'><strong>postremo</strong></span> <span class='ocrx_word' id='word_1_564' title='bbox 3609 1655 3668 1708; x_wconf 90' lang='lat' dir='ltr'><strong>ad</strong></span> <span class='ocrx_word' id='word_1_565' title='bbox 3696 1655 3785 1710; x_wconf 87' lang='lat' dir='ltr'><strong>hoc</strong></span> 
     </span>
    </p>
   </div>
   <div class='ocr_carea' id='block_1_75' title="bbox 2218 1741 3781 1807">
    <p class='ocr_par' dir='ltr' id='par_1_75' title="bbox 2218 1741 3781 1807">
     <span class='ocr_line' id='line_1_75' title="bbox 2218 1741 3781 1807; baseline 0.003 -11"><span class='ocrx_word' id='word_1_566' title='bbox 2218 1741 2552 1807; x_wconf 82' lang='lat' dir='ltr'><strong>exhortarer,</strong></span> <span class='ocrx_word' id='word_1_567' title='bbox 2580 1742 2788 1795; x_wconf 88' lang='lat' dir='ltr'><strong>etiamsi</strong></span> <span class='ocrx_word' id='word_1_568' title='bbox 2810 1742 3001 1796; x_wconf 91' lang='lat' dir='ltr'><strong>mulier</strong></span> <span class='ocrx_word' id='word_1_569' title='bbox 3027 1743 3213 1798; x_wconf 88' lang='lat' dir='ltr'><strong>volens</strong></span> <span class='ocrx_word' id='word_1_570' title='bbox 3238 1745 3415 1799; x_wconf 85' lang='lat' dir='ltr'><strong>vivere</strong></span> <span class='ocrx_word' id='word_1_571' title='bbox 3444 1748 3781 1807; x_wconf 87' lang='lat' dir='ltr'><strong>centinenter.</strong></span> 
     </span>
    </p>
   </div>
   <div class='ocr_carea' id='block_1_76' title="bbox 2219 1830 3781 1903">
    <p class='ocr_par' dir='ltr' id='par_1_76' title="bbox 2219 1830 3781 1903">
     <span class='ocr_line' id='line_1_76' title="bbox 2219 1830 3781 1903; baseline 0.003 -18"><span class='ocrx_word' id='word_1_572' title='bbox 2219 1831 2459 1902; x_wconf 89' lang='lat' dir='ltr'><strong>quamvis</strong></span> <span class='ocrx_word' id='word_1_573' title='bbox 2497 1841 2679 1885; x_wconf 89' lang='lat' dir='ltr'><strong>contra</strong></span> <span class='ocrx_word' id='word_1_574' title='bbox 2710 1830 3041 1901; x_wconf 84' lang='lat' dir='ltr'><strong>disciplinam</strong></span> <span class='ocrx_word' id='word_1_575' title='bbox 3067 1874 3081 1897; x_wconf 94' lang='lat'><strong>,</strong></span> <span class='ocrx_word' id='word_1_576' title='bbox 3122 1834 3242 1903; x_wconf 89' lang='lat' dir='ltr'><strong>quia</strong></span> <span class='ocrx_word' id='word_1_577' title='bbox 3271 1850 3375 1888; x_wconf 91' lang='lat' dir='ltr'><strong>non</strong></span> <span class='ocrx_word' id='word_1_578' title='bbox 3404 1850 3467 1889; x_wconf 83' lang='lat' dir='ltr'><strong>ex</strong></span> <span class='ocrx_word' id='word_1_579' title='bbox 3497 1850 3745 1890; x_wconf 86' lang='lat' dir='ltr'><strong>consensu</strong></span> <span class='ocrx_word' id='word_1_580' title='bbox 3768 1881 3781 1899; x_wconf 87' lang='lat'><strong>,</strong></span> 
     </span>
    </p>
   </div>
   <div class='ocr_carea' id='block_1_77' title="bbox 2221 1923 3785 1993">
    <p class='ocr_par' dir='ltr' id='par_1_77' title="bbox 2221 1923 3785 1993">
     <span class='ocr_line' id='line_1_77' title="bbox 2221 1923 3785 1993; baseline 0.003 -16"><span class='ocrx_word' id='word_1_581' title='bbox 2221 1933 2396 1978; x_wconf 90' lang='lat' dir='ltr'><strong>tamen</strong></span> <span class='ocrx_word' id='word_1_582' title='bbox 2437 1923 2684 1993; x_wconf 88' lang='lat' dir='ltr'><strong>pudicum</strong></span> <span class='ocrx_word' id='word_1_583' title='bbox 2731 1924 2919 1993; x_wconf 89' lang='lat' dir='ltr'><strong>pudica</strong></span> <span class='ocrx_word' id='word_1_584' title='bbox 2967 1925 3274 1980; x_wconf 90' lang='lat' dir='ltr'><strong>dimitteret.</strong></span> <span class='ocrx_word' id='word_1_585' title='bbox 3311 1927 3444 1982; x_wconf 83' lang='lat' dir='ltr'><strong>Puto</strong></span> <span class='ocrx_word' id='word_1_586' title='bbox 3479 1929 3617 1982; x_wconf 91' lang='lat' dir='ltr'><strong>enim</strong></span> <span class='ocrx_word' id='word_1_587' title='bbox 3652 1929 3785 1982; x_wconf 85' lang='lat' dir='ltr'><strong>cbri-</strong></span> 
     </span>
    </p>
   </div>
   <div class='ocr_carea' id='block_1_78' title="bbox 2220 2013 3785 2088">
    <p class='ocr_par' dir='ltr' id='par_1_78' title="bbox 2220 2013 3785 2088">
     <span class='ocr_line' id='line_1_78' title="bbox 2220 2013 3785 2088; baseline 0.006 -23"><span class='ocrx_word' id='word_1_588' title='bbox 2220 2013 2447 2068; x_wconf 89' lang='lat' dir='ltr'><strong>stianum</strong></span> <span class='ocrx_word' id='word_1_589' title='bbox 2477 2014 2738 2068; x_wconf 89' lang='lat' dir='ltr'><strong>neminem</strong></span> <span class='ocrx_word' id='word_1_590' title='bbox 2780 2015 3063 2080; x_wconf 90' lang='lat' dir='ltr'><strong>reluctari,</strong></span> <span class='ocrx_word' id='word_1_591' title='bbox 3096 2016 3407 2070; x_wconf 85' lang='lat' dir='ltr'><strong>adulterum</strong></span> <span class='ocrx_word' id='word_1_592' title='bbox 3437 2033 3556 2073; x_wconf 88' lang='lat' dir='ltr'><strong>esse</strong></span> <span class='ocrx_word' id='word_1_593' title='bbox 3595 2020 3672 2088; x_wconf 89' lang='lat' dir='ltr'><strong>qui</strong></span> <span class='ocrx_word' id='word_1_594' title='bbox 3711 2020 3785 2074; x_wconf 81' lang='lat' dir='ltr'><strong>vel</strong></span> 
     </span>
    </p>
   </div>
   <div class='ocr_carea' id='block_1_79' title="bbox 2220 2105 3785 2174">
    <p class='ocr_par' dir='ltr' id='par_1_79' title="bbox 2220 2105 3785 2174">
     <span class='ocr_line' id='line_1_79' title="bbox 2220 2105 3785 2174; baseline 0.003 -15"><span class='ocrx_word' id='word_1_595' title='bbox 2220 2105 2309 2159; x_wconf 91' lang='lat' dir='ltr'><strong>diu</strong></span> <span class='ocrx_word' id='word_1_596' title='bbox 2338 2105 2647 2174; x_wconf 83' lang='lat' dir='ltr'><strong>languente,</strong></span> <span class='ocrx_word' id='word_1_597' title='bbox 2680 2106 2762 2160; x_wconf 91' lang='lat' dir='ltr'><strong>vel</strong></span> <span class='ocrx_word' id='word_1_598' title='bbox 2789 2105 2876 2159; x_wconf 85' lang='lat' dir='ltr'><strong>ditt</strong></span> <span class='ocrx_word' id='word_1_599' title='bbox 2907 2106 3125 2161; x_wconf 87' lang='lat' dir='ltr'><strong>absente</strong></span> <span class='ocrx_word' id='word_1_600' title='bbox 3156 2107 3238 2162; x_wconf 88' lang='lat' dir='ltr'><strong>vel</strong></span> <span class='ocrx_word' id='word_1_601' title='bbox 3268 2108 3602 2163; x_wconf 82' lang='lat' dir='ltr'><strong>continenter</strong></span> <span class='ocrx_word' id='word_1_602' title='bbox 3629 2112 3785 2164; x_wconf 83' lang='lat' dir='ltr'><strong>vivere</strong></span> 
     </span>
    </p>
   </div>
   <div class='ocr_carea' id='block_1_80' title="bbox 2220 2196 3785 2265">
    <p class='ocr_par' dir='ltr' id='par_1_80' title="bbox 2220 2196 3785 2265">
     <span class='ocr_line' id='line_1_80' title="bbox 2220 2196 3785 2265; baseline 0.004 -16"><span class='ocrx_word' id='word_1_603' title='bbox 2220 2196 2465 2265; x_wconf 89' lang='lat' dir='ltr'><strong>cupiente</strong></span> <span class='ocrx_word' id='word_1_604' title='bbox 2493 2211 2585 2250; x_wconf 87' lang='lat' dir='ltr'><strong>sua</strong></span> <span class='ocrx_word' id='word_1_605' title='bbox 2615 2212 2798 2262; x_wconf 88' lang='lat' dir='ltr'><strong>uxore,</strong></span> <span class='ocrx_word' id='word_1_606' title='bbox 2832 2197 2983 2251; x_wconf 88' lang='lat' dir='ltr'><strong>alteri</strong></span> <span class='ocrx_word' id='word_1_607' title='bbox 3015 2198 3336 2252; x_wconf 85' lang='lat' dir='ltr'><strong>commixtus</strong></span> <span class='ocrx_word' id='word_1_608' title='bbox 3362 2210 3443 2253; x_wconf 89' lang='lat' dir='ltr'><strong>est</strong></span> <span class='ocrx_word' id='word_1_609' title='bbox 3473 2200 3691 2255; x_wconf 63' lang='lat' dir='ltr'><strong>feminis.</strong></span> <span class='ocrx_word' id='word_1_610' title='bbox 3713 2202 3785 2256; x_wconf 85' lang='lat' dir='ltr'><strong>Sic</strong></span> 
     </span>
    </p>
   </div>
   <div class='ocr_carea' id='block_1_81' title="bbox 2223 2287 3780 2356">
    <p class='ocr_par' dir='ltr' id='par_1_81' title="bbox 2223 2287 3780 2356">
     <span class='ocr_line' id='line_1_81' title="bbox 2223 2287 3780 2356; baseline 0.004 -15"><span class='ocrx_word' id='word_1_611' title='bbox 2223 2302 2350 2356; x_wconf 83' lang='lat' dir='ltr'><strong>ergo</strong></span> <span class='ocrx_word' id='word_1_612' title='bbox 2395 2296 2449 2341; x_wconf 90' lang='lat' dir='ltr'><strong>et</strong></span> <span class='ocrx_word' id='word_1_613' title='bbox 2492 2287 2709 2343; x_wconf 89' lang='lat' dir='ltr'><strong>dimissa</strong></span> <span class='ocrx_word' id='word_1_614' title='bbox 2755 2289 3027 2353; x_wconf 90' lang='lat' dir='ltr'><strong>adultera,</strong></span> <span class='ocrx_word' id='word_1_615' title='bbox 3069 2290 3276 2345; x_wconf 87' lang='lat' dir='ltr'><strong>adulter</strong></span> <span class='ocrx_word' id='word_1_616' title='bbox 3317 2300 3400 2346; x_wconf 92' lang='lat' dir='ltr'><strong>est</strong></span> <span class='ocrx_word' id='word_1_617' title='bbox 3434 2308 3555 2346; x_wconf 89' lang='lat' dir='ltr'><strong>cum</strong></span> <span class='ocrx_word' id='word_1_618' title='bbox 3597 2294 3780 2348; x_wconf 86' lang='lat' dir='ltr'><strong>altera:</strong></span> 
     </span>
    </p>
   </div>
   <div class='ocr_carea' id='block_1_82' title="bbox 2221 2376 3785 2453">
    <p class='ocr_par' dir='ltr' id='par_1_82' title="bbox 2221 2376 3785 2453">
     <span class='ocr_line' id='line_1_82' title="bbox 2221 2376 3785 2453; baseline 0.004 -24"><span class='ocrx_word' id='word_1_619' title='bbox 2221 2376 2470 2446; x_wconf 84' lang='lat' dir='ltr'><strong>quoniam</strong></span> <span class='ocrx_word' id='word_1_620' title='bbox 2502 2392 2606 2431; x_wconf 88' lang='lat' dir='ltr'><strong>non</strong></span> <span class='ocrx_word' id='word_1_621' title='bbox 2650 2378 2771 2441; x_wconf 89' lang='lat' dir='ltr'><strong>ille,</strong></span> <span class='ocrx_word' id='word_1_622' title='bbox 2804 2388 2895 2431; x_wconf 84' lang='lat' dir='ltr'><strong>aut</strong></span> <span class='ocrx_word' id='word_1_623' title='bbox 2937 2378 3061 2445; x_wconf 90' lang='lat' dir='ltr'><strong>ille;</strong></span> <span class='ocrx_word' id='word_1_624' title='bbox 3106 2379 3198 2435; x_wconf 88' lang='lat' dir='ltr'><strong>sed</strong></span> <span class='ocrx_word' id='word_1_625' title='bbox 3222 2422 3235 2446; x_wconf 92' lang='lat'><strong>,</strong></span> <span class='ocrx_word' id='word_1_626' title='bbox 3271 2380 3448 2435; x_wconf 85' lang='lat' dir='ltr'><strong>Omnis</strong></span> <span class='ocrx_word' id='word_1_627' title='bbox 3488 2384 3571 2453; x_wconf 85' lang='lat' dir='ltr'><strong>qui</strong></span> <span class='ocrx_word' id='word_1_628' title='bbox 3600 2384 3785 2435; x_wconf 81' lang='lat' dir='ltr'><strong>dimittit</strong></span> 
     </span>
    </p>
   </div>
   <div class='ocr_carea' id='block_1_83' title="bbox 2222 2468 3786 2545">
    <p class='ocr_par' dir='ltr' id='par_1_83' title="bbox 2222 2468 3786 2545">
     <span class='ocr_line' id='line_1_83' title="bbox 2222 2468 3786 2545; baseline 0.006 -28"><span class='ocrx_word' id='word_1_629' title='bbox 2222 2482 2427 2519; x_wconf 76' lang='lat' dir='ltr'><strong>uxorem</strong></span> <span class='ocrx_word' id='word_1_630' title='bbox 2447 2484 2611 2533; x_wconf 88' lang='lat' dir='ltr'><strong>suam,</strong></span> <span class='ocrx_word' id='word_1_631' title='bbox 2632 2476 2677 2520; x_wconf 90' lang='lat' dir='ltr'><strong>et</strong></span> <span class='ocrx_word' id='word_1_632' title='bbox 2696 2468 2833 2520; x_wconf 89' lang='lat' dir='ltr'><strong>ducit</strong></span> <span class='ocrx_word' id='word_1_633' title='bbox 2855 2469 3085 2534; x_wconf 83' lang='lat' dir='ltr'><strong>atteram,</strong></span> <span class='ocrx_word' id='word_1_634' title='bbox 3110 2472 3387 2524; x_wconf 71' lang='lat' dir='ltr'><strong>mmo/tatur</strong></span> <span class='ocrx_word' id='word_1_635' title='bbox 3404 2471 3553 2541; x_wconf 88' lang='lat' dir='ltr'><strong>(Luc.</strong></span> <span class='ocrx_word' id='word_1_636' title='bbox 3570 2475 3786 2545; x_wconf 73' lang='lat' dir='ltr'><strong>xvi,18).</strong></span> 
     </span>
    </p>
   </div>
   <div class='ocr_carea' id='block_1_84' title="bbox 2222 2557 3786 2633">
    <p class='ocr_par' dir='ltr' id='par_1_84' title="bbox 2222 2557 3786 2633">
     <span class='ocr_line' id='line_1_84' title="bbox 2222 2557 3786 2633; baseline 0.003 -23"><span class='ocrx_word' id='word_1_637' title='bbox 2222 2557 2553 2627; x_wconf 84' lang='lat' dir='ltr'><strong>QuaprOpter</strong></span> <span class='ocrx_word' id='word_1_638' title='bbox 2579 2558 2622 2612; x_wconf 91' lang='lat' dir='ltr'><strong>si</strong></span> <span class='ocrx_word' id='word_1_639' title='bbox 2652 2573 2680 2611; x_wconf 93' lang='lat' dir='ltr'><strong>a</strong></span> <span class='ocrx_word' id='word_1_640' title='bbox 2710 2559 2972 2629; x_wconf 89' lang='lat' dir='ltr'><strong>conjugali</strong></span> <span class='ocrx_word' id='word_1_641' title='bbox 3004 2560 3211 2615; x_wconf 89' lang='lat' dir='ltr'><strong>vinculo</strong></span> <span class='ocrx_word' id='word_1_642' title='bbox 3236 2561 3489 2616; x_wconf 90' lang='lat' dir='ltr'><strong>immunis</strong></span> <span class='ocrx_word' id='word_1_643' title='bbox 3516 2564 3683 2617; x_wconf 90' lang='lat' dir='ltr'><strong>minus</strong></span> <span class='ocrx_word' id='word_1_644' title='bbox 3706 2580 3786 2633; x_wconf 86' lang='lat' dir='ltr'><strong>ap-</strong></span> 
     </span>
    </p>
   </div>
   <div class='ocr_carea' id='block_1_85' title="bbox 2225 2650 3784 2721">
    <p class='ocr_par' dir='ltr' id='par_1_85' title="bbox 2225 2650 3784 2721">
     <span class='ocr_line' id='line_1_85' title="bbox 2225 2650 3784 2721; baseline 0.001 -16"><span class='ocrx_word' id='word_1_645' title='bbox 2225 2651 2417 2719; x_wconf 90' lang='lat' dir='ltr'><strong>petitur</strong></span> <span class='ocrx_word' id='word_1_646' title='bbox 2437 2650 2536 2703; x_wconf 82' lang='lat' dir='ltr'><strong>vita</strong></span> <span class='ocrx_word' id='word_1_647' title='bbox 2554 2659 2880 2714; x_wconf 90' lang='lat' dir='ltr'><strong>sanctorum,</strong></span> <span class='ocrx_word' id='word_1_648' title='bbox 2905 2650 3255 2707; x_wconf 81' lang='lat' dir='ltr'><strong>exhorreatur</strong></span> <span class='ocrx_word' id='word_1_649' title='bbox 3270 2668 3424 2721; x_wconf 69' lang='lat' dir='ltr'><strong>pmna</strong></span> <span class='ocrx_word' id='word_1_650' title='bbox 3444 2655 3784 2716; x_wconf 75' lang='lat' dir='ltr'><strong>mtechorum;</strong></span> 
     </span>
    </p>
   </div>
   <div class='ocr_carea' id='block_1_86' title="bbox 2222 2741 3788 2814">
    <p class='ocr_par' dir='ltr' id='par_1_86' title="bbox 2222 2741 3788 2814">
     <span class='ocr_line' id='line_1_86' title="bbox 2222 2741 3788 2814; baseline 0.003 -19"><span class='ocrx_word' id='word_1_651' title='bbox 2222 2749 2276 2795; x_wconf 89' lang='lat' dir='ltr'><strong>et</strong></span> <span class='ocrx_word' id='word_1_652' title='bbox 2322 2741 2510 2795; x_wconf 91' lang='lat' dir='ltr'><strong>timore</strong></span> <span class='ocrx_word' id='word_1_653' title='bbox 2553 2741 2738 2794; x_wconf 91' lang='lat' dir='ltr'><strong>saltem</strong></span> <span class='ocrx_word' id='word_1_654' title='bbox 2773 2742 3006 2796; x_wconf 90' lang='lat' dir='ltr'><strong>frenetur</strong></span> <span class='ocrx_word' id='word_1_655' title='bbox 3051 2745 3503 2814; x_wconf 86' lang='lat' dir='ltr'><strong>coneupiscentia,</strong></span> <span class='ocrx_word' id='word_1_656' title='bbox 3546 2746 3591 2799; x_wconf 86' lang='lat' dir='ltr'><strong>si</strong></span> <span class='ocrx_word' id='word_1_657' title='bbox 3627 2762 3788 2800; x_wconf 85' lang='lat' dir='ltr'><strong>amore</strong></span> 
     </span>
    </p>
   </div>
   <div class='ocr_carea' id='block_1_87' title="bbox 2223 2832 3789 2908">
    <p class='ocr_par' dir='ltr' id='par_1_87' title="bbox 2223 2832 3789 2908">
     <span class='ocr_line' id='line_1_87' title="bbox 2223 2832 3789 2908; baseline 0.003 -22"><span class='ocrx_word' id='word_1_658' title='bbox 2223 2846 2330 2886; x_wconf 87' lang='lat' dir='ltr'><strong>non</strong></span> <span class='ocrx_word' id='word_1_659' title='bbox 2351 2832 2563 2901; x_wconf 85' lang='lat' dir='ltr'><strong>eligitur</strong></span> <span class='ocrx_word' id='word_1_660' title='bbox 2587 2833 2929 2886; x_wconf 90' lang='lat' dir='ltr'><strong>continentia.</strong></span> <span class='ocrx_word' id='word_1_661' title='bbox 2955 2833 3008 2889; x_wconf 93' lang='lat' dir='ltr'><strong>Si</strong></span> <span class='ocrx_word' id='word_1_662' title='bbox 3032 2834 3173 2888; x_wconf 88' lang='lat' dir='ltr'><strong>enim</strong></span> <span class='ocrx_word' id='word_1_663' title='bbox 3198 2836 3284 2889; x_wconf 90' lang='lat' dir='ltr'><strong>ubi</strong></span> <span class='ocrx_word' id='word_1_664' title='bbox 3311 2844 3395 2889; x_wconf 89' lang='lat' dir='ltr'><strong>est</strong></span> <span class='ocrx_word' id='word_1_665' title='bbox 3424 2837 3599 2902; x_wconf 90' lang='lat' dir='ltr'><strong>timor,</strong></span> <span class='ocrx_word' id='word_1_666' title='bbox 3624 2854 3789 2908; x_wconf 78' lang='lat' dir='ltr'><strong>opere-</strong></span> 
     </span>
    </p>
   </div>
   <div class='ocr_carea' id='block_1_88' title="bbox 2225 2923 3788 2989">
    <p class='ocr_par' dir='ltr' id='par_1_88' title="bbox 2225 2923 3788 2989">
     <span class='ocr_line' id='line_1_88' title="bbox 2225 2923 3788 2989; baseline 0.002 -12"><span class='ocrx_word' id='word_1_667' title='bbox 2225 2932 2309 2977; x_wconf 90' lang='lat' dir='ltr'><strong>tur</strong></span> <span class='ocrx_word' id='word_1_668' title='bbox 2327 2924 2509 2988; x_wconf 87' lang='lat' dir='ltr'><strong>labor;</strong></span> <span class='ocrx_word' id='word_1_669' title='bbox 2536 2923 2621 2977; x_wconf 92' lang='lat' dir='ltr'><strong>ubi</strong></span> <span class='ocrx_word' id='word_1_670' title='bbox 2643 2930 2759 2977; x_wconf 85' lang='lat' dir='ltr'><strong>erat</strong></span> <span class='ocrx_word' id='word_1_671' title='bbox 2787 2923 2954 2989; x_wconf 88' lang='lat' dir='ltr'><strong>labor,</strong></span> <span class='ocrx_word' id='word_1_672' title='bbox 2979 2926 3079 2978; x_wconf 88' lang='lat' dir='ltr'><strong>erit</strong></span> <span class='ocrx_word' id='word_1_673' title='bbox 3099 2934 3152 2979; x_wconf 92' lang='lat' dir='ltr'><strong>et</strong></span> <span class='ocrx_word' id='word_1_674' title='bbox 3171 2941 3340 2979; x_wconf 89' lang='lat' dir='ltr'><strong>amor.</strong></span> <span class='ocrx_word' id='word_1_675' title='bbox 3364 2926 3479 2981; x_wconf 90' lang='lat' dir='ltr'><strong>Non</strong></span> <span class='ocrx_word' id='word_1_676' title='bbox 3510 2930 3649 2981; x_wconf 86' lang='lat' dir='ltr'><strong>enim</strong></span> <span class='ocrx_word' id='word_1_677' title='bbox 3675 2944 3788 2981; x_wconf 85' lang='lat' dir='ltr'><strong>cou-</strong></span> 
     </span>
    </p>
   </div>
   <div class='ocr_carea' id='block_1_89' title="bbox 2224 3012 3791 3088">
    <p class='ocr_par' dir='ltr' id='par_1_89' title="bbox 2224 3012 3791 3088">
     <span class='ocr_line' id='line_1_89' title="bbox 2224 3012 3791 3088; baseline 0.002 -22"><span class='ocrx_word' id='word_1_678' title='bbox 2224 3012 2492 3067; x_wconf 88' lang='lat' dir='ltr'><strong>ﬁdendum</strong></span> <span class='ocrx_word' id='word_1_679' title='bbox 2535 3021 2618 3068; x_wconf 92' lang='lat' dir='ltr'><strong>est</strong></span> <span class='ocrx_word' id='word_1_680' title='bbox 2655 3013 2722 3068; x_wconf 93' lang='lat' dir='ltr'><strong>de</strong></span> <span class='ocrx_word' id='word_1_681' title='bbox 2764 3014 2959 3068; x_wconf 87' lang='lat' dir='ltr'><strong>nostris</strong></span> <span class='ocrx_word' id='word_1_682' title='bbox 2999 3016 3229 3080; x_wconf 89' lang='lat' dir='ltr'><strong>viribus;</strong></span> <span class='ocrx_word' id='word_1_683' title='bbox 3282 3016 3373 3071; x_wconf 90' lang='lat' dir='ltr'><strong>sed</strong></span> <span class='ocrx_word' id='word_1_684' title='bbox 3412 3018 3583 3072; x_wconf 89' lang='lat' dir='ltr'><strong>oratio</strong></span> <span class='ocrx_word' id='word_1_685' title='bbox 3624 3019 3791 3088; x_wconf 81' lang='lat' dir='ltr'><strong>adjun-</strong></span> 
     </span>
    </p>
   </div>
   <div class='ocr_carea' id='block_1_90' title="bbox 2224 3104 3788 3179">
    <p class='ocr_par' dir='ltr' id='par_1_90' title="bbox 2224 3104 3788 3179">
     <span class='ocr_line' id='line_1_90' title="bbox 2224 3104 3788 3179; baseline 0.003 -20"><span class='ocrx_word' id='word_1_686' title='bbox 2224 3106 2393 3175; x_wconf 82' lang='lat' dir='ltr'><strong>genda</strong></span> <span class='ocrx_word' id='word_1_687' title='bbox 2431 3104 2737 3170; x_wconf 89' lang='lat' dir='ltr'><strong>conatibus,</strong></span> <span class='ocrx_word' id='word_1_688' title='bbox 2780 3113 2839 3159; x_wconf 89' lang='lat' dir='ltr'><strong>ut</strong></span> <span class='ocrx_word' id='word_1_689' title='bbox 2883 3105 3100 3176; x_wconf 90' lang='lat' dir='ltr'><strong>impleat</strong></span> <span class='ocrx_word' id='word_1_690' title='bbox 3144 3106 3326 3174; x_wconf 91' lang='lat' dir='ltr'><strong>bonis,</strong></span> <span class='ocrx_word' id='word_1_691' title='bbox 3375 3109 3463 3179; x_wconf 89' lang='lat' dir='ltr'><strong>qui</strong></span> <span class='ocrx_word' id='word_1_692' title='bbox 3507 3110 3730 3165; x_wconf 77' lang='lat' dir='ltr'><strong>deterret</strong></span> <span class='ocrx_word' id='word_1_693' title='bbox 3764 3126 3788 3163; x_wconf 87' lang='lat' dir='ltr'><strong>a</strong></span> 
     </span>
    </p>
   </div>
   <div class='ocr_carea' id='block_1_91' title="bbox 2224 3196 2400 3251">
    <p class='ocr_par' dir='ltr' id='par_1_91' title="bbox 2224 3196 2400 3251">
     <span class='ocr_line' id='line_1_91' title="bbox 2224 3196 2400 3251; baseline 0 0"><span class='ocrx_word' id='word_1_694' title='bbox 2224 3196 2400 3251; x_wconf 89' lang='lat' dir='ltr'><strong>malis.</strong></span> 
     </span>
    </p>
   </div>
   <div class='ocr_carea' id='block_1_92' title="bbox 2296 3285 3791 3358">
    <p class='ocr_par' dir='ltr' id='par_1_92' title="bbox 2296 3285 3791 3358">
     <span class='ocr_line' id='line_1_92' title="bbox 2296 3285 3791 3358; baseline 0.001 -16"><span class='ocrx_word' id='word_1_695' title='bbox 2296 3285 2520 3342; x_wconf 71' lang='lat' dir='ltr'><strong>CAPUT</strong></span> <span class='ocrx_word' id='word_1_696' title='bbox 2560 3285 2698 3341; x_wconf 74' lang='lat' dir='ltr'><strong>XIV.</strong></span> <span class='ocrx_word' id='word_1_697' title='bbox 2728 3317 2801 3327; x_wconf 90' lang='lat'><strong>—-</strong></span> <span class='ocrx_word' id='word_1_698' title='bbox 2828 3288 2915 3343; x_wconf 73' lang='grc'><strong>14.</strong></span> <span class='ocrx_word' id='word_1_699' title='bbox 2960 3287 3188 3358; x_wconf 79' lang='lat' dir='ltr'><strong>Objectio</strong></span> <span class='ocrx_word' id='word_1_700' title='bbox 3235 3288 3378 3355; x_wconf 87' lang='lat' dir='ltr'><strong>alia,</strong></span> <span class='ocrx_word' id='word_1_701' title='bbox 3425 3290 3521 3343; x_wconf 84' lang='lat' dir='ltr'><strong>hac</strong></span> <span class='ocrx_word' id='word_1_702' title='bbox 3567 3292 3791 3345; x_wconf 71' lang='lat' dir='ltr'><strong>sententia</strong></span> 
     </span>
    </p>
   </div>
   <div class='ocr_carea' id='block_1_93' title="bbox 2226 3377 3789 3452">
    <p class='ocr_par' dir='ltr' id='par_1_93' title="bbox 2226 3377 3789 3452">
     <span class='ocr_line' id='line_1_93' title="bbox 2226 3377 3789 3452; baseline 0.003 -20"><span class='ocrx_word' id='word_1_703' title='bbox 2226 3377 2425 3432; x_wconf 69' lang='lat' dir='ltr'><strong>excludi</strong></span> <span class='ocrx_word' id='word_1_704' title='bbox 2454 3378 2829 3447; x_wconf 85' lang='lat' dir='ltr'><strong>benignitatem,</strong></span> <span class='ocrx_word' id='word_1_705' title='bbox 2860 3388 2916 3431; x_wconf 86' lang='lat' dir='ltr'><strong>ut</strong></span> <span class='ocrx_word' id='word_1_706' title='bbox 2943 3380 3113 3433; x_wconf 88' lang='lat' dir='ltr'><strong>mariti</strong></span> <span class='ocrx_word' id='word_1_707' title='bbox 3140 3381 3288 3433; x_wconf 79' lang='lat' dir='ltr'><strong>velint</strong></span> <span class='ocrx_word' id='word_1_708' title='bbox 3318 3382 3488 3452; x_wconf 80' lang='lat' dir='ltr'><strong>puniri</strong></span> <span class='ocrx_word' id='word_1_709' title='bbox 3516 3384 3789 3446; x_wconf 80' lang='lat' dir='ltr'><strong>adulteras,</strong></span> 
     </span>
    </p>
   </div>
   <div class='ocr_carea' id='block_1_94' title="bbox 2227 3467 3793 3541">
    <p class='ocr_par' dir='ltr' id='par_1_94' title="bbox 2227 3467 3793 3541">
     <span class='ocr_line' id='line_1_94' title="bbox 2227 3467 3793 3541; baseline 0.004 -21"><span class='ocrx_word' id='word_1_710' title='bbox 2227 3467 2407 3539; x_wconf 54' lang='lat' dir='ltr'><strong>Quibus</strong></span> <span class='ocrx_word' id='word_1_711' title='bbox 2448 3468 2659 3521; x_wconf 87' lang='lat' dir='ltr'><strong>mortuis</strong></span> <span class='ocrx_word' id='word_1_712' title='bbox 2702 3469 2882 3523; x_wconf 88' lang='lat' dir='ltr'><strong>ducere</strong></span> <span class='ocrx_word' id='word_1_713' title='bbox 2931 3469 3061 3522; x_wconf 81' lang='lat' dir='ltr'><strong>alias</strong></span> <span class='ocrx_word' id='word_1_714' title='bbox 3112 3471 3320 3540; x_wconf 85' lang='lat' dir='ltr'><strong>possint.</strong></span> <span class='ocrx_word' id='word_1_715' title='bbox 3374 3471 3793 3541; x_wconf 82' lang='lat' dir='ltr'><strong>Respondcantus</strong></span> 
     </span>
    </p>
   </div>
   <div class='ocr_carea' id='block_1_95' title="bbox 2230 3556 3794 3629">
    <p class='ocr_par' dir='ltr' id='par_1_95' title="bbox 2230 3556 3794 3629">
     <span class='ocr_line' id='line_1_95' title="bbox 2230 3556 3794 3629; baseline 0.004 -18"><span class='ocrx_word' id='word_1_716' title='bbox 2230 3556 2388 3611; x_wconf 90' lang='lat' dir='ltr'><strong>etiam</strong></span> <span class='ocrx_word' id='word_1_717' title='bbox 2415 3556 2480 3610; x_wconf 90' lang='lat' dir='ltr'><strong>ad</strong></span> <span class='ocrx_word' id='word_1_718' title='bbox 2521 3557 2671 3624; x_wconf 91' lang='lat' dir='ltr'><strong>illud,</strong></span> <span class='ocrx_word' id='word_1_719' title='bbox 2701 3558 2788 3612; x_wconf 91' lang='lat' dir='ltr'><strong>ubi</strong></span> <span class='ocrx_word' id='word_1_720' title='bbox 2818 3568 2969 3627; x_wconf 90' lang='lat' dir='ltr'><strong>putas</strong></span> <span class='ocrx_word' id='word_1_721' title='bbox 2997 3560 3215 3615; x_wconf 89' lang='lat' dir='ltr'><strong>maritos</strong></span> <span class='ocrx_word' id='word_1_722' title='bbox 3244 3561 3308 3615; x_wconf 91' lang='lat' dir='ltr'><strong>ad</strong></span> <span class='ocrx_word' id='word_1_723' title='bbox 3341 3563 3633 3629; x_wconf 89' lang='lat' dir='ltr'><strong>puniendas</strong></span> <span class='ocrx_word' id='word_1_724' title='bbox 3656 3566 3794 3619; x_wconf 86' lang='lat' dir='ltr'><strong>adul-</strong></span> 
     </span>
    </p>
   </div>
   <div class='ocr_carea' id='block_1_96' title="bbox 2230 3647 3793 3721">
    <p class='ocr_par' dir='ltr' id='par_1_96' title="bbox 2230 3647 3793 3721">
     <span class='ocr_line' id='line_1_96' title="bbox 2230 3647 3793 3721; baseline 0.006 -21"><span class='ocrx_word' id='word_1_725' title='bbox 2230 3655 2370 3701; x_wconf 89' lang='lat' dir='ltr'><strong>teras</strong></span> <span class='ocrx_word' id='word_1_726' title='bbox 2395 3647 2513 3701; x_wconf 89' lang='lat' dir='ltr'><strong>sine</strong></span> <span class='ocrx_word' id='word_1_727' title='bbox 2537 3648 2640 3701; x_wconf 92' lang='lat' dir='ltr'><strong>ulla</strong></span> <span class='ocrx_word' id='word_1_728' title='bbox 2671 3649 3008 3705; x_wconf 89' lang='lat' dir='ltr'><strong>miseratione</strong></span> <span class='ocrx_word' id='word_1_729' title='bbox 3042 3652 3319 3721; x_wconf 87' lang='lat' dir='ltr'><strong>compelli;</strong></span> <span class='ocrx_word' id='word_1_730' title='bbox 3347 3670 3465 3707; x_wconf 92' lang='lat' dir='ltr'><strong>cum</strong></span> <span class='ocrx_word' id='word_1_731' title='bbox 3505 3656 3692 3709; x_wconf 84' lang='lat' dir='ltr'><strong>volunt</strong></span> <span class='ocrx_word' id='word_1_732' title='bbox 3718 3672 3793 3710; x_wconf 81' lang='lat' dir='ltr'><strong>eas</strong></span> 
     </span>
    </p>
   </div>
   <div class='ocr_carea' id='block_1_97' title="bbox 2228 3738 3790 3804">
    <p class='ocr_par' dir='ltr' id='par_1_97' title="bbox 2228 3738 3790 3804">
     <span class='ocr_line' id='line_1_97' title="bbox 2228 3738 3790 3804; baseline 0.004 -14"><span class='ocrx_word' id='word_1_733' title='bbox 2228 3738 2361 3791; x_wconf 92' lang='lat' dir='ltr'><strong>mori</strong></span> <span class='ocrx_word' id='word_1_734' title='bbox 2384 3779 2399 3804; x_wconf 97' lang='lat'><strong>,</strong></span> <span class='ocrx_word' id='word_1_735' title='bbox 2428 3739 2471 3792; x_wconf 91' lang='lat' dir='ltr'><strong>si</strong></span> <span class='ocrx_word' id='word_1_736' title='bbox 2512 3739 2590 3793; x_wconf 91' lang='lat' dir='ltr'><strong>eis</strong></span> <span class='ocrx_word' id='word_1_737' title='bbox 2619 3739 2916 3795; x_wconf 91' lang='lat' dir='ltr'><strong>viventibus</strong></span> <span class='ocrx_word' id='word_1_738' title='bbox 2950 3757 3052 3796; x_wconf 93' lang='lat' dir='ltr'><strong>non</strong></span> <span class='ocrx_word' id='word_1_739' title='bbox 3096 3743 3217 3797; x_wconf 85' lang='lat' dir='ltr'><strong>licet</strong></span> <span class='ocrx_word' id='word_1_740' title='bbox 3245 3744 3321 3799; x_wconf 91' lang='lat' dir='ltr'><strong>eis</strong></span> <span class='ocrx_word' id='word_1_741' title='bbox 3358 3746 3551 3800; x_wconf 88' lang='lat' dir='ltr'><strong>alteras</strong></span> <span class='ocrx_word' id='word_1_742' title='bbox 3596 3748 3790 3801; x_wconf 61' lang='lat' dir='ltr'><strong>ducere.</strong></span> 
     </span>
    </p>
   </div>
   <div class='ocr_carea' id='block_1_98' title="bbox 2227 3828 3793 3905">
    <p class='ocr_par' dir='ltr' id='par_1_98' title="bbox 2227 3828 3793 3905">
     <span class='ocr_line' id='line_1_98' title="bbox 2227 3828 3793 3905; baseline 0.005 -25"><span class='ocrx_word' id='word_1_743' title='bbox 2227 3828 2397 3896; x_wconf 90' lang='lat' dir='ltr'><strong>Quam</strong></span> <span class='ocrx_word' id='word_1_744' title='bbox 2443 3829 2807 3885; x_wconf 86' lang='lat' dir='ltr'><strong>crudelitatem</strong></span> <span class='ocrx_word' id='word_1_745' title='bbox 2853 3833 3039 3887; x_wconf 86' lang='lat' dir='ltr'><strong>volens</strong></span> <span class='ocrx_word' id='word_1_746' title='bbox 3078 3850 3397 3905; x_wconf 84' lang='lat' dir='ltr'><strong>exaggerare</strong></span> <span class='ocrx_word' id='word_1_747' title='bbox 3438 3834 3656 3891; x_wconf 82' lang='lat' dir='ltr'><strong>dixisti:</strong></span> <span class='ocrx_word' id='word_1_748' title='bbox 3695 3837 3793 3891; x_wconf 76' lang='lat' dir='ltr'><strong>Non</strong></span> 
     </span>
    </p>
   </div>
   <div class='ocr_carea' id='block_1_99' title="bbox 2229 3920 3790 3996">
    <p class='ocr_par' dir='ltr' id='par_1_99' title="bbox 2229 3920 3790 3996">
     <span class='ocr_line' id='line_1_99' title="bbox 2229 3920 3790 3996; baseline 0.006 -23"><span class='ocrx_word' id='word_1_749' title='bbox 2229 3920 2351 3974; x_wconf 84' lang='lat' dir='ltr'><strong>mihi</strong></span> <span class='ocrx_word' id='word_1_750' title='bbox 2377 3922 2590 3989; x_wconf 82' lang='lat' dir='ltr'><strong>videtur,</strong></span> <span class='ocrx_word' id='word_1_751' title='bbox 2614 3925 2955 3978; x_wconf 81' lang='lat' dir='ltr'><strong>amantissime</strong></span> <span class='ocrx_word' id='word_1_752' title='bbox 2976 3937 3136 3996; x_wconf 86' lang='lat' dir='ltr'><strong>pater,</strong></span> <span class='ocrx_word' id='word_1_753' title='bbox 3162 3929 3241 3980; x_wconf 84' lang='lat' dir='ltr'><strong>hic</strong></span> <span class='ocrx_word' id='word_1_754' title='bbox 3267 3928 3463 3981; x_wconf 84' lang='lat' dir='ltr'><strong>divinus</strong></span> <span class='ocrx_word' id='word_1_755' title='bbox 3488 3947 3594 3982; x_wconf 80' lang='lat' dir='ltr'><strong>esse</strong></span> <span class='ocrx_word' id='word_1_756' title='bbox 3618 3949 3790 3991; x_wconf 76' lang='lat' dir='ltr'><strong>sensus,</strong></span> 
     </span>
    </p>
   </div>
   <div class='ocr_carea' id='block_1_100' title="bbox 2228 4012 3793 4091">
    <p class='ocr_par' dir='ltr' id='par_1_100' title="bbox 2228 4012 3793 4091">
     <span class='ocr_line' id='line_1_100' title="bbox 2228 4012 3793 4091; baseline 0.006 -26"><span class='ocrx_word' id='word_1_757' title='bbox 2228 4012 2312 4066; x_wconf 87' lang='lat' dir='ltr'><strong>ubi</strong></span> <span class='ocrx_word' id='word_1_758' title='bbox 2331 4013 2609 4084; x_wconf 86' lang='lat' dir='ltr'><strong>benignitas</strong></span> <span class='ocrx_word' id='word_1_759' title='bbox 2630 4023 2675 4068; x_wconf 90' lang='lat' dir='ltr'><strong>et</strong></span> <span class='ocrx_word' id='word_1_760' title='bbox 2701 4015 2858 4086; x_wconf 86' lang='lat' dir='ltr'><strong>pietas</strong></span> <span class='ocrx_word' id='word_1_761' title='bbox 2885 4018 3182 4072; x_wconf 75' lang='lat' dir='ltr'><strong>excluditur.</strong></span> <span class='ocrx_word' id='word_1_762' title='bbox 3212 4018 3284 4072; x_wconf 89' lang='lat' dir='ltr'><strong>lla</strong></span> <span class='ocrx_word' id='word_1_763' title='bbox 3312 4020 3448 4073; x_wconf 87' lang='lat' dir='ltr'><strong>istud</strong></span> <span class='ocrx_word' id='word_1_764' title='bbox 3476 4020 3630 4086; x_wconf 86' lang='lat' dir='ltr'><strong>dicis,</strong></span> <span class='ocrx_word' id='word_1_765' title='bbox 3662 4021 3793 4091; x_wconf 77' lang='lat' dir='ltr'><strong>quasi</strong></span> 
     </span>
    </p>
   </div>
   <div class='ocr_carea' id='block_1_101' title="bbox 2230 4107 3793 4178">
    <p class='ocr_par' dir='ltr' id='par_1_101' title="bbox 2230 4107 3793 4178">
     <span class='ocr_line' id='line_1_101' title="bbox 2230 4107 3793 4178; baseline 0.006 -20"><span class='ocrx_word' id='word_1_766' title='bbox 2230 4115 2508 4174; x_wconf 91' lang='lat' dir='ltr'><strong>propterea</strong></span> <span class='ocrx_word' id='word_1_767' title='bbox 2545 4107 2720 4161; x_wconf 90' lang='lat' dir='ltr'><strong>mariti</strong></span> <span class='ocrx_word' id='word_1_768' title='bbox 2764 4125 2981 4178; x_wconf 87' lang='lat' dir='ltr'><strong>parcere</strong></span> <span class='ocrx_word' id='word_1_769' title='bbox 3019 4110 3248 4165; x_wconf 88' lang='lat' dir='ltr'><strong>debeant</strong></span> <span class='ocrx_word' id='word_1_770' title='bbox 3276 4112 3530 4168; x_wconf 91' lang='lat' dir='ltr'><strong>adulteris</strong></span> <span class='ocrx_word' id='word_1_771' title='bbox 3561 4113 3793 4175; x_wconf 82' lang='lat' dir='ltr'><strong>feminis,</strong></span> 
     </span>
    </p>
   </div>
   <div class='ocr_carea' id='block_1_102' title="bbox 2228 4196 3793 4269">
    <p class='ocr_par' dir='ltr' id='par_1_102' title="bbox 2228 4196 3793 4269">
     <span class='ocr_line' id='line_1_102' title="bbox 2228 4196 3793 4269; baseline 0.006 -21"><span class='ocrx_word' id='word_1_772' title='bbox 2228 4196 2351 4265; x_wconf 90' lang='lat' dir='ltr'><strong>quia</strong></span> <span class='ocrx_word' id='word_1_773' title='bbox 2394 4196 2517 4251; x_wconf 90' lang='lat' dir='ltr'><strong>licet</strong></span> <span class='ocrx_word' id='word_1_774' title='bbox 2552 4197 2631 4252; x_wconf 89' lang='lat' dir='ltr'><strong>eis</strong></span> <span class='ocrx_word' id='word_1_775' title='bbox 2670 4200 2866 4254; x_wconf 88' lang='lat' dir='ltr'><strong>alteras</strong></span> <span class='ocrx_word' id='word_1_776' title='bbox 2906 4200 3140 4264; x_wconf 88' lang='lat' dir='ltr'><strong>dueere;</strong></span> <span class='ocrx_word' id='word_1_777' title='bbox 3174 4211 3233 4257; x_wconf 91' lang='lat' dir='ltr'><strong>ut</strong></span> <span class='ocrx_word' id='word_1_778' title='bbox 3276 4204 3319 4258; x_wconf 90' lang='lat' dir='ltr'><strong>si</strong></span> <span class='ocrx_word' id='word_1_779' title='bbox 3361 4219 3465 4258; x_wconf 90' lang='lat' dir='ltr'><strong>non</strong></span> <span class='ocrx_word' id='word_1_780' title='bbox 3512 4205 3657 4269; x_wconf 84' lang='lat' dir='ltr'><strong>licet,</strong></span> <span class='ocrx_word' id='word_1_781' title='bbox 3707 4221 3793 4260; x_wconf 86' lang='lat' dir='ltr'><strong>non</strong></span> 
     </span>
    </p>
   </div>
   <div class='ocr_carea' id='block_1_103' title="bbox 2229 4292 3797 4368">
    <p class='ocr_par' dir='ltr' id='par_1_103' title="bbox 2229 4292 3797 4368">
     <span class='ocr_line' id='line_1_103' title="bbox 2229 4292 3797 4368; baseline 0.006 -26"><span class='ocrx_word' id='word_1_782' title='bbox 2229 4300 2448 4358; x_wconf 88' lang='lat' dir='ltr'><strong>parcant</strong></span> <span class='ocrx_word' id='word_1_783' title='bbox 2468 4300 2525 4344; x_wconf 88' lang='lat' dir='ltr'><strong>ut</strong></span> <span class='ocrx_word' id='word_1_784' title='bbox 2554 4292 2728 4346; x_wconf 89' lang='lat' dir='ltr'><strong>liceat.</strong></span> <span class='ocrx_word' id='word_1_785' title='bbox 2757 4292 3007 4359; x_wconf 90' lang='lat' dir='ltr'><strong>Quinimo</strong></span> <span class='ocrx_word' id='word_1_786' title='bbox 3029 4304 3311 4365; x_wconf 89' lang='lat' dir='ltr'><strong>propterea</strong></span> <span class='ocrx_word' id='word_1_787' title='bbox 3334 4296 3528 4353; x_wconf 88' lang='lat' dir='ltr'><strong>debent</strong></span> <span class='ocrx_word' id='word_1_788' title='bbox 3558 4299 3797 4368; x_wconf 82' lang='lat' dir='ltr'><strong>peccatri-</strong></span> 
     </span>
    </p>
   </div>
   <div class='ocr_carea' id='block_1_104' title="bbox 2230 4383 3797 4460">
    <p class='ocr_par' dir='ltr' id='par_1_104' title="bbox 2230 4383 3797 4460">
     <span class='ocr_line' id='line_1_104' title="bbox 2230 4383 3797 4460; baseline 0.006 -24"><span class='ocrx_word' id='word_1_789' title='bbox 2230 4383 2379 4437; x_wconf 91' lang='lat' dir='ltr'><strong>cibus</strong></span> <span class='ocrx_word' id='word_1_790' title='bbox 2409 4383 2649 4452; x_wconf 80' lang='lat' dir='ltr'><strong>praebere</strong></span> <span class='ocrx_word' id='word_1_791' title='bbox 2672 4385 3110 4453; x_wconf 88' lang='lat' dir='ltr'><strong>misericordiam,</strong></span> <span class='ocrx_word' id='word_1_792' title='bbox 3142 4399 3200 4442; x_wconf 91' lang='lat' dir='ltr'><strong>ut</strong></span> <span class='ocrx_word' id='word_1_793' title='bbox 3227 4398 3279 4443; x_wconf 93' lang='lat' dir='ltr'><strong>et</strong></span> <span class='ocrx_word' id='word_1_794' title='bbox 3308 4388 3404 4458; x_wconf 89' lang='lat' dir='ltr'><strong>ipsi</strong></span> <span class='ocrx_word' id='word_1_795' title='bbox 3434 4405 3528 4457; x_wconf 90' lang='lat' dir='ltr'><strong>pro</strong></span> <span class='ocrx_word' id='word_1_796' title='bbox 3554 4392 3668 4445; x_wconf 90' lang='lat' dir='ltr'><strong>suis</strong></span> <span class='ocrx_word' id='word_1_797' title='bbox 3696 4405 3797 4460; x_wconf 81' lang='lat' dir='ltr'><strong>pec—</strong></span> 
     </span>
    </p>
   </div>
   <div class='ocr_carea' id='block_1_105' title="bbox 2229 4473 3796 4550">
    <p class='ocr_par' dir='ltr' id='par_1_105' title="bbox 2229 4473 3796 4550">
     <span class='ocr_line' id='line_1_105' title="bbox 2229 4473 3796 4550; baseline 0.003 -23"><span class='ocrx_word' id='word_1_798' title='bbox 2229 4473 2361 4528; x_wconf 91' lang='lat' dir='ltr'><strong>catis</strong></span> <span class='ocrx_word' id='word_1_799' title='bbox 2404 4475 2819 4529; x_wconf 86' lang='lat' dir='ltr'><strong>misericordiam</strong></span> <span class='ocrx_word' id='word_1_800' title='bbox 2871 4490 3281 4548; x_wconf 90' lang='lat' dir='ltr'><strong>consequantur.</strong></span> <span class='ocrx_word' id='word_1_801' title='bbox 3327 4481 3391 4533; x_wconf 89' lang='lat' dir='ltr'><strong>Et</strong></span> <span class='ocrx_word' id='word_1_802' title='bbox 3433 4482 3603 4534; x_wconf 87' lang='lat' dir='ltr'><strong>multo</strong></span> <span class='ocrx_word' id='word_1_803' title='bbox 3648 4483 3796 4550; x_wconf 77' lang='lat' dir='ltr'><strong>magis</strong></span> 
     </span>
    </p>
   </div>
   <div class='ocr_carea' id='block_1_106' title="bbox 2231 4564 3798 4638">
    <p class='ocr_par' dir='ltr' id='par_1_106' title="bbox 2231 4564 3798 4638">
     <span class='ocr_line' id='line_1_106' title="bbox 2231 4564 3798 4638; baseline 0.002 -20"><span class='ocrx_word' id='word_1_804' title='bbox 2231 4564 2333 4621; x_wconf 94' lang='lat' dir='ltr'><strong>hoc</strong></span> <span class='ocrx_word' id='word_1_805' title='bbox 2356 4566 2433 4622; x_wconf 91' lang='lat' dir='ltr'><strong>eis</strong></span> <span class='ocrx_word' id='word_1_806' title='bbox 2462 4565 2755 4621; x_wconf 89' lang='lat' dir='ltr'><strong>faciendum</strong></span> <span class='ocrx_word' id='word_1_807' title='bbox 2779 4577 2881 4633; x_wconf 91' lang='lat' dir='ltr'><strong>est,</strong></span> <span class='ocrx_word' id='word_1_808' title='bbox 2913 4570 2999 4638; x_wconf 91' lang='lat' dir='ltr'><strong>qui</strong></span> <span class='ocrx_word' id='word_1_809' title='bbox 3022 4569 3252 4625; x_wconf 91' lang='lat' dir='ltr'><strong>dimissis</strong></span> <span class='ocrx_word' id='word_1_810' title='bbox 3279 4571 3530 4626; x_wconf 84' lang='lat' dir='ltr'><strong>uxoribus</strong></span> <span class='ocrx_word' id='word_1_811' title='bbox 3562 4572 3798 4628; x_wconf 81' lang='lat' dir='ltr'><strong>adulteris</strong></span> 
     </span>
    </p>
   </div>
   <div class='ocr_carea' id='block_1_107' title="bbox 2229 4658 3799 4732">
    <p class='ocr_par' dir='ltr' id='par_1_107' title="bbox 2229 4658 3799 4732">
     <span class='ocr_line' id='line_1_107' title="bbox 2229 4658 3799 4732; baseline 0.002 -21"><span class='ocrx_word' id='word_1_812' title='bbox 2229 4658 2447 4727; x_wconf 90' lang='lat' dir='ltr'><strong>cupiunt</strong></span> <span class='ocrx_word' id='word_1_813' title='bbox 2476 4658 2654 4713; x_wconf 87' lang='lat' dir='ltr'><strong>vivere</strong></span> <span class='ocrx_word' id='word_1_814' title='bbox 2674 4660 3029 4715; x_wconf 88' lang='lat' dir='ltr'><strong>continenter.</strong></span> <span class='ocrx_word' id='word_1_815' title='bbox 3060 4660 3230 4716; x_wconf 88' lang='lat' dir='ltr'><strong>Tanto</strong></span> <span class='ocrx_word' id='word_1_816' title='bbox 3256 4662 3450 4732; x_wconf 90' lang='lat' dir='ltr'><strong>quippe</strong></span> <span class='ocrx_word' id='word_1_817' title='bbox 3475 4662 3675 4717; x_wconf 86' lang='lat' dir='ltr'><strong>debent</strong></span> <span class='ocrx_word' id='word_1_818' title='bbox 3696 4676 3799 4717; x_wconf 60' lang='lat' dir='ltr'><strong>esse.</strong></span> 
     </span>
    </p>
   </div>
   <div class='ocr_carea' id='block_1_108' title="bbox 2231 4750 3800 4823">
    <p class='ocr_par' dir='ltr' id='par_1_108' title="bbox 2231 4750 3800 4823">
     <span class='ocr_line' id='line_1_108' title="bbox 2231 4750 3800 4823; baseline 0.002 -20"><span class='ocrx_word' id='word_1_819' title='bbox 2231 4750 2704 4819; x_wconf 84' lang='lat' dir='ltr'><strong>misericordiores,</strong></span> <span class='ocrx_word' id='word_1_820' title='bbox 2732 4763 2928 4823; x_wconf 87' lang='lat' dir='ltr'><strong>quanto</strong></span> <span class='ocrx_word' id='word_1_821' title='bbox 2957 4754 3139 4808; x_wconf 87' lang='lat' dir='ltr'><strong>volunt</strong></span> <span class='ocrx_word' id='word_1_822' title='bbox 3164 4770 3282 4810; x_wconf 88' lang='lat' dir='ltr'><strong>esse</strong></span> <span class='ocrx_word' id='word_1_823' title='bbox 3315 4756 3611 4810; x_wconf 88' lang='lat' dir='ltr'><strong>sanctiores</strong></span> <span class='ocrx_word' id='word_1_824' title='bbox 3636 4774 3649 4809; x_wconf 91' lang='lat'><strong>:</strong></span> <span class='ocrx_word' id='word_1_825' title='bbox 3679 4765 3731 4808; x_wconf 90' lang='lat' dir='ltr'><strong>ut</strong></span> <span class='ocrx_word' id='word_1_826' title='bbox 3755 4764 3800 4807; x_wconf 86' lang='lat' dir='ltr'><strong>et</strong></span> 
     </span>
    </p>
   </div>
   <div class='ocr_carea' id='block_1_109' title="bbox 2230 4839 3801 4916">
    <p class='ocr_par' dir='ltr' id='par_1_109' title="bbox 2230 4839 3801 4916">
     <span class='ocr_line' id='line_1_109' title="bbox 2230 4839 3801 4916; baseline 0.003 -22"><span class='ocrx_word' id='word_1_827' title='bbox 2230 4839 2296 4895; x_wconf 91' lang='lat' dir='ltr'><strong>ad</strong></span> <span class='ocrx_word' id='word_1_828' title='bbox 2321 4842 2615 4896; x_wconf 91' lang='lat' dir='ltr'><strong>castitatem</strong></span> <span class='ocrx_word' id='word_1_829' title='bbox 2642 4843 2694 4897; x_wconf 91' lang='lat' dir='ltr'><strong>in</strong></span> <span class='ocrx_word' id='word_1_830' title='bbox 2723 4858 2783 4900; x_wconf 92' lang='lat' dir='ltr'><strong>se</strong></span> <span class='ocrx_word' id='word_1_831' title='bbox 2804 4844 2931 4914; x_wconf 90' lang='lat' dir='ltr'><strong>ipsis</strong></span> <span class='ocrx_word' id='word_1_832' title='bbox 2953 4845 3264 4900; x_wconf 89' lang='lat' dir='ltr'><strong>servandam</strong></span> <span class='ocrx_word' id='word_1_833' title='bbox 3291 4846 3541 4900; x_wconf 83' lang='lat' dir='ltr'><strong>divinitus</strong></span> <span class='ocrx_word' id='word_1_834' title='bbox 3566 4847 3801 4916; x_wconf 84' lang='lat' dir='ltr'><strong>adjuven-</strong></span> 
     </span>
    </p>
   </div>
   <div class='ocr_carea' id='block_1_110' title="bbox 2232 4918 3803 5005">
    <p class='ocr_par' dir='ltr' id='par_1_110' title="bbox 2232 4918 3803 5005">
     <span class='ocr_line' id='line_1_110' title="bbox 2232 4918 3803 5005; baseline 0.003 -21"><span class='ocrx_word' id='word_1_835' title='bbox 2232 4938 2339 4999; x_wconf 88' lang='lat' dir='ltr'><strong>tur,</strong></span> <span class='ocrx_word' id='word_1_836' title='bbox 2366 4931 2489 4985; x_wconf 91' lang='lat' dir='ltr'><strong>dum</strong></span> <span class='ocrx_word' id='word_1_837' title='bbox 2518 4918 2814 4989; x_wconf 71' lang='lat' dir='ltr'><strong>castitatem</strong></span> <span class='ocrx_word' id='word_1_838' title='bbox 2840 4934 2906 4989; x_wconf 88' lang='lat' dir='ltr'><strong>ab</strong></span> <span class='ocrx_word' id='word_1_839' title='bbox 2928 4936 3182 4992; x_wconf 82' lang='lat' dir='ltr'><strong>uxoribus</strong></span> <span class='ocrx_word' id='word_1_840' title='bbox 3202 4937 3452 4995; x_wconf 82' lang='lat' dir='ltr'><strong>,violatam</strong></span> <span class='ocrx_word' id='word_1_841' title='bbox 3479 4952 3575 4991; x_wconf 88' lang='lat' dir='ltr'><strong>nec</strong></span> <span class='ocrx_word' id='word_1_842' title='bbox 3600 4938 3693 5005; x_wconf 88' lang='lat' dir='ltr'><strong>ipsi</strong></span> <span class='ocrx_word' id='word_1_843' title='bbox 3718 4936 3803 4988; x_wconf 86' lang='lat' dir='ltr'><strong>hu-</strong></span> 
     </span>
    </p>
   </div>
   <div class='ocr_carea' id='block_1_111' title="bbox 2232 5024 3801 5086">
    <p class='ocr_par' dir='ltr' id='par_1_111' title="bbox 2232 5024 3801 5086">
     <span class='ocr_line' id='line_1_111' title="bbox 2232 5024 3801 5086; baseline 0.001 -8"><span class='ocrx_word' id='word_1_844' title='bbox 2232 5024 2461 5079; x_wconf 89' lang='lat' dir='ltr'><strong>manitus</strong></span> <span class='ocrx_word' id='word_1_845' title='bbox 2488 5025 2830 5082; x_wconf 89' lang='lat' dir='ltr'><strong>ulciscuntur.</strong></span> <span class='ocrx_word' id='word_1_846' title='bbox 2859 5028 2925 5082; x_wconf 87' lang='lat' dir='ltr'><strong>Et</strong></span> <span class='ocrx_word' id='word_1_847' title='bbox 2950 5030 3179 5084; x_wconf 83' lang='lat' dir='ltr'><strong>maxime</strong></span> <span class='ocrx_word' id='word_1_848' title='bbox 3203 5044 3306 5084; x_wconf 81' lang='lat' dir='ltr'><strong>vox</strong></span> <span class='ocrx_word' id='word_1_849' title='bbox 3332 5030 3420 5085; x_wconf 88' lang='lat' dir='ltr'><strong>illa</strong></span> <span class='ocrx_word' id='word_1_850' title='bbox 3446 5030 3708 5086; x_wconf 81' lang='lat' dir='ltr'><strong>dominica</strong></span> <span class='ocrx_word' id='word_1_851' title='bbox 3731 5036 3801 5083; x_wconf 86' lang='lat' dir='ltr'><strong>est</strong></span> 
     </span>
    </p>
   </div>
   <div class='ocr_carea' id='block_1_112' title="bbox 2232 5116 3799 5192">
    <p class='ocr_par' dir='ltr' id='par_1_112' title="bbox 2232 5116 3799 5192">
     <span class='ocr_line' id='line_1_112' title="bbox 2232 5116 3799 5192; baseline 0.006 -22"><span class='ocrx_word' id='word_1_852' title='bbox 2232 5116 2310 5170; x_wconf 90' lang='lat' dir='ltr'><strong>eis</strong></span> <span class='ocrx_word' id='word_1_853' title='bbox 2360 5116 2410 5170; x_wconf 92' lang='lat' dir='ltr'><strong>in</strong></span> <span class='ocrx_word' id='word_1_854' title='bbox 2453 5118 2763 5173; x_wconf 89' lang='lat' dir='ltr'><strong>memoriam</strong></span> <span class='ocrx_word' id='word_1_855' title='bbox 2809 5121 3138 5176; x_wconf 86' lang='lat' dir='ltr'><strong>revocanda:</strong></span> <span class='ocrx_word' id='word_1_856' title='bbox 3190 5121 3288 5187; x_wconf 78' lang='lat' dir='ltr'><strong>Qui</strong></span> <span class='ocrx_word' id='word_1_857' title='bbox 3330 5122 3437 5176; x_wconf 84' lang='lat' dir='ltr'><strong>sine</strong></span> <span class='ocrx_word' id='word_1_858' title='bbox 3479 5132 3680 5192; x_wconf 85' lang='lat' dir='ltr'><strong>peccato</strong></span> <span class='ocrx_word' id='word_1_859' title='bbox 3720 5129 3799 5179; x_wconf 74' lang='lat' dir='ltr'><strong>est.</strong></span> 
     </span>
    </p>
   </div>
   <div class='ocr_carea' id='block_1_113' title="bbox 2234 5208 3800 5284">
    <p class='ocr_par' dir='ltr' id='par_1_113' title="bbox 2234 5208 3800 5284">
     <span class='ocr_line' id='line_1_113' title="bbox 2234 5208 3800 5284; baseline 0.004 -24"><span class='ocrx_word' id='word_1_860' title='bbox 2234 5208 2373 5277; x_wconf 87' lang='lat' dir='ltr'><strong>prior</strong></span> <span class='ocrx_word' id='word_1_861' title='bbox 2400 5209 2451 5261; x_wconf 90' lang='lat' dir='ltr'><strong>in</strong></span> <span class='ocrx_word' id='word_1_862' title='bbox 2479 5208 2623 5262; x_wconf 84' lang='lat' dir='ltr'><strong>illam</strong></span> <span class='ocrx_word' id='word_1_863' title='bbox 2653 5211 2871 5281; x_wconf 87' lang='lat' dir='ltr'><strong>lapidem</strong></span> <span class='ocrx_word' id='word_1_864' title='bbox 2892 5213 3053 5283; x_wconf 78' lang='lat' dir='ltr'><strong>jacio!</strong></span> <span class='ocrx_word' id='word_1_865' title='bbox 3078 5212 3256 5283; x_wconf 82' lang='lat' dir='ltr'><strong>(Joan.</strong></span> <span class='ocrx_word' id='word_1_866' title='bbox 3290 5228 3383 5268; x_wconf 84' lang='lat' dir='ltr'><strong>vm</strong></span> <span class='ocrx_word' id='word_1_867' title='bbox 3404 5256 3419 5281; x_wconf 97' lang='lat'><strong>,</strong></span> <span class='ocrx_word' id='word_1_868' title='bbox 3447 5215 3522 5284; x_wconf 90' lang='lat'><strong>7).</strong></span> <span class='ocrx_word' id='word_1_869' title='bbox 3552 5214 3687 5280; x_wconf 84' lang='lat' dir='ltr'><strong>Non,</strong></span> <span class='ocrx_word' id='word_1_870' title='bbox 3713 5211 3800 5277; x_wconf 73' lang='lat' dir='ltr'><strong>Qui</strong></span> 
     </span>
    </p>
   </div>
   <div class='ocr_carea' id='block_1_114' title="bbox 2232 5301 3801 5376">
    <p class='ocr_par' dir='ltr' id='par_1_114' title="bbox 2232 5301 3801 5376">
     <span class='ocr_line' id='line_1_114' title="bbox 2232 5301 3801 5376; baseline -0.001 -21"><span class='ocrx_word' id='word_1_871' title='bbox 2232 5301 2348 5356; x_wconf 87' lang='lat' dir='ltr'><strong>sine</strong></span> <span class='ocrx_word' id='word_1_872' title='bbox 2379 5302 2492 5371; x_wconf 88' lang='lat' dir='ltr'><strong>ipso</strong></span> <span class='ocrx_word' id='word_1_873' title='bbox 2532 5312 2750 5372; x_wconf 90' lang='lat' dir='ltr'><strong>peccato</strong></span> <span class='ocrx_word' id='word_1_874' title='bbox 2780 5312 2895 5370; x_wconf 89' lang='lat' dir='ltr'><strong>est,</strong></span> <span class='ocrx_word' id='word_1_875' title='bbox 2934 5305 3179 5375; x_wconf 86' lang='lat' dir='ltr'><strong>quoniam</strong></span> <span class='ocrx_word' id='word_1_876' title='bbox 3215 5305 3483 5375; x_wconf 88' lang='lat' dir='ltr'><strong>loquimur</strong></span> <span class='ocrx_word' id='word_1_877' title='bbox 3510 5305 3577 5360; x_wconf 91' lang='lat' dir='ltr'><strong>de</strong></span> <span class='ocrx_word' id='word_1_878' title='bbox 3613 5304 3801 5376; x_wconf 83' lang='lat' dir='ltr'><strong>pudicis</strong></span> 
     </span>
    </p>
   </div>
   <div class='ocr_carea' id='block_1_115' title="bbox 2232 5391 3802 5467">
    <p class='ocr_par' dir='ltr' id='par_1_115' title="bbox 2232 5391 3802 5467">
     <span class='ocr_line' id='line_1_115' title="bbox 2232 5391 3802 5467; baseline -0.001 -21"><span class='ocrx_word' id='word_1_879' title='bbox 2232 5391 2362 5448; x_wconf 90' lang='lat' dir='ltr'><strong>viris</strong></span> <span class='ocrx_word' id='word_1_880' title='bbox 2388 5395 2443 5457; x_wconf 82' lang='grc'><strong>²;</strong></span> <span class='ocrx_word' id='word_1_881' title='bbox 2488 5394 2617 5461; x_wconf 89' lang='lat' dir='ltr'><strong>sed,</strong></span> <span class='ocrx_word' id='word_1_882' title='bbox 2652 5395 2753 5460; x_wconf 86' lang='lat' dir='ltr'><strong>Qui</strong></span> <span class='ocrx_word' id='word_1_883' title='bbox 2793 5396 2900 5450; x_wconf 84' lang='lat' dir='ltr'><strong>sine</strong></span> <span class='ocrx_word' id='word_1_884' title='bbox 2942 5406 3141 5465; x_wconf 86' lang='lat' dir='ltr'><strong>peccato</strong></span> <span class='ocrx_word' id='word_1_885' title='bbox 3179 5405 3289 5451; x_wconf 81' lang='lat' dir='ltr'><strong>est:</strong></span> <span class='ocrx_word' id='word_1_886' title='bbox 3337 5396 3479 5467; x_wconf 89' lang='lat' dir='ltr'><strong>quod</strong></span> <span class='ocrx_word' id='word_1_887' title='bbox 3524 5398 3567 5451; x_wconf 89' lang='lat' dir='ltr'><strong>si</strong></span> <span class='ocrx_word' id='word_1_888' title='bbox 3600 5410 3715 5450; x_wconf 84' lang='lat' dir='ltr'><strong>esse</strong></span> <span class='ocrx_word' id='word_1_889' title='bbox 3752 5408 3802 5446; x_wconf 84' lang='lat' dir='ltr'><strong>se</strong></span> 
     </span>
    </p>
   </div>
   <div class='ocr_carea' id='block_1_116' title="bbox 2301 5608 3798 5673">
    <p class='ocr_par' dir='ltr' id='par_1_116' title="bbox 2301 5608 3798 5673">
     <span class='ocr_line' id='line_1_116' title="bbox 2301 5608 3798 5673; baseline 0.002 -17"><span class='ocrx_word' id='word_1_890' title='bbox 2301 5611 2315 5641; x_wconf 78' lang='grc' dir='ltr'><strong><em>ι</em></strong></span> <span class='ocrx_word' id='word_1_891' title='bbox 2353 5612 2423 5658; x_wconf 76' lang='lat' dir='ltr'><strong>sic</strong></span> <span class='ocrx_word' id='word_1_892' title='bbox 2440 5610 2661 5673; x_wconf 88' lang='lat' dir='ltr'><strong>melioris</strong></span> <span class='ocrx_word' id='word_1_893' title='bbox 2684 5618 2810 5660; x_wconf 56' lang='lat' dir='ltr'><strong>nota!</strong></span> <span class='ocrx_word' id='word_1_894' title='bbox 2836 5619 2938 5661; x_wconf 68' lang='lat' dir='ltr'><strong>Mss.</strong></span> <span class='ocrx_word' id='word_1_895' title='bbox 2966 5618 3018 5660; x_wconf 73' lang='lat' dir='ltr'><strong>At.</strong></span> <span class='ocrx_word' id='word_1_896' title='bbox 3037 5618 3165 5672; x_wconf 76' lang='lat' dir='ltr'><strong>l.ov.,</strong></span> <span class='ocrx_word' id='word_1_897' title='bbox 3192 5611 3370 5673; x_wconf 80' lang='lat' dir='ltr'><strong>conjua:</strong></span> <span class='ocrx_word' id='word_1_898' title='bbox 3394 5624 3424 5660; x_wconf 91' lang='lat' dir='ltr'><strong><em>a</em></strong></span> <span class='ocrx_word' id='word_1_899' title='bbox 3446 5618 3580 5661; x_wconf 70' lang='lat' dir='ltr'><strong>casta</strong></span> <span class='ocrx_word' id='word_1_900' title='bbox 3594 5608 3798 5669; x_wconf 73' lang='lat' dir='ltr'><strong>conjuqt.</strong></span> 
     </span>
    </p>
   </div>
   <div class='ocr_carea' id='block_1_117' title="bbox 2236 5672 3781 5739">
    <p class='ocr_par' dir='ltr' id='par_1_117' title="bbox 2236 5672 3781 5739">
     <span class='ocr_line' id='line_1_117' title="bbox 2236 5672 3781 5739; baseline 0.014 -20"><span class='ocrx_word' id='word_1_901' title='bbox 2236 5672 2669 5739; x_wconf 72' lang='lat' dir='ltr'><strong>Fr._,conjux_casto</strong></span> <span class='ocrx_word' id='word_1_902' title='bbox 2690 5685 2917 5739; x_wconf 58' lang='lat' dir='ltr'><strong>corpore.</strong></span> <span class='ocrx_word' id='word_1_903' title='bbox 2950 5736 2957 5739; x_wconf 24' lang='grc' dir='ltr'><strong>Α</strong></span> <span class='ocrx_word' id='word_1_904' title='bbox 3201 5736 3209 5739; x_wconf 90' lang='lat'><em>_</em></span> <span class='ocrx_word' id='word_1_905' title='bbox 3266 5672 3280 5739; x_wconf 50' lang='grc' dir='ltr'>ξ</span> <span class='ocrx_word' id='word_1_906' title='bbox 3379 5733 3389 5739; x_wconf 70' lang='grc'><em>,</em></span> <span class='ocrx_word' id='word_1_907' title='bbox 3558 5734 3569 5739; x_wconf 87' lang='lat'>_</span> <span class='ocrx_word' id='word_1_908' title='bbox 3711 5731 3737 5739; x_wconf 85' lang='lat'><strong>..</strong></span> <span class='ocrx_word' id='word_1_909' title='bbox 3769 5729 3781 5739; x_wconf 92' lang='lat'><strong>.</strong></span> 
     </span>
    </p>
   </div>
   <div class='ocr_carea' id='block_1_118' title="bbox 2270 5731 3801 5804">
    <p class='ocr_par' dir='ltr' id='par_1_118' title="bbox 2270 5731 3801 5804">
     <span class='ocr_line' id='line_1_118' title="bbox 2270 5731 3801 5804; baseline 0.001 -25"><span class='ocrx_word' id='word_1_910' title='bbox 2270 5794 2280 5804; x_wconf 41' lang='lat'><em>.</em></span> <span class='ocrx_word' id='word_1_911' title='bbox 2299 5736 2326 5803; x_wconf 36' lang='grc' dir='ltr'>ἰ</span> <span class='ocrx_word' id='word_1_912' title='bbox 2351 5734 2423 5781; x_wconf 59' lang='lat' dir='ltr'><strong>sic</strong></span> <span class='ocrx_word' id='word_1_913' title='bbox 2445 5734 2618 5783; x_wconf 86' lang='lat' dir='ltr'><strong>melius</strong></span> <span class='ocrx_word' id='word_1_914' title='bbox 2641 5743 2744 5783; x_wconf 80' lang='lat' dir='ltr'><strong>Mss.</strong></span> <span class='ocrx_word' id='word_1_915' title='bbox 2772 5731 2825 5784; x_wconf 62' lang='lat' dir='ltr'><strong>Lit</strong></span> <span class='ocrx_word' id='word_1_916' title='bbox 2842 5736 2988 5794; x_wconf 87' lang='lat' dir='ltr'><strong>editi,</strong></span> <span class='ocrx_word' id='word_1_917' title='bbox 3009 5736 3239 5800; x_wconf 78' lang='lat' dir='ltr'><strong>quomodo</strong></span> <span class='ocrx_word' id='word_1_918' title='bbox 3260 5733 3498 5798; x_wconf 79' lang='lat' dir='ltr'><strong>loqut&#39;imtr</strong></span> <span class='ocrx_word' id='word_1_919' title='bbox 3534 5734 3594 5785; x_wconf 83' lang='lat' dir='ltr'><strong>de</strong></span> <span class='ocrx_word' id='word_1_920' title='bbox 3624 5731 3801 5795; x_wconf 57' lang='lat' dir='ltr'><strong>pratia}</strong></span> 
     </span>
    </p>
   </div>
   <div class='ocr_carea' id='block_1_119' title="bbox 2236 5808 2361 5845">
    <p class='ocr_par' dir='ltr' id='par_1_119' title="bbox 2236 5808 2361 5845">
     <span class='ocr_line' id='line_1_119' title="bbox 2236 5808 2361 5845; baseline 0 0"><span class='ocrx_word' id='word_1_921' title='bbox 2236 5808 2361 5845; x_wconf 74' lang='grc' dir='ltr'><em>ῑίΓτδ.</em></span> 
     </span>
    </p>
   </div>
  </div>
