3930 6368
164 253 243 308 481

170 367 369 422 dixerint
387 405 401 430 ,
425 354 657 434 seipsos
695 360 996 428 seducunt,
1027 369 1081 416 et
1106 362 1301 417 veritas
1324 362 1378 416 in
1407 364 1484 419 eis
1514 380 1618 419 non
1644 374 1726 420 est

174 460 211 527 tl
235 459 375 513 Joan.
399 473 435 520 ι,
457 456 534 527 8).
560 454 739 509 Porro
782 454 830 508 si
858 468 960 509 non
992 468 1051 508 se
1080 453 1366 520 seducunt,
1392 463 1446 509 et
1465 465 1546 509 est
1572 456 1625 509 in
1646 456 1725 510 eis

178 552 360 615 veritas,
396 562 494 602 non
524 547 627 601 erit
675 546 730 600 in
776 545 858 600 eis
902 553 1125 598 cruenta
1163 546 1435 599 severitas.
1483 544 1727 601 Scientes

176 642 295 694 enim
314 656 365 694 se
384 654 482 692 non
507 652 629 692 esse
653 637 773 691 sine
793 645 1027 706 peccato,
1056 634 1331 689 dimittunt
1351 645 1406 689 ut
1432 635 1726 691 dimittatur

178 731 267 795 eis;
292 745 378 786 nec
400 729 464 783 ab
485 729 563 783 eis
584 726 885 797 benignitas
908 734 961 781 et
987 726 1155 795 pietas
1180 726 1475 781 excluditur
1496 728 1535 780 ³.
1558 728 1723 798 Magis

179 822 292 874 enim
316 822 423 875 lucc
459 817 830 882 excluduntur,
864 817 908 871 si
934 816 1166 886 peccatis
1210 817 1492 887 conjngum
1533 817 1602 871 ab
1643 819 1722 873 eis

179 912 384 980 impetret
409 911 614 965 veniam
646 910 858 964 licentia
888 908 1143 973 libidinis,
1173 924 1281 963 non
1307 924 1435 964 cura
1465 910 1678 979 pietatis
1702 927 1716 977 ;

173 1000 215 1051 id
235 1011 301 1056 est
318 1043 331 1067 ,
356 1011 410 1055 ut
433 1008 714 1071 propterea
738 1005 961 1068 parcant
985 998 1107 1067 quia
1134 1000 1259 1054 licet
1288 1000 1366 1054 eis
1391 1000 1588 1055 alteras
1618 1002 1719 1056 du-

163 1103 300 1157 cere,
328 1100 376 1146 et
406 1106 509 1146 non
544 1090 717 1160 potius
742 1097 1021 1160 propterea
1048 1089 1173 1159 quia
1197 1089 1386 1144 volunt
1406 1099 1460 1145 et
1487 1090 1587 1145 sibi
1614 1091 1718 1146 Do-

160 1180 335 1239 minum
368 1198 603 1254 parcere.

218 1274 293 1330 £5.
333 1277 537 1346 Quanto
566 1277 743 1345 itaque
772 1274 983 1341 melius,
1013 1281 1067 1329 et
1093 1274 1396 1341 honestius,
1424 1275 1713 1332 christiana

150 1361 353 1440 denique
378 1370 711 1441 professione
737 1367 948 1438 dignius
968 1409 982 1431 ,
1015 1377 1073 1422 ut
1096 1376 1315 1439 parcant
1351 1370 1710 1425 adulterarum

146 1461 365 1526 sanguini
413 1476 668 1524 uxorum,
713 1458 856 1529 quod
898 1459 1153 1527 scriptum
1197 1468 1278 1513 est
1322 1459 1401 1514 eis
1446 1460 1707 1526 dicimus,

138 1536 327 1607 “Mitte
354 1553 661 1622 injustitiam
700 1552 933 1621 proximo
970 1559 1088 1615 tuo,
1120 1559 1165 1604 et
1205 1560 1323 1604 tunc
1361 1551 1584 1620 precanti
1623 1553 1710 1606 tibi

132 1638 321 1697 Ρεοεαια
347 1648 628 1698 solventur.
671 1641 842 1697 Homo
888 1642 1082 1695 nomini
1110 1651 1365 1695 conservat
1394 1643 1562 1706 iram,
1604 1652 1651 1696 et
1678 1660 1709 1696 a

150 1718 335 1789 Domino
358 1737 545 1805 quterit
575 1734 820 1788 medelam
844 1734 871 1786 ?
897 1732 1068 1804 Super
1093 1734 1346 1789 hominem
1371 1735 1587 1789 similem
1614 1736 1710 1789 sibi

164 1837 221 1881 non
236 1828 389 1881 habet
413 1826 831 1891 miseriwrdiam,
858 1835 902 1879 et
928 1826 991 1877 de
1010 1826 1225 1894 peccatis
1245 1827 1349 1879 suis
1374 1827 1668 1895 deprecatur
1682 1827 1708 1881 .’

160 1915 235 1973 Cum
262 1921 379 1989 ipse
410 1934 531 1971 caro
557 1918 640 1981 sit,
666 1926 921 1970 conservat
950 1915 1309 1969 iracundiam?
1330 1917 1439 1985 quis
1465 1916 1708 1986 propitia-

150 2011 244 2067 biur
275 2012 510 2083 peccatis
547 2011 678 2063 illius
705 2008 885 2078 (Eccli.
919 2024 1090 2061 xxvni
1113 2047 1126 2069 ,
1155 2006 1296 2077 2-5);
1328 2016 1383 2062 et
1423 2007 1703 2063 dc‘Evan-

143 2106 259 2171 gelio
283 2146 298 2168 ,
337 2103 590 2156 Dimittite
609 2144 624 2167 ,
654 2112 697 2155 et
733 2102 1000 2155 dimittetur
1026 2102 1163 2155 vobis
1192 2100 1342 2172 (Luc.
1374 2116 1455 2167 vt,
1487 2100 1576 2174 37)
1603 2120 1616 2165 ;
1649 2109 1706 2157 ut

138 2196 398 2260 possimus
427 2194 606 2247 dicere
628 2234 642 2258 ,
673 2191 867 2245 Dimitte
906 2190 1051 2246 nobis
1077 2193 1243 2245 debita
1273 2203 1472 2261 nostra,
1503 2195 1632 2248 sicut
1659 2203 1703 2248 et

132 2298 200 2338 nus
237 2284 551 2337 dimittimus
575 2282 867 2335 debitoribus
895 2283 1078 2337 nostris
1107 2282 1319 2353 (Matth.
1366 2300 1415 2337 v1
1435 2326 1450 2350 ,
1485 2285 1577 2353 1'2)
1603 2301 1618 2350 ;
1651 2296 1704 2341 et

126 2376 173 2430 de
191 2380 234 2431 Α
244 2374 470 2445 postulo
496 2416 509 2439 ,
558 2372 705 2427 Nulli
730 2373 921 2427 malum
953 2391 1046 2443 pro
1074 2375 1208 2427 malo
1238 2374 1496 2429 rcddentes
1523 2374 1699 2448 (Rom.

125 2483 173 2522 ιιι
192 2512 206 2534 ,
240 2470 335 2537 l7)
364 2486 378 2521 :
410 2477 467 2522 et
493 2468 537 2521 si
566 2482 668 2535 qua
696 2476 821 2521 sunt
853 2466 1156 2535 huiusmodi
1182 2467 1234 2520 in
1262 2464 1546 2536 Scripturis
1575 2482 1705 2522 san~

124 2561 213 2625 clis,
243 2560 468 2629 quibus,
494 2560 558 2613 ad
582 2557 946 2613 ulciscendum
973 2556 1186 2627 quando
1212 2557 1472 2612 humanus
1492 2558 1702 2613 animus

125 2656 383 2717 excitatur,
416 2654 543 2722 quia
574 2652 901 2707 Christianus
930 2658 1033 2715 est,
1067 2650 1375 2720 mitigatur?

175 2747 400 2803 CAPUT
424 2746 543 2800 XV.
572 2775 645 2785 —
668 2745 848 2798 Mariti
866 2745 932 2797 ad
963 2744 1269 2814 parcendum
1298 2744 1540 2798 adulteris
1581 2761 1702 2799 ww

128 2840 262 2905 ribus,
289 2857 390 2892 non
415 2840 620 2893 licentia
658 2837 901 2901 libidinis,
931 2836 1019 2889 sed
1044 2853 1165 2889 cura
1194 2836 1391 2907 pietatis
1432 2836 1698 2889 adducan-

134 2943 213 2985 tur.
243 2932 478 3000 Quanto,
510 2908 727 3001 inquam
751 2970 766 2994 ,
802 2930 989 2983 melius
1017 2930 1115 2984 ista
1141 2927 1364 2982 dicimus
1388 2970 1402 2995 ,
1441 2943 1599 3009 quam
1644 2936 1699 2982 ut

133 3026 366 3088 dicamus,
398 3025 622 3079 Tantum
655 3023 930 3077 adulteras
959 3022 1086 3076 istas
1114 3020 1393 3086 dimittite,
1426 3028 1481 3075 et
1514 3035 1696 3074 earum

138 3119 272 3171 nolite
296 3119 601 3187 sanguinem
628 3129 897 3186 quaerere;
927 3114 1178 3183 quidquid
1199 3112 1399 3167 doloris
1423 3128 1488 3167 ex
1515 3128 1697 3167 earum

143 3208 328 3279 ﬂagitiis
350 3208 576 3275 habetis,
612 3205 1032 3262 consolabuntur
1075 3218 1167 3258 vos
1199 3204 1316 3257 alia:
1358 3219 1489 3274 quas
1526 3203 1695 3257 duxe-

148 3301 231 3353 ritis
259 3317 273 3352 :
302 3299 489 3352 merito
507 3299 649 3352 enim
672 3296 882 3351 velletis
910 3296 1038 3349 istas
1064 3294 1129 3349 de
1158 3295 1446 3348 viventium
1474 3308 1696 3349 munero

151 3395 320 3446 auferre
339 3432 355 3457 ,
384 3392 429 3445 si
458 3407 640 3447 earum
663 3391 770 3444 vita
802 3389 1180 3459 impedimento
1203 3396 1379 3454 esset,
1413 3387 1697 3457 quominus

146 3483 249 3543 alias
267 3483 527 3538 duceretis
550 3499 564 3546 ;
588 3498 729 3536 nunc
755 3496 882 3536 vero
897 3521 913 3547 ,
936 3480 1094 3535 etiam
1118 3480 1234 3535 istis
1255 3480 1549 3533 viventibus
1574 3493 1694 3532 cum

148 3570 287 3627 liceat
310 3575 408 3626 alia
432 3574 571 3627 vobis
598 3573 933 3627 matrimonia
962 3569 1267 3643 providere,
1300 3568 1426 3639 quid
1455 3584 1547 3623 eas
1578 3578 1694 3622 tan-

148 3669 314 3732 topere
341 3665 492 3718 vultis
518 3663 792 3719 occidere?
825 3663 945 3717 Ηιρο
971 3663 1015 3716 si
1046 3661 1288 3726 dicimus,
1318 3675 1497 3715 nonne
1525 3668 1696 3714 atten-

146 3752 202 3807 dis
238 3769 398 3823 quam
438 3765 608 3809 nostra
646 3754 826 3809 suasio
860 3753 1015 3822 longe
1054 3752 1122 3806 sit
1157 3765 1187 3804 a
1214 3750 1521 3806 charactere
1549 3749 1694 3804 chri-

149 3846 291 3901 stiano
315 3848 337 3878 '
362 3864 375 3899 :
409 3847 525 3916 quia
550 3855 605 3901 et
629 3845 818 3900 falsum
847 3844 1091 3908 dicimus,
1122 3842 1201 3897 eis
1227 3842 1389 3896 licere
1417 3840 1558 3910 quod
1588 3855 1691 3895 non

148 3934 265 3998 licet,
288 3935 387 3991 hoc
408 3946 488 3991 est
505 3976 519 3999 ,
549 3936 666 3990 istis
693 3935 994 3990 viventibus
1023 3943 1081 3987 ut
1105 3932 1221 3987 aliis
1244 3931 1597 4001 copulentur;
1640 3940 1693 3985 et

148 4025 182 4077 si
217 4038 474 4097 propterea
522 4027 629 4082 illis
670 4026 1022 4097 pepercerim,
1069 4041 1173 4080 non
1220 4033 1439 4094 parcent
1476 4031 1695 4094 propter

142 4118 397 4186 pietatem,
438 4121 531 4176 sed
583 4128 805 4189 propter
853 4120 1076 4173 aliarum
1125 4118 1424 4187 nuptiarum
1472 4117 1691 4172 liberam

140 4219 444 4275 potestatem.
492 4212 769 4267 Postremo
803 4225 983 4280 quazro
1029 4209 1124 4263 abs
1155 4217 1238 4274 te,
1281 4218 1459 4262 utrum
1503 4208 1694 4261 marito

137 4301 403 4359 christiano
422 4305 576 4360 liceat
598 4304 685 4359 vel
705 4302 995 4358 secundum
1018 4310 1253 4357 veterem
1275 4302 1369 4354 Dei
1390 4301 1582 4371 legem,
1607 4300 1692 4355 vel

133 4391 371 4449 Romanis
408 4395 610 4466 legibus
636 4394 927 4449 adulteram
956 4392 1200 4448 occidere
1223 4391 1288 4444 ³2
1316 4390 1373 4447 Si
1401 4392 1544 4457 licet,
1578 4406 1692 4445 me-

132 4483 222 4538 lius
250 4495 332 4541 est
364 4496 417 4541 ut
442 4489 510 4544 ab
538 4495 763 4556 utroque
789 4500 846 4540 se
872 4491 1163 4555 temperet,
1195 4482 1249 4537 id
1276 4491 1384 4548 est,
1413 4493 1468 4537 et
1491 4498 1521 4537 a
1551 4481 1693 4537 licito

132 4574 208 4627 illa
238 4587 480 4646 peccante
506 4579 766 4649 supplicio
785 4618 800 4645 ,
831 4584 885 4631 et
911 4576 979 4631 ab
1004 4574 1183 4630 illicito
1209 4575 1297 4629 illa
1322 4575 1532 4630 vivente
1560 4588 1691 4628 con—

124 4664 281 4735 iugio.
322 4669 465 4738 Quod
498 4672 543 4725 si
572 4670 883 4724 alterutrum
911 4668 1109 4737 eligere
1152 4673 1491 4735 perseverat,
1526 4665 1693 4720 satius

130 4766 205 4808 est
229 4760 277 4813 ei
316 4761 477 4818 facere
506 4759 650 4831 quod
680 4762 835 4826 licet,
866 4768 925 4814 ut
961 4758 1194 4813 adultera
1227 4758 1504 4828 puniatur,
1533 4773 1690 4827 quam

132 4846 179 4897 id
205 4851 337 4917 quod
357 4868 455 4907 non
477 4853 621 4917 licet,
644 4860 703 4906 ut
723 4852 833 4920 ipsa
854 4851 971 4904 viva
994 4850 1082 4904 ille
1102 4848 1415 4905 moechetur.
1439 4848 1494 4905 Si
1515 4858 1689 4905 autem

129 4940 261 5002 (μκή
287 4944 451 4997 verius
477 4944 694 5010 dicitur,
719 4957 821 4997 non
845 4942 972 4997 licet
996 4941 1196 4995 homini
1221 4941 1512 4995 christiano
1537 4941 1689 4996 adul-

132 5039 289 5086 teram
314 5037 580 5108 coniugem
609 5035 872 5100 occidere,
899 5033 995 5089 sed
1017 5042 1217 5087 tantum
1243 5032 1546 5097 dimittere;
1574 5033 1692 5103 quis

128 5132 207 5175 est
236 5136 336 5180 tam
362 5129 578 5184 demens
615 5128 705 5197 qui
736 5127 787 5182 ei
818 5127 991 5193 dicat,
1024 5125 1129 5180 Fac
1148 5125 1287 5196 quod
1312 5140 1417 5179 non
1448 5126 1602 5193 licet,
1634 5135 1693 5181 ut

128 5214 217 5267 tibi
239 5218 379 5274 liceat
397 5219 538 5291 quod
558 5235 665 5274 non
693 5218 852 5273 licet?
876 5216 1008 5273 Cum
1034 5217 1174 5271 enim
1196 5226 1479 5286 utrumque
1503 5231 1693 5271 secun-

192 5397 209 5424 ⁸
243 5402 361 5455 ιω..
384 5414 439 5451 ne
464 5398 526 5450 ab
547 5400 616 5450 eis
659 5396 919 5461 benignitas
940 5402 985 5446 et
1017 5394 1169 5461 pietas
1188 5393 1497 5461 escludatur.
1520 5400 1694 5448 caeteri

138 5462 449 5529 verr-iantes,
471 5476 560 5513 nec
582 5461 645 5510 ab
666 5457 893 5520 eis,"etc.,
920 5468 970 5509 et
990 5457 1062 5529 ex.
1072 5457 1149 5529 his
1157 5457 1360 5529 quidam
1379 5458 1577 5519 habent,
1603 5472 1693 5510 ea:-

140 5516 398 5591 dﬁdmuur;
422 5516 500 5591 alii
524 5538 637 5591 cuni
659 5516 758 5571 Ani.
787 5531 838 5591 et
949 5516 1245 5591 excluditur.

199 5582 219 5645 ’_
244 5580 530 5637 Corbciensis
550 5587 726 5645 codex,
751 5584 986 5645 charitate
1010 5580 1205 5631 Christi.

203 5641 304 5709 '_$ic
330 5663 495 5700 omnes
516 5656 623 5699 Uss.
650 5638 872 5709 At'editi,
898 5643 971 5698 uel
1009 5651 1240 5694 Romanas
1264 5638 1389 5706 leges
1423 5639 1695 5694 adulteram

149 5704 346 5760 “cidere.

1448 247 1650 305 LIBER
1686 249 2056 311 SECUNDUS.
3210 248 3251 257 “

1833 366 1961 423 dum
1986 369 2155 442 legem
2192 372 2385 432 Christi
2414 363 2652 438 illicitum
2683 386 2784 455 sit,
2817 388 2929 447 sive
2953 394 3244 458 adulteram
3272 410 3412 464 occi-

1832 459 1988 525 dere,
2019 464 2132 519 sive
2168 466 2255 522 illa
2291 469 2500 527 vivente
2539 475 2759 533 alteram
2806 482 3028 553 ducere,
3077 491 3147 546 ab
3190 502 3414 569 utroque

1831 552 2199 611 abstinendum
2224 570 2324 625 est,
2356 577 2461 617 non
2488 565 2729 623 illicitum
2759 584 2855 641 pro
2884 552 3067 635 illicito
3088 552 3406 645 faciendum:

1831 643 1887 698 Si
1916 646 2057 701 enim
2085 646 2314 705 facturus
2339 662 2422 709 est
2446 658 2587 726 quod
2619 676 2722 714 non
2753 663 2910 732 licet,
2938 669 3045 737 jam
3076 672 3231 731 faciat
3254 643 3411 734 adul;

1831 735 2043 805 terium,
2070 748 2122 794 et
2150 757 2255 796 non
2299 746 2453 800 faciat
2481 748 2852 821 homicidium;
2896 735 2955 813 ut
2984 762 3191 820 vivente
3239 784 3409 826 uxore

1827 827 2046 885 alteram
2076 832 2253 901 ducat,
2295 847 2349 891 et
2377 854 2480 894 non
2518 841 2804 901 humanum
2851 855 3157 921 sanguinem
3202 859 3405 918 fundat.

1826 916 1976 984 Quod
2003 921 2046 975 si
2077 934 2157 977 est
2186 934 2464 998 utrumque
2504 933 2797 1000 nefarium,
2829 954 2935 995 non
2952 916 3137 1000 idebet
3180 916 3406 1007 alterum

1824 1023 1921 1078 pro
1946 1012 2113 1068 altero
2142 1031 2472 1088 perpetrare,
2499 1024 2591 1078 sed
2618 1035 2904 1099 utrumque
2931 1033 3117 1091 vitare.

1893 1102 2114 1198 C_APU'I‘
2136 1105 2275 1163 XVI.
2306 1140 2377 1149 —
2406 1113 2490 1168 16.
2537 1114 2822 1187 Objectatur
2881 1122 3302 1198 incontinentem,
3360 1136 3407 1187 si

1820 1193 2063 1250 adultera:
2105 1201 2253 1252 uxori
2309 1219 2416 1257 suta
2468 1217 2676 1261 mortem
2729 1214 3013 1269 accusando
3070 1224 3358 1287 procurarit
3387 1264 3400 1287 ,

1819 1287 2010 1341 ueniam
2059 1303 2379 1363 accepturum
2437 1314 2526 1365 per
2580 1299 2898 1371 Baptismuin
2948 1316 3036 1361 aut
3105 1315 3403 1369 reconcilia-

1818 1376 2001 1431 tionem
2025 1421 2039 1446 ,
2087 1398 2199 1451 qua:
2238 1385 2332 1438 sibi
2371 1387 2594 1458 alioquin
2634 1404 2872 1463 perpetuo
2910 1398 3140 1454 adultero
3179 1403 3401 1476 denega-

1815 1478 2005 1523 rentur.
2046 1470 2286 1529 Graviora
2328 1488 2502 1533 contra
2531 1480 2772 1537 Pollentii
2800 1489 3085 1558 opinionem
3123 1498 3400 1567 excogitari

1816 1578 1978 1629 posse,
2006 1580 2155 1633 quam
2193 1584 2305 1638 qua:
2346 1571 2409 1624 ab
2453 1573 2541 1627 illo
2579 1576 2890 1644 obiectantur
2923 1582 3260 1640 incommoda.
3304 1589 3400 1643 Hic

1815 1651 1966 1745 video
1995 1656 2118 1724 quid
2149 1657 2252 1711 dici
2298 1661 2364 1715 ab
2404 1662 2852 1724 incontinentibus
2893 1673 3059 1740 possit
3091 1677 3272 1745 :quod
3312 1680 3395 1733 vi-

1813 1740 2004 1798 delicet
2029 1746 2117 1815 qui
2146 1748 2361 1805 dimittit
2403 1762 2453 1807 et
2486 1755 2663 1811 vivere
2706 1761 2956 1827 permittit
2986 1740 3301 1835 adulteram,
3343 1772 3390 1825 si

1811 1835 2028 1890 alteram
2058 1838 2287 1905 duxerit,
2330 1846 2583 1913 quamdiu
2633 1851 2776 1918 prior
2818 1852 2902 1905 illa
2927 1855 3076 1923 vivit,
3104 1870 3394 1927 perpetuus

1809 1927 2017 1984 adulter
2043 1940 2144 1996 est,
2176 1949 2274 1988 nec
2306 1938 2410 2006 agit
2438 1940 2797 2006 paenitentiam
2828 1943 3152 2004 fructuosam
3180 1966 3208 2005 a
3238 1952 3395 2023 ﬂagi-

1813 2022 1884 2075 tio
1932 2038 2035 2077 non
2081 2027 2365 2094 recedens;
2396 2046 2492 2084 nec
2516 2033 2561 2085 si
2588 2036 3000 2093 catechumenos
3029 2052 3145 2109 est,
3191 2045 3257 2098 ad
3290 2022 3395 2100 Ba-

1810 2113 2058 2181 ptismum
2079 2115 2392 2185 admittitur,
2421 2121 2669 2190 quoniam
2695 2125 2763 2178 ab
2788 2142 2853 2181 eo
2876 2130 3016 2197 quod
3044 2132 3261 2201 impedit
3285 2151 3391 2191 non

1808 2215 2040 2260 mutatur
2065 2224 2079 2272 ;
2107 2224 2205 2263 nec
2229 2213 2560 2268 reconciliari
2592 2218 2854 2283 pmnitens
2878 2230 3053 2287 potest
3098 2224 3151 2277 in
3195 2225 3385 2281 eadem

1809 2296 2041 2365 nequitia
2070 2312 2419 2366 perseverans
2470 2319 2484 2357 :
2536 2304 2582 2358 si
2630 2314 2808 2361 autem
2839 2311 3140 2367 accusando
3186 2314 3392 2371 adulte-

1806 2400 1920 2439 ram
1964 2388 2247 2455 occiderit,
2291 2391 2392 2446 hoc
2439 2404 2713 2462 peccatum
2761 2401 3009 2468 quoniam
3062 2413 3388 2465 transactum

1806 2484 1907 2542 est,
1941 2484 1995 2531 et
2023 2477 2076 2531 in
2103 2494 2168 2534 eo
2195 2495 2296 2534 non
2330 2493 2624 2551 permanet,
2654 2494 2707 2540 et
2748 2490 2792 2542 si
2830 2505 2860 2543 a
2889 2493 3275 2551 catechumeno
3313 2498 3392 2553 fa-

1805 2576 1947 2620 ctum
2000 2577 2119 2635 est,
2169 2570 2493 2641 Baptismate
2534 2576 2794 2644 abluitur;
2842 2588 2899 2635 et
2932 2582 2978 2636 si
3016 2598 3045 2636 a
3083 2586 3383 2655 baptizato,

1807 2658 2117 2726 paenitentia
2141 2668 2195 2715 et
2222 2665 2650 2722 reconciliatione
2696 2680 2931 2725 sanatur.
2985 2672 3091 2728 Sed
3132 2681 3387 2749 numquid

1806 2758 2084 2820 propterea
2113 2751 2303 2807 dicturi
2332 2769 2515 2810 sumus
2539 2757 2857 2815 adulterium
2888 2778 2995 2818 non
3035 2780 3154 2820 esse
3181 2768 3387 2824 adulte-

1803 2841 1961 2908 rium,
1990 2842 2131 2911 quod
2162 2845 2277 2899 sine
2305 2846 2465 2901 dubio
2490 2852 2861 2917 committitur,
2894 2855 2939 2908 si
2969 2857 3193 2928 cenjnge
3231 2860 3386 2916 adul-

1805 2938 1915 2986 tera
1945 2932 2152 2987 vivente
2176 2936 2338 2989 altera
2371 2937 2616 2993 ducitur?
2645 2941 2748 2996 Sed
2781 2929 2882 2998 hoc
2910 2946 3152 3001 adulterii
3184 2964 3384 3020 genere

1802 3031 2042 3091 excepto,
2067 3041 2258 3095 nempe
2282 3042 2385 3081 non
2416 3029 2626 3085 dubitas
2651 3048 2769 3088 esse
2797 3035 3138 3102 adulterium,
3163 3041 3208 3093 si
3232 3044 3383 3110 quis-

1802 3130 1958 3184 quam
1986 3116 2144 3171 ducat
2170 3118 2396 3172 viventis
2427 3136 2644 3176 uxorem
2676 3122 2705 3177 a
2731 3126 2847 3179 viro
2886 3142 2983 3180 suo
3023 3144 3117 3197 per
3137 3131 3378 3188 libellum

1800 3205 2006 3274 repudii
2057 3207 2175 3262 sine
2225 3208 2329 3261 ulla
2393 3211 2630 3267 mulieris
2679 3213 3029 3272 fornicatione
3084 3220 3382 3277 dimissam.

1801 3297 1936 3366 Quid
1966 3314 2114 3369 ergo,
2147 3317 2265 3355 cum
2292 3302 2483 3357 viderit
2507 3320 2569 3359 se
2596 3322 2695 3361 nec
2714 3308 2778 3361 ad
2803 3308 3125 3378 Baptismum
3152 3314 3380 3381 admitti,

1801 3391 1844 3442 si
1874 3390 2307 3458 catechumenos,
2342 3409 2440 3447 nec
2472 3396 2672 3451 utiliter
2714 3412 2871 3468 agere
2900 3402 3287 3469 paenitentiam,
3335 3406 3382 3459 si

1802 3479 2096 3549 baptizatus
2128 3483 2228 3537 hoc
2258 3483 2399 3547 fecit,
2435 3502 2540 3540 non
2587 3488 2903 3559 corrigendo
2929 3502 2984 3544 et
3025 3492 3377 3563 relinquendo

1800 3572 1941 3641 quod
1968 3573 2111 3640 fecit,
2139 3574 2185 3627 si
2214 3590 2333 3629 eum
2362 3576 2590 3631 voluerit
2612 3588 2663 3633 et
2690 3583 2920 3648 potuerit
2943 3584 3187 3640 occidere
3225 3586 3378 3655 cujus

1799 3662 1951 3717 duxit
1978 3679 2224 3730 uxorem,
2256 3673 2314 3720 ut
2333 3666 2435 3722 hoc
2464 3670 2636 3724 scelus
2658 3672 2743 3726 vel
2768 3672 3094 3742 Baptismate
3123 3676 3376 3743 diluatur,

1798 3754 1885 3808 vel
1911 3758 2216 3823 paenitendo
2246 3750 2499 3827 solvatur,
2531 3770 2691 3832 atque
2723 3763 2791 3817 ita
2816 3765 2979 3818 etiam
3006 3765 3135 3821 illud
3165 3767 3379 3824 adulle-

1801 3847 1939 3901 rium
1967 3862 2071 3903 non
2104 3861 2428 3919 permaneat,
2472 3861 2725 3908 evacuate
2766 3856 2991 3911 muliere
3040 3873 3068 3911 a
3117 3859 3234 3929 lege
3279 3860 3380 3915 viri

1802 3946 1920 4007 post
1945 3948 2168 3994 mortem
2197 3941 2316 4007 viri,
2350 3942 2445 3997 sed
2473 3943 2539 3999 de
2572 3953 2841 4001 transacto
2869 3948 3011 4017 quod
3039 3949 3235 4004 factum
3271 3961 3377 4018 est,

1800 4042 1894 4097 per
1921 4029 2287 4099 paenitentiam
2334 4034 2461 4088 satis
2488 4034 2599 4099 tiat,
2629 4038 2711 4091 vel
2756 4041 3161 4108 regeneratione
3189 4041 3376 4098 delea-

1801 4130 1922 4186 tur;
1956 4123 2211 4191 numquid
2242 4132 2521 4193 propterea
2568 4137 2651 4181 est
2700 4130 2997 4185 accusanda
3044 4131 3126 4187 lex
3158 4133 3379 4201 Christi,

1801 4222 2047 4283 tanquam
2077 4215 2393 4283 compulerit
2431 4215 2545 4271 ﬁeri
2588 4220 2949 4286 homicidium,
2980 4238 3098 4277 cum
3130 4226 3245 4279 sine
3275 4228 3384 4281 cri-

1800 4304 1941 4357 mine
1967 4303 2330 4359 fornicationis
2346 4306 2675 4375 repudiatam
2699 4309 2917 4377 ducere,
2940 4312 3069 4366 dicit
3094 4329 3212 4369 esse
3229 4315 3382 4370 adul-

1802 4395 1991 4449 terium
2011 4394 2035 4447 ‘l

1871 4509 1956 4562 i7.
1983 4508 2077 4563 llic
2102 4509 2265 4575 enim,
2298 4509 2341 4563 si
2366 4524 2548 4579 parum
2576 4512 2699 4581 quid
2731 4511 3011 4581 loquamur
3030 4516 3377 4581 attendimus,

1800 4599 1965 4654 multo
1994 4603 2232 4670 gravioua
2258 4600 2361 4656 dici
2394 4613 2613 4670 possunt
2643 4619 2801 4673 quam
2848 4604 2960 4673 ipse
2989 4606 3192 4661 dixisti.
3241 4607 3374 4663 Nam

1801 4703 1853 4749 tu
1883 4693 2009 4748 dum
2037 4708 2143 4747 non
2175 4694 2253 4747 vis
2281 4708 2399 4748 esse
2428 4694 2710 4761 adulteria,
2763 4695 2808 4748 si
2852 4697 2969 4751 alia:
3003 4697 3264 4755 ducantur
3289 4700 3375 4755 di-

1799 4784 1976 4840 missis
2006 4784 2275 4849 adulteris,
2308 4784 2408 4839 hoc
2435 4785 2711 4841 invenisti:
2740 4786 2991 4854 Quoniam
3020 4792 3065 4844 si
3090 4793 3197 4845 lucc
3225 4794 3380 4847 adul—

1798 4880 1923 4933 teria
1951 4878 2246 4942 dixerimus,
2266 4889 2504 4949 cogentur
2525 4882 2693 4933 mariti
2718 4881 2944 4937 occidere
2963 4884 3238 4952 adulteras,
3253 4903 3382 4961 qua-

1797 4986 1909 5023 rum
1935 4970 2033 5022 vita
2056 4970 2400 5038 impediuntur
2413 4971 2596 5024 alteras
2612 4972 2810 5026 ducere.
2833 4975 3003 5043 Atque
3026 4985 3082 5030 ut
3098 4976 3199 5032 hoc
3215 4994 3383 5049 exag-

1799 5074 2031 5130 gerares,
2049 5058 2249 5113 dixisti:
2271 5059 2391 5113 Non
2409 5062 2530 5114 mihi
2548 5063 3108 5129 videtur,amantissime
3123 5080 3282 5137 pater,
3300 5070 3382 5123 llic

1800 5152 1998 5205 divinus
2020 5168 2125 5206 esse
2144 5168 2336 5216 sensus,
2357 5153 2439 5205 ubi
2454 5154 2729 5222 benignitas
2749 5164 2795 5209 et
2818 5158 2974 5225 pietas
2999 5158 3301 5213 excluditur.
3323 5159 3380 5214 Si

1800 5256 1929 5311 ergo
1948 5241 2209 5311 quispiam
2232 5242 2417 5296 nolens
2443 5244 2660 5297 credere
2689 5260 2808 5300 esse
2825 5247 3139 5302 adulterium
3166 5250 3380 5320 quando

1800 5346 1828 5385 a
1847 5332 2035 5385 marito
2061 5332 2175 5385 sine
2193 5332 2553 5388 fornicationis
2572 5336 2795 5393 crimine
2819 5340 3091 5408 repudiata
3118 5345 3184 5396 ab
3208 5344 3377 5398 altero

1800 5424 2030 5490 ducitur,
2047 5434 2100 5478 et
2119 5424 2218 5479 hoc
2234 5436 2416 5480 contra
2432 5436 2482 5480 te
2508 5428 2757 5493 inveniat,
2780 5431 2900 5499 quia
2918 5432 3014 5485 ista
3033 5434 3238 5488 ratione
3259 5450 3385 5488 sua-

1801 5515 2271 5572 deturhominibus
2294 5518 2573 5573 homicidia
2597 5532 2924 5591 perpetrare,
2947 5533 3001 5577 et
3018 5540 3200 5578 earum
3224 5526 3387 5580 mari-

1804 5618 1906 5674 tos,
1928 5621 2060 5677 quas
2076 5622 2141 5663 eo
2164 5608 2322 5663 modo
2338 5608 2641 5679 repudiatus
2656 5610 2922 5677 duxerint,
2941 5613 3023 5666 vel
3047 5613 3251 5667 insidiis
3267 5615 3386 5685 qui-

1801 5699 1901 5755 bus
1922 5699 2209 5770 potuerint,
2244 5699 2330 5756 vel
2369 5700 2648 5757 calumniis
2677 5711 2950 5771 appetere,
2987 5701 3072 5760 vel
3118 5703 3384 5778 aliquibus
