3930 6368
637 208 745 266 ι8ἶ5

632 325 775 381 veris
799 319 1108 378 criminibus
1133 328 1387 371 accusare
1425 321 1479 369 et
1507 317 1777 378 occidere,
1805 318 1861 366 ut
1885 310 1963 366 eis
1990 309 2214 366 mortuis

629 432 752 476 esse
782 414 988 486 possint
1031 407 1298 478 conjugia,
1345 422 1464 477 qua:
1491 405 1627 460 vivis
1673 403 1887 460 fuerant
1915 401 2210 468 adulteria;

631 523 809 565 nonne
848 506 901 560 id
941 498 1311 572 exaggerando
1349 498 1442 552 tibi
1479 497 1718 552 dicturus
1764 504 1878 560 est,
1925 493 2041 548 Non
2083 492 2216 548 mihi

629 601 857 662 videtur,
885 592 1248 650 amantissime
1275 592 1461 655 frater,
1494 589 1580 643 hic
1605 587 1815 642 divinus
1839 601 1956 640 esse
2003 598 2209 649 sensus,

629 691 719 746 ubi
760 704 866 744 non
912 687 1084 741 solum
1134 682 1432 751 benignitas
1459 688 1514 735 et
1559 679 1724 748 pictas
1756 675 2073 740 excluditur,
2119 673 2213 728 sed

626 785 786 839 etiam
828 783 1013 851 ingens
1041 777 1338 846 malignitas
1373 781 1428 828 et
1452 772 1696 841 impietas
1717 769 2015 824 excitatur?
2037 767 2213 834 Quan-

626 872 912 944 doquidem
943 870 1110 924 multo
1141 877 1222 922 cst
1253 865 1418 919 levius
1460 873 1524 928 et,
1540 862 1885 924 tolerabilius,
1921 869 1974 911 nt
2005 858 2209 912 adulte-

627 981 716 1021 ras
747 963 942 1024 mariti,
975 975 1132 1030 quam
1164 967 1219 1011 ut
1253 956 1474 1010 maritos
1518 951 1742 1007 adulteri
1771 949 2034 1004 occidant.
2086 947 2210 1002 Pla-

626 1068 783 1114 cetne
811 1055 924 1120 tibi,
958 1062 1016 1107 ut
1060 1061 1275 1120 propter
1303 1047 1642 1101 vanissimam
1675 1042 1947 1106 invidiam,
1979 1038 2210 1094 domini-

627 1166 706 1206 cae
737 1147 1098 1204 defensionem
1131 1143 1409 1198 sententia)
1434 1139 1764 1201 deseramus,
1799 1134 1877 1188 vel
1905 1148 2022 1187 eam
2063 1131 2210 1186 insu-

628 1256 728 1310 per
754 1250 1086 1300 accusemus,
1119 1234 1356 1288 dicentes
1383 1245 1486 1284 non
1527 1227 1724 1282 debere
1750 1224 2066 1278 adulterium
2092 1222 2210 1275 vin-

628 1331 795 1387 dicari
827 1331 868 1395 ¹,
897 1325 1106 1382 etiamsi
1148 1335 1343 1395 printer
1384 1335 1596 1375 causam
1639 1316 2003 1372 forniCatioais
2050 1330 2210 1386 repu-

623 1423 771 1479 diata
803 1437 833 1475 a
861 1421 975 1474 viro
1005 1418 1153 1472 alteri
1180 1415 1511 1484 conjngctur,
1547 1426 1614 1466 nc
1639 1409 1884 1465 maritum
1916 1407 2030 1476 cjns
2051 1421 2081 1460 a
2106 1421 2212 1476 quo

623 1515 842 1568 dimissa
870 1519 954 1566 est
979 1508 1331 1578 compellatur
1360 1503 1624 1567 occidere,
1654 1499 1780 1555 dum
1812 1499 2129 1553 adulterium
2153 1495 2207 1550 in

619 1605 950 1664 conuuhium
979 1601 1126 1671 cupit
1162 1599 1261 1653 viri
1293 1597 1482 1667 prioris
1510 1604 1681 1648 morte
1711 1589 2061 1646 convertere?
2089 1588 2210 1643 Scio

623 1700 726 1754 hoc
756 1699 849 1752 tibi
880 1711 982 1750 non
1012 1693 1241 1763 placere,
1263 1699 1321 1744 ut
1350 1697 1566 1758 propter
1597 1687 1732 1740 hanc
1759 1682 2098 1737 vanissimam
2124 1680 2208 1734 in-

623 1791 842 1848 vidiam.
894 1787 978 1840 lex
1029 1785 1247 1846 Christi,
1278 1796 1397 1835 cum
1439 1794 1563 1833 vera
1612 1777 1909 1830 inveniatur
1951 1782 2006 1829 et
2055 1787 2206 1840 sana,

619 1879 754 1934 dura
785 1889 838 1932 et
863 1876 1151 1931 inhumana
1179 1871 1408 1926 dicatur.
1443 1868 1532 1923 Sic
1559 1867 1734 1936 itaque
1764 1881 1868 1920 non
1913 1864 2006 1920 tibi
2053 1863 2211 1918 debet

625 1971 796 2027 videri
829 1971 950 2024 ideo
975 1964 1277 2036 negandum
1307 1977 1424 2017 esse
1447 1959 1788 2023 adulterium,
1813 1955 2024 2028 quando
2047 1970 2210 2009 uxore

622 2065 862 2121 adultera
896 2061 1104 2114 vivente
1133 2058 1301 2110 altera
1328 2054 1557 2118 ducitur,
1607 2051 1729 2122 quia
1774 2057 1947 2120 potest
1992 2047 2210 2101 maritus

623 2171 721 2226 per
747 2155 849 2208 hoc
875 2151 994 2221 cogi
1025 2148 1321 2203 adulteram
1366 2144 1632 2209 occidere,
1662 2143 1785 2196 dum
1833 2142 1978 2210 cupit
2019 2139 2118 2192 sibi
2149 2138 2210 2192 li-

621 2264 743 2305 cere
769 2247 856 2300 illa
883 2244 1143 2299 exstincta
1169 2241 1392 2294 alteram
1437 2237 1654 2303 ducere,
1697 2235 1740 2288 si
1773 2235 1874 2287 hoc
1911 2247 1970 2286 ea
1999 2232 2210 2286 vivente

619 2357 729 2398 non
757 2341 878 2394 licet
911 2337 1104 2391 facere.
1147 2332 1284 2402 Quid
1335 2331 1379 2384 si
1420 2329 1561 2384 enim
1608 2338 1661 2382 et
1707 2325 1836 2379 illud
1863 2325 2043 2378 dicant
2068 2322 2208 2376 chri-

622 2434 808 2489 stiauoc
827 2429 948 2486 fidei
972 2428 1318 2488 detracturos,
1341 2421 1459 2492 cogi
1482 2420 1726 2474 homines
1750 2417 1994 2472 occidere
2017 2430 2209 2470 uxores

622 2537 748 2579 suas
775 2519 1083 2575 insidiarum
1125 2512 1440 2578 sceleribus,
1474 2523 1607 2579 quas
1651 2507 1905 2562 molestas
1930 2504 2072 2560 ferre
2102 2519 2207 2557 non

621 2619 865 2685 possunt,
899 2609 1011 2663 sive
1053 2607 1304 2660 diuturno
1344 2603 1599 2671 languore
1647 2598 1952 2652 laborantes
2004 2604 2058 2649 et
2103 2593 2207 2664 pati

619 2703 959 2762 concubitum
994 2715 1099 2754 non
1126 2697 1388 2760 valentes,
1421 2693 1533 2747 sive
1561 2705 1841 2761 pauperes,
1889 2688 2002 2742 sive
2048 2685 2208 2739 steri-

619 2797 837 2862 les,sive
863 2794 1146 2853 deformes,
1169 2789 1392 2842 aliarum
1415 2800 1508 2854 spe
1529 2781 1910 2845 ducendaruio,
1932 2792 2204 2841 sanarum,

618 2889 1012 2958 opulcntarum,
1041 2879 1410 2941 fecundarum,
1431 2874 1942 2944 pulcherrimarum;
1971 2869 2093 2940 quia
2114 2882 2208 2922 eas

619 2996 752 3054 quas
781 2977 982 3050 perpeti
1012 2974 1218 3036 nolunt,
1264 2978 1458 3040 pratter
1483 2981 1696 3023 causam
1724 2962 2089 3019 fornicationis
2116 2976 2207 3016 re-

619 3075 840 3148 pudiare
867 3087 970 3126 non
1001 3071 1124 3124 licet
1150 3074 1205 3122 et
1228 3066 1425 3120 alteras
1448 3062 1667 3128 ducere,
1703 3075 1768 3115 ne
1809 3066 2069 3130 perpetuo
2115 3055 2209 3110 de-

620 3145 784 3223 vincti
811 3161 1092 3226 adulterio,
1119 3172 1220 3213 nec
1244 3154 1498 3225 baptizari
1521 3151 1749 3223 possint,
1779 3165 1878 3204 nec
1904 3145 2208 3220 poenitendo

621 3255 836 3313 sanari?
882 3248 1151 3318 Numquid
1191 3254 1480 3316 propterea
1532 3259 1600 3298 ne
1648 3243 1748 3296 ista
1799 3239 2204 3296 homicidiorum

619 3351 821 3406 scelera
853 3352 1246 3416 perpetrentur,
1289 3337 1478 3394 dicturi
1511 3351 1714 3401 sumus,
1743 3350 1848 3388 non
1892 3347 2013 3387 esse
2057 3329 2209 3384 adul-

621 3443 774 3508 teria,
807 3437 1097 3508 repudiatis
1131 3441 1325 3504 praeter
1358 3444 1574 3486 causam
1619 3425 1986 3482 fornicationis
2030 3422 2208 3477 uxori-

620 3534 742 3595 bus,
769 3529 868 3583 sibi
898 3529 1096 3582 alteras
1121 3521 1412 3593 copulare?

691 3617 916 3674 CAPUT
960 3615 1122 3669 XVII.
1157 3643 1227 3654 —-
1263 3612 1349 3666 l8.
1406 3608 1793 3664 Incommodum
1841 3605 1986 3660 aliud
2032 3614 2208 3660 contra

621 3709 860 3766 Pollentii
893 3705 1208 3760 sententiam.
1239 3703 1357 3758 Jam
1386 3703 1518 3754 vcro’
1541 3715 1608 3753 ex
1632 3699 1731 3752 hoc
1755 3697 1896 3767 quod
1927 3697 2070 3766 sapis
2100 3712 2205 3750 non

619 3817 742 3858 csse
769 3796 1111 3860 adulterium,
1164 3793 1209 3847 si
1249 3793 1329 3845 vir
1375 3803 1596 3844 uxorem
1643 3803 1801 3842 causa
1845 3787 2208 3843 fornicationis

619 3889 897 3962 abjecerit,
919 3895 974 3942 et
999 3886 1220 3940 alteram
1249 3883 1495 3946 duxerit;
1524 3895 1703 3934 nonne
1729 3879 2002 3936 arbitraris
2017 3895 2210 3935 caven-

620 3984 767 4047 dum,
800 3995 868 4036 ne
896 3980 1107 4034 discant
1132 3975 1233 4030 viri
1260 3988 1457 4029 uxores
1496 3987 1641 4039 suas,
1671 3987 1803 4042 quas
1828 3981 2044 4042 propter
2077 3973 2208 4028 alias

619 4069 1038 4128 innumerabiles
1077 4079 1267 4122 causas
1319 4063 1457 4118 ferre
1501 4079 1608 4118 non
1660 4072 1902 4132 possunt,
1952 4063 2206 4118 mtechari

616 4177 830 4232 cogere.
855 4169 911 4214 ut
934 4159 1002 4213 ab
1029 4159 1109 4213 eis
1134 4157 1346 4211 vinculo
1371 4154 1634 4226 conjugali
1665 4169 1758 4224 per
1781 4153 2204 4221 fornicationem,

615 4255 758 4311 sicut
781 4261 954 4322 putas.
985 4251 1181 4316 soluto,
1209 4248 1366 4303 liceat
1395 4247 1473 4302 eis
1519 4246 1718 4300 alteras
1760 4243 1994 4312 ducere;
2046 4252 2100 4299 et
2142 4260 2204 4299 ex

615 4364 684 4405 eo
709 4346 849 4419 quod
879 4345 997 4401 illas
1025 4342 1282 4400 moechari
1307 4347 1615 4410 coegerunt,
1647 4347 1739 4392 aut
1766 4337 2091 4408 Baptismate
2116 4337 2208 4392 ab-

615 4440 713 4509 lui,
741 4448 834 4496 aut
858 4437 1172 4511 ptenitcndo
1198 4434 1396 4500 sanari,
1441 4432 1692 4502 quoniam
1724 4430 1830 4484 illis
1859 4438 1913 4484 et
1955 4429 2123 4499 gratia
2154 4438 2208 4484 ct

617 4534 883 4592 medicina
914 4530 1194 4602 negabitur
1221 4524 1471 4598 quamdiu
1503 4539 1624 4579 cum
1653 4522 1910 4578 adulteris
1933 4522 2133 4588 vivent,
2162 4521 2207 4574 si

620 4625 886 4697 prioribus
915 4631 1107 4694 praeter
1136 4635 1353 4675 causam
1401 4618 1770 4697 fornicationis
1813 4615 2103 4686 repudiatis
2129 4614 2208 4669 al-

617 4727 760 4773 teras
787 4714 1072 4771 duxerint?
1101 4712 1212 4767 Nisi
1240 4712 1374 4765 forte
1404 4693 1523 4778 quis
1552 4710 1714 4774 dicat,
1750 4707 2017 4763 neminem
2050 4722 2206 4778 posse

615 4823 838 4864 uxorem
865 4821 1014 4860 suam
1051 4801 1309 4860 mcechari
1344 4800 1544 4868 facere,
1575 4800 1620 4855 si
1652 4799 1839 4871 pudica
1865 4807 1947 4854 est
1975 4816 1989 4854 :
2032 4808 2085 4854 et
2129 4808 2206 4854 ta-

618 4914 742 4954 men
787 4897 1063 4962 Dominus,
1114 4893 1290 4948 Omnis
1333 4892 1420 4962 qui
1449 4891 1708 4957 dimiserit,
1762 4891 1951 4961 inquit,
2000 4906 2207 4944 uxorem

617 5007 785 5054 suam,
813 4997 994 5059 printer
1015 5002 1222 5039 causam
1251 4984 1616 5057 fornicationis,
1664 4984 1786 5054 facit
1829 5000 1940 5038 eam
1968 4984 2205 5038 mter/rari

621 5078 834 5154 (Matth.
863 5095 912 5145 v,
938 5079 1052 5148 33).
1076 5075 1267 5146 Utique
1297 5086 1599 5146 propterea,
1631 5075 1753 5144 quia
1778 5091 1898 5130 eum
1943 5084 2086 5130 esset
2108 5091 2203 5144 pu-

617 5173 733 5228 dica
765 5186 884 5227 cum
915 5171 1053 5232 viro,
1101 5177 1276 5223 tamen
1320 5166 1538 5221 dimissa
1583 5169 1793 5237 cogitur
1841 5182 1934 5237 per
1981 5165 2204 5220 inconti-

620 5265 856 5320 nentiam
882 5263 1005 5317 vivo
1036 5263 1214 5330 priore
1237 5260 1392 5314 alteri
1418 5259 1678 5330 copulari,
1721 5268 1776 5314 et
1820 5260 1920 5315 hoc
1950 5267 2030 5314 est
2069 5273 2206 5315 maz-

618 5355 789 5412 chari.
823 5353 975 5424 Quod
1003 5353 1045 5408 si
1079 5352 1180 5407 hoc
1211 5353 1309 5406 ista
1337 5367 1442 5406 non
1469 5351 1675 5416 fecerit,
1707 5360 1885 5406 tamen
1915 5351 2001 5406 ille
2029 5366 2166 5420 quau
2185 5381 2201 5391 -

618 5457 732 5504 tum
765 5446 819 5502 in
850 5447 964 5516 ipso
987 5453 1069 5501 est
1091 5443 1264 5500 facere
1299 5443 1583 5514 compulit;
1611 5442 1786 5498 ethoc
1811 5442 1860 5496 ei
1903 5442 2041 5497 Deus
2079 5457 2202 5511 pec-

616 5548 814 5601 catum,
846 5536 1054 5592 etiamsi
1099 5537 1185 5591 illa
1211 5542 1358 5592 casta
1386 5546 1716 5604 permaneat,
1751 5531 2030 5604 imputabit
2094 5532 2198 5588 SCll

681 5675 698 5704 ι
733 5671 1040 5723 mchaclinns
1058 5671 1235 5734 codex,
1248 5669 1487 5734 iudicari.

1539 196 1624 251 or:
1661 192 2008 250 coruscus
2048 193 2523 267 ADULTERINIS,
2567 198 2622 256 s.
2665 199 3035 259 AUGUSTINI
3698 235 3765 291 ιη
3803 174 3807 181 ’

2329 313 2450 382 quis
2476 315 2677 418 nesciat
2701 331 2860 418 quam
2891 319 2998 374 sint
3024 320 3316 392 rarissima,
3345 342 3448 398 qua:
3470 331 3529 388 ita
3553 339 3696 403 pudice
3722 351 3770 402 νί.

2327 417 2454 460 vant
2481 421 2600 461 cum
2630 409 2780 472 viris,
2813 419 2872 465 nt
2912 411 3117 468 etiamsi
3145 414 3208 469 ab
3236 417 3310 471 eis
3351 419 3647 495 dimittantur,
3680 438 3766 492 alios

2321 513 2428 554 non
2459 500 2771 568 requirant?
2799 502 3279 573 incomparabiliter
3302 513 3473 582 quippe
3497 533 3692 578 numerus
3721 543 3772 584 es:

2321 588 2549 690 amplior
2574 587 2912 656 feminarum,
2957 609 3075 660 qurc
3101 610 3219 655 cum
3247 599 3418 667 pudice
3443 605 3687 666 adlucrcant
3705 633 3772 671 ma-

2318 682 2456 742 ritis,
2485 688 2664 735 tamen
2704 682 2748 736 si
2777 682 3012 738 dimissa:
3052 683 3244 740 fuerint
3279 703 3309 742 a
3353 694 3546 758 maritis,
3576 714 3658 754 non
3680 704 3772 760 dific.

2317 778 2447 824 runt
2475 771 2696 826 nubere.
2724 771 2857 826 Cum
2885 789 3012 843 ergo
3041 775 3351 833 crediderint
3375 779 3584 838 homines
3618 788 3769 848 Domino

2318 858 2534 926 dicenti,
2566 859 2742 915 Omnis
2764 865 2850 932 qui
2877 863 3119 918 dimiserit
3147 882 3344 920 uxorem
3365 887 3511 936 suam,
3533 885 3669 937 preter
3689 897 3768 933 cau-

2317 966 2426 1002 sam
2457 951 2826 1019 fornicationis,
2846 956 2966 1023 facit
2989 970 3099 1007 eant
3119 957 3349 1010 masc/tari
3361 974 3378 1023 ;
3407 960 3448 1012 si
3473 963 3721 1022 crediderint
3740 982 3771 1024 et

2320 1041 2414 1096 tibi
2441 1041 2661 1106 dicenti,
2677 1044 2896 1100 muliere
2919 1045 3208 1102 fornicante
3228 1048 3378 1104 licere
3397 1051 3497 1105 viro
3513 1053 3607 1123 ejus
3621 1058 3771 1112 alteram

2316 1132 2541 1198 ducere;
2573 1134 2811 1204 quisquis
2831 1136 3056 1190 voluerit
3081 1147 3292 1208 propter
3315 1141 3434 1196 alias
3458 1146 3668 1212 quaslibet
3684 1164 3761 1202 mo-

2317 1227 2499 1284 lestias
2509 1244 2692 1285 carere
2709 1247 2874 1287 uxore
2896 1233 2978 1287 cui
2991 1232 3206 1302 junctus
3219 1243 3319 1295 est,
3334 1236 3466 1304 prius
3482 1253 3580 1292 eam
3598 1242 3771 1295 morderi

2315 1318 2493 1386 faciat,
2542 1320 2657 1376 sine
2699 1322 3050 1379 fornicatione
3097 1323 3420 1393 dimittendo,
3461 1338 3510 1381 ut
3546 1337 3644 1385 tunc
3672 1332 3772 1385 ducat

2314 1409 2559 1478 alteram,
2589 1427 2709 1467 cum
2737 1411 2898 1467 fuerit
2925 1413 3014 1467 illa
3057 1414 3264 1469 moecha
3291 1417 3514 1471 nubendo
3550 1437 3562 1472 :
3599 1434 3646 1472 ac
3677 1422 3772 1474 sica

2315 1501 2494 1570 priore
2521 1512 2740 1572 peccato
2763 1519 2871 1574 quo
2899 1519 3016 1559 eam
3059 1505 3311 1561 mmehari
3349 1506 3476 1573 fecit,
3503 1509 3594 1562 sive
3623 1525 3688 1578 per
3714 1511 3772 1563 Ih-

2314 1591 2584 1660 ptismum,
2613 1592 2731 1648 sive
2760 1609 2854 1663 per
2901 1595 3268 1664 paenitentiam
3297 1597 3555 1663 liberatus,
3594 1599 3680 1652 sine
3713 1613 3770 1652 suo

2313 1679 2577 1736 adulterio
2598 1681 2694 1735 sibi
2715 1681 2910 1738 habere
2934 1684 3196 1752 videatur,
3217 1702 3368 1756 quam
3387 1699 3496 1758 post
3517 1688 3666 1757 prioris
3682 1689 3772 1741 adut.

2314 1771 2526 1837 terinm,
2562 1781 2809 1841 tanquam
2839 1773 2962 1827 hinc
3003 1776 3179 1830 soluto
3218 1778 3518 1830 matrimonii
3540 1778 3709 1842 vinculo,
3727 1779 3769 1830 al-

2314 1871 2482 1918 teram
2507 1862 2736 1918 duxerit.
2767 1864 2920 1932 Quod
2948 1866 3163 1935 quidem
3196 1868 3240 1922 si
3275 1865 3430 1923 fuerit
3461 1867 3726 1932 machinatus,
3742 1879 3772 1920 et

2313 1969 2532 2009 uxorem
2560 1969 2708 2008 suam
2745 1955 3009 2010 moecham
3038 1956 3218 2024 faciet,
3248 1966 3301 2013 et
3342 1958 3448 2027 ipse
3486 1959 3672 2028 quannis
3703 1967 3772 2025 post

2313 2045 2632 2101 adulterium
2676 2046 2916 2116 conjugis
2964 2048 3123 2102 aliaat
3189 2049 3425 2104 ducendo
3461 2049 3654 2105 moechus
3684 2050 3771 2109 erit;

2313 2136 2552 2206 nihilque
2576 2137 2648 2190 illi
2679 2137 2914 2206 proderit
2941 2139 3083 2208 quod
3121 2140 3212 2194 tibi
3232 2139 3473 2204 credidit,
3500 2149 3546 2193 et
3568 2155 3646 2192 non
3669 2140 3769 2206 cip-a-

2314 2229 2419 2282 tius
2444 2228 2533 2298 qui
2562 2229 2708 2283 nullo
2734 2240 2956 2300 excepto
2981 2233 3074 2295 ait,
3109 2230 3291 2287 Omnis
3311 2234 3392 2302 qui
3417 2231 3628 2302 reliquerit
3646 2245 3771 2283 uxorem

2313 2337 2476 2384 suam,
2506 2331 2550 2373 et
2571 2321 2725 2374 aliam
2742 2321 2964 2390 duxerit,
2993 2327 3274 2378 mare/ratur
3303 2323 3443 2395 (Luc.
3466 2340 3560 2388 xvi,
3583 2321 3663 2393 18).

2381 2417 2608 2472 CAPUT
2647 2417 2833 2473 XVIII.
2878 2449 2953 2459 —
2991 2421 3079 2475 i9.
3137 2419 3450 2476 Continentia
3505 2416 3692 2472 servanda
3724 2423 3773 2466 aut

2313 2509 2597 2579 conjugalis
2625 2520 2712 2562 aut
2741 2511 3084 2566 excellentior.
3134 2513 3338 2580 Quibus
3380 2511 3594 2565 omnibus
3615 2504 3772 2561 conside-

2311 2599 2440 2652 ratis
2468 2608 2627 2668 atque
2657 2601 2911 2665 tractatis,
2945 2611 3115 2656 restat
3145 2612 3204 2657 ut
3227 2604 3294 2658 ab
3321 2603 3397 2657 eis
3420 2601 3501 2672 qui
3524 2599 3616 2653 haec
3636 2595 3776 2650 fideliter

2311 2690 2552 2758 audiunt,
2580 2691 2790 2746 dicatur
2819 2693 2976 2748 nobis
2995 2694 3141 2764 quod
3182 2695 3403 2750 Domino
3437 2693 3605 2747 dictum
3639 2681 3776 2743 θειιεί

2311 2781 2427 2836 tatis
2451 2791 2701 2850 estcausa
2743 2799 2857 2836 cum
2894 2801 3070 2850 uxore,
3106 2802 3212 2839 non
3238 2785 3432 2849 expedit
3461 2781 3629 2837 nubere.
3651 2775 3776 2842 Quibus

2311 2882 2367 2930 et
2395 2889 2492 2928 nos
2517 2873 2644 2944 quid
2674 2864 3243 2944 respondeamusﬁrisi
3271 2876 3408 2947 quod
3447 2875 3546 2943 ipse
3566 2863 3776 2937 respondit?

2313 2967 2435 3023 Non
2463 2961 2633 3023 omnes
2662 2970 2872 3039 capiunt
2900 2971 3102 3024 verbum
3129 2971 3246 3036 hoc,
3276 2969 3361 3025 sed
3387 2969 3549 3037 quibus
3583 2966 3708 3018 datum
3725 2968 3778 3010 est.

2313 3060 2446 3117 Sunt
2470 3061 2603 3115 enim
2629 3062 2843 3116 eunuchi
2871 3063 2959 3132 qui
2997 3063 3060 3116 de
3086 3063 3275 3118 matris
3303 3073 3441 3116 utero
3460 3061 3523 3114 sic
3544 3057 3782 3112 notitiam!

2310 3159 2428 3205 sunt
2453 3152 2668 3205 eunuchi
2685 3151 2769 3223 qui
2797 3153 2920 3224 facti
2945 3162 3060 3206 sunt
3081 3153 3142 3207 ab
3185 3152 3464 3209 hominibus
3481 3167 3498 3216 ,'
3523 3159 3560 3205 et
3582 3154 3669 3202 sunt
3688 3155 3785 3196 eunu-

2309 3243 2393 3296 chi
2421 3244 2507 3310 qui
2531 3261 2584 3298 se
2624 3245 2760 3313 ipsos
2790 3255 3132 3301 eastraverunt
3175 3257 3380 3320 prapter
3406 3259 3592 3316 regnum
3614 3239 3782 3294 calorum.

2315 3334 2415 3401 Qui
2445 3344 2603 3405 potest
2646 3352 2842 3408 capere.
2873 3339 3040 3408 capiat
3077 3338 3306 3410 (Matth.
3348 3353 3462 3402 xxx,
3494 3331 3668 3403 10-12).
3697 3326 3784 3393 ΕΓΞο

2311 3428 2399 3497 qui
2428 3436 2602 3496 potest
2625 3429 2816 3498 capiat,
2865 3429 3005 3499 quod
3051 3445 3165 3486 non
3197 3447 3384 3486 omnes
3411 3429 3612 3498 capiunt.
3638 3423 3788 3476 Possunt

2309 3527 2487 3572 autem
2516 3533 2709 3588 capere
2743 3519 2798 3573 bi
2825 3520 3017 3589 quibus
3039 3521 3144 3576 hoc
3178 3531 3395 3593 praestat
3425 3519 3510 3574 Dei
3532 3506 3788 3571 misericordia

2311 3609 2540 3674 occulta,
2569 3610 2663 3664 sed
2692 3611 2831 3681 iusta
2860 3613 2900 3665 ³.
2927 3612 3031 3667 Sed
3069 3613 3123 3667 in
3151 3615 3239 3669 his
3259 3612 3496 3668 omnibus
3535 3608 3608 3679 qui
3639 3618 3682 3658 se
3704 3603 3788 3667 ill”S

2311 3710 2684 3755 eastraverunt
2721 3711 2938 3772 propter
2963 3719 3193 3774 regnum
3225 3706 3497 3767 caelorum,
3538 3700 3612 3755 alii
3630 3701 3718 3751 sunt
3736 3687 3788 3758 qui

2312 3793 2364 3846 in
2395 3801 2622 3863 utroque
2649 3808 2780 3848 sexu
2809 3796 3149 3852 concubitum
3182 3800 3445 3863 nesciunt,
3466 3796 3544 3849 alii
3565 3793 3636 3862 qui
3658 3779 3788 3854 experti

2312 3895 2366 3942 et
2392 3889 2566 3944 aversi
2591 3899 2734 3956 sunt,
2765 3889 2955 3960 partim
2977 3891 3198 3960 quidem
3231 3892 3429 3957 iilicite,
3455 3887 3623 3959 partim
3637 3893 3726 3936 vero
3751 3873 3788 3926 ιίο

2312 3979 2418 4034 cite
2443 3981 2667 4050 experti.
2693 3981 2859 4035 Porro
2890 3981 2941 4035 in
2973 3981 3056 4036 his
3081 3984 3173 4052 qui
3204 3983 3349 4037 licite
3374 3978 3563 4050 experti
3591 3981 3699 4029 sum.
3721 3963 3790 4034 qui

2311 4068 2432 4123 dam
2459 4079 2583 4124 sunt
2600 4071 2688 4141 qui
2715 4086 2820 4126 non
2848 4071 2947 4125 nisi
2973 4073 3132 4136 Iicite,
3155 4073 3374 4144 quidam
3392 4081 3444 4128 et
3465 4067 3617 4124 illicito
3633 4073 3673 4118 et
3690 4059 3790 4114 Ιῖείιει

2310 4159 2446 4216 Sunt
2482 4161 2678 4232 quippe
2705 4162 2756 4215 in
2784 4162 2862 4217 eis
2890 4163 2980 4232 qui
3036 4164 3287 4236 conjugia
3324 4179 3417 4234 sua
3463 4170 3636 4215 tantum
3659 4151 3792 4206 sciunt;

2311 4259 2438 4306 sunt
2459 4262 2638 4306 autem
2670 4253 2760 4321 qui
2805 4263 2860 4307 et
2904 4253 3036 4308 alias
3063 4253 3297 4312 feminas
3339 4271 3402 4310 ac
3427 4263 3592 4322 stupra
3612 4240 3793 4318 qualibet.

2311 4343 2417 4399 Sed
2439 4345 2528 4413 qui
2558 4353 2675 4412 post
2700 4345 3040 4412 concubitum
3069 4346 3361 4418 conjugum
3405 4359 3461 4399 se
3490 4344 3614 4412 ipsos
3641 4333 3799 4391 castri"ll

2312 4446 2528 4505 propter
2549 4451 2771 4505 regnum
2795 4437 3076 4504 caelorum,
3103 4448 3198 4493 aut
3228 4449 3402 4494 morte
3428 4437 3648 4491 amittunt
3675 4421 3799 4490 coniu-

2309 4542 2424 4598 ges,
2452 4536 2543 4581 aut
2570 4543 2636 4581 ex
2664 4542 2927 4584 consensu
2953 4543 3076 4584 cum
3109 4529 3189 4585 eis
3238 4528 3606 4586 continentiam
3628 4515 3804 4592 profiten-

2313 4627 2431 4683 tur;
2474 4628 2565 4672 aut
2603 4633 2667 4673 ex
2701 4618 3019 4676 necessitate
3045 4620 3425 4688 divortiorum,
3453 4636 3518 4675 ne
3554 4616 3664 4671 vivis
3683 4604 3801 4671 conf“

2309 4710 2462 4780 gibus
2487 4723 2546 4764 se
2573 4709 2692 4764 aliis
2714 4709 3013 4779 copulando
3033 4711 3298 4768 adulteria
3324 4716 3630 4782 perpetrent,
3648 4699 3804 4757 castram

2311 4815 2371 4853 ⁵⁸
2398 4800 2540 4869 ⁵9⁵0³
2584 4807 2804 4871 ῐιτοριοι·
2830 4817 3050 4871 regnum
3095 4803 3384 4870 cmlnrum,
3417 4817 3519 4858 non
3560 4805 3609 4852 ιιι
3631 4789 3804 4848 clariores

2311 4891 2380 4945 ibi
2420 4905 2540 4945 esse
2581 4892 2823 4960 possint,
2858 4892 2955 4948 scd
3006 4893 3148 4964 quod
3201 4895 3368 4950 aliter
3397 4893 3468 4949 ibi
3497 4905 3605 4948 esse
3627 4900 3708 4941 non
3727 4891 3809 4964 μυεῖ

2308 4982 2413 5037 sint
2439 4999 2452 5036 :
2481 4997 2604 5036 nam
2625 4983 2716 5053 qui
2745 4999 2850 5038 non
2891 4984 2992 5039 ista
3016 4987 3342 5042 necessitate
3371 5001 3431 5041 se
3459 4983 3720 5040 continent.
3750 4961 3808 5020 sed

2309 5074 2435 5130 boni
2485 5075 2811 5144 appetitione
2858 5076 3120 5151 melioris,
3172 5085 3406 5150 possent
3447 5076 3515 5132 ibi
3569 5084 3670 5129 esse
3708 5062 3812 5117 enim

2307 5179 2516 5225 servata
2562 5167 2812 5240 pudicitia
2881 5170 3181 5240 conjugali,
3252 5171 3500 5242 quamvis
3546 5167 3590 5220 in
3649 5151 3811 5230 pmuiis

2309 5262 2642 5327 minoribus,
2704 5269 2879 5316 tamen
2943 5262 3103 5316 intus.
3167 5261 3274 5329 Qui
3325 5277 3459 5317 vero
3513 5263 3744 5330 propterea
3781 5253 3816 5294 εδ

2311 5354 2587 5409 continent
2618 5394 2633 5417 ,
2678 5353 2800 5423 quia
2846 5353 3110 5423 prioribus
3162 5353 3488 5424 cuujngibus
3524 5349 3644 5404 vivis
3689 5339 3815 5394 timet“

2308 5445 2431 5500 aliis
2456 5445 2751 5514 conjugari,
2799 5444 3054 5514 majorem
3103 5460 3291 5500 curam
3344 5444 3543 5500 debent
3577 5448 3730 5510 gerere
3757 5437 3818 5495 ιπο

2309 5535 2499 5606 salute,
2529 5549 2686 5604 qnam
2711 5542 2992 5604 gesserunt
3032 5534 3110 5589 illi
3140 5549 3166 5587 a
3202 5533 3407 5603 quibus
3437 5524 3724 5589 continentia
3755 5525 3817 5586 l“'0

2380 5670 2395 5709 ι
2432 5675 2540 5717 Lov.
2558 5670 2645 5716 πρά
2659 5682 2750 5719 non
2772 5669 2967 5726 briusta.
2993 5670 3108 5721 miti
3129 5669 3208 5720 alii
3238 5678 3293 5722 ct
3315 5680 3447 5732 Mss,
3467 5670 3550 5724 sed
3558 5667 3694 5730 justo
