3930 6368
224 259 331 313 ωδ

225 387 453 429 maere
469 371 686 428 delecta
716 382 798 426 est
822 373 835 402 ¹
867 374 1008 443 amp!
1034 387 1151 427 ore.
1178 372 1316 427 Tunc
1345 375 1535 444 quippe
1559 377 1628 430 ibi
1649 386 1824 442 t-ruut,

232 464 515 518 siadnlteri
542 480 655 518 non
675 473 847 519 erunt.
876 462 931 519 Si
955 474 1261 519 autemnon
1281 468 1575 533 continent,
1603 470 1826 523 adulteri

234 566 418 620 mm;
449 556 573 626 quia
603 557 907 611 viventibus
936 557 1253 627 conjugibus
1282 559 1536 625 pristinis,
1564 576 1666 614 non
1694 576 1823 615 (Σοη-

224 647 433 716 jngibus
472 647 697 711 alteris,
739 653 831 701 sed
880 647 1142 702 adulteris
1180 648 1543 703 adha-rebunt.
1591 650 1659 705 Et
1701 652 1745 705 si
1795 668 1825 707 a

230 754 390 807 regno
416 739 687 793 caelorum
723 739 965 803 aberunt,
999 740 1087 793 ubi
1114 749 1287 808 erunt,
1312 740 1414 795 nisi
1442 742 1528 796 ubi
1554 743 1685 798 salvi
1716 759 1825 798 non

227 829 416 883 erunt?

288 920 520 975 CAPUT
546 919 856 974 XIX—20.
876 919 1125 992 Conjuges
1142 921 1354 975 divortia
1372 932 1630 990 separatos
1647 940 1677 976 α
1698 941 1821 977 con-

224 1014 421 1085 jugibus
448 1015 691 1065 hortatur
702 1012 772 1064 ad
786 1013 1164 1067 continentiam.
1190 1012 1299 1066 ﬂos
1316 1013 1475 1082 igitur
1489 1014 1747 1084 alloquor,
1769 1024 1825 1070 ut

228 1105 357 1174 quod
402 1104 587 1159 facere
628 1105 907 1172 deberent,
938 1106 983 1159 si
1017 1104 1273 1159 haberent
1300 1106 1551 1176 conjuges
1572 1107 1822 1161 diuturno

235 1198 486 1265 languore
511 1205 933 1263 marcescentes,
967 1197 1052 1251 vel
1079 1196 1197 1251 loco
1220 1196 1320 1249 sibi
1344 1196 1693 1251 inaccessibili
1723 1198 1818 1251 ab-

224 1298 411 1351 sentes,
427 1287 513 1341 vel
532 1288 878 1341 animositate
901 1288 1077 1340 illicita
1096 1287 1464 1351 continentes;
1486 1287 1586 1342 hoc
1604 1288 1815 1355 faciant,

222 1378 258 1431 si
287 1377 572 1433 habuerint
598 1378 856 1448 conjuges
875 1377 1169 1432 adulterina
1207 1378 1570 1447 inquinatiune
1599 1378 1819 1433 sordem

222 1478 310 1533 tes,
332 1479 386 1523 et
404 1479 632 1538 prepter
653 1468 759 1523 hoc
781 1484 813 1523 a
840 1484 937 1523 suo
956 1470 1225 1523 consortio
1240 1469 1585 1524 divortiautes
1610 1472 1631 1501 ³
1668 1488 1681 1524 :
1711 1485 1815 1525 non

219 1561 306 1614 alia
343 1569 599 1630 quaerant
642 1560 910 1629 cenjugia,
932 1561 1051 1629 quia
1096 1574 1201 1614 non
1243 1570 1398 1614 erunt
1426 1562 1688 1632 conjttgia,
1720 1562 1816 1617 sed

216 1653 644 1707 adulteria.Cum
672 1653 816 1705 enim
845 1666 938 1720 par
957 1649 1128 1704 forma
1157 1652 1290 1705 sitin
1308 1651 1408 1705 hoc
1430 1653 1637 1707 vinculo
1650 1653 1747 1706 viri
1764 1662 1817 1707 et

208 1745 412 1805 amris,
429 1746 572 1797 sicut
589 1758 725 1795 uxor
741 1744 932 1796 vivente
946 1742 1050 1796 viro
1068 1743 1323 1795 vocabitur
1338 1742 1587 1807 adultera,
1604 1744 1650 1796 si
1664 1745 1815 1813 fuerit

202 1853 314 1887 rum
337 1836 444 1887 alio
468 1836 577 1888 riro
603 1834 780 1905 (Rom.
798 1848 892 1897 vtt,
918 1832 970 1904 5)
995 1849 1009 1898 ;
1030 1833 1098 1887 ita
1120 1842 1173 1887 et
1191 1833 1269 1885 vir
1291 1834 1498 1887 vivente
1526 1849 1691 1888 uxore
1718 1850 1814 1888 vo-

199 1927 419 1980 eabitur
442 1927 677 1992 adulter,
724 1927 769 1979 si
801 1924 959 1979 fuerit
984 1940 1105 1978 eum
1135 1925 1235 1978 alia
1258 1926 1499 1980 muliere.
1529 1925 1644 1980 Etsi
1670 1927 1811 1981 enim

199 2020 434 2088 gravius
463 2019 555 2086 qui
584 2028 777 2087 printer
799 2033 1011 2072 causam
1036 2016 1419 2081 fornicationis,
1447 2020 1607 2074 omnis
1634 2028 1810 2076 tamen

204 2111 301 2179 qui
326 2110 583 2163 dimiserit
612 2126 806 2162 uxorem
832 2125 997 2176 suam,
1020 2118 1065 2161 ct
1086 2108 1241 2162 aliam
1261 2109 1484 2175 duxerit,
1510 2111 1807 2165 moechatur.

203 2204 335 2256 Non
392 2218 493 2256 eos
545 2210 735 2256 terreat
774 2203 969 2256 sarcina
1020 2202 1396 2256 continentiae:
1430 2201 1561 2257 levis
1600 2203 1718 2268 erit,
1765 2202 1809 2258 si

203 2293 414 2346 Christi
442 2292 573 2357 erit;
603 2291 799 2346 Christi
823 2292 944 2358 erit,
973 2293 1018 2345 si
1041 2291 1173 2346 fides
1197 2290 1387 2358 aderit,
1417 2308 1535 2363 qua:
1559 2294 1809 2362 impetrat

194 2404 218 2436 a
240 2386 489 2456 jubente
519 2385 663 2455 quod
686 2385 927 2454 jusserit.
958 2383 1074 2438 Non
1104 2399 1198 2438 eos
1228 2382 1458 2454 frangat,
1490 2384 1630 2455 quod
1658 2384 1809 2439 vide-

192 2487 277 2530 tur
306 2492 509 2531 eorum
538 2476 868 2529 continentia
893 2474 1229 2530 necessitatis
1254 2489 1393 2541 esse,
1424 2490 1532 2529 non
1560 2475 1808 2529 volunta-

189 2570 254 2620 tis
281 2587 293 2619 :
323 2568 458 2636 quia
487 2574 545 2620 et
567 2567 645 2619 illi
670 2566 760 2635 qui
783 2582 899 2619 eam
926 2566 1196 2620 voluntate
1216 2565 1547 2636 delegerunt,
1572 2567 1809 2621 fecerunt

183 2674 303 2712 eam
332 2673 464 2712 esse
491 2657 877 2722 necessitatis;
904 2657 1155 2726 quoniam
1180 2657 1289 2726 jam
1320 2658 1436 2712 sine
1468 2657 1807 2714 damnatione

178 2751 246 2804 ab
276 2751 375 2805 illa
402 2750 637 2804 deviare
663 2765 771 2803 non
796 2758 1016 2819 possunt
1042 2767 1055 2803 :
1086 2758 1141 2805 et
1164 2750 1252 2819 qui
1275 2750 1327 2803 in
1352 2766 1469 2804 eam
1492 2752 1807 2807 necessitate

177 2843 431 2896 contrusi
460 2851 613 2905 sunt,
642 2840 843 2895 faciunt
869 2856 983 2895 eam
999 2856 1117 2895 esse
1138 2840 1441 2907 voluntatis,
1461 2841 1508 2895 si
1532 2858 1637 2897 non
1665 2842 1733 2898 de
1749 2858 1807 2898 se

181 2934 358 3005 ipsis,
383 2935 476 2989 sed
500 2934 568 2987 de
600 2935 700 2987 illo
728 2949 758 2987 a
786 2948 892 3004 quo
912 2943 992 2987 est
1015 2934 1209 2987 bonum
1231 2949 1388 2988 omne
1412 2934 1703 2990 conﬁdunt.
1726 2934 1805 2991 Illi

181 3026 261 3079 ad
292 3041 418 3079 eam
448 3024 883 3079 conscenderunt
909 3039 1067 3079 causa
1098 3025 1312 3094 majoris
1352 3026 1568 3095 glori:e,
1600 3035 1660 3081 ut
1704 3027 1804 3082 ali-

181 3118 333 3187 quid
362 3119 583 3187 amplius
604 3116 943 3181 invenirent;
971 3117 1057 3171 isti
1078 3116 1144 3171 ad
1166 3132 1281 3171 eam
1302 3116 1656 3188 confugerunt
1676 3133 1805 3175 cura

180 3209 400 3264 salutis
425 3209 767 3273 novissimar,
798 3223 864 3261 ne
890 3207 1126 3277 perirent
1153 3227 1166 3262 :
1198 3208 1406 3278 utrique
1437 3218 1801 3279 permaneant,

176 3304 416 3373 utrique
444 3303 498 3355 in
529 3301 675 3371 quod
718 3309 1076 3371 pervenerunt
1113 3300 1385 3356 ambulent
1428 3317 1594 3372 usque
1640 3304 1690 3357 in
1734 3302 1801 3357 ﬁ-

178 3411 322 3450 nem
350 3438 367 3461 ,
398 3396 648 3449 ferveant
677 3393 867 3447 studiis
891 3434 905 3459 ,
953 3393 1250 3463 supplicent
1294 3394 1430 3447 votis
1468 3394 1588 3465 quia
1618 3404 1671 3449 et
1698 3394 1803 3450 illis

178 3489 356 3543 salus
381 3486 662 3557 cogitanda
688 3496 800 3551 est,
835 3494 895 3540 ut
937 3486 1004 3540 ab
1042 3502 1107 3540 eo
1141 3485 1286 3557 quod
1312 3486 1558 3541 voluntas
1582 3486 1804 3557 arripuit

189 3579 414 3634 cadere
442 3581 693 3644 timeant;
725 3587 780 3633 et
809 3578 926 3632 istis
950 3577 1117 3648 gloria
1140 3577 1470 3648 desperanda
1500 3593 1605 3633 non
1633 3587 1733 3645 est,
1757 3580 1799 3633 si

196 3670 262 3723 in
315 3686 387 3723 eo
411 3669 549 3740 quod
582 3669 871 3724 necessitas
920 3668 1130 3735 intulit,
1173 3670 1457 3739 persistere
1498 3668 1731 3740 deligant
1757 3670 1797 3725 ⁸.

196 3762 357 3816 Fieri
390 3763 528 3817 enim
566 3771 738 3833 potest
768 3770 829 3816 ut
869 3761 981 3816 Deo
1009 3770 1244 3817 terrente
1283 3770 1335 3816 ct
1363 3760 1609 3815 hortante
1631 3803 1646 3828 ,
1674 3776 1803 3817 con-

198 3863 453 3908 vertente
502 3864 558 3907 et
600 3852 877 3923 implente,
934 3851 1194 3907 humanus
1244 3852 1297 3906 in
1347 3852 1539 3906 melius
1568 3861 1800 3907 mutetur

211 3944 468 4011 affectus;
500 3956 663 4017 atque
693 3946 764 3999 ita
792 3954 1015 3999 voveant
1041 3946 1157 4000 sine
1187 3944 1445 4015 coniugiis
1476 3953 1529 3999 et
1551 3945 1667 4000 sine
1693 3946 1801 4000 ullo

214 4036 491 4089 concubitu
520 4047 682 4107 atque
714 4035 984 4089 immunda
1016 4034 1246 4090 libidinis
1286 4037 1653 4090 attrectatione
1679 4051 1801 4106 per-

220 4112 645 4184 severantissime
671 4128 851 4182 vivere
874 4169 889 4195 ,
937 4136 995 4181 ut
1036 4128 1243 4183 etiamsi
1284 4137 1526 4199 separata
1558 4128 1797 4199 eonjugia

218 4217 393 4272 locum
420 4220 648 4276 ducendi
676 4220 808 4274 alias
846 4219 1122 4274 moriendo
1152 4220 1492 4290 aperuerint,
1524 4220 1800 4273 claudatur

220 4324 284 4361 ex
317 4320 435 4365 voto
458 4312 597 4381 quod
632 4320 776 4381 patet
808 4326 870 4365 ex
894 4312 1061 4377 licito,
1093 4321 1146 4367 et
1175 4311 1314 4381 quod
1341 4322 1455 4367 erat
1482 4313 1799 4368 necessitate

220 4411 468 4469 (ceptum,
500 4402 592 4457 fiat
622 4403 883 4457 charitate
911 4402 1223 4472 perfectum.
1251 4403 1465 4458 Talibus
1485 4405 1720 4473 profecto
1748 4405 1799 4459 id

226 4492 553 4560 retribuetur,
584 4494 723 4563 quod
753 4494 856 4547 illis
874 4496 962 4564 qui
986 4495 1069 4549 vel
1096 4496 1209 4565 pari
1236 4510 1503 4549 consensu
1523 4511 1643 4550 cum
1666 4512 1797 4551 con-

229 4583 425 4652 iugibus
470 4586 572 4641 hoc
626 4595 916 4655 voverunt,
962 4589 1043 4643 vel
1092 4589 1249 4642 nullis
1295 4589 1552 4659 conjugiis
1598 4591 1798 4660 alligati

236 4686 431 4745 propter
452 4678 620 4747 majus
646 4679 841 4732 bonum
863 4680 1243 4734 continentiam
1265 4679 1591 4750 delegerunt.
1622 4680 1675 4736 Si
1707 4698 1800 4736 au-

237 4775 332 4819 tem
359 4768 423 4822 ita
451 4784 508 4824 se
542 4770 861 4836 continent,
907 4779 965 4823 ut
1009 4770 1053 4824 si
1098 4770 1390 4825 moriantur
1428 4786 1649 4841 quarum
1691 4772 1796 4826 vita

237 4858 482 4931 umjugari
514 4862 877 4932 impediuntur
900 4904 917 4929 ,
946 4864 1077 4918 alias
1105 4863 1301 4918 dueere
1329 4863 1592 4933 cogitent;
1627 4864 1800 4932 profe-

235 4961 313 5005 cto
346 4956 548 5009 etiamsi
580 4956 727 5025 prius
756 4955 855 5027 ipsi
895 4956 947 5011 in
995 4958 1085 5012 tali
1125 4957 1447 5012 continentia
1480 4955 1547 5012 de
1572 4972 1797 5027 corpore

234 5042 519 5116 abscedant,
549 5064 656 5103 non
686 5051 766 5103 eis
793 5050 1077 5120 imputatur
1107 5050 1208 5104 nisi
1237 5048 1301 5103 ad
1328 5049 1632 5119 pudicitiam
1663 5063 1791 5103 con-

231 5134 440 5206 iugalem
466 5179 479 5201 ,
510 5147 729 5210 propter
756 5154 911 5209 quam
942 5155 1049 5193 non
1081 5137 1278 5193 faciunt
1306 5139 1448 5209 quod
1480 5138 1713 5193 facerent
1752 5139 1795 5193 si

232 5224 418 5284 liceret.
469 5228 581 5284 Hae
627 5230 823 5300 quippe
869 5231 1164 5285 intentione
1208 5230 1543 5285 continenter
1580 5229 1794 5293 vivere,

231 5330 398 5386 parum
425 5330 509 5374 est
547 5318 615 5373 ad
645 5320 949 5389 accipienda
995 5320 1136 5374 illius
1165 5321 1280 5390 qua:
1321 5320 1539 5375 liberius
1585 5320 1797 5389 eligitur

228 5411 550 5466 continentia:
581 5414 798 5481 praemia
822 5453 839 5478 ,
884 5411 980 5467 sed
1023 5409 1221 5467 sufﬁcit
1258 5413 1323 5466 ad
1364 5411 1597 5467 cavenda
1642 5411 1795 5465 adul-

192 5503 363 5585 ,mia.

282 5619 297 5646 ³
330 5622 473 5666 πει
493 5624 623 5671 Mss.
650 5614 829 5667 dilecta
850 5622 939 5667 est.

280 5679 301 5710 ⁸
331 5686 375 5726 In
398 5687 522 5735 Mss,
548 5676 866 5728 diwrtieutes.

280 5739 303 5772 ³
330 5746 400 5790 Ir.
425 5750 473 5791 et
496 5748 628 5800 lss.,
648 5739 864 5802 diligant.

1586 259 1784 317 LIBER
1823 262 2193 321 SECUNDUS.

3420 287 3528 348 486

2007 378 2229 435 CAPUT
2256 382 2535 441 XX—QI.
2567 387 2671 443 Viri
2698 393 2983 447 mulieribus
2998 398 3237 464 prasirein
3265 405 3511 471 pudicitia

1935 469 2129 524 debent.
2155 472 2520 530 Continrutium
2540 479 2829 536 clericorum
2839 486 2922 553 qui
2933 487 3074 540 electi
3094 499 3208 543 sunt
3235 469 3374 546 inviti
3392 514 3512 565 pra-

1935 562 2074 629 ponit
2101 563 2217 616 viris
2246 564 2525 620 nolentibus
2549 569 2600 621 in
2628 570 2840 626 divortio
2871 591 2925 627 se
2950 579 3219 633 continere.
3260 562 3512 639 "uacau-

1935 657 2038 704 tem
2062 667 2145 707 me
2165 652 2232 707 de
2258 665 2478 725 utroque
2494 674 2624 713 sexu
2638 664 2941 718 memineris
2956 666 3148 733 dicere,
3161 671 3253 725 sed
3276 676 3507 730 maxime

1932 752 2148 809 propter
2166 745 2326 810 viros,
2346 750 2432 815 qui
2453 761 2731 817 propterea
2752 767 2809 806 se
2832 753 3039 810 feminis
3060 762 3363 829 superiores
3384 781 3502 819 eSse

1928 833 2267 902 arbitrantur,
2296 854 2362 892 ne
2389 840 2634 907 pudicitia
2655 859 2807 911 pares
2834 861 2952 900 esse
2975 848 3258 919 dignentur
3284 873 3295 906 :
3329 856 3380 909 in
3403 874 3508 924 qua

1928 931 2084 984 etiam
2106 933 2294 1001 praeire
2308 931 2687 999 debueruntmt
2706 951 2799 991 eos
2826 937 2928 990 illa:
2956 948 3202 1009 tanquam
3222 960 3312 997 sua
3330 950 3500 1016 capita

1928 1034 2293 1092 sequerentur.
2318 1025 2539 1093 Quando
2568 1038 2742 1081 autem
2773 1031 2854 1085 lex
2876 1033 3116 1100 prohibet
3150 1036 3429 1102 adulteria,
3453 1046 3499 1094 si

1927 1114 2146 1169 obtentu
2178 1117 2572 1173 incontinentitn
2597 1121 2824 1176 carnalis
2849 1124 3167 1179 inﬁrmitatis
3192 1129 3503 1186 admittatur

1924 1206 2230 1265 excusatio.
2260 1208 2440 1262 multis
2470 1209 2569 1263 sub
2610 1212 2823 1266 nomine
2849 1212 2994 1267 falsre
3023 1215 3347 1284 impunitatis
3376 1236 3499 1288 per—

1928 1296 2089 1349 eundi
2121 1298 2357 1366 aperitur
2395 1301 2624 1354 occasio.
2651 1302 2835 1372 Neque
2859 1305 2999 1358 enim
3026 1322 3241 1362 carnem
3270 1324 3373 1365 non
3406 1311 3498 1365 ha-

1923 1386 2051 1441 bent
2091 1389 2331 1456 fumium,
2366 1393 2559 1462 quibus
2586 1394 2680 1447 viri
2712 1397 2910 1465 aliquid
2949 1400 3051 1453 tale
3089 1402 3271 1455 nolunt
3301 1403 3462 1457 licere
3483 1446 3497 1467 ,

1921 1482 2073 1550 quasi
2106 1481 2205 1549 eis,
2234 1485 2355 1553 quia
2386 1485 2482 1538 viri
2510 1496 2653 1554 sunt,
2684 1487 2856 1542 liceat.
2888 1490 2991 1544 Sed
3021 1492 3157 1545 absit
3187 1503 3240 1546 ttt
3268 1496 3500 1549 melioris

1921 1586 2079 1626 sexus
2107 1574 2123 1604 ¹
2156 1582 2404 1644 tanquam
2428 1574 2619 1630 ltonori
2649 1577 2928 1646 debeatur,
2948 1582 3087 1650 quod
3113 1583 3296 1650 pudori
3325 1586 3502 1639 detra-

1921 1660 2098 1729 hitur;
2130 1680 2248 1717 cum
2281 1665 2451 1720 honor
2487 1667 2661 1737 justus
2698 1670 2898 1733 vittuti,
2939 1689 3042 1724 non
3066 1674 3193 1726 vitio
3221 1676 3499 1731 debeatur.

1918 1750 2169 1819 Quinimo
2209 1771 2328 1809 cum
2374 1771 2404 1809 a
2436 1758 2646 1812 feminis
2676 1760 2856 1830 utique
2903 1761 3216 1817 habentibus
3246 1781 3458 1820 carnem
3482 1810 3496 1828 .

1920 1850 2117 1897 tantam
2152 1844 2388 1915 flagitant
2419 1853 2714 1903 castitatem
2736 1892 2751 1917 ,
2804 1861 2860 1904 ut
2897 1854 3109 1920 quando
3143 1854 3209 1908 ab
3248 1858 3498 1910 uxorilus

1917 1932 2214 1991 diutissime
2262 1940 2703 2008 peregrinantur,
2752 1944 2914 1997 velint
2955 1958 3047 1999 eas
3094 1945 3160 2000 ab
3203 1946 3499 2004 adulterino

1916 2028 2199 2081 concubitu
2229 2029 2673 2087 ineontamiuatas
2700 2032 2962 2090 fervorem
2987 2039 3275 2109 transigere
3299 2041 3497 2111 juven-

1920 2118 2044 2171 tutis
2078 2116 2159 2189 (et
2190 2120 2429 2188 plurima:
2473 2123 2811 2191 pudicissime
2845 2128 3157 2198 transigunt,
3189 2141 3241 2184 et
3267 2132 3496 2186 maxime

1916 2208 2089 2281 Syra),
2122 2226 2345 2281 quarum
2365 2214 2539 2267 mariti
2568 2216 2870 2284 negotiandi
2898 2220 3189 2286 quaestibus
3230 2226 3495 2292 occupati,

1909 2302 2136 2370 juvenes
2162 2302 2585 2358 adolescentulas
2607 2306 2880 2374 deserunt,
2910 2318 2962 2362 et
2988 2311 3071 2363 vix
3098 2310 3381 2379 aliquando
3408 2328 3497 2367 se-

1912 2406 2013 2447 nes
2038 2393 2104 2447 ad
2125 2394 2361 2450 aniculas
2384 2399 2753 2469 revertuntur)
2782 2414 2795 2461 ;
2820 2415 2884 2452 eo
2914 2401 3026 2468 ipso
3051 2402 3345 2456 evidentius
3371 2419 3499 2459 con-

1912 2475 2195 2531 vincuntur
2234 2493 2340 2532 non
2382 2495 2501 2533 esse
2545 2480 2875 2550 impossibile
2913 2484 3051 2553 quod
3093 2500 3150 2538 se
3196 2502 3299 2539 non
3339 2503 3497 2555 posse

1914 2563 2224 2625 causantur.
2269 2571 2325 2625 Si
2352 2572 2491 2626 enim
2535 2572 2637 2627 hoc
2668 2590 2771 2628 non
2814 2587 2991 2643 posset
3020 2576 3295 2630 infirmitas
3328 2578 3502 2633 humi-

1914 2676 2042 2716 num
2064 2703 2079 2730 ,
2111 2663 2278 2718 multo
2316 2662 2493 2718 minus
2521 2663 2571 2718 id
2601 2674 2779 2734 posset
2807 2681 2967 2720 sexus
2999 2668 3255 2722 inﬁrmior
3277 2668 3496 2725 femina-

1910 2767 2050 2807 rum.

1979 2843 2066 2897 22.
2102 2843 2254 2900 Unde
2277 2845 2408 2900 istos
2438 2846 2524 2917 qui
2547 2847 2750 2902 virilem
2782 2848 3150 2903 excellentiam
3175 2866 3279 2905 non
3310 2860 3498 2921 putant

1910 2934 2011 2990 nisi
2040 2936 2295 3005 peccandi
2327 2937 2595 2992 licentiam
2616 2980 2631 3002 ,
2662 2939 2873 3007 quando
2901 2949 3161 2994 terremus
3193 2957 3257 2995 ne
3287 2944 3494 2998 adulte-

1909 3025 2040 3082 rinis
2086 3028 2347 3098 conjugiis
2388 3028 2644 3083 h:ercndo
2688 3038 2907 3099 pereant
2948 3031 3000 3084 in
3031 3041 3325 3100 aeternum,
3356 3036 3497 3089 sole-

1908 3132 2028 3171 mus
2056 3117 2135 3173 eis
2177 3134 2477 3189 proponere
2521 3119 2682 3174 etiam
2714 3121 3092 3174 continentiam
3137 3123 3451 3179 clericorum
3474 3165 3497 3192 ,

1907 3207 1999 3279 qui
2022 3208 2335 3279 plerumque
2362 3209 2430 3264 ad
2471 3210 2715 3264 eamdem
2753 3211 3013 3265 sarcinam
3043 3212 3370 3268 subeundam
3401 3230 3493 3269 ca-

1907 3298 2125 3367 piuntur
2153 3299 2302 3353 inviti
2323 3340 2336 3365 ,
2377 3313 2601 3368 eamque
2638 3308 2938 3368 susceptam
2964 3316 3133 3371 usque
3161 3302 3226 3355 ad
3256 3303 3495 3357 debitum

1907 3388 2066 3446 ﬁnem
2088 3431 2105 3458 ,
2148 3390 2373 3443 Domino
2400 3390 2687 3458 adjuvante
2709 3431 2724 3456 ,
2750 3390 3064 3458 perducunt.
3106 3393 3337 3447 Dicimus
3365 3410 3494 3465 ergo

1906 3484 1985 3538 eis
2009 3501 2022 3537 :
2045 3482 2181 3549 Quid
2210 3482 2253 3536 si
2281 3492 2335 3537 et
2356 3498 2449 3536 vos
2472 3483 2539 3537 ad
2565 3483 2663 3537 hoc
2685 3484 3017 3538 subeundum
3040 3486 3353 3555 populorum
3382 3488 3493 3551 vio-

1907 3576 2069 3632 lentia
2094 3577 2453 3645 caperemini?
2481 3592 2656 3631 nonne
2685 3588 2990 3647 susceptum
3025 3588 3169 3632 caste
3192 3578 3491 3633 custodire-

1907 3669 1974 3723 tis
2017 3668 2250 3724 ofﬁcium
2272 3708 2287 3735 ,
2334 3676 2553 3738 repente
2577 3670 2819 3724 conversi
2850 3669 2913 3724 ad
2947 3669 3305 3738 impetrandas
3350 3671 3492 3725 vires

1904 3776 1935 3816 a
1990 3761 2251 3827 Domino,
2298 3760 2366 3815 de
2416 3762 2605 3831 quibus
2652 3776 2919 3831 nunquam
2977 3771 3130 3816 antea
3184 3761 3494 3831 cogitastis?

1886 3853 2009 3925 .Sed
2032 3854 2171 3919 illos,
2201 3853 2462 3924 inquiunt,
2496 3852 2668 3907 honor
2694 3853 2973 3922 plurimum
3002 3854 3325 3907 consolatur.
3361 3852 3493 3908 Res-

1904 3945 2200 4016 pondemus
2238 3962 2250 3998 :
2289 3945 2357 3999 Et
2400 3945 2549 4001 vobis
2584 3946 2744 4000 timor
2790 3946 2957 4000 multo
2986 3946 3211 4015 amplius
3241 3944 3489 4000 modere-

1905 4047 1990 4093 tur
2019 4040 2061 4092 ².
2094 4038 2149 4094 Si
2191 4040 2332 4093 enim
2372 4038 2473 4093 hoc
2501 4038 2651 4092 multi
2697 4038 2787 4093 Dei
2825 4038 3053 4092 ministri
3086 4048 3305 4107 repente
3332 4046 3491 4108 atque

1909 4131 2181 4201 inopinate
2220 4131 2528 4199 impositum
2568 4138 2935 4199 susceperunt,
2976 4142 3253 4199 sperantes
3282 4144 3340 4184 se
3367 4130 3489 4184 illu-

1903 4222 2066 4277 strius
2094 4222 2144 4274 itt
2172 4219 2368 4275 Christi
2394 4218 2699 4274 hmreditate
2730 4219 2963 4288 fulgere;
2989 4229 3185 4287 quanto
3207 4219 3373 4288 magis
3397 4233 3490 4273 vos

1903 4314 2162 4369 adulteria
2198 4312 2469 4377 cavendo,
2510 4312 2689 4366 vivere
2727 4311 3061 4364 c0ntincnter
3104 4309 3346 4373 debetis,
3377 4324 3492 4362 me-

1905 4416 2115 4463 tuentes
2137 4423 2239 4460 non
2264 4408 2315 4460 in
2341 4421 2504 4474 regno
2528 4406 2615 4459 Dei
2644 4405 2819 4458 minus
2841 4404 3037 4461 lucere.
3062 4403 3153 4456 sed
3179 4404 3227 4455 in
3248 4402 3493 4471 geltenna

1904 4500 2041 4569 ignis
2078 4497 2306 4561 ardere?
2336 4497 2459 4550 ΙΙωο
2485 4505 2642 4565 atque
2678 4492 2981 4563 hujusmodi
3019 4493 3097 4546 eis
3125 4501 3181 4546 ut
3209 4506 3494 4561 possumus

1902 4592 2149 4655 dicimus,
2177 4588 2263 4660 qui
2286 4604 2501 4658 quoth
2528 4586 2685 4641 modo
2707 4601 2735 4639 a
2762 4601 2821 4640 se
2841 4584 3236 4639 discedentibus
3259 4583 3342 4637 vel
3368 4597 3495 4652 pro-

1906 4695 2022 4755 pter
2041 4684 2361 4739 adulterium
2383 4681 2618 4735 dimissis
2647 4679 2960 4749 conjugihus
2985 4679 3118 4744 suis,
3145 4678 3277 4732 alias
3306 4677 3492 4732 volunt

1904 4779 2120 4843 ducere,
2150 4786 2204 4831 et
2232 4790 2351 4830 cum
2380 4772 2759 4843 prohibentur,
2790 4770 3150 4825 infirmitatem
3180 4769 3333 4823 nobis
3370 4783 3493 4824 car-

1905 4870 1987 4923 nis
2026 4874 2318 4937 opponnnt.
2352 4865 2456 4921 Sed
2494 4865 2603 4933 jam
2647 4863 2782 4917 liber
2821 4861 2979 4915 etiam
3024 4860 3124 4916 iste
3161 4859 3495 4927 claudendns

1903 4967 2005 5024 est,
2035 4971 2089 5014 et
2118 4958 2383 5027 rogandus
2409 4956 2548 5011 Deus
2576 4964 2629 5007 ut
2651 4962 2739 5006 aut
2765 4967 2858 5007 eos
2885 4952 3073 5005 tentari
3102 4966 3209 5005 non
3241 4953 3379 5005 sinat
3407 4964 3493 5004 se-

1904 5051 2263 5121 parationihus
2295 5048 2576 5116 eonjugum
2604 5064 2619 5108 ;
2652 5053 2742 5097 aut
2772 5044 2839 5096 ita
2875 5043 3055 5108 sinat,
3085 5050 3142 5095 ut
3168 5042 3327 5095 timur
3352 5042 3492 5110 peri-

1903 5141 2132 5196 clitantis
2157 5140 2340 5193 salutis
2363 5138 2453 5191 fiat
2484 5138 2584 5190 illis
2612 5134 2887 5205 amplioris
2915 5134 3027 5187 sive
3056 5131 3372 5202 probatioris
3399 5144 3492 5184 oc-

1903 5233 2048 5288 casio
2066 5232 2345 5287 castitatis.

1966 5412 1983 5442 ¹
2018 5406 2124 5459 Sola
2155 5408 2303 5458 editio
2318 5412 2427 5455 ιον.
2456 5404 2579 5455 :sed
2598 5402 2721 5452 absit
2756 5399 2844 5450 hoc
2869 5413 2901 5449 a
2923 5397 3110 5449 meliori
3149 5409 3285 5455 sexu,
3314 5402 3365 5446 ut
3386 5401 3474 5445 tan

1964 5485 2061 5533 am,
2091 5478 2187 5521 etc.
2690 5524 2701 5536 .
2958 5521 2969 5533 _

1964 5537 1985 5566 ²
2016 5532 2119 5582 Sola
2144 5531 2294 5581 editio
2313 5537 2423 5578 Lov.
2447 5544 2459 5578 :
2490 5534 2541 5578 Et
2568 5540 2644 5577 ros
2666 5531 2807 5575 timor
2820 5521 3022 5585 amplior
3045 5518 3324 5571 moderetur.
