3930 6368
600 269 752 280 -..κ-..ς

2205 242 2421 253 ...σε-

557 243 3717 321 W

682 305 901 317 ..__._..——

606 310 677 319 ...ν-

626 371 708 432 In
755 366 983 431 librum
1032 362 1110 421 de
1157 354 1514 426 Mendacio,
1568 355 1707 413 vide
1748 350 1857 410 lib.
1898 350 1955 421 1,
2022 365 2157 425 cap.
2202 346 2514 412 ultimum,
2571 342 3142 419 Retractationum,
3185 355 3325 405 tam.
3388 346 3443 422 1,
3478 350 3578 411 cat.
3610 352 3725 421 630.

543 470 768 540 verbis,
799 468 955 527 Item
985 462 1060 521 de
1090 455 1656 531 Mendacio,usque
1680 450 1761 509 ad
1788 446 1991 511 verba,
2012 445 2293 519 Quaestio
2320 448 2415 504 est
2441 443 2517 503 de
2544 442 2902 503 Mendacio.
2983 442 3072 502 M.

1225 564 3728 589 —_au__———————_————__——~———-——_~

544 588 769 604 ——————

1124 668 1268 781 ⁵·
1366 654 3218 849 Απιῖἓξὲξρὲῌξῖπδτππι

1734 824 2249 889 HIPPONENSIS
2291 824 2645 886 EPISCOPI

1074 898 1563 1221 DE‘
1686 918 3307 1217 MENDACIO

1649 1353 2119 1462 LIBER
2209 1350 2611 1458 U‘NU‘S
2641 1354 2741 1461 (α).

2009 1562 2378 1618 MDﬂQ

605 1706 655 1749 ιιι
672 1697 894 1771 «incanum
918 1698 981 1771 sit
994 1682 1879 1771 ηιειὲξιλξείὲπξξ,ε-.ἳ⁵ἑ-“ἑὲἓὲὶῖ.ἱέὶί.(]ὲ¹³ὶῖ.ξ¹2
1903 1678 3003 1771 stutirem9.33912":momentisque
3021 1690 3256 1762 rationum
3278 1692 3326 1739 ίιι
3344 1698 3569 1756 “tramae
3587 1700 3719 1754 ρπιεω

542 1742 1437 1822 ιίῠῗθίὲἷιὶξέίῖῧτῖἰίιξίνὼειίαίιείόιοιιηι
1469 1742 1737 1797 afferuntur
1769 1750 1878 1793 octo
1912 1753 2116 1804 genera,
2140 1742 2297 1802 iisque
2336 1742 2562 1794 discussis
2586 1753 2637 1796 et
2673 1750 2866 1799 omnino
2910 1742 3110 1812 rejectis
3152 1759 3370 1803 statuitur
3412 1742 3615 1816 nunquai'n
3644 1766 3718 1803 ese

544 1824 893 1874 mentiendum.

617 1947 840 2004 CAPUT
880 1941 1165 2000 PRIMUM.
1187 1970 1259 1980 -—
1282 1939 1332 1992 1.
1364 1936 1597 1990 Materiae
1634 1930 2004 2004 pertractanda:
2033 1928 2135 1997 dif—
2182 1915 2186 1919 ⁴

552 2038 773 2107 ﬁcultas.
802 2036 987 2105 Magna
1017 2031 1239 2102 quasstio
1266 2036 1349 2084 est
1376 2027 1443 2081 de
1480 2024 1779 2088 mendacio,
1812 2037 1930 2092 quae
1960 2034 2056 2074 nos
2083 2020 2134 2073 in

546 2130 679 2199 ipsis
716 2123 1036 2197 quotidianis
1066 2121 1272 2176 actibus
1311 2117 1509 2172 nostris
1535 2130 1679 2185 szepe
1707 2113 1995 2169 conturbat
2022 2128 2034 2165 :
2068 2127 2136 2166 ne

548 2229 640 2274 aut
661 2229 861 2273 temere
882 2228 1193 2270 accusemus
1215 2209 1568 2273 mendacium,
1595 2206 1734 2277 quod
1756 2221 1863 2261 non
1885 2212 1968 2260 est
1987 2220 2135 2259 ruen-

546 2311 759 2365 dacium
786 2327 800 2375 ;
828 2317 919 2363 aut
939 2307 1260 2361 arbitremur
1287 2301 1573 2373 aliquando
1602 2314 1721 2355 esse
1747 2298 2131 2364 mentiendum,

544 2404 771 2458 honesto
807 2400 1036 2470 quodam
1077 2406 1129 2453 et
1157 2396 1393 2452 officioso
1425 2409 1487 2448 ac
1531 2391 1862 2447 misericordi
1906 2390 2132 2445 menda-

549 2494 632 2547 cio
656 2493 696 2545 ί.
721 2491 890 2557 Quam
914 2488 1259 2558 qumstionem
1285 2495 1391 2539 tam
1418 2482 1643 2537 sollicite
1664 2496 1749 2550 per
1764 2480 2131 2546 tractabimus,

552 2594 609 2638 ut
652 2596 951 2653 qumramus
996 2595 1119 2634 cum
1166 2576 1525 2649 qna-rentibus
1556 2592 1569 2628 :
1602 2584 1776 2629 utrum
1816 2582 1992 2627 autem
2031 2572 2132 2625 ali-

549 2686 803 2747 quantum
831 2673 1192 2735 inveniamus,
1230 2670 1358 2723 nihil
1393 2668 1547 2723 nobis
1589 2675 1787 2721 temere
1817 2663 2135 2718 affirmanti-

551 2768 685 2834 bus,
715 2765 900 2819 lectori
941 2764 1077 2819 bene
1106 2760 1397 2816 attendenti
1427 2759 1557 2813 satis
1597 2757 1850 2812 indicabit
1876 2756 1988 2826 ipsa
2029 2765 2131 2809 tra-

553 2857 718 2912 ctatio
747 2874 760 2909 :
793 2855 1058 2909 latebrosa
1090 2861 1173 2907 est
1198 2852 1338 2906 enim
1379 2850 1537 2904 nimis
1558 2859 1611 2904 et
1641 2847 1955 2920 quibusdam
1983 2846 2133 2916 quasi

550 2948 861 3004 cavernosis
903 2945 1226 3000 anfractibus
1272 2958 1415 3012 saepe
1454 2941 1803 2996 intentionem
1848 2938 2134 3008 quaerentis

547 3039 717 3094 eludit
740 3055 754 3104 ;
784 3048 839 3092 ut
861 3036 1021 3092 modo
1042 3036 1183 3091 velut
1205 3034 1443 3088 clahatur
1462 3047 1492 3087 e
1518 3031 1761 3086 manibus
1780 3028 1922 3101 quod
1951 3028 2136 3083 inven-

551 3141 662 3186 tum
694 3138 828 3196 erat,
858 3129 1016 3184 modo
1040 3142 1225 3183 rursus
1253 3134 1527 3197 appareat,
1556 3133 1612 3179 et
1633 3138 1819 3177 rursus
1848 3121 2135 3177 absorbea-

547 3234 657 3279 tur.
685 3220 765 3276 Ad
802 3229 1099 3277 extremum
1145 3227 1320 3273 tamen
1364 3216 1677 3271 sententiam
1722 3222 1957 3268 nostram
1987 3212 2134 3268 velut

549 3313 748 3367 certior
763 3312 954 3382 indago
974 3308 1409 3380 comprehendet.
1435 3306 1491 3360 ln
1514 3321 1615 3376 qua
1630 3306 1676 3361 si
1699 3306 1835 3360 ullus
1858 3320 2007 3360 error
2027 3312 2130 3370 est,

549 3421 670 3460 cum
713 3404 781 3459 ab
820 3404 963 3459 omni
995 3418 1179 3458 errore
1208 3403 1403 3457 veritas
1451 3400 1672 3463 liberet,
1716 3406 1874 3468 atque
1904 3399 1955 3451 in
1987 3398 2133 3451 omni

548 3511 733 3551 errore
755 3495 959 3550 falsitas
985 3493 1254 3562 implicet;
1278 3505 1546 3559 nunquam
1574 3489 1737 3543 errari
1767 3489 1929 3541 tutius
1951 3487 2136 3541 existi-

547 3604 638 3643 mo
660 3627 675 3652 ,
706 3602 861 3655 quam
889 3600 1009 3639 cum
1037 3585 1086 3637 in
1111 3598 1294 3637 amore
1319 3582 1484 3635 nimio
1506 3579 1742 3633 veritatis
1767 3587 1818 3632 et
1844 3577 2132 3647 rejectione

548 3679 711 3732 nimia
744 3677 983 3730 falsitatis
1024 3684 1251 3729 erratur.
1293 3674 1407 3741 Qui‘
1431 3672 1572 3727 enim
1610 3687 1795 3726 severe
1837 3670 2131 3740 reprehen-

549 3769 716 3832 dunt,
758 3767 859 3820 hoc
899 3766 1120 3819 nimium
1151 3766 1333 3819 dicunt
1369 3779 1488 3819 esse
1517 3780 1529 3815 :
1563 3764 1675 3832 ipsa
1719 3772 1896 3816 autem
1938 3763 2131 3818 veritas

547 3858 774 3913 fortasse
800 3855 973 3911 adhuc
993 3854 1155 3921 dicat,
1176 3854 1421 3908 Nondum
1443 3861 1525 3907 est
1550 3856 1700 3906 satis.
1725 3852 1864 3907 Sane
1893 3854 2129 3923 quisquis

545 3950 702 4019 legis,
734 3947 864 4002 nihil
893 3944 1276 4016 reprehendas,
1306 3944 1408 3998 nisi
1436 3958 1559 3998 cum
1589 3951 1755 3998 totum
1788 3944 1981 4013 legeris
2006 3960 2019 4007 ;
2053 3952 2133 3998 at-

546 4055 652 4111 que
680 4041 747 4094 ita
779 4039 954 4094 minus
983 4036 1364 4108 reprehendes.
1398 4036 1678 4106 Eloquium
1707 4035 1814 4090 noli
1840 4051 2080 4106 quaerere
2113 4058 2126 4093 :

545 4131 769 4185 multum
795 4130 936 4185 enim
973 4128 1041 4185 de
1068 4128 1228 4184 rebus
1261 4127 1616 4180 laboravimus
1639 4168 1654 4193 ,
1682 4134 1738 4181 et
1763 4126 1831 4182 de
1859 4128 2131 4183 celeritate

545 4220 855 4277 absolvendi
898 4228 1001 4275 tam
1056 4218 1340 4273 necessarii
1380 4216 1701 4286 quotidianae
1742 4218 1865 4272 vitae
1912 4219 2126 4287 operis;

544 4313 688 4371 unde
714 4324 805 4369 aut
826 4314 1021 4378 tenuis,
1049 4321 1138 4367 aut
1167 4325 1331 4381 prope
1350 4311 1371 4341 ³
1399 4308 1541 4364 nulla
1569 4308 1666 4363 fuit
1686 4309 1838 4363 nobis
1859 4324 1983 4364 cura
2012 4326 2131 4366 ver-

540 4407 749 4462 borum.

613 4498 837 4555 CAPUT
878 4498 940 4552 ll.
964 4528 1033 4538 —
1055 4496 1109 4551 2.
1146 4494 1264 4550 Joci
1290 4512 1390 4549 non
1417 4503 1535 4549 sunt
1572 4494 1854 4548 mendacia.
1883 4495 2129 4566 Exceptis

545 4590 705 4661 igitur
730 4589 885 4658 jocis,
918 4605 1035 4657 qua}
1061 4602 1327 4656 nunquam
1351 4595 1475 4641 sunt
1502 4597 1678 4655 putata
1699 4587 1970 4641 mendacia
1996 4607 2006 4641 :
2037 4588 2130 4643 ha—

2242 1931 2370 1985 bent
2411 1934 2552 1987 enim
2595 1936 3043 1993 evidentissimum
3085 1956 3151 1995 ex
3198 1941 3586 2011 pronuntiatione
3616 1952 3723 2012 atque

2243 2023 2359 2093 ipso
2381 2024 2610 2093 jocantis
2631 2027 2818 2083 affectu
2839 2029 3282 2100 significationem
3303 2033 3451 2088 animi
3476 2049 3719 2104 nequaquam

2241 2113 2488 2183 fallentis,
2513 2118 2612 2173 etsi
2636 2136 2739 2173 non
2762 2137 2884 2176 vera
2909 2125 3236 2179 enuntiantis
3262 2143 3273 2178 :
3302 2142 3402 2196 quo
3419 2142 3584 2197 genere
3605 2137 3723 2181 utrum

2239 2204 2308 2259 sit
2336 2207 2588 2262 utendum
2619 2210 2866 2279 perfectis
2898 2214 3114 2280 animis,
3153 2215 3255 2271 alia
3280 2217 3486 2287 quzestio
3509 2227 3593 2282 est,
3617 2233 3723 2287 quam

2238 2296 2398 2351 modo
2428 2299 2761 2355 enodandam
2792 2318 2896 2358 non
2920 2306 3289 2376 suscepimus:
3321 2308 3533 2378 exceptis
3556 2323 3652 2379 ergo
3667 2308 3722 2377 jo-

2237 2387 2346 2451 cis,
2390 2389 2535 2457 prius
2568 2393 2831 2462 agendqu
2860 2407 2943 2451 est
2968 2438 2984 2462 ,
3016 2410 3083 2452 ne
3133 2398 3340 2454 mentiri
3369 2400 3648 2455 existimetur
3665 2399 3722 2470 qui

2237 2494 2342 2533 non
2369 2483 2642 2538 mentitur.

2306 2572 2533 2631 CAPUT
2574 2576 2660 2631 Ill.
2681 2609 2754 2619 —
2776 2581 2829 2635 5.
2863 2580 3001 2648 Quid
3025 2583 3091 2637 sit
3119 2584 3446 2640 mendacium.
3481 2582 3549 2637 Ad
3578 2581 3723 2637 menda-

2236 2665 2370 2720 cium
2392 2685 2456 2721 an
2484 2670 2535 2722 in
2556 2671 2786 2740 loquente
2814 2673 3047 2727 voluntas
3075 2676 3292 2745 fallendi
3320 2676 3572 2745 requiratur
3592 2673 3725 2741 velinf-

2236 2756 2396 2825 ﬁciat.
2430 2758 2767 2830 Quapmpter
2793 2763 3079 2819 videndum
3110 2775 3195 2820 est
3219 2767 3340 2836 quid
3368 2768 3432 2821 sit
3456 2765 3721 2821 mendacium.

2235 2847 2349 2902 Non
2377 2851 2516 2905 enim
2548 2853 2722 2907 omnis
2748 2853 2838 2924 qui
2877 2854 3069 2911 falsum
3114 2858 3244 2913 dicit
3268 2859 3529 2925 mentitur,
3552 2858 3588 2911 si
3610 2855 3725 2911 credit

2235 2951 2325 2996 aut
2365 2944 2611 3012 opinatur
2652 2964 2838 3003 verum
2879 2965 2999 3005 esse
3039 2953 3184 3020 quod
3230 2953 3371 3008 dicit.
3415 2952 3538 3007 Inter
3569 2948 3725 3005 credere

2236 3044 2411 3089 autem
2440 3048 2598 3107 atque
2627 3041 2833 3109 Opinari
2878 3041 2978 3096 hoc
3007 3042 3176 3098 distat
3196 3087 3210 3111 ,
3249 3044 3384 3114 quod
3413 3041 3644 3113 aliquando
3674 3040 3729 3091 ille

2235 3127 2323 3196 qui
2354 3128 2542 3193 credit,
2570 3133 2730 3185 sentit
2755 3147 2813 3186 se
2836 3133 3081 3203 ignorare
3102 3136 3254 3204 quod
3281 3136 3458 3200 credit,
3484 3131 3671 3205 quamvis
3690 3128 3732 3183 de

2236 3233 2294 3272 re
2323 3234 2478 3289 quam
2502 3235 2559 3275 se
2580 3221 2823 3292 ignorare
2849 3225 2995 3279 novit
3015 3226 3245 3281 omnino
3268 3243 3369 3282 non
3390 3226 3585 3291 dubitet,
3604 3224 3637 3277 si
3655 3236 3727 3276 eam

2237 3310 2538 3365 firmissime
2556 3313 2728 3368 credit
2749 3315 2765 3346 ¹
2786 3331 2800 3381 ;
2824 3315 2913 3385 qui
2935 3326 3113 3371 autem
3134 3318 3402 3388 Opinatur,
3428 3325 3557 3389 putat
3576 3330 3622 3369 se
3640 3312 3730 3367 scire

2235 3402 2373 3471 quod
2414 3404 2601 3457 nescit.
2636 3405 2886 3476 Quisquis
2921 3416 3098 3463 autem
3139 3408 3252 3466 hoc
3293 3410 3515 3465 enuntiat
3539 3404 3647 3477 quod
3676 3401 3731 3456 vel

2234 3493 2495 3548 creditum
2519 3496 2719 3565 animo,
2745 3497 2829 3553 vel
2856 3499 3127 3569 Opinatum
3164 3510 3308 3556 tenet
3328 3503 3367 3566 ³,
3394 3498 3574 3556 etiamsi
3598 3494 3730 3549 falsum

2234 3584 2321 3650 sit,
2354 3600 2458 3640 non
2482 3589 2756 3642 mentitur.
2790 3589 2903 3645 lloc
2943 3591 3085 3645 enim
3110 3591 3277 3647 debet
3306 3587 3732 3648 enuntiationissua:

2235 3675 2357 3731 fidei
2385 3677 2427 3745 ³,
2464 3687 2520 3731 ut
2562 3679 2690 3735 illud
2722 3696 2818 3750 per
2845 3696 2961 3736 eam
2992 3682 3252 3753 proferat,
3285 3682 3419 3753 quod
3446 3681 3596 3735 animo
3617 3681 3729 3734 tenet.

2234 3774 2289 3820 et
2314 3766 2393 3820 sic
2418 3765 2574 3822 habet
2598 3777 2657 3823 ut
2684 3770 2903 3840 profert.
2937 3771 3046 3827 Nec
3072 3772 3197 3828 ideo
3230 3784 3399 3829 tamen
3424 3773 3527 3828 sine
3544 3769 3643 3823 vitio
3663 3773 3728 3827 est.

2233 3863 2475 3929 quamvis
2510 3876 2616 3916 non
2649 3865 2964 3928 mentiatur,
3006 3866 3053 3919 si
3081 3877 3174 3921 aut
3200 3884 3305 3923 non
3330 3864 3566 3922 credenda
3587 3857 3727 3918 credit.

2234 3961 2324 4006 aut
2361 3953 2499 4023 quod
2532 3954 2738 4024 ignorat
2769 3972 2927 4012 nosse
2956 3972 3014 4012 sc
3045 3967 3231 4028 putat,
3262 3959 3459 4015 etiamsi
3487 3968 3637 4012 verum
3658 3949 3729 4004 sit:

2234 4046 2560 4115 incognitum
2600 4049 2744 4104 enim
2782 4049 2943 4106 habet
2970 4066 3068 4122 pro
3105 4054 3340 4123 cognito.
3369 4051 3654 4121 Quapropter
3673 4041 3731 4095 ille

2236 4137 2521 4205 mentitur,
2553 4139 2644 4210 qui
2670 4141 2812 4196 aliud
2844 4143 3005 4199 habet
3043 4143 3095 4199 in
3134 4145 3353 4213 animo,
3391 4154 3442 4200 et
3468 4140 3589 4197 aliud
3612 4133 3732 4191 verbis

2234 4225 2319 4280 vel
2343 4227 2668 4297 quibuslibet
2688 4230 3162 4301 significationibus
3189 4235 3445 4291 enuntiat.
3473 4229 3602 4288 Unde
3620 4225 3729 4281 etiam

2233 4315 2427 4386 duplex
2454 4333 2546 4373 cor
2573 4320 2767 4375 dicitur
2788 4336 2908 4377 esse
2931 4324 3263 4392 mentientis,
3294 4326 3343 4380 id
3372 4332 3468 4391 est,
3493 4321 3653 4390 duplex
3675 4328 3734 4367 oo-

2232 4407 2416 4476 gitatio
2446 4427 2458 4463 :
2493 4425 2594 4463 una
2617 4412 2693 4466 rei
2715 4412 2829 4481 ejus
2855 4429 3014 4483 quam
3039 4430 3217 4470 verum
3244 4431 3363 4471 esse
3385 4414 3462 4469 vel
3486 4413 3571 4468 scit
3588 4407 3649 4462 vel
3672 4420 3734 4473 βυ·

2236 4507 2332 4566 tat,
2364 4510 2417 4555 et
2445 4517 2549 4556 non
2578 4503 2806 4572 profert;
2834 4506 3000 4560 altera
3027 4505 3143 4576 ejus
3166 4508 3241 4562 rei
3266 4523 3421 4577 quam
3445 4520 3530 4575 pro
3552 4503 3631 4555 ista
3653 4510 3735 4566 Pm‘

2236 4589 2338 4645 fert
2358 4594 2533 4647 sciens
2560 4594 2884 4673 falsamesse
2908 4599 2990 4653 vel
3019 4608 3230 4667 putans.
3258 4600 3335 4654 Ex
3356 4614 3458 4669 quo
3482 4595 3531 4649 fit
3556 4601 3602 4647 ut
3618 4584 3736 4660 possit

1712 4692 1998 4733 ADHONITIO
2037 4694 2116 4734 PP.
2158 4696 2640 4737 BENEDICTINORUM.

598 4770 734 4842 Liber
751 4769 1076 4842 de_Mendacio
1096 4772 1389 4842 repurgatus
1412 4771 1717 4842 estpopeﬁbts.‘
1726 4766 1989 4842 polbertiui
2006 4780 2239 4842 annorum
2260 4772 2453 4842 circiter
2471 4775 2884 4842 octingentorum,
2916 4780 3255 4828 Germauensis
3279 4786 3330 4828 ei
3349 4774 3623 4827 corbciensis
3635 4771 3736 4835 tota“?

814 4812 1584 4916 (‘J‘ilberti‘r‘ioLeE
1606 4829 1754 4891 Regii,
1776 4830 2040 4916 'Sorllaon'ici,
2065 4831 2308 4902 Victorini,
2335 4812 2889 4897 siEériEB'i',"i’iiéiEéiiiii’,

1488 4903 1702 4916 ιιι-..ιηηη
1749 4903 1852 4916 “un
1898 4904 1952 4916 nn
1978 4904 2135 4916 una...“
2164 4896 2445 4916 ..........u:......
2487 4910 2600 4916 ,..---..
2632 4912 2686 4916 ---
2715 4901 2769 4916 ::_
2795 4901 2883 4916 ιη-
2922 4912 2998 4916 μη.
3041 4908 3053 4916 .
3090 4909 3105 4916 -
3246 4905 3255 4913 ι
3459 4908 3619 4916 __-_.-..
3638 4886 3736 4916 μηνὶ-

536 4889 822 4961 ῃιὸυιθηείδ,
848 4892 1071 4961 Vaticani,
1092 4889 1468 4961 ett-selgicorum
1488 4889 1723 4961 quinque,
1749 4891 1852 4961 sive
1877 4889 2139 4961 lectionum
2164 4889 2447 4944 variantitfm
2483 4889 2604 4959 quas
2626 4912 2689 4948 ex
2714 4901 2773 4949 iis
2793 4889 3060 4951 hauserunt
3089 4889 3438 4961 tovauieuses';
3457 4889 3622 4949 necnon
3638 4889 3736 4940 auxi-

535 4954 600 5003 lio
627 4961 678 5004 et
700 4956 1052 5017 comparatione
1077 4952 1342 5001 editionum
1364 4952 1537 4999 Erasmi
1561 4964 1617 4999 ac
1639 4952 2014 5000 bovaniensium.

615 5036 1128 5115 Comparavimus
1147 5043 1450 5113 praeterea
1480 5052 1577 5092 eas
1609 5052 1810 5093 omnes
1841 5033 2141 5095 editiones
2183 5036 2373 5100 initio
2403 5041 2579 5101 Retr.
2606 5051 2665 5103 et
2686 5042 2969 5104 Confess.
3005 5052 3050 5105 t.
3083 5047 3141 5121 1,
3168 5054 3543 5107 memoratas.
3614 5035 3679 5099 Μ.

598 5138 670 5202 (u)
701 5136 916 5202 Pertinet
948 5134 1072 5181 liber
1103 5132 1167 5181 de
1204 5132 1445 5202 mendacio
1486 5132 1543 5179 ad
1597 5144 1803 5202 annum.
1826 5133 2019 5179 circiter
2048 5134 2178 5202 _595;
2204 5139 2616 5202 “quandoquidem
2652 5142 2871 5192 ultimum
2922 5144 3077 5194 locum
3125 5150 3313 5199 omine;
3346 5150 3394 5196 in

3437 5147 3575 5209 primo
3619 5143 3739 5209 Petri:

538 5192 826 5269 etationum'
849 5197 1001 5269 libro,
1014 5208 1112 5266 quo
1129 5201 1471 5269 recensentur“
1493 5192 1737 5269 opuscula.
1763 5194 1841 5269 ab;
1863 5196 2133 5269 {Augustulo
2153 5192 2283 5247 edita
2306 5192 2451 5269 ante;
2465 5205 2816 5266 episcopatum.
2857 5192 3453 5269 que51"gab'ii.;‘g,;.'a'§ni'
3481 5192 3565 5255 395
3583 5199 3740 5263 adepti!s

536 5268 636 5339 et;
654 5258 1032 5339 aea-2399.1»;
1058 5257 1519 5339 IE‘EFE'.‘.’.'_£‘£":.‘§.PE.
1532 5254 2475 5339 “19591951229.3515,2993“!11539.)“
2498 5254 2688 5339 'scrivits
2724 5254 2970 5339 aediﬁcetis
3012 5254 3488 5339 ιξξίῦεῑιᾞοέἑῦὶξί.
3513 5268 3585 5329 qui
3612 5254 3741 5339 ut!!!“

536 5328 644 5394 post
679 5320 822 5394 annis
842 5316 1524 5394 angustiqungsuperfuderat
1545 5330 1599 5394 re
1618 5324 1783 5394 contra
1799 5315 2173 5394 l’riscillianistas
2194 5322 2448 5386 consuluit,
2477 5341 2571 5375 non
2595 5315 2974 5389 iiriorriste,sed
3001 5315 3350 5392 alin—stantini:
3361 5315 3589 5394 ⁷ᾧῖῐιιῖιις
3607 5322 3739 5372 sum“

531 5378 697 5445 quitur
719 5388 882 5429 contra
908 5378 1197 5427 Mendacium
1220 5378 1345 5426 liber
1361 5412 1375 5435 ,
1395 5378 1533 5426 titulo
1552 5378 1754 5425 inditum
1781 5379 1929 5439 gerit.

600 5470 618 5498 ι
644 5468 716 5516 sic
737 5473 843 5515 Mss.
866 5464 983 5514 Edita
1006 5471 1186 5522 autem,
1209 5469 1254 5511 et
1276 5459 1480 5525 officioso
1500 5461 1564 5511 ad
1587 5459 1972 5511 misericordium
1992 5473 2125 5510 men-

533 5530 837 5639 daggtabent
859 5588 929 5637 sic
964 5584 1180 5635 nonnulli
1200 5592 1307 5633 Mss.
1335 5583 1419 5633 Alii
1436 5598 1555 5635 vero
1572 5621 1585 5646 ,
1612 5584 1739 5635 unde
1761 5584 1991 5634 hactenus
2012 5597 2124 5647 pra-

531 5663 656 5715 prte.
683 5651 816 5711 Editi,
841 5650 970 5701 unde
992 5649 1219 5699 hactenus
1242 5660 1299 5696 ac
1318 5659 1485 5711 prope.

2295 5473 2310 5538 ξ
2346 5476 2472 5531 Mss,
2496 5472 2566 5523 sic
2588 5473 2715 5538 enim
2731 5472 2871 5538 ﬁrme
2891 5476 3063 5526 credit.

2293 5535 2313 5598 3
2348 5540 2396 5583 tu
2418 5542 2544 5595 Mss,
2570 5535 2641 5586 vet
2661 5535 2875 5598 putatum
2894 5544 3034 5587 tenet.

2295 5597 2313 5627 ³
2349 5604 2411 5646 tta
2431 5605 2532 5647 Mss.
2565 5606 2615 5648 At
2634 5596 2769 5662 cum,
2789 5598 3099 5651 enuntifrtimti
3115 5613 3216 5651 suae
3234 5596 3370 5665 ﬁdet.
