3930 6368
188 380 207 402 "
272 376 350 435 ιω
1128 382 1211 436 DE
1242 380 1600 448 MENDACIO,
1649 380 1706 435 S.
1759 376 2121 439 AUGUSTINI
2160 381 2361 438 LIBER
2403 384 2601 441 UNUS.

281 491 431 548 falsum
453 492 645 550 dicere
672 510 795 550 non
818 495 1111 561 mentiens,
1144 498 1187 550 si
1212 506 1361 566 putat
1385 498 1454 550 ita
1483 512 1601 552 esse
1630 506 1690 551 ut
1714 496 1860 561 dicit,

283 585 488 653 quamvis
516 601 630 640 non
664 586 745 641 ita
788 587 899 652 sit;
930 596 987 642 et
1017 597 1069 640 ut
1098 589 1263 657 possit
1289 603 1472 642 verum
1512 587 1691 643 dicere
1716 603 1867 643 men-

289 679 415 744 tiens,
437 678 479 731 si
500 688 654 747 putat
678 679 883 734 falsum
907 695 1029 735 esse
1053 691 1106 734 et
1129 696 1223 750 pro
1245 696 1373 735 vero
1388 681 1647 747 enuntiat,
1671 698 1860 752 quam-

289 772 349 825 vis
372 754 543 827 revera
569 774 644 827 ita
672 773 749 828 sit
771 782 831 828 ut
862 775 1124 829 enuntiat.
1157 774 1236 829 Ex
1257 775 1422 829 animi
1448 775 1590 830 enim
1622 777 1703 829 sui
1732 791 1860 830 sen-

298 865 468 931 tentia,
509 880 613 919 non
643 881 711 920 ex
755 881 941 920 rerum
970 867 1200 935 ipsarum
1233 867 1457 922 veritate
1500 867 1584 922 vel
1628 867 1860 921 falsitate

301 957 523 1011 mentiens
546 965 639 1010 aut
664 973 775 1011 nun
803 959 1070 1013 mentiens
1091 957 1407 1028 iudicandus
1428 965 1528 1013 est.
1560 958 1742 1013 Potest
1765 959 1863 1013 ita-

302 1060 385 1113 que
403 1046 481 1101 ille
504 1047 590 1117 qui
611 1046 807 1103 falsum
839 1063 937 1118 pro
963 1062 1088 1103 vero
1108 1050 1370 1115 enuntiat,
1398 1049 1539 1120 quod
1566 1058 1740 1104 tamen
1770 1064 1862 1104 ve-

300 1151 401 1191 rum
422 1153 531 1195 esse
558 1140 833 1209 opinatur,
876 1156 1063 1196 errans
1091 1141 1194 1196 dici
1223 1149 1278 1197 et
1313 1143 1626 1197 temerarius
1658 1159 1669 1195 :
1702 1157 1861 1198 men-

303 1231 609 1288 tiensautem
654 1250 762 1289 non
794 1243 945 1291 recte
982 1234 1208 1299 dicitur;
1239 1236 1364 1305 quia
1392 1250 1486 1290 cor
1512 1235 1705 1305 duplex
1736 1250 1858 1290 eum

295 1325 507 1379 enuntiat
546 1342 653 1382 non
702 1326 895 1393 habet,
942 1342 1039 1383 nec
1081 1326 1265 1382 fallere
1304 1328 1467 1397 cupit,
1502 1326 1596 1382 sed
1638 1326 1857 1382 fallitur.

290 1413 435 1486 Culpa
458 1433 582 1473 vero
611 1419 927 1477 mentientis
952 1428 1054 1486 est,
1090 1419 1143 1473 in
1177 1420 1503 1474 etitmtiando
1545 1420 1725 1475 animo
1762 1435 1859 1476 suo

286 1504 475 1561 fallendi
505 1509 799 1578 cupiditas;
832 1510 945 1564 sive
971 1510 1120 1564 fallat
1148 1525 1267 1564 cum
1296 1511 1344 1565 ei
1383 1511 1618 1566 creditur
1670 1512 1857 1567 falsum

281 1602 592 1665 enuntianti;
622 1602 738 1657 sive
766 1616 873 1655 non
902 1601 1070 1667 fallat,
1095 1603 1174 1656 vel
1206 1617 1327 1656 cum
1354 1604 1401 1657 ei
1435 1618 1539 1657 non
1560 1602 1792 1658 creditur
1815 1604 1855 1669 ι,

278 1693 355 1747 Vel
385 1710 501 1748 cum
532 1710 717 1750 verum
744 1693 989 1750 enuntiat
1013 1694 1289 1749 voluntate
1319 1694 1551 1759 fallendi,
1585 1695 1726 1764 quod
1749 1710 1857 1750 non

271 1794 415 1848 putat
440 1803 644 1843 verum.
675 1787 829 1855 Quod
855 1803 980 1842 cum
1008 1788 1057 1843 ei
1077 1788 1337 1853 creditur,
1361 1803 1468 1842 non
1493 1789 1674 1857 utique
1700 1787 1853 1855 fallit,

262 1881 509 1942 Quamvis
550 1880 733 1936 fallere
771 1880 1004 1935 voluerit
1037 1897 1050 1933 :
1084 1880 1185 1935 nisi
1226 1881 1483 1935 hactenus
1523 1879 1683 1945 fallit,
1727 1897 1859 1951 qua-

261 1969 428 2026 lcnus
470 1980 685 2041 putatur
722 1973 794 2027 ita
834 1972 994 2028 etiam
1042 1986 1201 2028 nosse
1232 1973 1311 2027 vel
1353 1981 1540 2042 putare
1586 1982 1643 2029 ut
1683 1987 1853 2049 enun-

268 2057 397 2114 \iat.

352 2154 408 2207 4.
437 2152 738 2224 Quanquam
765 2154 1102 2211 subtilissime
1126 2163 1395 2226 qumratur
1424 2164 1598 2210 utrum
1620 2169 1741 2210 cum
1762 2155 1857 2212 ab-

275 2254 357 2301 est
385 2247 621 2301 voluntas
647 2246 874 2315 fallendi,
906 2249 1047 2304 absit
1076 2250 1295 2303 omnino
1327 2249 1685 2304 mendacium.

335 2336 562 2393 CAPUT
598 2338 688 2393 ιν.
709 2369 780 2379 -
806 2339 1012 2395 Hentiri
1038 2358 1160 2395 num
1185 2341 1461 2412 aliquando
1489 2342 1648 2412 prosit
1670 2353 1758 2396 aut
1786 2343 1855 2397 li-

269 2439 390 2482 ceat.
420 2429 557 2496 Quid
591 2431 736 2485 enim
774 2433 820 2486 si
850 2434 1077 2503 quisque
1106 2432 1294 2487 falsum
1319 2433 1560 2503 loquens,
1590 2434 1729 2504 quod
1753 2434 1855 2489 fal-

268 2532 379 2573 sum
411 2536 532 2576 esse
566 2522 859 2589 existimat,
890 2524 1012 2579 ideo
1044 2536 1217 2579 tamen
1250 2523 1395 2589 facit,
1428 2526 1551 2595 quia
1582 2534 1731 2595 putat
1754 2526 1856 2580 sibi

269 2626 367 2666 non
392 2613 554 2681 credi,
584 2624 644 2668 ut
684 2628 751 2669 eo
781 2614 943 2669 modo
987 2614 1118 2669 falsa
1146 2615 1250 2670 fide
1279 2614 1578 2670 absterreat
1619 2630 1741 2670 eum
1770 2616 1857 2671 cui

272 2702 526 2773 loquitur,
557 2721 719 2777 quem
762 2706 927 2761 sentit
974 2706 1077 2760 sibi
1108 2707 1249 2761 nolle
1295 2706 1558 2761 credere?
1586 2706 1685 2762 Hic
1711 2708 1857 2763 enim

270 2796 438 2852 studio
464 2814 563 2851 non
588 2798 810 2854 fallendi
838 2799 1117 2865 mentitur,
1146 2799 1191 2852 si
1214 2798 1547 2855 mendacium
1575 2809 1658 2855 est
1686 2815 1856 2856 enun-

277 2888 406 2944 tiare
428 2889 608 2960 aliquid
631 2891 793 2947 aliter
818 2906 976 2962 quam
1004 2892 1110 2948 scis
1136 2906 1254 2947 esse
1280 2892 1362 2947 vel
1390 2902 1542 2962 putas
1569 2911 1581 2947 :
1610 2894 1855 2950 siautem

277 2980 595 3037 mendacium
642 2998 751 3039 non
799 2993 884 3039 est
914 2984 1014 3038 nisi
1060 2999 1180 3039 cum
1208 2984 1407 3053 aliquid
1432 2985 1737 3040 enuntiatur
1765 3001 1858 3041 vo-

278 3068 477 3127 luntate
498 3073 723 3140 fallendi,
758 3090 866 3130 non
894 3078 1147 3131 mentitur
1171 3076 1295 3142 iste,
1323 3077 1413 3147 qui
1450 3087 1732 3149 propterea
1760 3077 1859 3133 fal-

278 3178 396 3218 sum
425 3165 655 3236 loquitur,
698 3168 945 3238 quamvis
974 3168 1185 3223 noverit
1213 3167 1296 3223 vel
1326 3177 1477 3239 putet
1516 3169 1707 3224 falsum
1737 3185 1857 3226 esse

276 3258 412 3329 quod
450 3260 693 3330 loquitur,
733 3270 795 3316 ut
839 3261 930 3316 ille
972 3263 1056 3316 cui
1104 3262 1339 3332 loquitur
1367 3278 1472 3317 non
1513 3263 1561 3318 ei
1591 3262 1857 3318 credendo

271 3362 375 3407 non
402 3352 626 3419 fallatur,
676 3355 799 3425 quia
830 3369 951 3409 eum
982 3353 1084 3409 sibi
1130 3370 1235 3409 non
1276 3354 1603 3412 crediturum
1646 3357 1728 3411 vel
1758 3357 1859 3412 scit

273 3446 358 3500 vel
382 3456 541 3515 putat.
562 3447 715 3503 Unde
743 3448 789 3501 si
823 3456 1079 3517 appareat
1102 3446 1221 3502 ﬁeri
1247 3462 1407 3517 posse
1432 3457 1488 3502 ut
1508 3449 1699 3519 aliquis
1728 3463 1856 3518 pro-

282 3544 463 3605 pterea
497 3537 672 3593 falsum
712 3538 888 3604 dicat,
926 3555 993 3595 ne
1023 3538 1236 3605 fallatur
1262 3540 1351 3594 ille
1376 3541 1461 3595 cui
1491 3539 1714 3607 dicitur;
1747 3542 1859 3597 exi-

278 3629 376 3683 stit
401 3629 536 3683 aliud
561 3647 590 3686 e
608 3634 872 3687 contrario
892 3649 1081 3703 genus,
1112 3642 1395 3702 propterea
1425 3649 1609 3689 verum
1632 3634 1856 3691 dicentis

280 3729 339 3776 ut
361 3721 525 3777 fallat.
552 3724 648 3792 Qui
674 3727 819 3781 enim
858 3741 1047 3782 verum
1088 3725 1209 3782 ideo
1240 3728 1506 3798 loquitur,
1537 3728 1659 3795 quia
1695 3728 1859 3784 sentit

285 3814 382 3869 sibi
412 3832 509 3871 non
539 3817 706 3883 credi,
735 3816 859 3874 ideo
889 3818 1070 3889 utique
1092 3832 1280 3873 verum
1311 3818 1437 3873 dicit
1463 3828 1519 3872 ut
1548 3818 1693 3873 fallat
1719 3836 1731 3871 :
1759 3819 1858 3873 scit

286 3905 416 3958 enim
452 3908 531 3961 vel
572 3909 846 3964 existimat
894 3917 1179 3979 propterea
1226 3908 1420 3963 falsum
1472 3910 1641 3979 putari
1700 3924 1857 3980 posse

290 3996 420 4064 quod
444 3997 645 4063 dicitur,
696 4002 950 4072 quoniam
980 4003 1048 4055 ab
1094 4002 1211 4070 ipso
1254 4001 1466 4057 dicitur.
1497 4004 1854 4070 Quamobrem

289 4099 402 4141 cum
433 4089 538 4146 ideo
560 4108 749 4147 verum
775 4092 907 4148 dicit
940 4102 999 4147 ut
1024 4092 1216 4147 falsum
1256 4102 1487 4163 putetur,
1522 4095 1642 4150 ideo
1672 4111 1855 4151 verum

289 4174 405 4233 dicit
423 4190 473 4235 ut
498 4183 660 4239 fallat.
689 4184 1048 4253 Quaerendum
1077 4199 1205 4256 ergo
1226 4194 1325 4251 est,
1352 4188 1470 4256 quis
1500 4189 1676 4258 potius
1705 4204 1856 4245 men—

290 4267 467 4329 tiatur:
490 4285 662 4332 utrum
684 4275 777 4331 ille
800 4277 888 4347 qui
918 4275 1114 4331 falsum
1137 4276 1264 4331 dicit
1283 4292 1351 4333 ne
1373 4276 1535 4343 fallat,
1561 4294 1629 4333 an
1657 4279 1746 4334 ille
1766 4280 1856 4349 qui

290 4373 455 4418 verum
481 4364 604 4422 dicit
641 4376 701 4422 ut
728 4367 913 4434 fallat;
941 4382 1061 4423 cum
1092 4378 1145 4423 et
1169 4369 1256 4423 ille
1283 4369 1417 4423 sciat
1454 4369 1537 4425 vel
1565 4379 1713 4439 putet
1752 4368 1853 4426 fal-

292 4466 395 4509 sum
417 4472 469 4513 se
485 4458 682 4527 dicere,
712 4470 768 4516 et
792 4462 895 4517 iste
918 4463 1052 4517 sciat
1076 4463 1157 4517 vel
1185 4471 1334 4532 putet
1363 4479 1544 4519 verum
1574 4481 1633 4521 se
1652 4466 1853 4522 dicere.

295 4541 393 4600 lam
418 4552 549 4606 enim
576 4552 816 4609 diximus
846 4570 967 4608 eum
1016 4555 1104 4624 qui
1133 4556 1302 4610 nescit
1331 4557 1520 4611 falsum
1558 4572 1676 4613 esse
1715 4559 1854 4629 quod

297 4642 505 4696 enuntiat
525 4685 539 4709 ,
570 4660 676 4699 non
705 4645 961 4711 mentiri,
994 4646 1037 4700 si
1075 4645 1176 4701 hoc
1200 4654 1348 4716 putat
1374 4663 1596 4714 verum;
1628 4664 1856 4719 eumque

301 4728 448 4792 [mlius
468 4734 696 4801 mentiri,
718 4735 814 4804 qui
842 4735 1002 4791 etiam
1023 4752 1208 4791 verum
1234 4739 1492 4802 enuntiat,
1518 4754 1637 4793 cum
1666 4741 1856 4798 falsum

306 4827 425 4885 putat
449 4843 461 4876 :
487 4827 602 4895 quia
630 4842 699 4882 ex
725 4827 892 4882 animi
913 4827 998 4882 sui
1017 4829 1284 4884 sententia
1308 4829 1582 4899 judicandi
1609 4840 1752 4886 sunt.
1781 4834 1856 4891 De

305 4906 389 4964 illis
406 4914 565 4986 itaque
582 4934 691 4973 non
719 4934 880 4988 parva
908 4919 1131 4989 quaestio
1152 4928 1255 4985 est,
1282 4934 1415 4989 quos
1442 4922 1853 4991 proposuimus:

304 5013 438 5059 unum
472 5011 554 5077 qui
584 5010 689 5065 scit
730 5018 823 5063 aut
870 5019 1018 5080 putat
1059 5026 1118 5066 se
1159 5011 1354 5066 falsum
1384 5011 1597 5079 dicere,
1641 5022 1694 5068 et
1738 5014 1857 5069 ideo

303 5091 409 5149 dicit
434 5114 494 5154 ne
514 5100 697 5168 fallat;
726 5102 875 5157 velut
900 5102 944 5157 si
971 5102 1202 5172 aliquam
1231 5103 1369 5157 viam
1394 5104 1603 5159 noverit
1624 5105 1856 5160 obsideri

300 5186 629 5257 alatronibus,
659 5202 715 5248 et
740 5193 935 5248 timens
974 5208 1040 5248 ne
1068 5208 1164 5264 per
1190 5194 1336 5248 illam
1368 5202 1554 5265 pergat
1578 5193 1739 5248 homo
1764 5208 1858 5248 cu-

294 5273 365 5344 ius
382 5283 523 5338 saluti
557 5285 837 5355 prospicit,
861 5293 914 5339 et
930 5300 1053 5341 eum
1083 5285 1184 5341 scit
1208 5286 1309 5341 sibi
1334 5302 1440 5341 non
1457 5286 1695 5350 credere,
1715 5285 1858 5340 dicat

306 5380 399 5422 eam
422 5376 547 5428 viam
580 5391 688 5429 non
735 5375 934 5431 habere
963 5375 1222 5444 latrones,
1252 5375 1320 5430 ad
1364 5376 1467 5432 hoc
1504 5387 1563 5431 ut
1592 5377 1713 5432 illac
1752 5390 1856 5430 non

322 5469 390 5523 αι,
411 5465 527 5521 dum
552 5467 679 5525 ideo
715 5467 887 5523 credit
912 5468 1153 5523 latrones
1183 5469 1255 5525 ibi
1284 5484 1422 5537 esse,
1456 5470 1578 5540 quia
1608 5470 1698 5525 ille
1724 5468 1859 5523 dixit

327 5560 387 5608 non
409 5560 472 5613 ibi
497 5576 649 5624 esse,
681 5561 764 5615 cui
796 5576 902 5615 non
943 5561 1166 5617 credere
1189 5564 1389 5628 statuit,
1420 5561 1732 5617 mendacem
1763 5575 1859 5631 pu-

325 5646 394 5703 tans
419 5670 429 5703 :
460 5653 683 5707 alterum
702 5662 881 5708 autem
904 5654 993 5723 qui
1013 5654 1188 5723 sciens
1209 5666 1299 5709 aut
1320 5665 1507 5726 putans
1532 5669 1717 5709 verum
1733 5668 1859 5712 esse

358 5758 366 5786 '
390 5770 511 5825 Mss,
534 5764 633 5814 sive
655 5761 812 5828 fallat,
836 5764 935 5815 sine
957 5777 1069 5821 non,
1094 5764 1168 5816 vel
1184 5779 1293 5828 ann
1320 5767 1367 5817 ei
1387 5767 1603 5818 creditur
1621 5802 1637 5826 ,
1659 5765 1732 5816 vel
1748 5778 1860 5815 ctua

317 5819 447 5940 1:2.
471 5819 590 5890 ξω..
610 5819 1016 5888 uilissisverbis,
1042 5819 1153 5877 eum
1183 5827 1230 5879 ei
1260 5829 1475 5881 creditur
1510 5819 1688 5893 falsum
1708 5841 1857 5881 enun-

670 5975 900 6043 Saucr.
949 5976 1229 6039 Auensr.
1272 5976 1378 6041 VI.

3456 400 3561 456 490

1978 499 2115 566 quod
2146 499 2289 567 dicit,
2332 500 2395 555 ad
2440 502 2539 558 hoc
2578 511 2753 560 tamen
2784 506 2910 563 dicit
2935 517 2991 565 ut
3030 510 3204 579 fallat;
3232 521 3483 584 tanquam
3509 518 3556 575 si

1976 587 2175 644 homini
2199 607 2302 645 non
2330 592 2429 647 sibi
2458 594 2696 649 credenti
2723 597 2863 652 dicat
2885 600 3116 658 latrones
3136 605 3189 659 in
3216 606 3303 660 illa
3331 608 3413 661 via
3438 624 3557 664 esse

1975 679 2061 732 ubi
2092 695 2280 735 revera
2309 697 2401 737 eos
2442 697 2559 739 esse
2586 689 2864 755 cognovit,
2896 700 2952 745 ut
2981 691 3070 747 ille
3103 695 3186 750 cui
3213 696 3340 752 dicit
3371 713 3465 767 per
3496 699 3561 754 il—

1972 768 2076 823 lam
2106 770 2242 825 viam
2265 774 2431 843 magis
2464 787 2665 847 pergat,
2705 787 2861 848 atque
2890 781 2957 835 ita
2989 782 3040 837 in
3072 784 3305 842 latrones
3334 787 3544 857 incidat,

1972 859 2097 915 dum
2144 870 2290 932 putat
2335 865 2685 923 falsun’esse
2724 870 2863 939 quod
2910 872 3000 927 ille
3028 873 3238 930 dixerit.
3271 877 3401 945 Quis
3428 896 3558 951 ergo

1972 952 2192 1007 istorum
2215 957 2498 1023 mentitur;
2532 959 2620 1016 ille
2642 962 2730 1031 qui
2750 963 2908 1033 elegit
2935 964 3125 1022 falsum
3156 968 3334 1026 dicere
3362 987 3429 1028 ne
3451 973 3541 1027 fal-

1970 1043 2065 1111 lat,
2097 1061 2163 1099 an
2208 1048 2295 1103 ille
2321 1050 2411 1119 qui
2439 1051 2600 1121 elegit
2626 1069 2810 1109 verum
2840 1055 3021 1115 dicere
3048 1069 3105 1114 ut
3131 1061 3319 1116 fallat?
3345 1063 3432 1120 ille
3461 1065 3544 1136 qui

1974 1136 2165 1192 falsum
2214 1139 2442 1196 dicendo
2483 1143 2589 1215 egit
2634 1156 2689 1200 ut
2719 1163 2902 1202 verum
2933 1162 3247 1220 sequeretur
3270 1156 3354 1210 cui
3385 1155 3542 1222 dixit,

1968 1243 2038 1282 an
2075 1228 2176 1284 iste
2203 1232 2293 1301 qui
2320 1247 2505 1287 verum
2535 1235 2761 1292 dicendo
2797 1239 2903 1307 egit
2938 1247 2992 1295 ut
3024 1240 3213 1298 falsum
3240 1255 3549 1315 sequeretur

1969 1320 2053 1409 cui
2076 1320 2242 1377 dixit?
2264 1325 2345 1378 An
2366 1323 2503 1381 forte
2528 1329 2685 1385 ambo
2710 1332 2919 1388 mentiti
2945 1345 3100 1400 sunt;
3131 1337 3221 1392 ille
3242 1339 3364 1409 quia
3390 1340 3557 1396 voluit

1968 1408 2159 1466 falsum
2189 1413 2387 1482 dicere,
2419 1418 2519 1473 iste
2542 1420 2665 1489 quia
2690 1423 2853 1477 voluit
2876 1425 3097 1482 fallere?
3118 1430 3197 1483 An
3223 1408 3395 1500 potius
3426 1447 3556 1489 neu-

1968 1510 2051 1558 ter
2075 1519 2259 1560 eorum
2299 1511 2552 1565 mentitus
2578 1522 2688 1578 est;
2724 1514 2811 1568 ille
2841 1517 2963 1585 quia
2996 1519 3317 1578 voluntatem
3369 1524 3551 1580 habuit

1968 1610 2072 1649 non
2106 1597 2355 1667 fallendi,
2403 1610 2456 1657 et
2498 1603 2585 1657 ille
2629 1606 2748 1674 quia
2793 1607 3117 1665 voluntatem
3158 1612 3338 1669 habuit
3368 1632 3551 1671 verum

1966 1686 2212 1743 dicendi?
2238 1690 2353 1746 Non
2381 1694 2523 1748 enim
2555 1711 2698 1751 nunc
2733 1699 2905 1768 agitur
2931 1703 3050 1771 quis
3080 1718 3265 1759 eorum
3294 1723 3551 1777 peccave-

1964 1780 2055 1847 rit,
2089 1782 2183 1837 sed
2214 1784 2336 1854 quis
2366 1788 2621 1844 mentitus
2646 1776 2735 1844 sit.
2763 1791 2883 1848 Cito
2908 1795 3047 1850 enim
3075 1798 3286 1854 videtur
3304 1776 3403 1861 ille
3431 1819 3552 1871 pec-

1965 1885 2138 1936 casse,
2186 1875 2277 1943 qui
2324 1891 2507 1931 verum
2538 1878 2763 1936 dicendo
2787 1885 2895 1953 egit
2936 1895 2992 1940 ut
3017 1887 3182 1943 homo
3211 1890 3467 1948 incideret
3499 1894 3551 1949 in

1964 1961 2236 2019 latrones:
2267 1967 2359 2021 ille
2383 1978 2560 2024 autem
2592 1987 2696 2025 non
2728 1988 2993 2042 peccasse,
3025 1979 3110 2032 vel
3137 1981 3298 2035 etiam
3323 1982 3459 2038 bene
3480 1984 3555 2038 fe-

1964 2055 2123 2122 cisse,
2143 2057 2243 2127 'qui
2275 2057 2465 2114 falsum
2492 2060 2721 2118 dicendo
2748 2066 2855 2133 egit
2881 2076 2938 2121 ut
2963 2067 3122 2123 homo
3147 2073 3436 2141 perniciem
3459 2075 3546 2130 de~

1964 2144 2174 2201 vitaret.
2215 2147 2320 2203 Sed
2364 2162 2585 2219 possunt
2612 2155 2853 2225 exempla
2876 2157 2973 2211 ista
2999 2163 3259 2229 converti,
3291 2172 3349 2219 ut
3372 2175 3426 2220 et
3464 2167 3552 2223 ille

1964 2234 2160 2306 aliquid
2190 2240 2403 2308 gravius
2447 2258 2569 2297 eum
2600 2247 2705 2313 pati
2752 2248 2880 2302 velit
2922 2266 3078 2319 quem
3118 2253 3229 2309 falli
3270 2272 3375 2312 non
3406 2259 3549 2326 vult;

1966 2327 2119 2382 inulti
2146 2330 2289 2386 enim
2310 2347 2438 2387 vera
2464 2334 2708 2402 quaedam
2735 2343 3104 2408 cognoscendo
3132 2345 3233 2400 sibi
3260 2346 3556 2406 intulerunt

1965 2421 2257 2489 perniciem
2277 2464 2293 2490 ,
2322 2425 2366 2477 si
2394 2423 2519 2479 talia
2550 2426 2764 2483 fuerunt
2806 2440 2863 2484 ut
2888 2446 2982 2487 eos
3011 2432 3178 2490 latere
3222 2437 3501 2496 debuerint
3537 2460 3551 2498 :

1965 2520 2020 2566 et
2050 2513 2149 2569 iste
2171 2514 2372 2586 aliquid
2396 2519 2665 2574 commodi
2694 2521 2823 2576 velit
2850 2523 3069 2594 adipisci
3100 2543 3221 2584 eum
3253 2546 3410 2602 quem
3442 2536 3555 2590 vult

1964 2602 2105 2670 falli;
2140 2608 2382 2664 nonnulli
2428 2611 2572 2665 enim
2602 2612 2693 2681 qui
2737 2612 2837 2669 sibi
2868 2626 3095 2671 mortem
3138 2620 3460 2691 intulissent,
3507 2628 3553 2681 si

1964 2697 2164 2767 aliquid
2204 2700 2328 2755 mali
2353 2703 2493 2772 quod
2537 2719 2663 2761 vere
2692 2707 2986 2777 contigerat
3009 2710 3076 2766 de
3104 2712 3281 2771 charis
3322 2717 3433 2773 suis
3459 2734 3553 2774 co-

1964 2789 2275 2857 gnovissent
2298 2833 2313 2858 ,
2345 2792 2536 2849 falsum
2575 2798 2810 2865 putando
2855 2800 2955 2855 sibi
2987 2816 3366 2875 pepercerunt;
3397 2820 3556 2881 atque

1966 2877 2039 2931 ita
2065 2877 2173 2933 falli
2203 2881 2282 2935 eis
2309 2882 2525 2951 profuit,
2557 2886 2695 2940 sicut
2720 2888 2838 2943 aliis
2867 2890 3036 2945 obfuit
3065 2908 3188 2949 vera
3209 2877 3552 2968 cognoscere.

1966 2968 2082 3024 Non
2110 2987 2238 3043 ergo
2268 2972 2319 3027 id
2349 2976 2539 3044 agitur,
2566 2980 2875 3045 quoanimo
2896 2985 3206 3043 consulendi
3234 3002 3325 3045 aut
3352 3009 3551 3050 nocen-

1966 3062 2019 3117 di
2046 3103 2060 3127 ,
2110 3064 2192 3117 vel
2239 3063 2327 3119 ille
2357 3064 2545 3120 falsum
2575 3068 2707 3123 dixit
2736 3086 2803 3125 ne
2833 3072 3077 3141 falleret,
3110 3079 3190 3134 vel
3233 3081 3331 3137 iste
3371 3100 3553 3140 verum

1970 3151 2106 3207 dixit
2153 3162 2210 3207 ut
2238 3155 2444 3211 falleret
2472 3173 2486 3209 :
2514 3158 2608 3213 sed
2648 3164 2888 3231 exceptis
2913 3168 3207 3224 commodis
3233 3182 3323 3226 aut
3350 3175 3553 3229 incom-

1970 3243 2146 3297 modis
2187 3258 2373 3300 eorum
2413 3246 2606 3316 quibus
2644 3248 2804 3305 locuti
2831 3264 2977 3322 sunt,
3009 3266 3264 3325 quantum
3293 3263 3359 3316 ad
3386 3264 3552 3332 ipsam

1968 3335 2249 3391 veritatem
2274 3336 2664 3410 falsitatemque
2685 3343 2894 3412 attinet,
2922 3349 3177 3416 quaeritur
3197 3352 3317 3421 quis
3345 3369 3551 3423 eorum,

1967 3440 2033 3479 an
2063 3436 2319 3498 uterque,
2353 3439 2607 3487 neuterve
2650 3435 2903 3491 mentitus
2931 3438 3019 3492 sit.
3053 3439 3107 3495 Si
3152 3444 3293 3497 enim
3337 3448 3556 3503 menda-

1967 3517 2109 3571 cium
2138 3529 2220 3572 est
2248 3521 2541 3576 enuntiatio
2565 3538 2687 3580 cum
2710 3527 2979 3584 voluntate
3005 3530 3191 3586 falsum
3219 3538 3550 3607 enuntiandi,

1968 3611 2057 3666 ille
2103 3614 2280 3681 potius
2324 3617 2579 3672 mentitus
2609 3621 2809 3689 estqui
2836 3621 3023 3677 falsum
3070 3625 3247 3683 dicere
3287 3630 3471 3698 voluit,
3502 3645 3557 3690 et

1966 3703 2101 3759 dixit
2123 3706 2263 3776 quod
2307 3708 2492 3774 voluit,
2526 3712 2769 3779 quamvis
2794 3728 2861 3768 ne
2889 3714 3096 3771 falleret
3124 3719 3353 3776 dixerit:
3384 3724 3428 3778 si
3456 3740 3553 3781 au-

1966 3806 2073 3852 tem
2100 3799 2435 3855 mendacium
2459 3811 2538 3856 est
2560 3804 2811 3872 quaelibet
2830 3807 3121 3864 enuntiatio
3143 3826 3263 3867 cum
3285 3814 3557 3874 voluntate

1965 3888 2209 3956 fallendi,
2233 3907 2341 3945 non
2368 3892 2478 3956 ille,
2507 3894 2602 3948 sed
2633 3896 2733 3950 iste
2761 3899 3015 3955 mentitus
3042 3912 3143 3966 est,
3170 3904 3259 3973 qui
3285 3906 3444 3962 etiam
3472 3925 3557 3965 ve-

1966 3997 2084 4036 rum
2128 3983 2357 4039 dicendo
2388 3985 2573 4041 fallere
2604 3988 2774 4042 voluit
2802 4006 2815 4042 :
2845 3992 2987 4059 quod
3016 3994 3058 4047 si
3090 3997 3425 4055 mendacium
3472 4013 3554 4058 est

1963 4076 2258 4150 enuntiatio
2302 4091 2425 4131 cum
2471 4077 2744 4134 voluntate
2788 4081 3013 4153 alicujus
3066 4086 3347 4156 falsitatis,
3395 4094 3553 4150 ambo

1962 4168 2172 4223 mentiti
2198 4177 2351 4234 sunt;
2394 4169 2517 4238 quia
2543 4178 2597 4224 et
2623 4170 2713 4225 ille
2737 4186 2889 4227 suam
2917 4178 3333 4236 enuntiationem
3364 4184 3551 4241 falsam

1962 4275 2082 4315 esse
2103 4260 2288 4325 voluit,
2314 4268 2368 4315 et
2387 4259 2489 4315 iste
2508 4261 2575 4316 de
2621 4277 2746 4317 vera
2768 4279 2861 4318 sua
2912 4266 3099 4321 falsum
3144 4272 3290 4325 credi
3340 4276 3545 4330 voluit:

1965 4366 2125 4421 porro
2140 4352 2184 4405 si
2200 4350 2533 4406 mendacium
2552 4361 2633 4407 est
2649 4356 2939 4411 enuntiatio
2951 4356 3144 4414 falsum
3158 4364 3435 4420 enuntiare
3459 4383 3549 4421 vo-

1963 4442 2121 4496 lentis
2152 4440 2391 4506 utfallat,
2417 4450 2607 4498 neuter
2620 4445 2874 4499 mentitus
2903 4456 3005 4514 est;
3025 4449 3146 4517 quia
3172 4460 3226 4505 et
3252 4452 3341 4509 ille
3369 4453 3547 4514 habuit

1962 4539 2289 4593 voluntatem
2309 4538 2498 4593 falsum
2531 4538 2758 4595 dicendo
2779 4555 2962 4597 verum
2984 4545 3393 4615 persuadere,et
3424 4552 3543 4618 iste,

1963 4641 2021 4686 ut
2064 4631 2250 4686 falsum
2294 4632 2667 4700 persuaderet,
2701 4647 2886 4688 verum
2922 4634 3121 4691 dicere.
3175 4639 3361 4695 Aberit
3393 4642 3549 4712 igitur

1963 4722 2137 4777 omnis
2166 4721 2438 4777 temeritas
2480 4730 2637 4793 atque
2680 4739 2840 4779 omne
2868 4726 3219 4796 mendacium,
3253 4733 3299 4785 si
3330 4733 3382 4787 id
3408 4736 3549 4803 quod

1962 4831 2147 4872 verum
2168 4815 2561 4872 credendumve
2584 4817 2949 4887 cognovimus,
2977 4834 3099 4874 cum
3122 4837 3256 4892 opus
3280 4834 3362 4880 est
3380 4842 3550 4883 enun—

1964 4909 2176 4973 tiamus,
2207 4916 2261 4963 et
2289 4908 2342 4962 id
2374 4908 2617 4962 volumus
2660 4909 2982 4979 persuadere
3011 4912 3154 4981 quod
3184 4917 3547 4975 enuntiamus.

1964 5002 2019 5056 Si
2047 5009 2227 5055 autem
2271 5000 2357 5054 vel
2382 5000 2523 5069 quod
2574 4998 2764 5054 falsum
2798 5010 2879 5055 est
2925 5017 3108 5058 verum
3158 5007 3423 5074 putantes,
3470 5012 3551 5066 vel

1963 5092 2104 5162 quod
2150 5091 2475 5161 incognitum
2521 5100 2603 5145 est
2644 5092 2797 5147 nobis
2834 5108 2929 5162 pro
2958 5096 3171 5164 cognito
3208 5098 3465 5154 habentes
3509 5105 3549 5167 ¹,

1964 5187 2048 5241 vel
2077 5185 2217 5256 quod
2246 5184 2569 5239 credendum
2618 5200 2721 5238 non
2749 5194 2831 5239 est
2874 5186 3175 5251 credentes,
3209 5191 3291 5243 vel
3338 5204 3456 5246 cum
3500 5192 3549 5246 id

1966 5295 2071 5334 non
2101 5293 2236 5347 opus
2264 5287 2346 5331 est
2374 5277 2713 5331 enuntiantes
2738 5318 2752 5339 ,
2784 5286 2959 5332 tamen
3007 5294 3111 5334 non
3139 5281 3280 5336 aliud
3308 5299 3466 5353 quam
3500 5287 3549 5339 id

1963 5371 2104 5443 quod
2158 5370 2495 5425 enuntiamus
2541 5368 2863 5437 persuadere
2910 5385 3196 5437 conamur;
3250 5388 3354 5427 non
3402 5377 3552 5429 abest

1964 5463 2177 5535 quidem
2223 5460 2534 5515 temeritatis
2583 5476 2734 5515 error
2762 5462 2804 5526 ',
2837 5461 2930 5516 sed
2958 5463 3106 5517 abest
3137 5479 3296 5517 omne
3328 5467 3548 5518 menda-

1965 5558 2127 5612 cium.
2160 5554 2311 5610 Nulla
2348 5554 2489 5609 enim
2524 5552 2892 5608 definitionum
2929 5554 3135 5608 illarum
3169 5556 3398 5609 timenda
3430 5568 3546 5627 est,

1966 5665 2084 5704 cum
2113 5649 2250 5703 bene
2279 5646 2379 5701 sibi
2406 5648 2652 5701 conscius
2678 5655 2757 5699 est
2788 5646 3015 5709 animus,
3047 5645 3147 5701 hoc
3174 5662 3233 5701 se
3271 5650 3550 5707 enuntiare

2032 5765 2046 5795 ¹
2083 5760 2249 5812 Plures
2271 5770 2396 5822 Mss,
2420 5759 2493 5811 vel
2515 5759 2640 5825 quod
2662 5756 2953 5823 incognitmn
2972 5763 3040 5809 est
3054 5758 3187 5810 nobis
3208 5760 3446 5825 cognitum
3462 5761 3551 5813 ha.

2179 5894 2284 5941 Mss.
2312 5893 2367 5937 At
2385 5885 2519 5948 editi,
2538 5881 2780 5941 temerith
2800 5888 2845 5935 et
2877 5896 3032 5934 error.

3036 5966 3309 6052 metu.)
