3930 6368
584 322 685 382 ιθι

582 434 725 510 quod
759 446 942 492 verum
974 443 1093 485 esse
1115 433 1208 482 aut
1234 423 1395 489 novit,
1419 429 1511 477 aut
1526 420 1789 491 opinatur,
1828 425 1919 471 aut
1945 414 2152 478 credit,

587 506 756 601 neque
782 526 914 583 velle
939 520 1138 592 aliquid
1159 559 1177 588 ,
1207 519 1309 573 nisi
1338 515 1477 588 quod
1508 513 1768 576 enuntiat,
1814 506 2152 579 persuadere.

656 597 710 677 Ei.
739 618 842 675 Sed
867 625 1042 671 utrum
1067 613 1136 668 sit
1158 611 1285 665 utile
1301 607 1587 679 aliquando
1609 603 1960 668 mendacium,
1985 597 2156 654 multo

583 711 753 783 major
789 709 1064 780 magisque
1105 701 1404 760 necessaria
1429 699 1652 772 qumstio
1680 707 1782 752 est.
1811 695 1999 750 Utrum
2027 707 2157 760 ergo

583 782 872 859 mentiatur
895 798 1132 869 quisquis
1160 793 1369 849 fallendi
1397 808 1503 846 non
1531 791 1687 844 habet
1707 787 2053 850 voluntatem,
2074 782 2157 836 vel

582 895 742 949 etiam
773 891 824 946 id
869 890 972 960 agit
1013 903 1080 942 ne
1111 885 1318 940 fallatur
1344 883 1429 937 cui
1455 879 1652 974 Μωυἱά
1678 876 1938 939 enuntiat,
1968 889 2156 946 quam-

584 987 664 1040 vis
689 982 1105 1040 enuntiationem
1133 980 1298 1049 ipsam
1331 968 1742 1030 falsam'habcre
1767 970 2013 1032 voluerit,
2039 968 2158 1038 quia

584 1076 706 1130 ideo
733 1075 898 1129 voluit
935 1083 990 1126 nt
1020 1085 1200 1127 verum
1248 1065 1625 1138 persuaderet;
1657 1074 1707 1118 ct
1739 1072 1912 1115 utrum
1941 1059 2162 1113 mentia-

586 1177 675 1223 tur
713 1166 949 1238 quisquis
993 1165 1152 1218 etiam
1182 1177 1365 1215 verum
1398 1160 1580 1212 volens
1606 1156 1847 1210 enuntiat
1876 1167 2035 1206 causa
2061 1151 2158 1203 fal-

587 1259 754 1321 lendi,
786 1255 1008 1312 dubitari
1058 1263 1247 1324 potest.
1277 1252 1441 1306 Nemo
1485 1258 1659 1304 autem
1700 1246 1902 1300 dubitat
1948 1241 2162 1297 mentiri

590 1363 710 1405 cum
738 1348 826 1417 qui
856 1346 1037 1401 volens
1065 1345 1248 1398 falsum
1277 1342 1513 1396 enuntiat
1549 1353 1705 1392 causa
1744 1333 1958 1392 fallendi
1989 1353 2000 1388 :
2031 1347 2162 1402 qua-

591 1448 812 1512 propter
837 1439 1246 1494 enuntiationem
1279 1435 1456 1488 falsam
1484 1427 1957 1486 cumvoluutatead
1972 1426 2163 1480 fallen-

591 1531 716 1584 dum
745 1531 1024 1600 prolatam,
1059 1525 1394 1580 manifestum
1422 1532 1503 1577 est.
1529 1538 1647 1576 esse
1677 1519 2028 1573 mendacium.
2057 1515 2165 1570 Sed

592 1635 772 1679 utrum
805 1631 904 1677 hoc
930 1622 1098 1675 solum
1129 1620 1196 1673 sit
1223 1616 1576 1680 mendacium,
1607 1615 1707 1666 alia
1737 1611 1962 1684 qumstio
1989 1617 2091 1663 est.

520 1697 524 1701 1
661 1713 886 1770 CAPUT
925 1713 987 1768 ν.
1039 1743 1110 1752 -
1152 1710 1338 1778 Opinio
1381 1710 1634 1778 affirmans
1677 1702 2015 1757 mentiendum
2060 1716 2166 1754 esse

561 1815 971 1874 'nonnunquam.
999 1800 1184 1872 Opinio
1213 1815 1400 1869 negans
1430 1813 1535 1851 esse
1562 1810 1779 1865 unquam
1805 1789 2162 1845 mentiendum.

591 1895 841 1964 Exempla
886 1909 975 1964 pro
999 1891 1256 1945 mmducio
1283 1906 1346 1943 ea:
1382 1887 1548 1942 Veteri
1566 1885 1881 1940 Testamento
1906 1880 2064 1935 allata
2089 1880 2167 1932 di-

589 1989 889 2041 scutiuntur.
921 1981 1197 2037 Mentiendi
1240 1977 1522 2048 exeruplum
1561 1991 1623 2030 ea:
1663 1972 1979 2028 Testamento
2020 1969 2167 2024 Novo

591 2077 790 2129 nullum
830 2082 1109 2143 suppetere.
1141 2069 1394 2125 Timothei
1429 2067 1744 2121 circumcisio
1769 2082 1869 2118 non
1896 2080 1982 2133 per
2010 2063 2167 2116 sintu-

551 2168 828 2223 "lationem
859 2167 1012 2238 facta.
1049 2160 1226 2216 Petrus
1266 2160 1472 2214 libenter
1491 2168 1738 2214 correctus
1776 2174 1807 2210 a
1850 2153 2032 2209 Paulo.
2063 2154 2168 2207 Au-

591 2255 872 2318 ctoritatem
897 2257 1168 2314 mentiendi
1207 2272 1308 2310 non
1352 2255 1512 2326 magis
1545 2252 1821 2306 communis
1866 2251 1980 2303 vitm
2016 2266 2168 2321 quant

546 2384 552 2390 ι
595 2357 977 2428 Scripturarum
1022 2351 1262 2421 exemplis
1299 2349 1460 2402 nstrui
1504 2363 1667 2417 posse.
1701 2343 1915 2398 Interim
1959 2341 2026 2396 de
2068 2341 2169 2395 hoc

591 2465 822 2521 genere,
873 2448 926 2500 in
973 2444 1111 2516 quod
1160 2457 1346 2498 omnes
1393 2439 1750 2504 consentiunt,
1801 2435 2166 2508 inquiramus:

596 2550 776 2596 utrum
822 2537 1106 2607 aliquando
1151 2537 1220 2591 sit
1263 2533 1388 2588 utile
1434 2532 1621 2586 falsum
1665 2528 1862 2598 aliquid
1891 2527 2169 2582 enuntiare

593 2645 717 2684 cum
746 2630 1015 2683 voluntate
1046 2625 1278 2682 fallendi.
1307 2623 1438 2679 Nam
1469 2622 1558 2692 qui
1595 2621 1696 2674 hoc
1721 2620 1978 2684 sentiunt,
2011 2617 2167 2671 adhi-

596 2723 724 2779 bent
763 2720 1062 2776 testimonia
1095 2717 1373 2776 sententia:
1403 2732 1534 2780 suae,
1566 2721 2043 2768 commemorantes
2073 2708 2171 2765 Sa-

597 2829 713 2868 ram
749 2827 867 2868 cum
912 2811 1136 2872 risisset.
1165 2808 1367 2879 angelis
1395 2821 1619 2877 negasse
1645 2803 1783 2874 quod
1813 2804 1990 2858 riserit
2015 2801 2167 2874 (Gen.

595 2917 747 2984 xvnl,
777 2904 897 2973 15);
933 2900 1095 2958 Jacob
1133 2915 1162 2952 a
1210 2909 1357 2970 patre
1404 2899 1804 2966 interrogatum,
1834 2894 2172 2970 respondisse

598 2994 740 3064 quod
767 2995 879 3064 ipse
904 3003 1046 3048 esset
1075 2992 1214 3045 Esau
1237 2991 1408 3060 major
1429 2989 1568 3042 ﬁlius
1590 2987 1707 3058 ejus
1729 2986 1842 3058 (Id.
1866 3003 2030 3054 xxvn,
2059 2987 2168 3059 l9);

598 3085 874 3156 Egyptias
898 3099 1108 3154 quoque
1133 3082 1466 3144 obstetrices,
1498 3096 1563 3134 ne
1591 3079 1818 3134 infantes
1845 3078 2053 3133 llebrcei
2075 3093 2172 3132 na-

596 3187 808 3231 scentes
835 3177 1290 3240 interﬁcerentur,
1321 3174 1480 3228 etiam
1514 3171 1626 3226 Deo
1652 3170 1982 3244 approbante
2007 3178 2060 3224 et
2085 3185 2174 3225 re-

598 3279 910 3323 munerante
936 3268 1183 3323 mentitas
1209 3264 1399 3336 (Exod.
1428 3282 1464 3328 ι,
1497 3264 1582 3330 l9,
1611 3264 1701 3336 20)
1731 3273 1819 3331 ;et
1846 3265 2009 3318 multa
2033 3264 2175 3334 ejus-

599 3359 746 3414 modi
789 3361 1030 3429 excmpla
1074 3361 1351 3428 ellgentes,
1383 3374 1566 3412 eorum
1598 3357 1871 3415 hominum
1900 3356 2175 3410 n'teudacia

597 3459 1042 3517 commemorant,
1089 3466 1222 3519 quos
1258 3449 1475 3518 culpare
1519 3463 1624 3501 non
1673 3448 1891 3510 audeas,
1921 3455 2078 3518 atque
2104 3447 2178 3500 ita

598 3541 816 3596 fatearis
857 3541 1143 3611 aliquando
1187 3555 1307 3594 esse
1347 3553 1504 3608 posse
1550 3552 1655 3590 non
1701 3538 1869 3590 solum
1898 3536 2178 3607 reprehen-

604 3635 756 3688 sione
799 3650 903 3686 non
953 3633 1192 3702 dignum,
1221 3631 1314 3684 sed
1347 3630 1504 3684 etiam
1535 3629 1749 3700 dignum
1777 3628 1930 3682 laude
1959 3628 2177 3682 menda-

603 3723 770 3777 cium.
803 3722 1019 3775 Adduut
1063 3723 1244 3785 etiam,
1276 3735 1380 3789 quo
1412 3733 1516 3772 non
1547 3720 1690 3772 solos
1720 3726 1961 3792 premant
1987 3718 2178 3774 divinis

607 3812 782 3867 Libris
811 3810 1038 3874 deditos,
1067 3810 1158 3864 sed
1186 3811 1345 3864 etiam
1375 3824 1561 3863 omnes
1592 3808 1832 3862 homines
1859 3823 2177 3879 sensumque

603 3898 1350 3966 communem,dicentes:>fi
1398 3897 1516 3967 quis
1559 3897 1624 3950 ad
1677 3907 1726 3952 te
1769 3899 2054 3970 confugiat,
2090 3900 2178 3967 qui

601 3993 886 4049 mendacio
914 4000 1002 4045 tuo
1031 3991 1196 4060 possit
1226 4006 1254 4043 a
1280 3998 1453 4044 morte
1479 3989 1715 4055 liberari,
1747 4007 1852 4043 non
1902 4006 1959 4046 es
1989 3991 2182 4044 menti-

605 4083 792 4136 turus?
812 4080 869 4136 Si
894 4080 1092 4150 aliquid
1121 4089 1350 4151 aegrotus
1375 4081 1663 4150 interroget
1682 4079 1822 4150 quod
1846 4080 1893 4133 ei
1918 4079 2055 4138 scire
2073 4095 2178 4134 non

603 4175 840 4244 expedit,
869 4174 960 4244 qui
986 4174 1143 4228 etiam
1177 4183 1227 4228 te
1256 4188 1358 4227 non
1387 4172 1743 4242 respondente
1769 4172 1934 4242 possit
1967 4173 2178 4244 gravius

602 4266 799 4338 afﬂigi;
834 4267 1121 4321 audebisne
1147 4277 1236 4319 aut
1257 4281 1437 4319 verum
1467 4265 1644 4319 dicere
1672 4265 1724 4318 in
1757 4265 2044 4334 perniciem
2079 4264 2178 4318 ho-

604 4360 782 4425 minis,
814 4368 903 4413 aut
941 4359 1099 4413 silere
1127 4359 1300 4427 potius
1326 4373 1480 4427 quam
1513 4357 1739 4410 honesto
1767 4365 1820 4410 et
1849 4355 2179 4410 misericordi

602 4450 883 4506 mendacio
909 4449 1200 4505 valetudini
1227 4450 1341 4517 ejus
1366 4447 1656 4518 opitulari?
1685 4447 1779 4501 His
1799 4455 1954 4518 atque
1987 4447 2179 4501 talibus

603 4541 972 4610 capiosissime
1001 4555 1059 4595 se
1085 4540 1411 4595 arbitrantur
1441 4553 1651 4608 urgere,
1690 4547 1746 4592 ut
1789 4538 1832 4592 si
1869 4537 2176 4592 consulendi

605 4645 766 4686 causa
793 4631 976 4698 exigit,
1005 4630 1288 4699 aliquando
1311 4629 1648 4683 mentiamur.

673 4721 728 4776 6.
758 4721 976 4784 Contra,
1001 4720 1071 4774 illi
1093 4720 1284 4790 quibus
1307 4720 1480 4787 placet
1506 4734 1770 4789 nunquam
1793 4718 2176 4784 mentiendum,

607 4810 777 4866 mtdto
817 4808 1011 4864 fortius
1037 4816 1219 4880 agunt,
1251 4818 1462 4864 utentes
1497 4809 1667 4877 primo
1696 4810 2011 4864 auctoritate
2039 4809 2177 4863 divi-

609 4917 699 4968 na,
727 4901 979 4972 quoniam
1016 4900 1069 4955 in
1094 4901 1226 4970 ipso
1269 4901 1528 4969 Decalogo
1557 4901 1809 4970 scriptum
1837 4910 1938 4967 est,
1969 4899 2180 4955 Falsum

608 4994 946 5049 testimonium
985 5007 1051 5047 ne
1092 4991 1232 5046 dicas
1265 4990 1373 5061 (Id.
1395 5007 1494 5058 xx,
1527 4991 1648 5063 16);
1682 5006 1787 5061 quo
1813 5006 2008 5061 genere
2035 5007 2180 5046 com-

607 5083 858 5155 plectitur
901 5097 1062 5138 omne
1103 5081 1478 5137 mendacium:
1505 5082 1742 5152 quisquis
1790 5083 1929 5137 enim
1981 5083 2179 5153 aliquid

607 5175 868 5239 ettuutiat,
897 5173 1256 5229 testimonium
1297 5173 1540 5242 perhibet
1581 5173 1758 5227 animo
1805 5187 1921 5226 suo.
1965 5173 2070 5228 Sed
2113 5189 2182 5230 ne

607 5267 729 5335 quis
752 5265 1036 5320 contendat
1057 5280 1162 5319 non
1190 5278 1348 5318 omne
1371 5264 1700 5318 mendacium
1726 5262 1912 5318 falsum
1936 5265 2180 5318 testimo-

609 5355 755 5410 nium
782 5369 901 5409 esse
929 5354 1333 5424 appellandum;
1363 5355 1486 5424 quid
1510 5355 1746 5408 dicturus
1773 5363 1851 5408 cst
1874 5355 1938 5408 ad
1965 5355 2014 5408 id
2038 5356 2179 5426 quod

607 5449 864 5516 scriptum
893 5456 993 5509 est,
1024 5447 1097 5500 οε
1121 5445 1257 5516 quod
1293 5447 1528 5499 mentitur
1568 5445 1746 5498 occidit
1776 5447 1994 5499 animam
2023 5447 2179 5516 (ειη).

605 5541 813 5613 1,“)?
859 5541 999 5610 quod
1052 5555 1117 5593 ne
1147 5541 1264 5610 quis
1309 5541 1595 5593 arbitretur
1633 5542 1866 5608 exceptis
1920 5541 2181 5608 aliquibus

609 5632 991 5687 mentientibus
1041 5647 1195 5702 posse
1237 5631 1476 5701 intelligi,
1510 5631 1617 5683 alio
1656 5631 1773 5684 loco
1799 5632 1954 5701 legat,
1989 5630 2180 5686 Perdes

601 5739 778 5781 omna
827 5726 914 5795 qui
957 5726 1229 5796 loquuntur
1276 5723 1592 5779 mendacium
1617 5721 1785 5794 (Psal.
1828 5739 1883 5791 v,
1912 5722 1987 5794 7).
2027 5724 2185 5782 Unde

1705 305 1791 360 DE
1830 299 2194 366 arenosum,
2236 295 2292 352 s.
2335 297 2699 356 AUGUSTINI
3652 309 3733 371 ειη

2265 428 2358 467 ore
2384 427 2479 466 suo
2509 413 2623 482 ipse
2646 409 2934 468 Dominus:
2958 410 3056 475 Sit,
3083 412 3267 481 inquit,
3294 413 3344 466 in
3366 429 3443 470 ore
3462 424 3614 482 vestro,
3646 417 3728 488 Eu,

2266 514 2372 569 est;
2398 504 2540 571 Non,
2569 522 2670 560 non
2697 521 2714 560 :
2751 504 2883 573 quod
2926 514 3090 558 autent
3133 505 3342 574 amplius
3381 516 3462 568 est,
3488 526 3517 561 a
3541 510 3652 569 mals
3679 524 3729 568 est

2267 595 2476 670 (Matth.
2505 613 2558 662 v,
2588 595 2697 666 57).
2731 595 2862 649 llinc
2878 603 2935 655 et
2962 595 3240 663 ApoStolus
3265 611 3376 650 cum
3401 599 3727 658 exuendunne-

2267 697 2435 744 terem
2468 687 2740 741 hominem
2771 687 3098 758 prmciperet,
3125 702 3228 759 quo
3255 689 3452 744 nomine
3473 694 3621 747 omnia
3639 709 3736 765 pec-

2267 789 2382 833 cata
2405 779 2791 848 intelliguntur,
2810 787 3191 850 consequenter
3209 779 3297 841 ait,
3319 778 3368 833 in
3390 780 3550 848 primis
3569 798 3730 851 ῃοιιθηε,

2273 872 2589 941 Quapropter
2609 870 2908 949 deponenles
2935 869 3264 938 mendacium,
3294 869 3527 939 loquimini
3546 875 3734 930 veritatem

2271 959 2480 1036 (Ep/tes.
2507 979 2577 1026 tv,
2604 962 2719 1031 25).

2340 1055 2391 1107 7.
2417 1053 2524 1108 Nec
2553 1055 2653 1107 illis
2691 1069 2807 1123 qure
2851 1051 2917 1107 de
2949 1051 3216 1107 veteribus
3237 1051 3402 1106 Libris
3425 1052 3733 1110 mendaciorum

2270 1147 2508 1216 exempla
2541 1146 2739 1218 prolata
2766 1152 2907 1211 sunt,
2933 1145 3116 1199 terreri
3141 1160 3198 1200 se
3224 1144 3431 1208 dicunt;
3459 1147 3533 1200 ubi
3552 1147 3737 1216 quidquid

2270 1250 2475 1315 gestum
2525 1247 2627 1301 est,
2658 1239 2874 1306 ﬁgurate
2919 1236 3085 1306 accipi
3127 1245 3316 1306 potest,
3359 1237 3571 1306 quamvis
3611 1254 3738 1294 revera

2270 1329 2856 1404 contigerit:quidquid
2901 1337 3076 1385 autem
3123 1328 3339 1398 ﬁgurate
3383 1328 3435 1382 ﬁt
3474 1338 3552 1382 aut
3584 1329 3734 1394 dicitur,

2271 1437 2377 1476 non
2421 1431 2501 1478 est
2549 1420 2900 1476 mendacium.
2931 1417 3116 1474 Omnis
3155 1420 3293 1472 enim
3332 1419 3606 1484 enuntiatio,
3632 1419 3738 1476 adid

2272 1512 2413 1584 quod
2453 1513 2710 1574 enuntiat,
2741 1509 3015 1564 referenda
3057 1519 3156 1566 est.
3185 1509 3350 1564 Onmc
3387 1518 3544 1564 autem
3587 1509 3738 1580 ﬁgurate

2272 1612 2361 1658 aut
2400 1603 2592 1658 factum
2637 1612 2726 1657 aut
2762 1601 2960 1655 dictum
2991 1600 3094 1656 hoc
3130 1602 3364 1658 enuntiat
3398 1600 3522 1671 quod
3555 1601 3738 1670 signiﬁcat

2273 1699 2349 1753 eis
2374 1698 2563 1768 qmbus
2593 1697 2990 1766 intelligendum
3023 1696 3282 1765 prolatum
3308 1703 3406 1750 est.
3434 1691 3564 1752 Unde
3584 1694 3738 1748 creden-

2273 1791 2398 1848 dum
2421 1801 2500 1844 est
2527 1790 2644 1844 illos
2679 1790 2919 1843 homines
2958 1788 3046 1858 qui
3076 1787 3391 1858 pmpheticis
3415 1786 3739 1856 temporibusdi-

2273 1883 2361 1954 gni
2402 1883 2713 1936 auctoritate
2762 1883 2922 1936 fuisse
2971 1887 3465 1942 couunemorautur,
3493 1878 3632 1932 omnia
3664 1892 3739 1946 qua

2275 1977 2468 2048 scripta
2499 1983 2623 2028 sunt
2658 1973 2723 2027 de
2765 1973 2884 2035 illis,
2916 1971 3226 2048 prOphctice
3252 1969 3467 2040 gessisse
3489 1978 3616 2038 atque
3630 1968 3739 2021 dixis-

2275 2080 2333 2120 se
2359 2084 2370 2118 :
2396 2079 2493 2118 nec
2527 2065 2700 2118 minus
2740 2063 3045 2132 prOphetice
3090 2061 3169 2114 eis
3199 2059 3464 2125 accidisse,
3487 2070 3741 2128 quacumque

2275 2158 2351 2214 sic
2377 2157 2699 2222 acciderunt,
2729 2164 2784 2209 ut
2810 2153 2996 2208 eodem
3025 2153 3335 2224 prephetico
3357 2151 3536 2223 Spiritu
3553 2149 3742 2205 memoria

2275 2249 2569 2322 litterisque
2603 2247 2896 2302 mandanda
2936 2247 3319 2316 judicarcnlur.
3352 2245 3420 2300 De
3463 2240 3740 2297 obstetricibus

2275 2348 2473 2405 autem,
2501 2339 2620 2409 quia
2653 2355 2757 2392 non
2797 2353 2888 2392 eas
2927 2346 3150 2408 possunt
3195 2336 3367 2391 dicere
3395 2333 3650 2404 prophetico
3667 2329 3742 2399 Spi-

2274 2434 2378 2489 ritu
2409 2433 2737 2503 signiticandi
2779 2432 2937 2487 futuri
2979 2433 3088 2486 veri
3134 2433 3320 2504 gratia,
3352 2431 3482 2488 aliud
3503 2445 3581 2499 pro
3599 2429 3673 2482 alio
3690 2441 3742 2480 re-

2277 2527 2548 2585 nuntiasse
2574 2525 2858 2588 Pharaoni,
2882 2527 3087 2581 etiamsi
3116 2526 3311 2595 aliquid
3340 2526 3460 2596 ipsis
3477 2520 3741 2580 nescientibus

2277 2616 2418 2692 quod
2470 2634 2562 2687 per
2599 2631 2688 2671 cas
2735 2627 2910 2674 actum
2949 2627 3030 2671 est
3070 2619 3402 2687 signiﬁcavit,
3433 2632 3517 2685 pro
3541 2615 3664 2685 gradu
3684 2625 3746 2668 suo

2277 2706 2458 2763 dicunt
2498 2709 2812 2778 approbatas
2861 2718 2914 2764 et
2963 2719 3336 2767 remuneratus
3363 2724 3390 2763 a
3415 2711 3528 2764 Deo.
3552 2706 3629 2774 Qui
3656 2705 3748 2758 eum

2279 2799 2502 2854 nocendi
2527 2816 2683 2854 causa
2707 2801 2917 2854 ruentiri
2944 2801 3100 2867 solet,
3129 2804 3180 2858 si
3199 2803 3306 2872 jam
3326 2799 3628 2858 consulendi‘
3646 2809 3747 2852 causa

2280 2892 2585 2958 mentiatur,
2620 2891 2840 2946 multum
2883 2890 3122 2964 profecit.
3151 2891 3266 2952 Sed
3296 2893 3429 2950 aliud
3461 2900 3531 2946 est
3561 2887 3666 2963 quod
3691 2898 3750 2955 per

2279 2997 2338 3037 se
2368 2983 2538 3058 ipsum
2570 2982 2832 3038 laudabile
2859 2985 3197 3054 proponitur,
3219 2983 3357 3038 aliud
3384 2982 3508 3058 quod
3531 2982 3576 3038 in
3594 2977 3750 3033 deterit).-

2280 3073 2354 3128 ris
2379 3075 2772 3150 cmnparatione
2801 3074 3142 3150 praeponitur.
3182 3076 3346 3130 Aliter
3366 3075 3492 3132 enim
3517 3071 3749 3142 gratulamur

2280 3178 2400 3219 eum
2432 3178 2588 3218 sanus
2617 3173 2698 3218 est
2721 3164 2902 3227 homo,
2944 3165 3096 3219 aliter
3125 3181 3252 3219 cum
3281 3166 3461 3220 melius
3488 3163 3616 3220 habet
3636 3171 3746 3228 aegro-

2281 3263 2385 3331 tus_.
2417 3255 2544 3308 Nam
2572 3254 2623 3310 in
2649 3254 2939 3326 Scripturis
2970 3257 3098 3325 ipsis
3118 3256 3405 3332 justiticata
3437 3256 3574 3309 etiam
3595 3249 3749 3306 Sodoma

2281 3344 2475 3398 dicitur
2501 3344 2551 3398 in
2575 3347 2968 3416 comparatione
2987 3349 3254 3403 scelerum
3277 3347 3443 3422 populi
3463 3345 3594 3402 Israel
3609 3339 3748 3415 (Emi.

2280 3453 2392 3505 XVI,
2422 3438 2533 3508 52).
2561 3439 2629 3493 Ει
2661 3439 2728 3494 ad
2756 3441 2890 3494 hanc
2921 3441 3156 3512 regulam
3192 3443 3417 3513 dirigunt
3441 3441 3590 3495 omnia
3611 3433 3751 3490 menda-

2282 3533 2359 3587 cia
2382 3548 2499 3602 quae
2531 3533 2872 3603 proferuntur
2909 3534 2974 3589 de
3018 3537 3292 3592 veteribus
3325 3533 3508 3602 Libris,
3532 3546 3610 3586 nec
3633 3539 3752 3596 repre-

2284 3625 2448 3680 hensa
2489 3625 2846 3690 inveniuntur,
2879 3628 2960 3681 vel
3002 3627 3326 3700 reprehendi
3374 3643 3470 3684 non
3510 3630 3694 3694 possum.
3719 3623 3752 3668 υί

2284 3725 2375 3769 aut
2418 3716 2592 3770 indole
2636 3718 3023 3785 proﬁcientium
3057 3729 3109 3772 et
3136 3736 3237 3791 spe
3262 3718 3609 3792 approbentur,
3633 3720 3696 3766 aut
3714 3706 3753 3761 si-

2283 3799 2636 3868 gniﬁcationis
2657 3801 2874 3869 alicujus
2895 3817 3050 3856 eausa
3070 3819 3174 3857 non
3196 3806 3302 3858 sint
3327 3803 3525 3861 omnino
3543 3793 3751 3854 mendacia.

2355 3891 2408 3945 8.
2440 3891 2502 3943 Et
2525 3891 2643 3944 ideo
2673 3891 2739 3945 de
2771 3891 2918 3945 libris
2944 3892 3074 3946 Novi
3105 3893 3448 3960 Testamenti,
3471 3888 3661 3960 exceptis
3678 3884 3754 3951 “gu'

2283 3983 2414 4035 ratis
2455 3982 2926 4051 signiﬁcationibus
2976 3985 3209 4055 Domini,
3268 3988 3310 4040 si
3363 3987 3511 4040 vitam
3557 3987 3754 4043 IllurcS'lllle

2285 4082 2588 4128 sanctorum
2617 4085 2668 4127 et
2695 4073 2831 4129 facta
2849 4091 2912 4130 ac
2931 4076 3067 4130 dicta
3093 4079 3420 4146 consideres,
3450 4075 3562 4131 nihil
3585 4071 3662 4126 tale
3680 4080 3747 4138 tW

2285 4162 2409 4217 ferri
2439 4171 2633 4232 potest,
2652 4164 2791 4234 quod
2813 4165 2877 4217 ad
2902 4165 3250 4223 imitationem
3273 4178 3512 4240 provocet
3531 4155 3754 4218 incutiendi.

2283 4254 2562 4309 Simulatio
2587 4271 2818 4326 namque
2845 4257 2986 4311 Petri
3012 4268 3066 4312 et
3094 4259 3352 4314 Barnabas
3379 4276 3476 4314 non
3501 4257 3640 4311 solum
3659 4262 3756 4305 ειιιιὶ·

2286 4359 2594 4413 memorata,
2625 4365 2807 4404 verum
2839 4353 2996 4406 ρῑὶίιιη
3048 4357 3373 4424 reprehensa
3418 4364 3560 4422 atque
3593 4350 3759 4402 ευηερω

2285 4452 2367 4497 est
2390 4441 2583 4515 (Colat.
2615 4459 2671 4507 ιι,
2702 4443 2787 4508 12,
2824 4444 2935 4513 15).
2966 4445 3082 4500 Non
3110 4429 3275 4512 enim,
3300 4456 3355 4501 ut
3380 4443 3593 4501 nonnulli
3617 4440 3756 4510 putanb

2278 4548 2349 4588 ex
2375 4535 2561 4588 eadem
2583 4535 2918 4590 simulatione
2947 4538 3105 4592 etiam
3137 4539 3332 4595 Paulus
3358 4537 3602 4610 apostolus
3623 4525 3760 4582 κωτι-

2282 4627 2554 4681 motheum
2596 4627 2955 4695 circumcidit,
2981 4639 3071 4684 aut
3100 4632 3212 4701 ipse
3240 4632 3473 4704 qumdam
3499 4629 3586 4683 ritu
3609 4618 3760 4678 Judaico

2285 4728 2615 4772 sacramenta
2657 4719 2942 4774 celebravit
2969 4722 3082 4790 (u);
3112 4723 3205 4777 sed
3242 4740 3305 4778 ex
3352 4723 3434 4776 illa
3461 4721 3665 4774 libertate
3685 4723 3764 4762 εεη·

2286 4811 2468 4867 tentiae
2513 4825 2644 4876 sum,
2682 4827 2783 4879 qua
2829 4812 3136 4880 praedicavit
3179 4831 3275 4869 nec
3304 4813 3545 4869 Gentibus
3583 4801 3764 4876 prodesse

2285 4905 2765 4970 circumcisionem,
2791 4920 2891 4960 nec
2933 4905 3132 4961 Judaeis
3174 4909 3382 4963 obesse.
3415 4903 3553 4961 Unde
3578 4913 3654 4953 nec
3689 4892 3766 4944 illos

2287 4997 2655 5067 astringendos
2683 4996 2748 5050 ad
2779 4977 3218 5053 consuetudinem
3244 5000 3554 5062 Judmorum,
3581 5004 3657 5045 nec
3689 4984 3766 5036 ἱιιυε

2286 5102 2318 5142 a
2350 5098 2562 5158 paterna
2607 5089 2954 5144 deterrendos
2998 5093 3223 5146 censuit.
3253 5090 3402 5147 Unde
3427 5089 3509 5144 illa
3531 5081 3663 5140 verba
3694 5073 3766 5140 ei)”

2286 5190 2446 5235 sunt:
2470 5179 2803 5236 Circumcisus
2832 5184 2942 5250 quis
2974 5195 3176 5237 vocatus
3214 5185 3326 5239 est?
3353 5200 3448 5236 non
3472 5179 3656 5232 adducat
3679 5179 3764 5237 prd"

2288 5273 2502 5341 putium.
2529 5271 2593 5324 In
2625 5274 2870 5341 pra’putio
2895 5276 3003 5336 quis
3023 5285 3226 5328 vocatus
3252 5274 3366 5328 est?
3395 5289 3489 5325 non
3513 5257 3768 5322 circumridu-

2289 5373 2389 5417 tur.
2417 5363 2736 5416 Circumcisio
2781 5365 2907 5417 nihil
2949 5375 3039 5430 est,
3072 5375 3117 5418 et
3145 5366 3441 5436 prrrputium
3470 5359 3582 5413 nihil
3616 5353 3767 5412 enim

2289 5459 2561 5511 observatio
2593 5458 2946 5511 mandatorum
2974 5458 3085 5511 Dei.
3132 5458 3476 5526 Unusquisque
3497 5457 3543 5506 in
3565 5465 3646 5521 qua

2353 5615 2370 5646 ⁸
2413 5613 2496 5663 llic
2533 5613 2582 5662 in
2607 5613 2750 5662 editis
2783 5612 3002 5673 additur,
3036 5613 3108 5664 uel
3150 5610 3429 5678 proﬁciendi
3447 5623 3464 5671 ;
3495 5603 3605 5670 quod
3643 5609 3665 5649 a
3694 5593 3769 5645 MSS.

2287 5675 2442 5801 “isi.
2457 5740 2785 5801 Hieronymus,
2813 5737 3012 5803 cpistola
3034 5740 3096 5789 75
3113 5741 3239 5789 inter
3254 5735 3609 5801 Augustalium
3628 5738 3668 5774 η.
3680 5713 3771 5770 Ὴί.
