3930 6368
209 312 303 377 ωδ

217 432 331 485 tione
352 433 532 482 vocatus
556 431 654 491 est,
678 423 735 480 in
773 440 831 479 ea
867 432 1160 495 permaneat
1190 424 1229 497 (Ι
1255 424 1372 481 Cor.
1402 440 1496 491 vn,
1523 422 1741 492 18-90).

222 521 448 597 ﬂuomodo
470 519 610 573 enim
637 527 800 587 potest
818 518 1011 572 adduci
1042 519 1355 587 prreputium
1386 517 1523 587 quod
1555 517 1746 588 praeci-

214 631 310 669 sum
330 611 435 665 est?
456 610 554 664 Sed
596 627 701 663 non
730 609 947 669 adducat
978 608 1128 675 dixit,
1162 625 1263 663 non
1307 609 1377 662 ita
1407 610 1561 673 vivat,
1596 608 1746 679 quasi

210 704 479 777 prteputium
506 700 815 763 adduxerit;
851 700 905 754 id
951 709 1051 765 est,
1083 700 1231 771 quasi
1275 700 1325 752 in
1372 715 1487 754 eam
1539 708 1742 793 partem

208 810 335 866 quam
370 793 592 858 nudavit,
638 808 817 847 rursus
865 801 1075 860 tegmen
1127 791 1303 847 carnis
1351 791 1667 853 attraxerit,
1695 798 1749 845 et

210 888 327 960 quasi
352 884 550 941 ludzeus
596 901 721 939 esse
765 884 1026 939 destiterit
1060 901 1073 934 :
1112 883 1408 954 sicut_alibi
1448 884 1597 949 dicit,
1630 882 1745 937 Cir-

207 981 403 1034 cuutcisio
422 989 504 1031 tua
528 978 839 1049 praeputium
858 982 997 1045 facta
1020 986 1090 1028 est
1120 974 1294 1048 (Rom.
1326 992 1381 1036 ll,
1410 975 1523 1047 25).
1550 975 1617 1031 Ει
1646 975 1746 1029 hoc

207 1088 290 1127 non
315 1084 537 1145 tanquam
568 1084 768 1138 cogens
795 1067 931 1121 dixit
960 1068 1267 1137 Apostolus,
1297 1076 1387 1119 aut
1419 1066 1538 1121 illos
1565 1082 1747 1120 mune-

205 1180 251 1218 ne
274 1164 317 1217 in
340 1164 601 1231 pﬁcpttlio,
633 1159 976 1229 authudaeos
1024 1159 1073 1212 in
1117 1158 1506 1214 consuetudine
1534 1168 1742 1229 patrum

201 1269 380 1313 auorum
410 1271 421 1307 :
449 1252 539 1308 sed
573 1261 627 1305 ut
656 1252 831 1306 neutri
860 1251 910 1305 in
940 1250 1162 1307 alteram
1186 1252 1558 1320 euge-rentur‘;
1594 1260 1745 1321 pote-

199 1358 357 1402 statem
391 1357 556 1400 autem
586 1345 813 1403 haberet
847 1345 1071 1415 quisque
1102 1344 1351 1399 manendi
1402 1345 1452 1399 in
1492 1360 1585 1397 sua
1616 1360 1742 1398 con-

200 1439 455 1503 sueuidine.
492 1454 595 1493 non
646 1439 1036 1493 necessitatem.
1068 1436 1246 1507 Neque
1295 1437 1438 1491 enim
1501 1437 1543 1493 si
1587 1437 1744 1491 vellet

199 1528 395 1596 Judzeus,
426 1531 505 1583 ubi
540 1530 740 1585 nullum
770 1530 1133 1598 perturbaret,
1164 1526 1418 1583 recedere
1440 1542 1475 1581 a
1504 1527 1743 1583 Judaicis

200 1623 631 1688 observationibus,
667 1622 1041 1691 prohiberetur
1073 1623 1139 1677 ab
1168 1622 1459 1693 Apostolo;
1498 1623 1741 1691 quando-

200 1716 378 1789 quidem
405 1715 671 1771 consilium
701 1715 754 1769 iu
777 1717 858 1769 eis
884 1714 1233 1785 permanendi
1260 1714 1324 1767 ad
1348 1713 1449 1769 hoc
1481 1714 1646 1778 dedit,
1672 1730 1741 1769 ne

198 1810 442 1881 superﬂuis
466 1806 750 1882 perturbati
779 1806 972 1871 Judtei,
1001 1806 1068 1861 ad
1109 1822 1171 1862 ea
1218 1823 1337 1875 qua:
1375 1807 1529 1859 saluti
1562 1815 1741 1863 essent

201 1905 463 1963 necessaria
484 1919 580 1960 non
606 1902 869 1960 venirent.
897 1899 1082 1973 Neque
1123 1900 1191 1955 ab
1228 1898 1321 1955 illo
1361 1900 1742 1970 prohiberetur

200 1996 239 2053 si
260 1995 409 2053 vellet
428 1996 680 2064 quiaiuam
711 1992 1004 2048 Gentilium
1032 1991 1154 2046 ideo
1182 1992 1513 2055 circumcidi,
1542 2000 1601 2045 ut
1636 1990 1739 2046 hoc

208 2086 365 2156 ipsum
394 2084 666 2138 ostenderet
689 2098 788 2137 non
818 2098 879 2138 se
908 2083 1158 2138 detestari
1190 2082 1339 2152 quasi
1371 2082 1609 2149 noxium,
1643 2081 1737 2137 sed

212 2178 536 2235 indiderenter
557 2178 734 2234 habere
761 2188 1016 2247 tanquam
1044 2176 1397 2247 signaculum,
1427 2177 1576 2247 cujus
1599 2177 1741 2231 utili-

210 2279 283 2327 tas
314 2273 410 2340 jam
449 2280 659 2341 tempore
696 2271 1027 2341 printer-issu
1052 2286 1065 2322 :
1090 2285 1198 2324 non
1222 2269 1398 2337 enim,
1431 2269 1476 2323 si
1501 2270 1644 2324 salus
1673 2286 1738 2324 ex

203 2376 261 2419 eo
288 2361 383 2431 jam
408 2364 531 2420 nulla
558 2372 711 2429 esset,
752 2362 914 2419 etiam
964 2361 1184 2419 exitium
1231 2360 1353 2417 inde
1392 2361 1739 2435 metuendum

200 2453 295 2509 fuit.
325 2454 529 2525 ideoque
560 2466 611 2510 et
640 2454 957 2513 Timotheus
986 2469 1107 2522 cum
1146 2455 1197 2509 in
1228 2458 1491 2526 prznputio
1516 2464 1739 2511 vocatus

201 2554 334 2609 esset,
378 2554 532 2599 tamen
570 2547 684 2617 quia
736 2545 807 2600 de
855 2545 1037 2600 Judaaa
1085 2557 1258 2603 matre
1300 2555 1448 2601 ortus
1499 2553 1635 2612 erat,
1684 2554 1740 2602 et

202 2636 439 2692 ostendere
456 2640 679 2708 cognatis
697 2639 817 2692 suis
843 2637 1163 2692 debebatad
1186 2653 1278 2692 eos
1300 2637 1735 2703 lucrifaciendos,

202 2742 286 2778 non
312 2726 397 2781 hoc
420 2745 471 2783 se
492 2729 739 2783 didicisse
796 2730 846 2782 in
893 2729 1172 2800 disciplina
1214 2730 1524 2797 christiana,
1559 2739 1617 2784 ut
1648 2731 1738 2787 illa

207 2831 473 2875 sacramenta
511 2840 622 2894 qmc
667 2824 834 2897 Legis
866 2824 1061 2878 veteris
1091 2833 1270 2879 essent
1312 2824 1735 2893 abominaretur,

209 2913 485 2969 circumcisus
523 2927 599 2971 est
624 2918 693 2975 ab
721 2920 986 2989 Apostolo
1017 2917 1149 2989 (Act.
1178 2935 1288 2988 xvr,
1315 2921 1337 2972 1
1366 2930 1411 2973 et
1434 2920 1487 2990 3)
1513 2936 1527 2972 :
1552 2928 1609 2975 ut
1636 2920 1737 2976 hoc

210 3006 341 3059 modo
370 3006 771 3065 demonstrarent
796 3012 816 3041 ²
861 3010 1081 3076 Jutlwis,
1113 3025 1217 3063 non
1258 3011 1376 3066 ideo
1405 3010 1603 3067 Gentes
1630 3027 1737 3067 non

208 3112 261 3153 ea
285 3100 519 3169 Suscipere,
544 3105 662 3175 quia
694 3104 842 3161 mala
876 3112 998 3160 sunt
1030 3113 1082 3159 et
1115 3105 1411 3174 perniciose
1437 3122 1465 3159 a
1497 3105 1736 3177 patribus

207 3188 566 3259 observata;sed
598 3198 724 3271 quia
768 3194 881 3264 jam
924 3196 1079 3249 saluti
1127 3211 1232 3250 non
1276 3198 1574 3251 necessaria
1618 3208 1738 3269 post

202 3282 430 3339 adventum
458 3290 573 3342 tanti
602 3289 958 3354 sacramenti,
992 3289 1132 3359 quod
1169 3304 1260 3358 per
1292 3299 1398 3345 tam
1428 3291 1579 3362 longa
1601 3301 1738 3345 tetu-

200 3392 302 3448 pora
330 3388 417 3432 tota
446 3392 583 3439 vetus
613 3385 702 3438 illa
737 3383 1015 3452 Scriptura
1048 3385 1375 3453 prOpheticis
1406 3383 1737 3455 ﬁgurationi-

202 3466 283 3522 bus
319 3473 574 3537 parturivit.
621 3474 767 3529 Nam
818 3484 872 3528 et
916 3474 1092 3530 Titum
1135 3476 1561 3539 circumcideret,
1611 3492 1733 3531 cum

204 3559 290 3617 hoc
310 3576 516 3637 urgerent
537 3568 747 3632 Judzci,
795 3568 894 3622 nisi
940 3569 1328 3625 subintroducti
1376 3567 1494 3623 falsi
1541 3570 1733 3623 fratres

202 3651 305 3707 ideo
343 3656 437 3711 ﬁeri
463 3662 658 3721 vellent.
706 3668 773 3714 nt
810 3659 1069 3716 baberent
1114 3661 1253 3732 quod
1295 3662 1365 3719 de
1414 3663 1527 3735 ipso
1568 3662 1733 3717 Paulo

196 3743 560 3821 disseminarent,
591 3764 854 3823 tauquam
894 3770 1080 3808 eorum
1112 3756 1323 3811 veritati
1367 3757 1611 3824 cesserit,
1642 3756 1734 3829 qui

194 3852 313 3911 spem
336 3845 495 3899 salutis
514 3847 841 3917 evangelica:
864 3847 914 3900 in
937 3848 1343 3903 circumcisione
1368 3850 1546 3903 carnis
1576 3859 1735 3918 atque

196 3930 405 3998 ejusmodi
438 3938 909 3993 observationibus
949 3954 1068 3993 esse
1115 3939 1494 4010 praedicarent,
1527 3950 1581 3993 et
1619 3940 1735 3995 sine

198 4018 265 4074 his
294 4029 457 4082 nemini
497 4028 776 4085 Christum
819 4030 1076 4101 prodeSse
1117 4032 1501 4085 contenderent
1532 4029 1731 4103 (Galut.

194 4128 241 4177 ti,
264 4116 306 4183 5,
330 4120 373 4189 l)
396 4138 537 4176 :cum
568 4134 766 4179 contra
796 4123 926 4178 nihil
956 4123 1239 4193 prodesset
1268 4123 1517 4178 Christus
1540 4125 1619 4178 eis
1643 4124 1734 4193 qui

193 4222 244 4264 eo
265 4213 412 4268 animo
430 4217 969 4285 circumcidereutur,
996 4228 1053 4269 ut
1079 4217 1149 4270 ibi
1177 4230 1297 4271 esse
1324 4216 1551 4269 salutem
1578 4224 1734 4286 puta-

190 4312 303 4369 rent;
325 4308 447 4363 unde
473 4320 554 4364 est
582 4309 743 4373 illud,
778 4307 909 4364 Ecce
948 4326 1037 4380 ego
1070 4306 1266 4364 Paulus
1288 4307 1402 4361 dico
1429 4308 1585 4373 vobis,
1616 4309 1736 4380 quia

190 4392 223 4442 ti
242 4395 657 4467 circumcidamini,
688 4399 921 4455 Christus
966 4401 1093 4453 nihil
1126 4400 1263 4454 vobis
1288 4399 1513 4471 proderit
1544 4398 1654 4471 (Id.
1680 4416 1733 4469 v,

190 4480 331 4551 3).Ex
356 4488 445 4545 hac
484 4491 645 4561 igitur
690 4492 938 4547 libertate
979 4491 1178 4547 Paulus
1216 4502 1466 4564 paternas
1494 4492 1740 4546 observa-

190 4572 327 4629 tiones
348 4581 663 4648 observavit,
690 4582 797 4637 hoc
826 4599 986 4637 unum
1015 4599 1210 4638 cavens
1238 4592 1292 4637 et
1322 4584 1635 4654 praedicans,
1670 4600 1736 4640 ne

192 4664 281 4721 sine
296 4668 369 4724 bis
403 4673 543 4727 salus
576 4675 908 4729 christianaa
928 4676 1069 4729 nulla
1098 4685 1390 4746 putaretur.
1425 4676 1613 4732 Petrus
1638 4694 1736 4731 au-

195 4764 274 4812 tem
295 4762 619 4823 simulatione
651 4783 769 4836 sua,
818 4778 1071 4837 tanquam
1097 4771 1147 4822 in
1177 4769 1453 4825 Judaisnio
1481 4773 1622 4826 salus
1652 4786 1739 4826 es-

197 4862 282 4921 ωι,
322 4861 532 4931 cogebat
578 4860 780 4917 Gentes
822 4860 1099 4932 judaizare
1142 4880 1155 4916 :
1200 4864 1341 4934 quod
1382 4866 1541 4919 verba
1588 4864 1739 4920 Pauli

195 4951 434 5007 usteuduut
475 4955 735 5022 dicentis,
769 4956 1032 5023 Quomodo
1075 4968 1245 5027 gentes
1289 4959 1426 5029 cogis
1465 4958 1738 5031 judaizare

196 5034 282 5105 (Id.
306 5058 354 5107 n,
382 5046 503 5119 lt)?
531 5046 649 5100 Non
676 5049 818 5105 enim
844 5061 1185 5120 cogerentur,
1215 5051 1317 5105 nisi
1345 5050 1588 5106 viderent
1614 5068 1737 5108 eum

196 5130 253 5186 Sic
277 5150 354 5191 eas
378 5141 684 5208 observare,
712 5144 861 5213 quasi
906 5152 1105 5214 praeter
1152 5145 1270 5199 illas
1307 5145 1451 5201 salus
1480 5162 1599 5201 esse
1632 5162 1739 5205 non

196 5236 360 5294 posset.
380 5230 524 5286 “Petri
551 5249 680 5307 ergo
718 5236 989 5290 simulatio
1032 5237 1261 5291 libertati
1308 5238 1459 5294 Pauli
1505 5254 1610 5299 non
1659 5248 1742 5294 est

197 5322 532 5391 comparanda.
555 5323 626 5377 Et
655 5325 769 5379 ideo
802 5326 1018 5385 Petrum
1050 5344 1230 5386 amare
1273 5330 1530 5385 debemus
1573 5333 1743 5385 liben-

199 5414 582 5482 tercorrectum,
614 5433 713 5473 non
763 5428 941 5475 autem
987 5434 1230 5479 astruere
1272 5423 1433 5479 etiam
1480 5425 1546 5478 de
1586 5424 1737 5481 Pauli

205 5507 477 5565 auctoritate
510 5512 881 5568 mendacium:
905 5516 992 5583 qui
1020 5524 1072 5569 et
1100 5516 1319 5571 Petrum
1346 5534 1526 5573 coram
1564 5520 1741 5574 omni-

258 5659 277 5740 ξ
521 5668 756 5740 ipsased
777 5674 1002 5740 int-neuter
1023 5671 1073 5740 in
1098 5674 1300 5740 alterum
1318 5683 1587 5740 cogeretur.

259 5718 279 5814 ἶ
302 5718 1456 5814 εξοὲᾼξηῆἓιὲν.υέ.¹ωέείετὲϋέλῖιδίίέὶίᾱῗεῖ

302 5785 464 5837 haut:
493 5785 712 5842 editione
726 5797 861 5851 ων..
885 5791 1152 5853 citrum.

1588 302 1789 365 LIBER
1827 303 2028 365 UNUS.

3336 328 3446 389 ιω

1860 420 1959 476 bus
1984 421 2033 476 in
2061 430 2260 480 rectam
2280 425 2419 487 viam
2444 431 2732 501 revocavit,
2761 448 2828 491 ne
2853 434 3051 499 Gentes
3080 454 3177 512 per
3204 457 3330 501 eum
3356 446 3441 518 ju-

1859 513 2067 571 daizare
2093 529 2439 588 cogerentur;
2471 532 2522 577 et
2549 523 2662 593 ipse
2687 540 2798 581 sua:
2825 531 3185 597 prtedicationi
3208 513 3433 597 attesta-

1858 615 1942 661 tus
1969 618 2068 673 est,
2093 612 2182 681 qui
2213 629 2332 667 cum
2371 624 2645 684 putaretur
2683 618 2851 675 hostis
2897 634 3236 695 paternarum
3262 631 3436 689 tradi-

1856 699 2081 768 tiooum,
2105 718 2170 759 eo
2191 704 2332 774 quod
2361 707 2571 765 nolebat
2596 724 2687 767 eas
2717 712 2991 781 imponere
3016 716 3296 790 Gentibus,
3322 739 3433 785 non

1855 804 2168 863 aspernatus
2223 811 2316 855 eas
2369 797 2482 869 ipse
2528 816 2675 857 more
2716 805 2895 875 patrio
2940 808 3254 881 celebrare,
3306 817 3440 876 satis

1854 885 2087 939 oStendit
2114 885 2216 942 hoc
2244 888 2295 942 in
2321 889 2399 944 eis
2420 891 2634 979 Christo
2663 894 2977 953 adveniente
3008 904 3346 974 remansisse,
3376 917 3437 967 ut

1854 988 1952 1029 nec
1978 975 2173 1030 JUtlllﬁlS
2204 990 2383 1034 essent
2406 975 2742 1050 perniciosae,
2771 1000 2871 1042 nec
2899 986 3159 1053 Gentibus
3185 1009 3434 1059 uaccas:-

1853 1066 1969 1133 ria),
2000 1084 2099 1125 nec
2122 1069 2232 1139 jam
2261 1073 2507 1144 cuiquam
2539 1074 2815 1133 hominum
2845 1068 3127 1139 salutares].

1925 1160 1978 1216 9.
2019 1160 2171 1230 Quod
2200 1164 2244 1221 si
2288 1169 2573 1225 auctoritas
2616 1173 2909 1233 mentiendi
2953 1191 3053 1255 nec
3080 1161 3166 1255 Ide
3206 1180 3442 1255 antiquis

1851 1250 2024 1309 Libris
2055 1255 2279 1323 proferri
2308 1269 2503 1328 potest,
2525 1263 2611 1320 vel
2656 1265 2773 1333 quia
2816 1282 2923 1325 non
2948 1342 2952 1347 ψ
2974 1250 3083 1347 est:
3106 1250 3441 1348 mendacium

1852 1344 1991 1440 quod
2037 1346 2259 1440 ﬁgurate
2306 1360 2513 1421 gestum
2558 1355 2823 1415 dictumve
2869 1342 3146 1440 recipitur,
3197 1364 3281 1421 vel
3320 1365 3441 1436 quia

1852 1434 2007 1493 bouis
2035 1438 2099 1491 ad
2132 1440 2442 1505 imitandum
2486 1461 2591 1503 non
2633 1452 2947 1518 proponitur
2984 1434 3124 1527 quod
3162 1455 3217 1515 in
3261 1434 3436 1525 malis,

1850 1542 1969 1585 Cum
1994 1530 2263 1602 proﬁcere
2290 1537 2572 1607 cmperiut,
2603 1540 2653 1595 in
2680 1542 2879 1615 pejoris
2902 1548 3299 1615 comparatione
3328 1551 3441 1607 lau-

1849 1617 2034 1685 datur;
2070 1637 2167 1677 nec
2198 1622 2264 1679 de
2293 1624 2424 1680 Novi
2464 1628 2791 1689 Tcstameuti
2822 1633 2992 1703 libris,
3022 1638 3148 1706 quia
3176 1641 3441 1699 correctio

1844 1712 2024 1781 potius
2074 1729 2231 1785 quam
2262 1708 2579 1809 simulatio,
2614 1708 2752 1809 sicut
2772 1724 3043 1809 ‘Llacrymte
3074 1731 3249 1797 potius
3278 1748 3440 1804 quam

1847 1803 2057 1873 negatio
2088 1806 2227 1860 Petri
2254 1817 2335 1862 est
2361 1798 2635 1879 imitanda.
2852 1804 2865 1865 ζ

1917 1895 2144 1955 CAPUT
2186 1898 2271 1952 Vl.
2296 1930 2368 1940 —
2393 1890 2717 1973 Menda'rium
2747 1923 2853 1967 esse
2878 1909 3213 1979 iniquitatem,
3239 1923 3287 1970 et
3311 1932 3441 1975 mor-

1848 1995 1946 2042 tem
1978 1990 2161 2044 animat
2202 1990 2406 2061 diferre,
2439 2012 2529 2049 nec
2576 1999 2788 2066 proinde
2816 2001 3182 2061 admittendum
3212 2025 3305 2078 pro
3343 2025 3438 2069 cu-

1833 2082 2081 2157 jusquam
2102 2086 2267 2140 salute
2291 2090 2578 2158 temporali.
2611 2089 2727 2145 Jam
2757 2092 2863 2149 illis
2893 2097 3180 2165 exemplis,
3210 2116 3328 2170 qum
3370 2102 3441 2163 de

1846 2178 2117 2233 comnmni
2146 2180 2251 2233 vita
2281 2181 2647 2251 proferuntur,
2694 2186 2862 2241 multo
2905 2191 3257 2250 conﬁdentius
3291 2212 3440 2255 asse-

1844 2281 1970 2327 runt
2000 2288 2104 2329 non
2129 2288 2250 2331 esse
2275 2276 2622 2335 credendum.
2662 2279 2817 2337 Prius
2841 2284 2985 2361 enim
3020 2285 3214 2345 docent
3240 2289 3437 2361 iniqui-

1846 2368 2007 2421 tatem
2041 2379 2160 2421 esse
2187 2367 2524 2427 mendacium
2550 2412 2565 2436 ,
2610 2372 2794 2429 multis
2831 2374 3167 2437 documentis
3207 2381 3440 2441 Littera-

1842 2468 1963 2510 rum
1993 2466 2316 2525 sanctarum,
2351 2468 2405 2515 et
2446 2476 2511 2515 eo
2549 2465 2964 2537 maximequod
3010 2470 3267 2544 scriptum
3309 2483 3437 2531 est:

1848 2544 2033 2613 Odisti,
2063 2547 2299 2616 Domine,
2335 2567 2507 2611 attines
2531 2555 2619 2623 qui
2647 2568 2921 2629 operantur
2944 2560 3292 2633 iniquitatem;
3322 2583 3440 2638 per-

1844 2638 1933 2693 des
1964 2655 2136 2695 omnes
2163 2643 2250 2712 qui
2278 2642 2555 2711 loquuntur
2576 2648 2893 2706 mendacium
2935 2651 3105 2721 (Psal.
3144 2670 3200 2722 γ,
3230 2655 3305 2729 7).
3334 2660 3441 2716 Aut

1848 2733 2011 2797 enim,
2048 2741 2107 2788 ut
2131 2735 2267 2793 solet
2296 2734 2592 2806 Scriptura,
2623 2742 2865 2812 sequenti
2893 2759 3049 2801 versu
3077 2752 3323 2817 exposuit
3349 2766 3441 2809 su-

1845 2825 2149 2894 periorem;
2184 2838 2240 2882 ut
2274 2830 2527 2897 quoniam
2572 2830 2733 2887 latius
2774 2834 2911 2891 solet
2953 2847 3135 2906 patere
3165 2840 3437 2912 iniquitas,

1848 2914 2211 2987 intelligamus
2250 2921 2523 2977 nominato
2556 2926 2835 2982 mendacio
2870 2937 3117 3000 tanquam
3158 2935 3391 3003 speciem
3418 2938 3437 2969 ⁸

1846 3003 2141 3076 iniquitatis
2174 3009 2479 3081 signiﬁcare
2509 3013 2737 3073 voluerit
2765 3035 2778 3071 :
2808 3029 2900 3072 aut
2940 3020 2988 3075 si
3026 3023 3221 3094 aliquid
3266 3026 3436 3083 inter-

1842 3112 1965 3153 esse
2009 3099 2353 3166 arbitrantur,
2389 3112 2534 3159 tanto
2567 3107 2718 3176 pejus
2743 3117 2825 3163 est
2858 3112 3214 3180 mendacium,
3239 3128 3438 3187 quanto

1840 3191 2058 3261 gravius
2090 3194 2319 3264 positum
2348 3206 2428 3249 est
2454 3198 2654 3269 perdes,
2689 3216 2847 3264 quam
2877 3203 3046 3258 odisti.
3091 3205 3250 3261 Forte
3294 3210 3436 3264 enim

1845 3282 1958 3336 odit
1983 3283 2214 3353 aliquem
2250 3286 2385 3340 Deus
2417 3288 2687 3357 aliquanto
2718 3291 2920 3358 mitius,
2952 3304 3008 3346 ut
3035 3310 3159 3351 eum
3186 3313 3290 3351 non
3318 3315 3439 3368 per-

1844 3371 1985 3427 dat:
2035 3390 2189 3443 quem
2240 3391 2366 3429 vero
2418 3379 2631 3449 perdit,
2683 3388 2831 3435 tanto
2874 3382 3242 3461 vehementius
3283 3389 3432 3457 odit,

1843 3473 2042 3535 quanto
2072 3466 2310 3521 severius
2354 3469 2529 3537 punit.
2566 3470 2688 3526 Odit
2717 3482 2894 3527 autem
2938 3489 3127 3531 omnes
3171 3480 3259 3548 qui
3303 3496 3435 3551 ope-

1842 3567 2028 3609 rantur
2056 3558 2431 3633 iniquitatem:
2465 3571 2519 3614 at
2548 3576 2737 3618 omnes
2771 3567 2859 3635 qui
2900 3567 3189 3637 loquuntur
3218 3573 3436 3629 menda-

1843 3649 1983 3702 cium
2017 3651 2174 3703 etiam
2206 3651 2396 3720 perdit.
2429 3652 2546 3729 Quo
2588 3657 2879 3711 constituto
2907 3699 2920 3722 ,
2968 3661 3087 3731 quis
3128 3678 3314 3719 eorum
3343 3666 3435 3735 qui

1845 3740 1961 3795 haec
1988 3752 2235 3795 asserunt
2260 3745 2681 3799 c0mmovcbitur
2711 3748 2816 3803 illis
2844 3752 3123 3822 exemplis,
3155 3769 3277 3811 cum
3306 3756 3441 3819 dici-

1847 3840 1934 3887 tur
1959 3851 1972 3886 :
2003 3833 2137 3901 Quid
2170 3835 2212 3887 si
2241 3834 2307 3889 ad
2337 3843 2386 3889 tc
2418 3835 2577 3890 homo
2604 3838 2895 3910 confugiat,
2924 3844 3011 3912 qui
3040 3846 3317 3904 mendacio
3346 3857 3441 3905 tuo

1842 3926 2010 3997 possit
2036 3943 2061 3977 a
2090 3936 2261 3981 morte
2288 3929 2535 3984 liberari?
2557 3929 2647 3984 llla
2672 3932 2814 3987 enim
2842 3949 2989 3990 mors
3011 3951 3169 4006 quam
3193 3939 3351 3995 stulte
3377 3940 3440 3997 ti-

1843 4019 2030 4073 meut’
2057 4018 2321 4087 homines,
2363 4023 2450 4091 qui
2485 4038 2705 4091 peccare
2734 4040 2843 4079 non
2889 4028 3114 4095 timent,
3163 4046 3267 4089 non
3312 4033 3434 4089 ani-

1845 4130 2009 4181 mam,
2042 4114 2135 4169 sed
2163 4130 2357 4183 corpus
2386 4117 2601 4185 occidit,
2627 4122 2765 4174 sicut
2794 4121 3060 4189 Dominus
3100 4124 3154 4179 in
3194 4126 3440 4198 Evange-

1824 4205 1917 4258 lio
1943 4207 2127 4271 docet;
2161 4206 2301 4259 unde
2330 4209 2567 4279 pra'cipit
2592 4224 2659 4263 ne
2688 4210 2801 4280 ipsa
2826 4212 3075 4267 timeatur
3110 4213 3345 4285 (Matth.
3378 4234 3435 4285 χ,

1843 4298 1954 4372 28)
1984 4316 1997 4352 :
2028 4315 2088 4352 os
2115 4309 2292 4355 autem
2319 4302 2457 4370 quod
2491 4302 2764 4374 mentitur,
2797 4319 2901 4356 non
2932 4318 3148 4374 corpus,
3180 4308 3275 4362 sed
3315 4309 3434 4362 ani-

1845 4405 1987 4443 mam
2019 4389 2232 4444 occidit.
2268 4391 2358 4444 llis
2393 4392 2535 4444 enim
2577 4372 2755 4461 verbis
2796 4395 3131 4463 apertissime
3174 4398 3434 4467 scriptum

1845 4492 1925 4536 est
1964 4499 1978 4535 :
2034 4481 2105 4535 Os
2145 4483 2279 4553 quod
2331 4472 2591 4552 mentitur,
2628 4485 2824 4565 occidit
2864 4488 3113 4565 animum,
3144 4489 3317 4562 (Sap.
3372 4508 3432 4560 ι,

1846 4573 1907 4626 ll
1935 4570 1975 4645 ).
2004 4571 2285 4642 Quomodo
2313 4588 2441 4647 ergo
2467 4588 2570 4628 nou
2600 4560 3003 4647 perversiSSiuie
3028 4560 3327 4647 diciturput
3357 4583 3436 4639 al-

1846 4675 1928 4722 ter
1966 4666 2320 4737 corporaliter
2348 4674 2527 4735 vivat,
2578 4670 2774 4725 debere
2816 4673 3043 4729 alterum
3087 4677 3437 4747 spiritualiter

1844 4758 2015 4813 mori?
2039 4758 2172 4813 Nam
2202 4769 2253 4816 et
2282 4762 2391 4830 ipsa
2421 4761 2634 4816 dilectio
2654 4765 2886 4835 proximi
2920 4780 2987 4823 ex
3020 4781 3113 4822 sna
3140 4768 3436 4843 cujusque'

1849 4852 2135 4906 terminum
2172 4853 2397 4923 accepit.
2443 4853 2674 4925 Diliges,
2716 4855 2919 4926 inquit,
2960 4861 3245 4929 proximum
3294 4871 3437 4919 tuum

1847 4953 2084 5015 tanquam
2113 4955 2161 5000 te
2184 4946 2349 5015 ipsum
2379 4945 2564 5017 (Leuit.
2595 4964 2705 5014 xu,
2738 4948 2826 5013 18,
2853 4957 2899 5002 et
2931 4949 3119 5005 Matth.
3150 4968 3288 5023 uti,
3315 4956 3431 5027 '59).

1847 5040 2127 5111 Quomodo
2157 5057 2282 5114 ergo
2309 5042 2531 5119 quisque
2562 5042 2733 5115 diligit
2759 5052 3008 5117 tauquam
3040 5060 3099 5101 se
3130 5046 3324 5118 ipsum,
3351 5051 3438 5105 cui

1848 5145 1905 5187 ut
1937 5143 2151 5203 prrcstet
2180 5138 2341 5188 vitam
2374 5136 2741 5206 temporalem,
2775 5135 2887 5205 ipse
2916 5136 3112 5197 amittit
3141 5140 3439 5196 aeternam?

1850 5225 2274 5296 quandoquidem
2320 5225 2367 5279 si
2407 5241 2504 5296 pro
2536 5226 2677 5281 illius
2722 5229 2997 5296 temporali
3030 5229 3132 5284 vita
3163 5244 3313 5287 suam
3356 5230 3438 5303 ip-

1849 5331 1961 5370 sam
1988 5317 2331 5386 temporalcm
2357 5317 2564 5386 perdat,
2599 5333 2704 5370 non
2740 5326 2823 5372 est
2840 5319 2952 5387 jam
2979 5319 3200 5391 diligere
3220 5320 3438 5378 sicutse

1850 5409 2048 5480 ipsum,
2080 5410 2173 5462 sed
2198 5409 2314 5478 plus
2342 5426 2499 5479 quam
2527 5425 2583 5462 se
2613 5411 2781 5480 ipsum
2805 5429 2817 5464 :
2847 5411 2989 5480 quod
3016 5428 3160 5466 same
3180 5413 3438 5469 doctrinae

1850 5504 2089 5574 regulam
2108 5502 2333 5558 excedit.
2358 5503 2517 5556 Multo
2536 5504 2707 5557 minus
2733 5504 3150 5573 igitura-teruam
3173 5520 3322 5570 suam
3338 5520 3439 5576 pro

1918 5617 1931 5648 '
1970 5626 2039 5671 tta
2060 5626 2166 5669 MSS.
2194 5623 2247 5665 At
2273 5618 2404 5678 editi,
2431 5617 2819 5680 qiwmspecn’m.

1913 5680 1940 5744 ξ
1968 5688 2070 5732 Duo
2092 5686 2216 5741 Mss,
2242 5692 2386 5744 quam
2403 5679 2534 5744 stulti
2551 5679 2731 5744 timent.

1855 5739 2109 5858 deum,
2134 5739 2307 5795 ex'sua
2333 5742 2565 5807 cuiusque
2604 5739 2874 5797 dilectione.
2910 5741 3085 5808 Abest,
3110 5741 3383 5817 diuisione,
3413 5758 3447 5821 ς
