3844 6482
527 390 633 449 tos
1264 371 1289 391 ‘
1670 377 1760 435 ne
1798 362 2161 445 M'ENDACIO,

2297 373 2664 433 AUGUSTINI
2748 330 2753 335 Ι
3130 385 3161 389 "
3634 389 3708 446 ια

528 504 749 564 alterius
769 498 1044 576 temporali
1065 496 1374 554 mentiendo
1403 493 1697 551 amissurus
1714 501 1817 549 est.
1835 492 2120 563 Tempora-
2233 490 2326 547 scd
2351 505 2509 561 quam
2536 489 2700 545 libido
2731 488 3115 559 procuraverit,
3145 497 3235 547 aut
3268 491 3347 548 cui
3371 491 3512 551 libido
3536 511 3707 557 censen.

530 599 637 653 lem
660 596 813 667 plane
827 593 990 649 vitam
1007 605 1158 647 suam
1173 603 1272 662 pro
1296 596 1496 643 aeterna
1511 586 1621 642 vita
1641 585 1871 656 proximi
1892 598 1997 639 non
2018 582 2123 638 du-
2233 585 2383 640 serit.
2409 584 2619 651 Quanto
2648 593 2824 640 autem
2854 585 3186 655 praestantior
3210 594 3289 641 est
3314 586 3496 643 animus
3520 604 3707 662 corpore,

531 686 1060 749 bitabitchristianus
1076 681 1478 740 amitterezhoc
1492 681 1634 736 enim
1658 678 1936 751 praecessit
1952 692 2127 734 exem-
2233 683 2382 731 tanto
2409 676 2718 732 sceleratius
2760 675 3137 746 corrumpitur.
3183 675 3256 732 lbi
3297 692 3411 749 ergo
3442 683 3607 738 servari
3643 702 3709 753 po-

529 781 701 851 plum,
732 786 795 835 ut
817 792 915 850 pro
939 776 1097 833 nobis
1136 773 1397 831 Dominus
1428 772 1544 844 ipse
1573 779 1891 828 moreretur.
1910 768 1993 825 Ad
2026 767 2128 823 hoc
2236 776 2339 826 test
2380 767 2633 839 pudicitia
2662 809 2678 836 ,
2706 768 2795 823 ubi
2838 767 2981 823 nulla
3027 768 3128 823 nisi
3165 768 3442 826 voluntaria
3478 781 3619 841 potest
3654 792 3712 831 es-

532 873 743 929 enimet
758 869 973 927 aitzlloc
993 877 1064 922 est
1084 866 1380 921 mandatum
1401 872 1660 931 meum,ut
1678 862 1901 933 diligatis
1919 861 2129 915 inuicem
2236 873 2296 915 se
2341 859 2631 929 corruptio.
2666 859 2826 914 Certe
2864 859 3007 914 enim
3047 859 3092 914 si
3140 869 3395 931 stuprator
3425 877 3586 933 corpus
3614 867 3712 920 inva-

533 966 662 1020 sicut
690 973 737 1019 et
758 979 848 1036 ego
871 961 1027 1015 dilexi
1045 950 1165 1014 vos.
1181 958 1433 1029 Majorem
1455 954 1775 1009 ditectionem
1796 969 1941 1007 nemo
1959 951 2126 1018 habet,
2237 952 2386 1020 serit,
2414 953 2504 1023 qui
2529 966 2629 1007 nec
2651 952 2703 1007 vi
2731 951 2997 1008 contraria
3024 954 3210 1024 possit,
3232 969 3326 1009 nec
3350 954 3448 1009 ullo
3470 957 3645 1012 consilio
3660 962 3713 1013 vel

533 1073 687 1127 quam
715 1062 770 1109 ut
789 1056 1009 1127 animant
1035 1036 1180 1119 suam
1205 1058 1360 1121 ponat
1382 1065 1472 1118 pro
1496 1047 1670 1101 amicis
1691 1045 1797 1100 suis
1822 1044 2003 1114 (Joan.
2036 1058 2127 1107 xv,
2238 1042 2516 1099 mendacio
2545 1043 2790 1109 devitari,
2830 1052 3053 1100 necesse
3091 1052 3173 1100 est
3199 1044 3460 1112 fateamur,
3485 1048 3622 1102 aliena
3641 1050 3714 1103 libi.

538 1124 914 1217 l2,_13).Non
934 1124 1077 1217 enim
1100 1130 1380 1211 quisquam
1405 1148 1488 1194 est
1516 1137 1586 1193 ita
1607 1136 1897 1206 desipiens,
1918 1143 1972 1189 ut
1991 1133 2134 1188 dicat
2238 1133 2363 1190 dine
2399 1132 2702 1205 pudicitiam
2733 1148 2841 1190 non
2880 1148 3039 1205 posse
3075 1136 3277 1191 violari.
3320 1136 3605 1209 Quapropter
3624 1154 3713 1208 quo-

536 1208 684 1296 aliud
698 1230 709 1309 ί
723 1208 881 1309 quam
907 1208 1081 1292 'Saluti
1118 1208 1461 1304 sempiterna:
1487 1229 1764 1285 hominum
1803 1225 2134 1282 consuluisse
2240 1226 2383 1280 niam
2412 1240 2571 1280 nemo
2606 1224 2812 1280 dubitat
2841 1226 3117 1282 meliorem
3147 1242 3265 1282 esse
3307 1227 3517 1281 animum
3540 1243 3713 1297 corpore,

540 1308 954 1386 Dominum'vel
999 1324 1240 1381 iaciendo
1284 1323 1425 1395 quod
1472 1321 1765 1393 praecepit,
1811 1320 1896 1374 vel
1943 1316 2133 1389 prteci-
2242 1316 2533 1389 integritati
2562 1317 2804 1387 corporis
2841 1318 3118 1388 integritas
3145 1318 3302 1373 animi
3333 1319 3627 1389 praeponenda
3648 1330 3714 1385 est,

524 1444 525 1447 η
543 1398 911 1494 piendoquod
940 1419 1082 1475 iecit.
1111 1417 1243 1475 Cum
1274 1416 1435 1489 igitur
1468 1412 1775 1470 mentiendo
1807 1412 1910 1465 vita
1936 1418 2132 1465 (eterna
2240 1426 2360 1481 qua:
2392 1410 2443 1464 in
2472 1419 2732 1465 internum
2768 1410 2970 1467 servari
3010 1418 3206 1482 potest.
3244 1410 3368 1479 Quis
3403 1420 3554 1466 autem
3584 1411 3717 1466 dixerit

524 1508 839 1587 amittatur,
901 1528 1170 1585 nunquam
1213 1526 1311 1583 pro
1354 1510 1667 1581 cujusquam
1715 1494 1994 1576 temporali
2028 1501 2134 1557 vita
2243 1502 2506 1574 integrum
2555 1503 2792 1558 animum
2845 1518 2969 1559 esse
3013 1503 3347 1559 mentientis?
3401 1502 3577 1558 Etenim
3611 1502 3716 1557 libido

541 1583 909 1665 mentiendum
961 1583 1061 1662 est.
1094 1605 1381 1660 Enimvero
1411 1601 1500 1657 isti
1528 1601 1620 1672 qui
1654 1597 2056 1654 stomachantur
2083 1601 2139 1650 et
2167 1615 2197 1645 θ
2243 1610 2456 1667 quoque
2505 1596 2618 1665 ipsa
2664 1604 2809 1651 recte
2854 1594 3138 1663 delinitur,
3186 1595 3451 1667 Appetitns
3491 1594 3617 1650 animi
3649 1610 3716 1664 quo

544 1702 908 1773 indignantur,
937 1698 983 1753 si
1009 1697 1141 1752 nolit
1165 1695 1360 1766 aliquis
1402 1690 1683 1749 mendacio
1725 1688 1990 1761 perimere
2018 1685 2136 1740 ani-
2244 1689 2461 1744 teternis
2488 1688 2644 1743 bonis
2670 1688 2921 1759 quaelibet
2953 1686 3264 1758 temporalia
3292 1696 3628 1757 praeponuntur.
3651 1684 3716 1741 Ne-

541 1809 687 1851 mam
717 1808 891 1859 suam,
918 1799 975 1847 ut
1003 1790 1139 1845 alius
1164 1795 1410 1844 senescat
1438 1788 1492 1842 in
1518 1800 1714 1851 carne;
1742 1782 1890 1854 quid,
1913 1782 1958 1838 si
1978 1780 2137 1837 etiam
2244 1795 2335 1838 mo
2362 1783 2539 1852 itaque
2562 1788 2741 1852 potest
2766 1780 3089 1836 convincere
3114 1779 3390 1851 aliquando
3414 1793 3518 1833 esse
3538 1777 3717 1832 mentien-

543 1888 689 1942 [ιιι-ιο
732 1895 940 1952 nostro,
972 1882 1121 1955 quid,
1149 1881 1195 1937 si
1221 1878 1486 1935 adulterio
1513 1876 1727 1933 liberari
1758 1874 1928 1946 possit
1950 1871 2140 1942 aliquis
2245 1874 2395 1940 dum,
2427 1873 2529 1928 nisi
2573 1873 2665 1943 qui
2712 1871 2945 1943 potuerit
2990 1870 3277 1926 ostendere
3318 1878 3544 1925 aeternum
3575 1866 3715 1936 aliquod

545 1978 615 2036 de
642 1977 856 2033 morte?
891 1976 1082 2032 ideone
1119 1972 1406 2029 furandum
1446 1980 1529 2026 est
1550 2011 1566 2037 ,
1597 1977 1689 2024 aut
1725 1965 2140 2024 mteebandum?
2246 1968 2445 2023 bonum
2468 1964 2696 2020 obtineri
2721 1977 2881 2034 posse
2905 1962 3207 2018 mendacio.
3234 1960 3339 2017 Sed
3360 1975 3470 2016 cum
3496 1957 3716 2027 tantotu-

542 2070 802 2127 Nesciunt
829 2068 972 2124 enim
997 2066 1063 2121 ad
1093 2066 1194 2121 hoc
1219 2079 1278 2121 se
1303 2078 1526 2134 cogere,
1561 2071 1619 2117 ut
1645 2062 1689 2117 si
1719 2061 1966 2132 laqueum
2005 2058 2142 2114 ferat
2246 2075 2352 2131 que
2369 2058 2435 2113 ab
2452 2057 2752 2114 aeternitate
2767 2055 3025 2123 discedat,
3045 2065 3244 2127 quanto
3265 2070 3294 2109 a
3318 2054 3516 2110 veritate
3528 2050 3715 2113 discedit';

544 2164 710 2220 homo
737 2171 792 2217 et
819 2170 1062 2231 stuprum
1092 2167 1261 2230 petat,
1290 2156 1616 2212 conﬁrmans
1644 2152 1787 2225 quod
1813 2152 1917 2209 sibi
1945 2151 2141 2207 collum
2248 2152 2687 2209 absurdissimum
2718 2160 2801 2205 est
2835 2150 3016 2206 dicere
3034 2190 3050 2216 ,
3090 2147 3405 2205 discedendo
3428 2145 3659 2215 indeposse
3677 2140 3717 2195 ad

545 2254 749 2325 ligabit,
790 2253 893 2307 nisi
922 2251 973 2307 ei
1001 2248 1326 2306 concedatur
1364 2246 1505 2318 quod
1563 2245 1733 2316 petit,
1780 2244 2143 2300 consentiatur
2250 2245 2849 2317 bonialiquid,aliquem
2876 2244 3179 2313 pervenire.
3210 2243 3311 2297 Aut
3337 2240 3379 2295 si
3398 2249 3468 2295 est
3490 2234 3719 2335 aliquodbe

542 2352 764 2417 propter
789 2343 1045 2410 animam,
1074 2341 1211 2396 sicut
1240 2338 1341 2409 ipsi
1367 2337 1571 2403 dicunt,
1612 2335 1963 2391 liberandam.
1992 2332 2144 2400 Quod
2252 2352 2380 2393 num
2413 2347 2673 2391 :eternmn
2691 2335 2834 2406 quod
2852 2350 2959 2390 non
2976 2331 3554 2406 complectaturveritas,
3568 2343 3642 2383 non
3658 2331 3719 2381 erit

544 2439 591 2495 si
636 2436 928 2493 absurdum
974 2443 1029 2489 et
1091 2432 1353 2488 nefarium
1401 2437 1524 2497 est,
1571 2444 1667 2484 cur
1713 2428 1946 2482 animam
1992 2440 2143 2480 suam
2250 2428 2674 2485 verumzetideo
2692 2444 2789 2484 nec
2807 2427 3005 2483 bonum
3025 2428 3152 2496 erit,
3171 2428 3289 2498 quia
3312 2425 3480 2480 falsum
3498 2419 3720 2478 eritUtao-

547 2529 777 2599 (ιιιίεψιο
820 2524 1102 2601 mendacio
1144 2529 1486 2591 οοιτιιιηρειῑν
1516 2528 1574 2574 ul
1600 2519 1739 2574 alie?
1763 2518 1905 2572 Vim
1938 2516 1991 2571 in
2021 2531 2144 2571 ϐοΐ·
2252 2533 2361 2580 tem
2387 2524 2597 2578 animus
2619 2523 2851 2593 corpori,
2877 2521 2949 2577 ita
2974 2522 3140 2576 etiam
3165 2520 3355 2576 veritas
3378 2518 3465 2589 ipsi
3485 2515 3621 2570 animo
3639 2526 3722 2581 pra

551 2635 711 2690 pore;
746 2618 937 2691 cum_si
965 2632 1119 2671 suum
1146 2630 1342 2684 corpus
1385 2621 1667 2684 propterea
1695 2608 2145 2681 corrumpendum
2252 2618 2496 2691 ponenda
2527 2628 2608 2673 est
2628 2635 2643 2686 ς
2666 2627 2727 2673 ιιι
2764 2634 2881 2673 eam
2927 2633 3033 2673 non
3085 2618 3256 2674 solum
3301 2615 3454 2686 magis
3497 2624 3618 2682 quam
3647 2620 3720 2659 ωτ-

549 2688 722 2778 daret,
751 2688 988 2763 omnium
1019 2706 1222 2777 judicio
1259 2704 1475 2759 nefaria:
1496 2701 1839 2773 turpitudinis
1867 2700 2149 2756 damnare-
2253 2688 2393 2782 bus,
2444 2712 2539 2766 sed
2614 2712 2773 2767 suam
2844 2712 3012 2783 magis
3088 2727 3243 2783 quam
3312 2724 3366 2765 se
3430 2709 3571 2777 ipsum
3624 2714 3724 2769 appo-

550 2803 677 2858 tur?
704 2799 933 2857 Proinde
960 2814 1065 2854 non
1097 2806 1181 2853 est
1209 2797 1261 2851 in
1291 2797 1393 2853 ista
1418 2795 1714 2866 quaestione
1743 2792 2143 2859 attendendum,

2270 2810 2333 2857 Lat
2375 2804 2604 2858 animus.
2645 2802 2719 2857 ita
2757 2803 2955 2873 quippe
2995 2802 3371 2873 eritintegrior
3403 2808 3447 2855 et
3477 2795 3723 2853 castior.cum

556 2893 661 2948 nisi
690 2902 868 2947 utrum
900 2890 1151 2961 iniquitas
1180 2888 1249 2944 sit
1276 2886 1636 2942 mendacium.
1667 2885 1820 2952 Quod
1844 2900 1964 2939 cum
1990 2899 2149 2955 supra

2270 2897 2373 2967 ejus
2417 2896 2591 2966 potius
2635 2895 3065 2951 immntabilitate
3092 2936 3109 2962 ,
3155 2908 3310 2964 quam
3355 2905 3438 2946 sua
3482 2883 3724 2942 mutabilitate

523 2983 991 3040 ‘commemoratis
1028 2982 1365 3039 documentis
1403 2989 1695 3045 asseratur,
1740 2978 2024 3034 videndum
2069 2987 2152 3033 est
2257 2986 2562 3059 perfruetur
2582 2989 2625 3039 ·,
2656 2987 2712 3043 Si
2739 2999 2916 3041 autem
2944 2986 3084 3041 Loui
3114 3000 3234 3041 cum
3264 2985 3331 3039 iis
3355 2984 3508 3053 iusius
3537 2982 3665 3035 esset,
3696 2978 3727 3020 ul

555 3079 630 3133 ita
660 3078 826 3148 quaeri
870 3086 1045 3131 utrum
1088 3091 1187 3146 pro
1226 3075 1447 3130 alterius
1491 3073 1665 3130 salute
1706 3073 1919 3127 mentiri
1960 3072 2151 3143 aliquis
2256 3080 2476 3151 angelos
2504 3080 2663 3134 etiam
2697 3078 2934 3149 hospites
2961 3078 3241 3149 suscipere
3265 3081 3545 3135 mereretur,
3565 3076 3728 3151 stuprau-

554 3168 769 3236 debeat,
797 3183 861 3224 ac
881 3168 924 3222 si
946 3175 1277 3238 quaereretur
1297 3176 1473 3221 utrum
1494 3181 1590 3235 pro
1612 3164 1832 3219 alterius
1858 3165 2027 3219 salute
2047 3164 2150 3219 ini-
2260 3149 2356 3226 das
2388 3172 2525 3226 ﬁlias
2549 3171 2840 3227 Sodomitis
2866 3169 3083 3238 obtulit,
3132 3178 3190 3224 ut
3229 3166 3514 3223 feminarum
3549 3157 3673 3229 potius
3688 3149 3729 3204 ab

528 3284 529 3287 η
557 3275 695 3331 quus
723 3274 843 3315 esse
871 3259 1062 3327 aliquis
1099 3259 1311 3314 debeat.
1351 3257 1504 3325 Quod
1531 3258 1574 3312 si
1606 3258 1810 3328 respuit
1836 3258 2030 3312 animae
2069 3271 2153 3311 sa-
2259 3266 2339 3321 eis
2362 3279 2586 3336 corpora
2617 3280 2777 3335 quam
2807 3265 3043 3318 virorum
3075 3252 3727 3333 corruniperenlur(6eit.xtt,

556 3352 659 3419 lus,
703 3366 823 3423 quae
862 3367 971 3407 non
1009 3360 1187 3422 potest
1224 3351 1328 3407 nisi
1365 3352 1615 3421 aequitate
1651 3350 1876 3416 servari,
1909 3357 1963 3404 et
1999 3364 2059 3431 se
2097 3358 2154 3403 ut

2270 3357 2369 3429 3);
2403 3367 2601 3429 quanto
2620 3358 2924 3428 diligentius
2959 3365 3130 3428 atque
3153 3356 3464 3413 constantius
3483 3346 3607 3405 animi
3627 3348 3731 3436 casn:

557 3456 935 3516 praeponamus
977 3458 1085 3500 non
1121 3444 1294 3498 solum
1341 3443 1581 3508 alterius,
1624 3441 1719 3497 sed
1748 3442 1909 3496 etiam
1955 3450 2154 3495 nostra:
2260 3451 2417 3506 insin
2436 3452 2661 3506 veritate
2687 3450 2947 3505 servanda
2979 3459 3100 3517 esi.
3141 3465 3262 3505 cum
3296 3444 3567 3513 veriusipsc
3584 3445 3735 3501 corpori

558 3536 719 3592 saluti
746 3535 1025 3605 temporali
1048 3534 1235 3605 jubet;
1264 3534 1391 3603 quid
1419 3542 1607 3601 restat,
1633 3532 1898 3604 inquiunt,
1926 3547 2033 3603 quo
2056 3531 2155 3586 du-
2260 3558 2380 3611 suo,
2403 3558 2561 3614 quam
2588 3557 2783 3613 corpus
2808 3542 2959 3598 viriie
2987 3528 3224 3598 femineo
3249 3538 3444 3611 corpori
3467 3521 3720 3606 prs-teratur?

558 3627 732 3682 bitare
754 3628 1046 3683 debeamus
1074 3642 1343 3697 nunquam
1364 3629 1584 3681 omnino
1603 3641 1724 3683 esse
1750 3626 2155 3682 mentiendum?
2333 3636 2559 3693 CAPUT
2600 3635 2732 3689 Vlll.
2758 3668 2831 3677 —
2860 3637 2946 3691 li.
2978 3634 3163 3706 Neque
3186 3631 3501 3690 mentiendum
3521 3620 3645 3679 studio
3666 3628 3734 3670 se!-

562 3722 677 3777 Non
721 3721 865 3774 enim
905 3720 1008 3774 diei
1057 3729 1234 3789 potest
1276 3735 1396 3775 esse
1435 3720 1634 3789 aliquid
1676 3720 1730 3774 in
1777 3720 2156 3790 temporalibus

2270 3732 2414 3788 nandi
2435 3731 2564 3785 alios
2588 3731 2656 3784 ad
2678 3730 2833 3784 vitam
2852 3738 3121 3784 alternam.
3145 3728 3297 3797 Quod
3319 3727 3361 3782 si
3379 3723 3607 3795 quisquam
3625 3714 3733 3781 ρυωι·

565 3810 881 3874 commodis,
904 3811 1076 3865 salute
1100 3825 1163 3865 ac
1184 3812 1290 3864 vita
1319 3812 1584 3880 corporali
1609 3810 1782 3880 majus
1806 3819 1899 3866 aut
1921 3811 2154 3868 charius.
2263 3825 2386 3880 ideo
2417 3825 2666 3896 cuiquam
2697 3839 2795 3895 pro
2823 3824 2928 3879 alio
2956 3838 3077 3879 esse
3121 3819 3493 3881 mentiendum,
3527 3818 3574 3866 ut
3595 3808 3735 3896 intenta

562 3902 717 3958 Unde
748 3902 793 3957 si
822 3917 923 3957 nec
954 3902 1066 3972 ipsa
1096 3902 1454 3973 pneponenda
1484 3910 1568 3957 est
1590 3903 1823 3971 veritati,
1848 3904 1974 3974 quid
1998 3904 2154 3975 objici
2264 3918 2438 3983 νίκη,
2487 3889 2581 3971 αξη
2608 3916 2661 3970 in
2693 3889 2776 3971 {iis
2807 3915 2971 3971 rebus
2996 3930 3134 3985 quas
3162 3915 3378 3970 mnuum
3416 3906 3559 3976 diligit
3590 3912 3664 3954 non
3685 3889 3736 3994 of-

560 4003 743 4066 potest
784 4004 1003 4064 propter
1043 3994 1184 4065 quod
1227 3994 1594 4049 mentiendum
1641 4010 1762 4051 esse
1795 3996 2152 4064 contendant,
2263 4009 2529 4074 fendaiur,
2570 4024 2677 4081 quo
2702 4009 2870 4080 possit
2895 4008 2963 4062 ad
2990 4014 3249 4063 ωιειιηεηι
3275 3995 3736 4066 νοτίωιρηιροτγοιιικ

562 4091 653 4163 qui
678 4089 963 4160 aliquando
990 4097 1178 4159 putant
1201 4096 1453 4159 oportere
1478 4088 1728 4144 mentiri?

2270 4103 2557 4159 discendo:
2592 4119 2701 4159 non
2730 4102 2978 4173 intelligit
3008 4102 3185 4171 primo
3206 4101 3401 4155 nullum
3421 4108 3527 4151 esse
3548 4084 3737 4154 ﬂagitium.

633 4182 861 4240 CAPUT
914 4182 1025 4238 VII.
1049 4214 1121 4225 --
1150 4182 1237 4238 10.
1287 4181 1395 4236 Nec
1422 4183 1678 4255 pudicitia
1696 4183 1976 4256 corporalis
1999 4198 2159 4239 causa
2263 4196 2404 4267 quod
2437 4211 2541 4249 non
2586 4194 2771 4249 eadem
2812 4172 3121 4249 conditione
3150 4192 3416 4262 suscipere
3441 4189 3635 4254 cogatur,
3659 4172 3743 4267 sitm

523 4294 531 4305 ⁸
550 4264 923 4333 ἧηὲηιὶεηάαηι.
940 4277 1119 4332 Libido
1132 4277 1255 4347 quid
1270 4278 1353 4331 sit.
1370 4276 1664 4332 Pudicitite‘
1679 4277 1876 4348 quippe
1889 4278 2153 4348 corporis,
2410 4289 2657 4359 superius
2696 4287 3120 4343 demonstratum
3160 4294 3242 4342 est
3262 4302 3277 4351 ;
3323 4279 3500 4338 deinde
3536 4262 3745 4359 ipsiUSdll:

523 4370 537 4376 ’
563 4371 685 4442 quia
713 4370 941 4426 multum
986 4369 1315 4426 honorabilis
1350 4385 1577 4440 persona
1603 4370 1814 4425 videtur
1847 4385 2155 4437 occurrere,

2270 4383 2449 4435 ctrina:
2484 4381 2853 4436 auctoritatem
2881 4378 3125 4450 intercipi
3162 4390 3216 4435 et
3250 4377 3448 4449 penitus
3473 4358 3693 4427 interire’.
3716 4358 3745 4407 ελ

563 4470 619 4517 et
647 4476 742 4533 pro
771 4477 830 4518 se
860 4463 1098 4534 ﬂagitare
1126 4461 1486 4528 mendacium,
1517 4470 1573 4517 ut
1602 4463 1649 4517 si
1678 4471 1949 4533 stuprator
1990 4462 2158 4516 irruat
2265 4473 2342 4528 eis
2370 4488 2505 4544 quos
2537 4472 2603 4527 ad
2636 4472 2779 4527 illam
2811 4472 3103 4542 perducere
3132 4486 3405 4533 conamur,
3440 4456 3745 4544 mendaciouno'

564 4558 653 4625 qui
687 4556 855 4626 possit
882 4556 1163 4611 mendacio
1192 4555 1446 4622 devitari,
1479 4557 1594 4611 sine
1636 4556 1967 4612 dubitatione
2007 4571 2160 4610 mcn-
2265 4542 2786 4635 simﬁpei‘suademus
2813 4563 3098 4635 διεφθηάο
3141 4580 3264 4621 esse
3307 4542 3745 4635 meniieiidumﬁum

564 4647 805 4702 tiendum
837 4649 907 4701 sit
948 4666 963 4702 :
1008 4648 1165 4702 facile
1203 4647 1515 4718 responderi
1544 4656 1754 4718 potest,
1798 4649 1996 4703 nullam
2040 4662 2160 4703 esse
2266 4634 2417 4716 enim,
2455 4658 2698 4715 docirina
2750 4634 3032 4725 εθιυιέιοίε,
3085 4659 3278 4729 parum
3321 4634 3745 4729 credendis,parlliﬂ

568 4736 875 4806 pudicitiam
917 4737 1180 4808 corporis,
1222 4738 1323 4792 nisi
1368 4739 1434 4791 ab
1466 4738 1781 4823 integritate
1819 4739 1983 4793 animi
2024 4755 2158 4810 pen-
2267 4752 2623 4824 imeiiigendis
2644 4754 2803 4810 rebus
2823 4723 3061 4819 consiei;
3084 4723 3187 4809 ίιεο
3206 4752 3270 4806 ιιι]
3294 4766 3352 4805 εει
3373 4761 3483 4819 quas
3501 4723 3746 4802 intelliget"!a

567 4827 727 4894 deat;
754 4843 861 4898 qua
884 4827 1126 4897 disrupta
1155 4828 1312 4883 cadat
1341 4820 1561 4884 necesse
1587 4838 1690 4893 est,
1723 4829 1930 4886 etiamsi
1960 4835 2160 4888 intacta
2267 4854 2394 4901 sum
2422 4820 2686 4915 psi-veniri
2724 4845 2915 4918 ροεείι,
2942 4845 3045 4900 nisi
3070 4844 3217 4917 prius
3238 4838 3490 4899 credenda
3514 4828 3745 4890 credantur?

567 4922 831 4985 videatur;
863 4930 917 4976 et
943 4921 1064 4976 ideo
1092 4936 1200 4976 non
1230 4922 1283 4976 in
1312 4921 1473 4977 rebus
1507 4923 1889 4993 temporalibus
1915 4939 2035 4980 esse
2061 4942 2161 4981 nu-

568 5012 898 5080 merandam,
944 5013 1095 5084 quasi
1137 5030 1256 5084 quze
1300 5015 1478 5069 invitis
1525 5016 1695 5085 possit
1736 5015 1954 5072 auferri.
2004 5018 2161 5074 Nullo

567 5105 729 5159 modo
756 5105 915 5177 igitur
942 5105 1151 5161 animus
1176 5119 1235 5161 se
1264 5106 1543 5162 mendacio
1569 5110 1863 5179 corrumpit
1902 5125 1999 5180 pro
2041 5126 2164 5167 cor-

568 5214 700 5270 pore
725 5212 841 5265 suo,
874 5198 1016 5269 quod
1045 5199 1145 5254 scit
1178 5214 1396 5255 manere
1426 5201 1793 5272 incorruptum
1814 5244 1829 5270 ,
1860 5204 1904 5258 si
1933 5205 2001 5260 ab
2044 5204 2163 5275 ipso

568 5291 751 5346 animo
779 5291 1110 5362 incorruptio
1141 5306 1246 5347 non
1276 5292 1508 5348 recedat.
1540 5293 1692 5362 Quod
1721 5296 1862 5350 enim
1899 5296 2163 5354 violenter

570 5396 676 5436 non
708 5383 1042 5451 praecedente
1068 5383 1287 5439 libidine
1319 5386 1515 5457 patitur
1539 5401 1732 5457 corpus
1752 5429 1767 5454 ,
1808 5391 2022 5445 vexatio
2063 5406 2163 5462 po-

569 5477 677 5531 tius
722 5490 880 5546 quam
923 5477 1196 5546 corruptio
1236 5478 1561 5535 nominanda
1602 5490 1702 5535 est.
1753 5484 1857 5536 Aut
1899 5483 1945 5537 si
1988 5485 2165 5539 omnis

569 5567 782 5624 vexatio
807 5569 1079 5638 corruptio
1102 5578 1204 5636 est,
1233 5585 1338 5625 non
1365 5572 1541 5626 omnis
1563 5575 1833 5644 corruptio
1857 5576 2025 5645 turpis
2048 5585 2160 5643 est;

2267 4944 2538 5016 quomodo
2562 4943 2889 5000 credendum
2917 4951 3001 4999 est
3033 4943 3080 4998 ei
3125 4942 3214 5013 qui
3244 4946 3390 5011 putat
3423 4923 3657 5003 alii!nando
3675 4925 3746 5018 Ψ

2268 5038 2659 5107 mentiendum,
2687 5054 2755 5094 ne
2786 5038 2922 5093 forte
2943 5044 2997 5093 et
3017 5044 3145 5092 tunc
3164 5034 3443 5089 mentiatur
3464 5038 3569 5082 cum
3586 5019 3746 5093 ρτωεψιι

2270 5140 2329 5187 ιιι
2357 5106 2676 5187 credamus?
2717 5130 2864 5186 Unde
2892 5130 3036 5186 enim
3066 5128 3190 5184 sciri
3223 5132 3395 5199 potest
3415 5129 3571 5176 utrum
3606 5106 3746 5204 993""

2270 5223 2465 5279 habeat
2500 5225 2731 5296 aliquam
2763 5239 3010 5291 causam,
3060 5222 3197 5278 sicut
3228 5198 3351 5289 ipse
3394 5218 3559 5287 pum.
3599 5198 3746 5259 om”

2271 5315 2570 5384 mendacii,
2595 5295 2913 5371 existimans
2943 5314 3074 5370 falsa
3110 5311 3409 5369 narratione
3436 5300 3662 5360 hominem
3686 5295 3745 5385 ξονι

2272 5408 2431 5464 ritum
2462 5423 2617 5478 posse
2636 5424 2666 5462 a
2688 5407 2905 5463 libidine
2931 5406 3186 5473 cohiberi,
3215 5412 3371 5474 atque
3391 5399 3486 5453 hoc
3503 5386 3636 5449 mod0
3651 5384 3746 5478 (ἔφη

2272 5504 2340 5559 ad
2366 5504 2659 5574 spiritualia
2687 5519 2745 5560 se
2770 5503 3052 5559 consulere
3074 5498 3376 5559 mentiendo
3398 5473 3746 5549 arbitreturwu‘

2338 5626 2354 5656 ι
2390 5623 2462 5692 sic
2485 5630 2588 5671 Mss.
2614 5629 2669 5672 At
2686 5621 2818 5692 editi,
2842 5627 3024 5692 quanto
3044 5634 3076 5671 a
3098 5618 3290 5692 teritatg

633 5681 653 5710 ³
677 5687 794 5752 ,⁸⁸³9-
1104 5686 1157 5731 Et
1191 5680 1314 5732 ίιιῖη
1333 5680 1563 5752 plerique
1586 5697 1697 5739 cun
1723 5686 2044 5752 editioneiir.
2082 5687 2167 5739 ha-
2272 5670 2513 5752 mar,
2534 5670 2580 5733 λι
2604 5670 3023 5752 sagacissimo
3045 5670 3563 5752 _."_iibsurdissjnunitu_esl.
3583 5670 3659 5714 elc-

571 5739 719 5821 Ξευιν
746 5740 1263 5821 meaemeae
1300 5739 1384 5821 Alii
1398 5739 1528 5821 ,ῖυξο
1547 5755 1692 5821 ass.
1718 5747 1987 5821 ιιοηρτιεξνέιί
2008 5761 2167 5821 per»
2336 5752 2359 5821 ξ
2381 5739 2593 5821 siquis;
2616 5747 2939 5821 Maeli-.st
2958 5741 3506 5821 nwbiliwteeerﬂeefﬁi'
3541 5784 3625 5821 ενι

569 5778 1528 5883 ρῖὸιῖιξᾘῑέηῖῗ’ὅιξὶ’ἷ’ί›.“ἐὸιί“ἕίέ
1547 5778 1706 5873 ἰέἒῖὶὲ
1718 5778 1969 5877 ’ωριιάιαιιαωί
1870 5778 2161 5882 "'u'm

2319 5813 2361 5883 ,ι
2382 5778 2940 5883 saturata-again
2958 5778 3395 5872 muscae,
3413 5782 3696 5857 ωνηεηιίριιι
3711 5778 3746 5834 με

571 5866 1197 5941 σοι’ρονὶεςιιιωδὶηιυιηηη.
1251 5866 1265 5871 ’
1486 5868 1489 5869 ⁷
1600 5866 1625 5873 ν
1735 5866 1744 5877 ’
2004 5866 2017 5882 ⁷
2073 5866 2120 5881 ”
2278 5866 3034 5936 τήαιδὶηιεήηιεη.ωειίεωιίυτ
3058 5886 3119 5922 ex
3147 5879 3249 5923 uss.
