3930 6368
32 370 47 409 \
216 344 296 408 E1

0 452 85 513 sive
236 479 404 536 genere
424 463 670 524 admisso
708 478 887 542 atque
912 471 1227 542 approbato,
1255 476 1426 531 omnis
1455 480 1674 536 omnino
1704 483 1829 539 fidei

0 555 91 601 ista!
246 559 490 632 disciplina
529 562 920 633 subvertitur;
957 582 1062 637 qua
1088 567 1372 637 subversa.
1404 585 1505 626 "ec
1541 571 1606 627 ad
1635 574 1832 630 ίηίθηί·

0 643 93 694 Emi
251 655 451 725 gentiam
481 655 827 724 pervenitur,
874 657 962 712 cui
1005 658 1275 728 capienda:
1314 660 1413 715 ista
1457 665 1703 732 parvulos
1733 682 1831 721 nu-

0 721 27 773 ’ί³
46 739 95 791 Ρδ
251 721 358 803 frit:
384 721 538 818 atque
578 746 655 803 ita
693 749 878 803 omnis
907 721 1151 805 doctrina
1182 752 1419 807 veritatis
1446 721 1706 823 aufertur,
1733 773 1825 815 ce-

0 827 99 883 ’θίηθ
248 839 363 896 deus
397 840 852 897 licentiosissima:
899 840 1154 909 falsitati,
1204 844 1249 898 si
1293 845 1572 902 mendacio
1614 849 1700 904 vel
1741 849 1825 905 of-

0 925 75 963 m-
247 931 409 987 ﬁcioso
434 934 451 965 ⁸
480 932 735 988 alicunde
761 932 1076 1003 penetrandi
1105 935 1342 1004 aperitur
1362 936 1534 993 locus.
1556 938 1663 995 Aut
1682 940 1825 996 enim

0 1017 63 1051 ’ς
243 1025 531 1095 temporalia
558 1025 849 1081 commoda
867 1066 884 1093 ,
915 1026 1001 1083 vel
1024 1026 1239 1097 propria
1269 1027 1354 1083 vel
1383 1029 1580 1099 aliena,
1612 1032 1824 1089 veritati

232 1117 513 1186 praeponit,
539 1118 871 1188 quicumque
889 1118 1176 1183 mentitur;
1204 1134 1311 1187 quo
1344 1119 1473 1190 quid
1498 1120 1612 1176 ﬁeri
1647 1131 1824 1192 potest

228 1209 565 1274 perversius?
609 1217 709 1265 aut
752 1225 873 1265 cum
900 1210 1111 1266 veritati
1141 1210 1499 1282 adipiscendae
1528 1213 1822 1284 epitulante

222 1302 496 1357 mendacio
523 1302 646 1357 vult
670 1301 849 1359 facere
874 1302 1146 1368 idoneum,
1169 1303 1479 1360 intercludit
1507 1306 1709 1362 aditum
1736 1324 1821 1364 ve-

215 1387 389 1459 ritati;
434 1394 630 1449 volens
674 1394 818 1448 enim
861 1408 982 1448 cum
1030 1394 1284 1448 mentitur
1326 1409 1447 1451 esse
1488 1406 1644 1467 aptus
1670 1401 1716 1464 ',
1760 1399 1821 1453 fit

209 1488 329 1541 tum
362 1502 556 1542 verum
601 1486 735 1542 dicit
778 1486 1035 1542 incertus.
1066 1486 1425 1553 Quamobrem
1466 1499 1556 1543 aut
1600 1505 1705 1544 non
1737 1499 1819 1546 cst

196 1578 541 1637 credendum
568 1580 747 1645 bonis,
776 1586 868 1633 aut
895 1576 1220 1632 credendum
1253 1587 1334 1633 est
1363 1579 1441 1634 eis
1470 1595 1604 1650 quos
1637 1581 1818 1636 credi-

192 1676 315 1726 mus
336 1671 555 1727 debere
576 1670 863 1741 aliquando
885 1668 1120 1737 mentiri,
1144 1679 1233 1723 aut
1254 1686 1360 1725 non
1386 1681 1467 1725 est
1491 1671 1815 1730 credendum

204 1756 369 1817 bonos
405 1761 708 1833 aliquando
734 1760 951 1817 mentiri
976 1779 989 1813 :
1019 1760 1209 1814 horum
1240 1761 1397 1815 trium
1431 1762 1658 1832 primum
1686 1779 1813 1834 pere

192 1852 471 1907 nicimm
501 1862 613 1917 est,
646 1851 937 1908 secundum
961 1852 1216 1917 stultum;
1248 1860 1415 1908 restat
1436 1868 1565 1925 ergo
1594 1863 1653 1910 ut
1676 1872 1814 1913 nun-

177 1956 354 2012 quam
385 1945 725 2001 mentiantur
750 1944 899 2000 boni.

246 2055 525 2111 CAPUT
566 2056 660 2110 1X.
689 2086 755 2097 —
774 2058 855 2113 η.
890 2057 1216 2113 Mendacium
1252 2068 1450 2115 censent
1478 2059 1687 2133 quidam
1711 2062 1809 2116 ad-

162 2147 501 2202 hibendum
530 2166 631 2219 quo
652 2162 881 2206 removeat
900 2153 1052 2207 homo
1079 2162 1314 2224 stuprum
1336 2154 1472 2222 quod
1496 2155 1603 2225 ipse
1621 2156 1685 2210 ab
1704 2156 1808 2212 alio

153 2249 499 2309 pateretur.
532 2241 794 2311 Reid/itur
809 2254 1160 2315 argumentum
1178 2246 1405 2316 illorum,
1428 2256 1477 2301 et
1496 2247 1804 2320 exemplum.

146 2331 388 2386 Aliam
414 2342 636 2403 peccata
663 2350 759 2388 non
787 2335 832 2388 ei
858 2335 1159 2404 imputanda
1195 2338 1282 2408 qui
1308 2336 1402 2391 illa
1431 2348 1596 2409 posset
1624 2337 1807 2394 leviore

140 2441 256 2478 suo
292 2435 537 2495 peccato
576 2426 838 2495 impedire.
884 2426 1216 2483 Peccantibus
1257 2445 1361 2484 non
1402 2431 1680 2485 consentire
1718 2433 1806 2501 qui

144 2534 245 2572 eos
282 2536 408 2572 non
440 2518 558 2573 vult
583 2520 841 2590 peccando
866 2522 1113 2576 cohibere.
1164 2520 1336 2577 Vitare
1372 2532 1632 2594 peccatum
1659 2525 1801 2594 quis-

146 2628 259 2682 que
292 2611 461 2667 uidet
497 2612 661 2668 levius
690 2614 857 2684 potius
886 2614 1021 2681 quod
1044 2631 1195 2670 suum
1213 2657 1230 2683 ,
1260 2632 1413 2686 quam
1439 2618 1576 2688 quod
1599 2618 1803 2689 grauius

153 2703 435 2757 alienun.
467 2703 667 2758 Annon
695 2706 1036 2760 mentiendum
1060 2716 1116 2761 ut
1138 2709 1318 2762 uitetur
1340 2708 1664 2764 immunditia
1688 2727 1803 2766 cor-

160 2794 404 2863 poralis.
431 2793 719 2849 lendacia
747 2811 863 2864 quae
884 2796 1011 2851 alios
1037 2795 1248 2865 (cedunt,
1277 2814 1380 2853 non
1404 2798 1718 2855 admittenda
1745 2809 1802 2857 ut

565 2888 852 2959 corporalis
878 2888 1078 2943 uitetur.
1122 2890 1211 2946 Sic
1254 2891 1354 2947 ista
1400 2893 1694 2963 quastione
1731 2908 1800 2950 ex

184 2987 434 3050 utraque
458 2990 601 3051 parte
636 2982 979 3039 considerata
1005 2994 1164 3056 atque
1197 2994 1450 3055 tractata,
1482 3003 1590 3045 non
1621 3000 1798 3047 tamen

190 3071 362 3127 facile
387 3071 598 3129 ferenda
628 3075 900 3130 sententia
928 3083 1047 3131 est:
1077 3076 1175 3133 sed
1205 3076 1381 3134 adhuc
1400 3078 1684 3150 diligenter
1702 3095 1798 3137 au-

195 3161 389 3218 diendi
415 3165 499 3234 qui
532 3163 749 3232 dicunt,
793 3166 1000 3222 nullum
1030 3182 1151 3223 esse
1193 3178 1303 3225 tam
1338 3171 1539 3227 malum
1569 3172 1794 3241 factum,

199 3254 345 3325 quod
362 3270 465 3311 non
481 3257 533 3311 in
550 3258 752 3328 pejoris
765 3258 1089 3316 devitatione
1105 3260 1405 3318 faciendum
1425 3264 1513 3331 sit;
1527 3266 1798 3335 pertinere
1834 3266 1845 3271 ’

202 3357 377 3404 autem
397 3349 464 3404 ad
491 3350 629 3406 facta
654 3350 957 3420 hominum,
974 3367 1083 3408 non
1107 3353 1279 3409 solum
1303 3354 1557 3427 quidquid
1574 3356 1793 3429 faciunt,

203 3440 295 3496 sed
333 3442 589 3515 quidquid
609 3444 776 3502 etiam
801 3460 924 3501 cum
939 3447 1294 3504 consensione
1327 3450 1622 3518 patiuntur.
1641 3449 1795 3508 [lude

4 3515 35 3595 ξ
206 3532 250 3585 si
276 3533 647 3592 exstititcansa
659 3546 716 3592 ut
726 3536 949 3608 eligeret
970 3537 1288 3595 christianus
1301 3515 1604 3597 thurilicare
1614 3540 1794 3613 idolis,

208 3637 278 3678 ne
297 3628 617 3682 consentiret
638 3637 825 3699 stupro
849 3627 990 3699 quod
1011 3637 1324 3700 persecutor
1342 3630 1416 3699 ei,
1447 3631 1550 3688 nisi
1571 3631 1793 3703 faceret,

0 3740 53 3792 5;:
206 3714 540 3782 minabatur;
579 3727 724 3775 recte
770 3718 1017 3775 videntur
1061 3736 1305 3792 quaerere
1348 3737 1446 3779 cur
1486 3738 1593 3779 non
1630 3725 1792 3782 etiam

209 3770 539 3874 mentiretur,
909 3770 1469 3882 illamjturpitudinem
1507 3814 1790 3872 devitaret.

209 3895 376 3966 Ipsam
397 3900 536 3955 enim
562 3902 1004 3969 consensionem,
1032 3917 1135 3973 qua
1156 3917 1215 3958 se
1240 3911 1483 3975 stuprum
1509 3907 1620 3977 pati
1645 3907 1789 3962 mal-

211 3984 318 4055 let,
356 4005 503 4060 quam
549 3991 858 4048 thuriticare
903 3992 1089 4060 idolis,
1142 4008 1248 4050 non
1278 3995 1582 4065 passionem
1609 3998 1793 4057 dicunt

214 4090 355 4144 esse,
382 4081 465 4135 sed
487 4080 686 4137 factum
712 4099 727 4135 :
759 4083 903 4153 quod
928 4099 998 4139 ne
1029 4082 1249 4153 faceret,
1274 4086 1434 4157 elegit
1458 4088 1786 4148 thurificare.

214 4169 414 4237 Quanto
432 4174 588 4245 igitur
611 4174 948 4231 mendacium
973 4177 1259 4246 proclivius
1280 4179 1547 4250 elegisset,
1572 4181 1617 4236 si
1639 4198 1792 4239 men-

217 4260 361 4317 dacio
396 4275 570 4335 posset
601 4281 635 4321 a
661 4274 852 4323 sancto
878 4281 1105 4339 corpore
1133 4278 1241 4324 tam
1271 4269 1504 4329 immane
1532 4272 1789 4345 flagitium

217 4366 474 4412 removere
486 4357 510 4410 ἲ

284 4468 369 4523 l3.
396 4468 448 4525 In
474 4486 576 4542 qua
597 4472 964 4543 propositione
992 4473 1092 4528 ista
1120 4482 1244 4529 sunt
1264 4491 1383 4545 quae
1409 4477 1600 4533 merito
1621 4479 1789 4550 quieri

0 4574 51 4628 μ
222 4572 425 4628 possunt
447 4583 459 4619 :
488 4575 666 4621 utrum
688 4564 809 4622 talis
834 4566 1116 4621 consensio
1137 4582 1233 4637 pro
1253 4566 1395 4623 facto
1416 4568 1660 4625 habenda
1681 4570 1785 4639 sit;

0 4672 31 4715 εν
219 4664 303 4708 aut
325 4665 493 4712 utrum
520 4657 807 4714 consensio
847 4656 1072 4714 dicenda
1109 4659 1179 4712 sit
1205 4674 1323 4729 quae
1365 4674 1471 4714 non
1499 4659 1662 4717 habet
1688 4676 1785 4732 ap-

225 4746 597 4815 probationem;
625 4757 719 4803 aut
746 4755 925 4803 utrum
950 4748 1267 4821 approbatio
1297 4750 1384 4815 sit,
1417 4765 1538 4805 cum
1566 4751 1782 4822 dicitur,

228 4832 429 4907 Expedit
453 4839 554 4895 hoc
584 4841 693 4910 pati
723 4839 897 4911 potius
923 4855 1080 4911 quam
1123 4840 1253 4895 illud
1280 4840 1488 4907 facere;
1522 4852 1575 4898 et
1604 4853 1787 4900 utrum

228 4936 357 4982 recte
381 4930 464 4986 ille
489 4930 677 4987 fecerit
720 4932 1028 4987 thuriticare
1069 4945 1226 5003 quam
1264 4942 1503 5003 stuprum
1548 4935 1691 5005 pati;
1732 4944 1788 4993 et

226 5028 382 5076 utrum
414 5025 773 5081 mentiendum
808 5034 953 5081 esset
981 5026 1176 5095 potius,
1203 5025 1249 5081 si
1276 5041 1338 5081 ea
1363 5027 1597 5082 conditio
1626 5028 1785 5085 dare-

225 5117 319 5179 tur,
344 5131 489 5184 quam
515 5116 947 5172 thurificandum.
994 5116 1100 5172 Sed
1138 5116 1183 5171 si
1225 5118 1345 5172 talis
1378 5122 1661 5175 consensio
1689 5136 1788 5191 pro

226 5199 605 5264 factohahenda
641 5219 757 5275 est,
804 5208 1083 5264 homicida:
1119 5218 1244 5263 sunt
1278 5210 1438 5265 etiam
1483 5212 1573 5281 qui
1616 5213 1786 5269 occidi

227 5296 496 5355 maluerunt
521 5315 679 5371 quam
710 5300 903 5355 falsum
934 5300 1295 5356 testimonium
1316 5301 1527 5368 dicere;
1560 5312 1614 5359 et
1641 5304 1785 5375 quod

227 5398 297 5442 est
329 5390 661 5449 homicidium
704 5392 954 5464 gravius,
998 5393 1050 5447 in
1090 5408 1149 5447 se
1176 5393 1341 5463 ipsos.
1367 5392 1475 5450 Cur
1500 5395 1641 5450 enim
1682 5396 1786 5453 hoc

228 5492 357 5549 pacto
382 5501 481 5541 non
510 5485 738 5551 dicatur,
765 5485 910 5556 quod
938 5484 1037 5555 ipsi
1068 5500 1127 5541 se
1162 5486 1485 5552 occiderint;
1516 5489 1640 5558 quia
1671 5489 1784 5544 ele-

223 5584 389 5641 gerunt
415 5577 515 5633 hoc
542 5578 594 5633 in
620 5592 682 5633 se
704 5577 820 5634 fieri
836 5620 852 5645 ,
880 5592 950 5633 ne
990 5575 1229 5633 facerent
1251 5578 1393 5649 quod
1420 5579 1787 5648 cogebantur?

270 5773 288 5805 ί
319 5770 911 5838 tum,me

264 5857 290 5892 ¹
313 5857 529 5914 nonnulli
550 5865 679 5925 item,
697 5862 914 5926 apertus.
928 5861 1072 5914 Forte
1096 5855 1375 5922 tegendum,
1393 5869 1605 5923 operae.

1663 366 1867 428 LIBER
1904 371 2107 436 UNUS.

1940 490 2063 607 Aut)
2067 493 2112 547 si
2125 498 2348 607 gravius
2372 511 2587 573 putatur
2608 510 2770 569 alium
2790 518 3037 579 occidere
3055 539 3216 597 quam
3242 544 3302 587 se
3325 531 3523 607 ipsum,

1938 584 2067 693 quid
2093 586 2282 693 si‘
2307 597 2542 693 conditio
2566 609 2787 679 martyri
2817 584 3227 693 proponeretur,
3256 635 3314 683 ut
3336 584 3384 685 si
3413 584 3521 689 nol:

1938 671 2013 728 let
2034 675 2101 732 de
2121 677 2333 740 Christo
2352 684 2543 747 falsum
2564 671 2934 760 testimonium
2954 708 3134 768 dicere
3151 671 3310 787 atilue
3330 719 3527 781 immo-

1936 765 2048 883 lare
2074 771 2426 850 daemonibus,
2454 794 2579 842 ante
2602 791 2787 848 oculos
2811 794 2980 866 ipsius
3006 803 3141 860 alius
3169 765 3275 866 utin
3298 814 3526 883 quilibet

1933 855 2117 929 homo,
2144 867 2240 923 sed
2262 880 2413 939 pater
2435 875 2554 946 ejus
2576 882 2931 954 occideretur,
2956 906 3149 964 rogans
3172 855 3334 958 etiam
3354 904 3522 963 tilium

1932 954 2080 1056 ne-id
2109 970 2507 1029 perseverantia
2533 987 2628 1031 sua
2654 975 2771 1034 fieri
2798 954 3170 1051 permitteret?
3194 991 3382 1053 Nonne
3406 1016 3525 1056 ma-

1930 1047 2180 1108 nifestum
2223 1066 2335 1125 est,
2367 1061 2459 1118 illo
2486 1064 2540 1122 in
2582 1047 2870 1129 testimonii
2907 1076 3204 1138 fidelissimi
3255 1092 3522 1150 sententia

1928 1153 2308 1216 permanente,
2337 1154 2482 1211 solos
2509 1157 2806 1221 homicidas
2831 1166 3040 1226 futuros
3080 1173 3273 1245 fuisse,
3307 1182 3397 1251 qui
3422 1199 3523 1254 pa-

1931 1242 2064 1292 trem
2092 1240 2209 1309 ejus
2236 1245 2571 1319 occiderent,
2616 1271 2722 1312 non
2768 1258 2920 1316 illum
2963 1265 3126 1322 etiam
3159 1240 3520 1340 parricidam?

1926 1325 2076 1383 Sicut
2109 1346 2237 1403 ergo
2265 1334 2422 1407 hujus
2448 1345 2578 1400 tanti
2615 1349 2834 1407 sceleris
2859 1358 3126 1430 particeps
3155 1325 3257 1421 iste
3297 1382 3403 1423 non
3433 1385 3520 1424 es-

1924 1427 2027 1485 set,
2058 1436 2177 1479 cum
2203 1427 2453 1499 elegisset
2481 1445 2687 1505 patrem
2710 1456 2866 1497 suum
2900 1427 3081 1517 potius
3105 1460 3175 1510 ab
3200 1458 3319 1515 aliis
3347 1468 3515 1518 mter"-

1925 1509 2033 1577 tici,
2061 1515 2221 1572 etiam
2246 1523 2588 1597 sacrilemim,
2634 1533 2787 1602 cujus
2808 1550 2984 1596 anima
3011 1558 3292 1615 raperetur
3312 1552 3381 1608 ad
3402 1570 3516 1625 pm-

1925 1616 2053 1671 nas,
2083 1622 2242 1676 quam
2284 1611 2445 1671 fidem
2480 1632 2632 1675 suam
2661 1621 2799 1681 falso
2832 1611 3141 1692 testimonio
3167 1640 3370 1699 violare
3436 1647 3516 1706 sic

1923 1694 2042 1793 talis
2066 1695 2157 1753 ille
2189 1716 2484 1761 consensus
2514 1725 2621 1768 non
2645 1729 2768 1772 eum
2792 1717 2993 1778 faceret
3016 1729 3147 1784 tanti
3178 1732 3362 1803 ﬂagitii
3393 1753 3516 1807 par.

1922 1781 2169 1898 ticipem:
2198 1791 2244 1895 si
2267 1795 2408 1851 male
2433 1796 2613 1859 facere
2637 1804 2753 1876 ipse
2783 1810 2967 1880 nollet,

1918 1882 2101 1980 pterea
2140 1880 2424 1957 fecissent,
2456 1892 2580 1962 quia
2628 1896 2743 1967 ipse
2784 1916 2893 1958 non
2934 1880 3153 1965 faceret:
3196 1913 3334 1980 Quid
3363 1880 3507 1977 enim

1916 1967 2049 2023 tales
2077 1986 2447 2040 persecutores
2473 1982 2685 2056 dicunt,
2714 1991 2849 2060 nisi,
2880 1994 2987 2053 Fac
3017 2003 3177 2070 male,
3205 1967 3275 2061 ne
3302 2023 3401 2065 nos
3430 2011 3509 2068 fa-

1914 2059 2152 2118 ciamus?
2177 2065 2277 2134 Qui
2305 2072 2350 2125 si
2399 2088 2563 2144 vere,
2615 2081 2770 2137 nobis
2805 2084 3154 2161 facientibus,
3197 2112 3304 2153 non
3346 2099 3506 2158 fecis-

1912 2162 2055 2222 sent,
2088 2171 2187 2213 nec
2213 2160 2292 2217 sic
2318 2164 2397 2221 eis
2423 2177 2607 2225 nostro
2629 2173 2834 2233 scelere
2858 2160 3143 2254 sulfragari
3160 2187 3500 2250 deberemus.

1910 2243 2062 2302 Nunc
2084 2264 2214 2307 vero
2236 2256 2450 2324 quando
2469 2258 2581 2329 jam
2604 2262 2822 2335 faciunt,
2847 2284 2967 2325 cum
2999 2243 3099 2329 ista
3126 2292 3231 2333 non
3253 2280 3503 2354 dicunt‘,

1910 2348 2009 2391 cur
2036 2339 2312 2399 nobiscum
2335 2348 2532 2417 potius,
2554 2368 2713 2422 quam
2733 2359 2831 2414 soli
2862 2369 3043 2434 turpes
3065 2376 3226 2438 atque
3245 2339 3501 2432 nocentes

1908 2427 2057 2483 sint?
2101 2431 2218 2488 Non
2260 2437 2406 2493 enim
2446 2456 2742 2503 consensus
2784 2449 2878 2508 ille
2934 2427 3192 2515 dicendus
3217 2471 3332 2528 est;
3375 2467 3501 2536 quia

1908 2533 2017 2575 non
2052 2525 2411 2594 approbamus
2449 2534 2595 2604 quod
2633 2537 2865 2611 faciunt,
2896 2561 3112 2618 semper
3135 2525 3414 2626 optantes,
3445 2567 3502 2616 et

1905 2622 2162 2683 quantum
2190 2620 2245 2676 in
2270 2623 2425 2680 nobis
2451 2634 2535 2683 est
2556 2630 2904 2699 prohibentes
2929 2654 3001 2696 ne
3028 2620 3247 2715 faciant,
3274 2620 3501 2706 factum-

1904 2719 2009 2775 que
2055 2707 2293 2779 ipsorum
2347 2731 2456 2774 non
2508 2720 2682 2779 solum
2751 2743 2859 2785 non
2912 2736 3312 2796 committentes
3370 2757 3497 2801 cum

1903 2796 2013 2863 eis,
2056 2800 2152 2856 sed
2203 2805 2364 2861 etiam
2404 2819 2600 2879 quanta
2646 2829 2932 2886 possumus
2985 2822 3341 2890 detestatione
3382 2796 3498 2890 vda-

2096 2988 2395 3064 Quomodo,
2428 2998 2637 3072 inquis,
2669 3021 2779 3063 non
2803 3023 2926 3066 cum
2950 3011 3031 3070 eis
3075 3014 3235 3086 facit,
3281 3020 3499 3091 quando

1902 3076 1981 3171 illi
2005 3078 2106 3135 hoc
2138 3098 2244 3139 non
2267 3086 2525 3159 facere“,
2557 3094 2603 3149 εί
2628 3094 2746 3166 ipse
2768 3097 2898 3156 illud
2922 3102 3163 3162 faceret?

1899 3166 2194 3241 frangimus
2213 3176 2433 3247 januam
2453 3197 2574 3239 cum
2605 3186 2996 3264 etfractoribus,
3023 3198 3147 3267 quia
3167 3201 3213 3254 si
3241 3217 3348 3259 non
3373 3220 3493 3263 eam

1899 3262 2291 3337 clauderemus,
2322 3270 2399 3327 illi
2421 3288 2530 3331 non
2550 3275 2858 3349 frangerent
2883 3301 2897 3339 :
2929 3262 2988 3341 et?
3003 3262 3298 3349 occidimus
3317 3262 3495 3352 hornis

1899 3366 1998 3410 nes
2025 3370 2147 3412 cum
2188 3358 2512 3432 latronibus,
2546 3368 2592 3424 si
2633 3371 2772 3429 scire
2807 3378 3081 3453 contingat
3106 3382 3209 3439 hoc
3234 3400 3331 3442 eos
3368 3402 3492 3446 esse

1898 3443 2166 3517 facturos;
2194 3453 2317 3522 quia
2346 3455 2393 3510 si
2419 3472 2518 3514 nos
2542 3464 2932 3531 praevenientes
2958 3486 3053 3529 eos
3080 3477 3453 3538 occideremus
3470 3524 3488 3553 ,

1897 3534 1977 3592 illi
2003 3554 2107 3594 non
2134 3543 2443 3603 occiderent
2468 3550 2622 3607 alios.
2651 3554 2758 3611 Aut
2785 3558 2831 3613 si
2856 3559 3087 3620 fateatur
3113 3568 3269 3625 nobis
3298 3534 3493 3643 aliquis

1896 3630 2244 3699 parricidium
2272 3651 2332 3693 se
2355 3638 2638 3714 facturum,
2667 3661 2767 3703 nos
2788 3662 2910 3706 cum
2938 3667 3004 3708 eo
3024 3654 3269 3727 facimus,
3296 3660 3342 3716 si
3365 3630 3491 3721 ἑυω

1895 3734 2180 3791 possumus
2218 3742 2340 3784 eum
2372 3732 2680 3805 priusquam
2718 3738 2909 3811 faciat,
2950 3760 3058 3802 non
3100 3747 3489 3822 interﬁcimus,

1894 3816 2107 3884 quando
2125 3818 2283 3876 aliter
2301 3837 2424 3878 eum
2453 3826 2539 3883 vel
2559 3828 2811 3888 cohibere
2847 3836 2932 3891 vel
2956 3836 3215 3909 impedire
3237 3859 3344 3900 non
3364 3816 3491 3916 pos;

1893 3920 2098 3965 sumus.
2126 3910 2373 3971 Totidem
2396 3918 2541 3974 enim
2566 3922 2743 3978 verbis
2770 3925 2876 3983 dici
2902 3938 3108 3998 potest:
3139 3933 3336 3993 Fecisti

1893 4184 2041 4252 potui
2063 4200 2131 4239 ne
2155 4186 2339 4257 fieret,
2369 4192 2512 4261 quod
2545 4204 2662 4251 erat
2698 4196 2751 4252 in
2778 4214 2897 4256 mea
2926 4213 3220 4274 potestate;
3252 4211 3484 4270 alterum

1892 4280 2071 4329 autem
2101 4275 2335 4333 alienum
2352 4321 2368 4346 ,
2396 4283 2538 4351 quod
2568 4301 2689 4343 meo
2717 4302 2985 4363 praecepto
3013 4298 3350 4370 exstinguere
3376 4320 3484 4362 non

1892 4367 2076 4436 potui,
2107 4384 2230 4425 meo
2260 4372 2538 4431 malefacta
2583 4379 2842 4449 impedire
2867 4392 2976 4439 nun
2999 4367 3326 4448 debuiINon
3352 4410 3485 4465 ergo

1892 4468 2201 4527 peccantem
2226 4466 2505 4533 approbat,
2530 4469 2620 4538 qui
2647 4486 2743 4540 pro
2766 4474 2873 4529 alio
2896 4491 3004 4531 non
3027 4490 3241 4549 peccat;
3273 4491 3329 4540 et
3347 4500 3484 4543 neu-

1893 4558 2031 4608 trum
2063 4557 2236 4626 placet
2267 4560 2317 4615 ei
2361 4563 2452 4632 qui
2487 4574 2769 4639 utrumque
2798 4571 2968 4628 nollet
3006 4574 3213 4632 admitti
3239 4595 3253 4632 :
3285 4581 3380 4636 sed
3410 4582 3481 4636 il-

1890 4645 1981 4703 lud
2007 4650 2148 4720 quod
2182 4652 2248 4707 ad
2277 4668 2337 4709 se
2366 4657 2631 4727 pertinet,
2662 4662 2821 4717 etiam
2851 4674 3114 4735 potestate
3150 4685 3258 4736 non
3285 4687 3479 4743 perpe-

1892 4746 2023 4807 trat;
2055 4742 2197 4811 quod
2222 4753 2400 4800 autem
2431 4747 2494 4801 ad
2521 4748 2771 4819 alterum,
2800 4755 2913 4810 sola
2963 4756 3231 4817 voluntate
3283 4740 3515 4824 conde:

1891 4839 2055 4885 mnat.
2090 4832 2158 4888 Et
2178 4833 2298 4891 ideo
2318 4842 2738 4909 proponentibus
2768 4844 2910 4900 illam
2938 4848 3298 4907 conditionem
3320 4864 3481 4925 atque

1889 4923 2207 4994 dicentibus,
2240 4929 2295 4983 Si
2329 4946 2432 4986 non
2466 4933 2873 5007 thurificaveris,
2905 4939 3007 4997 hoc
3034 4944 3281 5015 patieris;
3310 4948 3355 5015 si
3385 4923 3479 5003 re-

1889 5016 2207 5085 spondisset,
2235 5020 2347 5091 Ego
2372 5035 2616 5080 neutrum
2640 5027 2801 5099 eligo,
2825 5036 3385 5103 utrmnijuede’testor,
3409 5041 3476 5096 ad

1890 5107 2022 5161 nihil
2053 5108 2242 5166 horum
2273 5113 2423 5170 vobis
2461 5120 2742 5176 consentio
2767 5140 2779 5174 :
2809 5124 2949 5179 inter
2983 5126 3097 5183 haec
3126 5132 3286 5185 verba
3316 5141 3481 5202 atque

1891 5198 2032 5265 talia,
2063 5217 2182 5271 qua:
2206 5212 2351 5260 certe
2376 5210 2627 5276 quoniam
2654 5226 2779 5268 vera
2810 5227 3010 5284 essent,
3038 5221 3176 5274 nulla
3206 5224 3320 5293 ejus
3344 5240 3476 5281 con-

1890 5292 2089 5358 sensio,
2142 5294 2284 5349 nulla
2322 5299 2636 5369 approbatio
2668 5312 2969 5373 teneretur;
3014 5292 3365 5386 quacumque
3408 5316 3478 5373 ab

1888 5383 1967 5437 eis
1993 5398 2182 5454 passus
2211 5397 2372 5455 esset,
2404 5390 2480 5445 illi
2508 5391 2852 5461 deputaretur
2875 5400 3191 5470 injuriarum
3211 5383 3473 5477 acceptio,

1889 5473 1993 5530 illis
2018 5478 2329 5535 commissio
2353 5494 2714 5551 peccatorum.
2747 5490 3009 5550 chuitne
3029 5496 3207 5566 igitur,
3234 5500 3308 5553 ait
3330 5473 3475 5569 quis-

1889 5569 2067 5638 piam,
2108 5579 2349 5643 stuprum
2392 5581 2597 5648 perpeti
2641 5582 2817 5650 potius
2858 5602 3014 5655 quam
3048 5588 3387 5646 tlmrificare?
3416 5593 3475 5651 Si

1889 5665 2084 5734 quaeris
2135 5667 2278 5737 quod
2332 5669 2612 5744 debuerit,
2667 5684 2912 5732 neutrum
2965 5679 3166 5737 debuit.
3224 5683 3279 5740 Si
3328 5686 3474 5746 enim

1953 5803 1970 5833 ί
1988 5805 2082 5918 :3:
2096 5803 2313 5861 melioris
2334 5814 2461 5862 nota:
2484 5816 2590 5861 Mss.
2614 5817 2672 5861 At
2695 5811 2827 5876 editi,
2849 5826 2959 5871 cum
2992 5814 3085 5873 ista
3108 5819 3305 5885 dicunt;
3327 5824 3478 5879 Omis-

1892 5877 1968 5926 8ος
1988 5877 2104 5923 me
2606 5911 2629 5934 ρ·
