3930 6368
187 470 400 529 multare
419 468 467 523 in
490 476 723 539 tempore
749 460 1009 537 Quidquid
1030 448 1404 520 occultandam
1433 461 1645 517 videtur
1677 478 1689 514 :

187 562 355 619 mentiri
390 570 555 618 autem
600 574 872 631 nunquam
917 557 1075 623 licet;
1124 566 1250 628 ergo
1288 570 1386 611 nec
1431 556 1698 612 occultare

181 653 445 712 mentiendo.

233 744 419 802 CAPUT
453 742 541 799 XI.
567 770 642 784 --
667 740 756 799 18.
790 739 1066 796 ﬂendae-ia
1093 738 1241 793 etiam
1263 737 1564 792 removenda
1588 751 1701 807 qua

182 820 249 895 aut
276 839 394 892 alteri
411 836 613 903 “sunt,
644 844 736 889 ant
758 834 861 904 ipsi
888 832 1171 887 mentienti.
1196 830 1446 886 Mentiens
1483 839 1529 884 et
1562 844 1702 883 men-

184 936 261 986 dax
279 931 502 997 sti/ferunt.
542 928 656 983 Hoc
688 927 935 997 primitus
961 934 1015 979 et
1043 924 1346 978 ﬁrmissime
1374 920 1663 979 constituto
1681 962 1695 985 ,

179 1024 230 1077 de
252 1023 424 1076 ueteris
457 1019 757 1075 mendaciis
784 1018 1027 1072 securius
1066 1015 1339 1085 quaeritur.
1374 1012 1479 1068 Sed
1509 1026 1697 1067 conse-

176 1127 354 1186 quenter
374 1115 520 1169 etiam
545 1112 836 1167 videndum
859 1099 962 1165 ’est
980 1152 993 1174 ,
1035 1106 1353 1163 removenda
1393 1120 1512 1160 esse
1541 1106 1698 1160 etiam

177 1208 317 1261 omnia
338 1205 588 1260 mendacia
634 1220 759 1275 qua:
802 1204 1032 1273 aliquem
1065 1201 1267 1257 lmdunt
1308 1199 1546 1269 injuste:
1578 1199 1699 1268 quia

176 1300 280 1353 nulli
302 1308 369 1352 est
396 1298 578 1367 injuria
605 1297 695 1351 vei
732 1296 902 1350 levior
928 1292 1202 1348 inferenda
1224 1333 1237 1356 ,
1270 1300 1327 1346 ut
1354 1292 1421 1345 ab
1450 1291 1556 1345 alio
1577 1305 1700 1359 gra-

175 1392 266 1443 τίον
284 1391 559 1459 repellatur.
590 1388 707 1444 Nec
749 1388 839 1442 illa
871 1396 995 1442 sunt
1032 1386 1357 1441 admittenda
1401 1383 1696 1449 mendacia,

174 1499 264 1552 qua
283 1482 496 1552 quamvis
523 1498 630 1536 non
678 1480 859 1535 obsint
883 1480 1058 1545 alteri,
1090 1478 1220 1532 nulli
1248 1486 1426 1532 tamen
1454 1485 1696 1546 prosunt,

173 1585 213 1628 et
235 1573 401 1627 obsunt
435 1574 505 1628 eis
544 1574 675 1641 ipsis
705 1571 795 1642 qui
834 1570 1002 1641 gratis
1042 1570 1392 1623 mentiuntur.
1426 1567 1529 1636 Ipsi
1559 1567 1703 1621 enim

173 1666 349 1735 proprie
375 1665 643 1719 mendaces
684 1663 897 1717 dicendi
936 1669 1078 1715 sunt.
1121 1660 1348 1739 Interest
1384 1660 1525 1714 enim
1565 1659 1705 1713 inter

174 1759 467 1811 mentientem
484 1767 638 1825 atque
666 1756 1000 1810 mendacem.
1020 1754 1150 1807 Nam
1170 1752 1431 1807 mentiens
1445 1760 1529 1806 est
1544 1751 1703 1805 etiam

174 1851 243 1919 qui
266 1852 493 1906 mentitur
518 1854 709 1907 inritus
740 1870 753 1905 :
789 1852 1017 1906 mendax
1046 1866 1173 1905 vero
1193 1856 1335 1903 amat
1363 1847 1598 1912 mentiri,
1628 1854 1707 1901 at-

173 1957 259 2009 oue
282 1942 467 1996 habitat
496 1945 664 1999 animo
695 1945 745 1998 in
776 1943 1132 1998 delectatione
1172 1940 1516 1996 mentiendi‘.
1547 1938 1703 1994 Juxta

177 2033 384 2101 ponendi
409 2042 523 2088 sunt
545 2044 594 2089 et
631 2037 715 2105 qui
743 2034 810 2090 de
838 2034 1117 2087 mendacio
1154 2034 1336 2087 volunt
1367 2033 1577 2102 placere
1604 2029 1704 2085 bo-

181 2128 414 2187 minibus,
440 2143 534 2182 non
560 2140 615 2183 ut
654 2131 795 2184 alicui
841 2129 1039 2183 faciant
1074 2127 1319 2197 injuriani
1361 2127 1441 2181 vel
1476 2125 1705 2180 inferant

178 2220 512 2274 cuntumeliam
533 2237 547 2283 ;
562 2220 666 2291 jam
687 2222 821 2276 enim
849 2236 1011 2292 supra
1038 2219 1139 2274 boc
1165 2235 1331 2289 genus
1359 2217 1702 2281 removimus;

175 2313 260 2365 sed
280 2322 327 2366 ut
353 2329 521 2369 suaves
548 2315 649 2368 sint
683 2317 730 2368 in
758 2314 1096 2369 sermonibus
1118 2313 1249 2366 suis.
1278 2312 1367 2364 Isti
1399 2311 1467 2364 ab
1488 2309 1583 2362 illo
1609 2320 1704 2377 ge-

172 2420 283 2459 nere
305 2406 349 2459 in
374 2422 468 2475 quo
503 2408 785 2463 mendaces
816 2408 1112 2477 posuimus,
1144 2405 1245 2459 hoc
1266 2404 1537 2467 differunt,
1566 2401 1706 2470 quod

174 2498 270 2549 illos
296 2501 484 2553 mentiri
504 2501 753 2565 delectat,
782 2500 1077 2571 gaudentes
1102 2498 1169 2552 de
1190 2498 1301 2565 ipsa
1328 2495 1532 2549 fallacia
1560 2513 1569 2546 :
1596 2493 1708 2547 istis

172 2598 319 2644 autem
345 2592 531 2659 placere
560 2593 695 2647 libet
721 2593 789 2646 de
828 2592 1167 2661 suaviloquio
1190 2631 1203 2652 ,
1232 2589 1319 2658 qui
1359 2597 1534 2643 tamen
1566 2585 1710 2641 veris

175 2683 352 2735 mallent
382 2684 605 2752 placere;
639 2685 738 2739 sed
768 2686 979 2752 quando
1007 2699 1111 2738 non
1144 2683 1293 2736 facile
1323 2682 1596 2735 inveniunt
1620 2694 1713 2733 ve-

172 2788 219 2827 ra
243 2792 342 2844 qua!
366 2789 495 2845 grata
520 2780 627 2833 sint
656 2778 1021 2845 audientibus,
1054 2777 1265 2831 mentiri
1306 2776 1507 2844 eligunt
1536 2774 1709 2842 potius

176 2881 308 2931 quam
330 2879 497 2923 tacere.
544 2871 779 2924 Difﬁcile
804 2880 887 2924 est
913 2878 1091 2923 tamen
1120 2877 1175 2922 ut
1210 2868 1295 2921 isti
1336 2876 1501 2920 totam
1530 2870 1713 2917 narra-

179 2958 348 3011 tionem
375 2962 528 3016 ialsam
558 2962 861 3033 aliquando
903 2961 1225 3029 suscipiant;
1256 2959 1349 3015 sed
1396 2959 1710 3027 plerumque

174 3052 299 3105 veris
321 3053 423 3107 falsa
458 3065 769 3117 contexunt,
806 3055 893 3108 ubi
937 3055 1171 3107 suavitas
1198 3068 1290 3106 eos
1319 3052 1537 3106 deserit.
1587 3051 1712 3105 Htec

174 3153 325 3196 autem
349 3145 435 3198 duo
452 3163 637 3217 genera
670 3146 1068 3202 mendaciorum
1099 3163 1203 3198 non
1233 3145 1426 3198 obsunt
1446 3143 1713 3197 credenti-

175 3234 277 3299 bus,
297 3238 395 3303 quia
421 3241 536 3294 nihil
565 3240 636 3294 de
673 3240 919 3293 doctrina
949 3238 1218 3306 religionis
1244 3236 1585 3303 veritatisque
1615 3234 1714 3287 tul-

170 3325 336 3391 lnntur,
362 3342 438 3384 aut
464 3332 527 3386 de
548 3334 661 3386 ullo
686 3330 971 3386 commodo
1002 3330 1083 3384 vel
1112 3330 1336 3383 utilitate
1356 3343 1470 3381 sua.
1503 3325 1713 3381 Sufficit

167 3421 287 3474 enim
312 3424 381 3476 eis
406 3435 459 3477 ut
479 3427 723 3493 judicent
751 3425 863 3479 ﬁeri
899 3424 1134 3493 potuisse
1161 3420 1300 3492 quod
1325 3420 1534 3484 dicitur,
1567 3428 1620 3473 et
1647 3418 1713 3472 ll-

169 3510 275 3564 dem
298 3512 499 3569 babeaut
521 3518 731 3571 homini
758 3532 915 3584 quem
939 3530 1045 3569 non
1076 3514 1271 3568 debent
1298 3521 1501 3566 temore
1524 3510 1711 3564 existi-

169 3620 300 3659 mare
325 3610 669 3665 mentientem.
696 3610 839 3679 Quid
861 3610 1002 3663 enim
1030 3608 1202 3674 obest,
1226 3608 1268 3660 si
1291 3607 1474 3661 credat
1504 3615 1709 3676 patrem

167 3704 246 3747 aut
272 3712 410 3752 avum
438 3700 651 3772 alicujus
703 3703 875 3756 vitum
902 3702 1101 3756 bonum
1130 3700 1292 3754 fuisse
1311 3742 1324 3763 ,
1368 3700 1576 3754 etiamsi
1609 3713 1713 3753 non

162 3787 271 3854 fuit;
292 3803 371 3845 aut
387 3810 540 3865 usque
559 3796 628 3849 ad
657 3794 860 3849 Persas
881 3792 1155 3848 militando
1179 3792 1503 3861 pervenisse,
1528 3790 1717 3845 etiam-

167 3881 250 3933 sia
277 3883 421 3938 Roma
449 3902 733 3957 nunquam
768 3885 1027 3940 recessit?
1055 3882 1190 3953 ipsis
1230 3891 1405 3937 autem
1448 3882 1715 3935 mentien-

163 3972 281 4029 tibus
308 3979 442 4034 valde
479 3982 689 4035 obsunt
719 3996 732 4031 :
766 3978 871 4032 illis
905 3976 1147 4046 quidem,
1190 3976 1312 4045 quia
1358 3976 1435 4029 sic
1464 3975 1717 4028 deserunt

165 4065 421 4133 veritatem,
450 4081 506 4125 ut
528 4069 750 4125 fallacia
778 4070 1052 4135 lmtemur;
1082 4066 1234 4134 istis,
1278 4065 1398 4137 quia
1423 4080 1482 4120 se
1511 4065 1725 4120 malunt

161 4156 355 4224 placere,
383 4178 537 4232 quam
570 4163 829 4218 verum’.

216 4249 413 4309 CAPUT
450 4255 569 4310 XII.
609 4282 693 4299 -ι
726 4255 813 4309 i9.
854 4251 1175 4306 Mendacium
1204 4251 1337 4322 quod
1361 4259 1407 4304 et
1432 4250 1561 4305 nulli
1584 4250 1719 4306 obest

157 4354 193 4394 et
209 4347 343 4400 alicui
369 4350 570 4418 prodest
589 4367 667 4403 an
696 4347 1056 4402 adhibendum.
1095 4346 1173 4400 An
1198 4345 1459 4399 mendacia
1486 4344 1719 4415 quedam

159 4435 359 4501 honesta,
386 4457 496 4509 quin
525 4441 772 4495 nonnulli
814 4448 1021 4509 prosunt
1046 4448 1091 4491 et
1125 4438 1254 4491 nulli
1280 4440 1477 4492 obsunt.
1514 4437 1719 4493 Mentiri

156 4542 293 4581 annon
306 4547 490 4601 senipcr
505 4534 573 4587 sit
588 4532 781 4603 falsum
798 4531 1131 4584 testimonium
1159 4528 1342 4583 dicere.
1367 4528 1484 4582 Istis
1513 4528 1721 4598 generi-

159 4616 236 4671 bus
259 4622 364 4675 sine
406 4624 515 4678 ulla
553 4623 898 4677 dubitatione
936 4620 1229 4681 damnatis,
1274 4622 1513 4691 sequitur
1553 4634 1721 4689 genus

159 4714 380 4771 mendacii
404 4725 673 4787 tanquam
699 4714 957 4785 gradatim
986 4711 1053 4767 ad
1087 4712 1309 4767 meliora
1348 4711 1684 4781 surgentibus
1703 4753 1718 4778 ,

160 4804 272 4867 quod
297 4806 571 4862 benevolis
602 4816 661 4860 et
689 4806 842 4860 bonis
884 4805 1043 4875 vulgo
1086 4803 1244 4858 tribui
1284 4802 1447 4869 solet,
1481 4817 1601 4857 cum
1632 4802 1722 4859 ille
1752 4828 1753 4831 η

157 4894 229 4962 qui
251 4899 518 4967 mentitur,
555 4913 672 4953 non
697 4898 870 4954 solum
911 4897 1069 4952 alteri
1098 4910 1205 4950 non
1232 4896 1419 4962 obest,
1441 4894 1534 4950 sed
1561 4896 1722 4950 etiam
1747 4902 1753 4911 ‘

158 4988 343 5052 prodest
388 4992 578 5045 alicui.
638 4990 716 5046 De
759 4990 865 5045 isto
904 5003 1101 5061 genere
1142 4998 1225 5043 est
1264 4995 1389 5042 tota
1420 4987 1757 5054 ocnteotio,’

158 5086 372 5139 utrumne
403 5084 512 5140 sibi
539 5083 722 5150 obsit,
751 5084 842 5154 qui
886 5083 965 5137 sic
992 5080 1209 5152 prodest
1238 5077 1392 5135 alteri
1412 5121 1427 5145 ,
1468 5087 1529 5133 ut
1569 5077 1725 5133 faciat
1750 5102 1755 5105 -

154 5180 309 5225 contra
330 5176 657 5228 veritatem.
692 5175 796 5228 Aut
822 5174 865 5228 si
890 5173 1090 5228 veritas
1118 5171 1205 5225 illa
1230 5170 1343 5225 sola
1370 5170 1591 5225 dicenda
1618 5177 1719 5238 est,

152 5274 252 5328 qua
276 5264 408 5333 ipsas
432 5275 663 5321 mentes
684 5264 867 5320 intimo
888 5274 1047 5336 atque
1076 5262 1497 5318 incommutabili
1524 5263 1725 5317 lumine

153 5350 384 5422 illustrat;
417 5358 556 5413 facit
580 5365 731 5413 certe
770 5366 957 5413 contra
983 5354 1197 5426 aliquod
1226 5368 1435 5421 verum,
1469 5355 1590 5425 quia
1623 5356 1725 5409 etsi

156 5439 379 5503 falluntur
403 5448 667 5519 corporis
692 5462 898 5517 sensus,
923 5456 1109 5503 contra
1137 5462 1321 5503 verum
1350 5455 1529 5502 tamen
1560 5445 1723 5515 facit,

157 5537 235 5603 Qui
257 5539 376 5595 dicit
403 5528 624 5613 aliquid
658 5540 721 5595 ita
751 5556 900 5607 esse,
940 5542 1023 5595 vel
1051 5552 1160 5595 non
1204 5541 1307 5609 ita,
1349 5539 1490 5611 quod
1532 5538 1583 5595 ei
1625 5552 1728 5594 nec

208 5692 229 5761 ξ
256 5692 609 5761 ᾼΙξίιιιοιηδιββ..
630 5691 683 5742 in
700 5691 952 5761 dilectione
966 5691 1237 5761 mentiendi.

160 5751 359 5866 ἐθειιᾲ
388 5757 551 5807 editio
588 5751 725 5818 Lov.,
750 5753 942 5817 placere
976 5752 1260 5819 humilibus,
1285 5766 1433 5855 quam
1464 5765 1628 5805 verum
1649 5753 1727 5804 dt-

1525 342 1727 402 LIBER
1763 343 1965 404 UNUS.

3282 350 3388 409 50!

1807 472 1961 513 mens
1999 470 2097 513 nec
2127 470 2313 514 sensus
2342 470 2441 514 nec
2478 457 2715 530 opinatio
2742 473 2836 517 sua
2863 462 3069 520 ﬁdem
3095 467 3385 522 renuntiat.

1770 580 1778 587 ε
1809 552 1996 609 Utrum
2022 567 2151 623 ergo
2172 568 2276 608 non
2304 552 2405 609 sibi
2434 552 2595 623 obsit,
2625 554 2715 625 qui
2743 554 2843 611 hoc
2880 556 3044 614 modo
3070 558 3225 614 alteri
3264 574 3390 628 pro-

1786 644 1926 700 dest
1953 662 1969 711 ;
1997 660 2065 700 an
2092 643 2178 699 illa
2209 646 2643 716 compensatione
2680 660 2787 702 non
2814 648 2957 703 obsit
2981 648 3105 715 sibi,
3133 665 3235 721 qua
3263 666 3392 720 pro.

1808 734 1927 791 dest
1954 737 2126 800 alteri,
2156 751 2342 809 magna
2373 738 2597 809 quaestio
2619 745 2721 795 est.
2750 738 2807 795 Si
2828 738 2899 794 ita
2925 748 3025 806 est,
3052 756 3387 814 consequen-

1810 838 1892 887 ter
1916 833 2073 886 etiam
2120 830 2222 886 sibi
2268 831 2521 902 prodesse
2548 831 2706 888 debet
2746 846 2846 904 per
2873 834 3207 890 mendacium
3249 838 3388 906 quod

1807 924 1936 977 nulli
1964 925 2131 978 obest.
2157 922 2260 980 Sed
2284 939 2345 979 ea
2368 939 2605 980 connexa
2631 934 2774 993 sunt,
2797 930 2853 981 et
2871 925 2987 981 istis
3008 922 3275 1007 concessis
3294 944 3395 983 neu

1808 1018 2039 1072 cessario
2067 1017 2350 1073 trahuntur
2378 1035 2496 1089 qua:
2538 1019 2765 1075 multum
2790 1019 3127 1076 conturbant.
3161 1018 3219 1075 Si
3250 1022 3392 1075 enim

1808 1118 2077 1179 qureratur
2117 1108 2243 1180 quid
2269 1111 2407 1165 obsit
2436 1111 2635 1166 homini
2674 1112 2843 1183 copiis
2884 1104 3165 1184 superfluls
3193 1111 3394 1168 redun-

1807 1201 1973 1266 danti,
2004 1204 2048 1257 si
2073 1201 2141 1257 de
2175 1204 2467 1260 innumeris
2497 1205 2729 1261 millibus
2758 1204 3144 1263 frumentorum
3186 1208 3397 1262 amittat

1810 1309 1971 1348 unum
1999 1294 2256 1359 modium,
2282 1297 2372 1365 qui
2404 1306 2582 1353 tamen
2606 1299 2814 1354 modius
2852 1302 3025 1372 possit
3048 1299 3115 1356 ad
3142 1316 3395 1357 necessa-

1808 1386 1945 1440 rium
1974 1386 2169 1441 victum
2208 1388 2465 1459 prodesse
2495 1388 2724 1457 furauti;
2755 1407 3088 1464 consequens
3120 1396 3229 1448 erit
3246 1403 3310 1469 ut
3343 1404 3397 1450 et

1809 1478 2005 1533 furtum
2036 1480 2150 1535 sine
2180 1481 2595 1550 reprehensione
2622 1483 2737 1539 fieri
2768 1487 2957 1555 possit,
2990 1498 3042 1543 et
3069 1487 3263 1544 falsum
3296 1494 3397 1546 ‘te-

1810 1571 2116 1626 stimonium
2144 1572 2258 1628 sine
2278 1584 2499 1643 peccato
2516 1574 2636 1630 dici.
2657 1575 2773 1644 Quo
2793 1578 2917 1647 quid
2939 1579 3043 1633 diei
3072 1586 3245 1649 petest
3270 1571 3394 1651 pcr-

1810 1664 2054 1719 versius?
2079 1667 2159 1718 An
2184 1681 2310 1720 vero
2336 1666 2378 1719 si
2401 1667 2536 1721 alius
2564 1666 2766 1722 furatus
2788 1679 2931 1725 esset
2961 1669 3107 1725 illum
3134 1672 3393 1739 modium,

1810 1764 1865 1811 et
1891 1764 1947 1810 tu
1973 1756 2182 1812 videres
2199 1799 2213 1823 ,
2258 1758 2716 1830 interrogatusque
2741 1774 2889 1816 esses
2911 1802 2927 1827 ,
2966 1764 3267 1818 mentireris
3296 1760 3395 1818 hd-

1810 1858 1961 1904 neste
1987 1866 2081 1919 pro
2112 1867 2363 1920 paupere,
2395 1860 2450 1906 ct
2487 1854 2529 1907 si
2558 1852 2608 1907 id
2640 1868 2736 1923 pro
2764 1862 2850 1908 tua
2878 1865 3185 1925 paupertate
3212 1856 3395 1923 facias,

1811 1940 2149 2009 culpaberis?
2173 1942 2325 2011 quasi
2354 1944 2579 2012 amplius
2606 1946 2765 1999 alium
2796 1963 2951 2015 quam
2986 1956 3036 2002 te
3067 1949 3286 2019 diligere
3314 1951 3399 2005 de-

1810 2033 1957 2089 beas;
1979 2033 2275 2103 Utrumque
2297 2051 2422 2105 ergo
2452 2046 2603 2105 turpe
2625 2046 2782 2107 atque
2810 2040 3081 2092 vitandum
3114 2052 3214 2095 est.

1882 2125 1973 2181 20.
2015 2125 2119 2181 Sed
2152 2124 2391 2180 fortassis
2416 2130 2783 2197 exceptionem
2820 2129 3117 2184 addendam
3159 2133 3276 2201 quis
3302 2148 3404 2202 pu-

1814 2226 1909 2285 tet,
1938 2226 1994 2272 ut
2018 2219 2123 2272 sint
2150 2218 2392 2289 quaedam
2424 2220 2646 2274 honesta
2681 2221 2976 2286 mendacia,
3020 2238 3138 2291 qum
3174 2240 3279 2277 non
3314 2240 3402 2280 so-

1814 2312 1922 2365 lum
1959 2311 2095 2365 nulli
2122 2310 2339 2379 obsunt,
2372 2311 2464 2365 sed
2491 2314 2647 2366 etiam
2680 2314 2921 2368 nonnulli
2962 2323 3204 2383 prosunt,
3239 2332 3401 2371 exce-

1814 2406 1918 2475 ptis
1948 2403 2033 2459 his
2076 2405 2267 2473 quibus
2294 2406 2514 2460 crimina
2551 2406 2888 2461 occultantur
2916 2416 2969 2461 et
2996 2407 3355 2463 defenduntur
3385 2427 3399 2465 :

1816 2507 1866 2551 ut
1892 2497 2013 2551 ideo
2038 2498 2105 2551 sit
2131 2496 2260 2552 illud
2286 2507 2439 2567 turpe
2465 2496 2821 2565 mendacium,
2845 2498 2983 2569 quod
3007 2500 3247 2569 quamvis
3272 2500 3404 2555 nulli

1815 2589 1973 2654 obsit,
1994 2596 2047 2642 et
2070 2589 2236 2657 prosit
2261 2589 2500 2659 pauperi,
2527 2589 2726 2643 furtum
2750 2600 2925 2645 tamen
2949 2593 3211 2657 occultat;
3242 2594 3283 2646 si
3308 2609 3403 2647 auo

1817 2690 1921 2737 tem
1948 2682 2018 2736 ita
2049 2682 2179 2737 nulli
2200 2683 2415 2737 obesset
2438 2691 2489 2738 et
2512 2684 2789 2754 prodesset
2813 2685 2991 2749 alicui,
3020 2694 3076 2740 ut
3101 2686 3258 2740 etiam
3283 2686 3404 2740 nul-

1814 2774 1925 2828 lum
1975 2785 2251 2843 peccatum
2301 2776 2592 2831 occultaret
2640 2786 2796 2847 atque
2846 2775 3189 2840 defenderet,
3249 2785 3405 2847 turpe

1816 2882 1923 2922 non
1950 2878 2116 2947 esset.
2152 2869 2305 2924 Velut
2350 2870 2393 2924 si
2435 2869 2697 2940 quispiam
2738 2872 3019 2940 pecuniam
3062 2887 3210 2926 suam
3249 2881 3299 2926 te
3330 2873 3407 2927 vi-

1815 2959 1976 3014 dente
2002 2962 2383 3028 absconderet,
2414 2978 2482 3017 ne
2506 2978 2603 3033 per
2630 2963 2827 3019 furtum
2861 2973 2951 3020 aut
2978 2964 3083 3019 vim
3113 2966 3400 3031 amitteret,

1816 3059 1975 3120 atque
2016 3052 2141 3106 inde
2188 3052 2541 3124 interrogatus
2585 3056 2917 3123 mcntireris;
2968 3072 3139 3126 neque
3184 3058 3406 3112 obesses

1816 3143 2061 3212 cuiquam
2088 3187 2103 3212 ,
2135 3154 2190 3199 et
2216 3144 2266 3199 ei
2304 3146 2588 3215 prodesscs
2619 3148 2701 3201 cui
2745 3164 2878 3218 opus
2919 3157 3033 3203 erat
3063 3150 3189 3203 illud
3227 3150 3406 3204 occul-

1819 3242 1928 3288 tum
1952 3236 1969 3265 ’
1990 3277 2004 3301 ,
2033 3246 2086 3289 ct
2116 3237 2315 3290 nullum
2352 3248 2626 3307 peccatum
2654 3240 2962 3293 mentiendo
2996 3242 3237 3294 tcxisses.
3286 3241 3405 3295 Non

1818 3328 1959 3382 enim
1987 3330 2267 3399 quisquam
2297 3340 2483 3399 peccat
2513 3332 2891 3387 abscondendo
2914 3350 3024 3387 rem
3056 3349 3226 3398 suam,
3246 3350 3406 3403 quam

1820 3420 1972 3473 titnct
1996 3423 2266 3475 amittere.
2290 3420 2393 3476 Sed
2423 3422 2467 3476 si
2497 3432 2773 3492 preptcrca
2811 3439 2915 3478 non
2945 3439 3228 3493 peccamus
3260 3440 3410 3479 men-

1818 3511 2021 3578 tiendo,
2048 3514 2167 3582 quia
2196 3513 2394 3567 nullius
2420 3523 2692 3583 peccatum
2725 3524 2986 3585 tegentes,
3009 3524 3063 3571 et
3092 3517 3220 3571 nulli
3249 3516 3412 3571 obsu-

1818 3615 1955 3665 mus,
1991 3612 2045 3656 et
2069 3603 2222 3657 alicui
2245 3617 2548 3673 prosumus,
2571 3604 2697 3674 quid
2724 3607 2929 3677 agimus
2956 3607 3022 3663 de
3049 3608 3164 3677 ipso
3192 3618 3411 3678 peccatu

1820 3695 2123 3751 mendacii?
2155 3695 2254 3752 Ubi
2281 3698 2424 3753 enim
2464 3698 2692 3769 positum
2723 3708 2823 3766 est,
2862 3699 2943 3754 Ne
2972 3705 3163 3772 furtum
3193 3703 3413 3773 feceris;

1821 3788 1891 3842 ibi
1919 3789 2147 3857 positum
2179 3798 2280 3855 est,
2315 3787 2403 3843 Ne
2431 3791 2619 3862 falsum
2648 3792 2968 3845 testimommt
2992 3793 3178 3847 dixeris
3204 3792 3410 3864 (Exod.

1820 3896 1915 3945 xx,
1952 3880 2040 3943 i5,
2072 3878 2185 3951 I6).
2212 3879 2349 3935 Cum
2376 3896 2504 3951 ergo
2534 3882 2736 3951 singula
2765 3884 3170 3952 prohibeantur,
3193 3899 3287 3940 cur
3316 3885 3416 3941 fal-

1822 3986 1938 4027 sum
1964 3972 2325 4027 testimonium
2353 3981 2476 4029 tunc
2509 3985 2592 4030 est
2619 3976 2904 4046 culpabile,
2937 3977 2981 4032 si
3011 3976 3208 4033 furtum
3234 3988 3412 4050 tegat,

1822 4065 1905 4118 vel
1927 4064 2140 4134 aliquod
2160 4064 2305 4120 aliud
2332 4077 2637 4135 peccatum;
2668 4069 2711 4122 si
2738 4078 2915 4125 autem
2938 4070 3079 4125 nulla
3102 4072 3416 4130 defensione
3514 4098 3517 4099 ν

1823 4156 2029 4226 peccati
2078 4170 2174 4226 per
2215 4172 2275 4211 se
2320 4157 2495 4226 ipsum
2547 4160 2665 4225 ttat,
2699 4176 2805 4214 non
2837 4170 2919 4215 est
2945 4162 3244 4232 culpabile,
3293 4181 3417 4219 cum

1823 4247 1996 4316 ipsum
2027 4246 2221 4300 furtum
2250 4262 2347 4317 per
2375 4262 2434 4303 se
2462 4248 2722 4319 culpabile
2747 4251 2833 4315 sit,
2866 4260 2919 4306 et
2938 4261 3129 4306 caetera
3163 4256 3417 4324 peccata?

1826 4338 1907 4392 Au
1934 4337 2202 4393 occultare
2226 4347 2501 4408 peccatum
2521 4342 2543 4370 ’
2569 4354 2679 4395 non
2703 4341 2845 4407 licet,
2879 4342 3055 4397 facere
3081 4343 3239 4398 licet?

1894 4428 1984 4483 2i.
2013 4428 2165 4497 Quod
2188 4428 2233 4483 si
2260 4429 2549 4484 absurdum
2580 4439 2697 4497 est,
2735 4432 2860 4501 quid
2889 4432 3163 4488 dicemus?
3202 4435 3282 4489 An
3313 4433 3416 4490 fal-
3483 4414 3507 4515 ξ

1827 4536 1943 4577 sum
1976 4522 2340 4576 testimonium
2364 4536 2469 4576 non
2496 4531 2578 4578 cst
2598 4565 2611 4589 ,
2640 4523 2743 4577 nisi
2771 4538 2895 4579 cum
2917 4526 3140 4596 quisque
3172 4527 3240 4581 ita
3269 4544 3419 4583 men—
3493 4582 3497 4585 .

1830 4614 1989 4680 titur,
2036 4624 2095 4668 ut
2138 4622 2228 4667 aut
2266 4613 2471 4668 crimen
2513 4614 2785 4686 conﬁugat
2819 4614 2873 4670 in
2907 4614 3169 4687 aliquem,
3209 4627 3300 4673 aut
3324 4619 3419 4675 aii-

1828 4707 1980 4779 cujus
2019 4708 2221 4762 crimen
2255 4707 2487 4763 occultet
2506 4749 2521 4774 ,
2552 4716 2644 4763 aut
2671 4722 2887 4781 quoquo
2914 4711 3073 4765 modo
3099 4728 3419 4784 quemquam

1830 4799 1883 4854 in
1911 4798 2115 4879 judicio
2137 4800 2386 4871 premat?
2432 4799 2657 4857 Videtur
2683 4802 2826 4858 enim
2856 4804 3010 4858 testis
3034 4803 3199 4875 judici
3228 4822 3421 4862 neces-

1830 4875 2104 4967 sariusad
2119 4906 2295 4947 causaa
2323 4893 2705 4962 cognitionem.
2731 4892 2838 4949 Sed
2872 4894 2915 4949 si
2943 4892 3201 4951 hactenus
3227 4906 3422 4953 testem

1831 4964 2434 5073 S’ci‘iﬁ'tqiamominaret
2454 5027 2469 5055 ,
2502 5001 2609 5042 non
2635 4986 2841 5043 diceret
2864 4987 3153 5057 Apostolus
3175 4990 3423 5061 ,‘Inveni-

1830 5069 2012 5132 niur’ei
2033 5065 2167 5149 ίριῶῗ
2202 5084 2345 5133 testes
2369 5065 2484 5144 Déi,
2509 5079 2555 5132 si
2582 5081 2919 5135 testimonium
2942 5080 3163 5135 diximus
3182 5080 3424 5137 adversus

1832 5171 2030 5237 Deum,
2076 5171 2194 5238 quia
2231 5158 2516 5225 excitauerit
2552 5168 2836 5240 Christum,
2878 5187 3024 5244 quem
3063 5190 3163 5227 non
3191 5174 3424 5229 excitauit

1834 5265 1879 5336 (Ι
1901 5262 2017 5319 Cor.
2050 5280 2140 5329 xv,
2176 5263 2288 5333 15).
2318 5255 2394 5319 Ιὶει
2412 5264 2553 5319 enim
2581 5266 2815 5321 ostendit
2842 5264 3032 5321 falsum
3058 5264 3422 5329 testimonium

1833 5370 1954 5413 esse
1990 5356 2329 5411 mendacium
2351 5399 2366 5424 ,
2409 5356 2618 5413 etiamsi
2661 5357 2713 5412 in
2744 5357 3053 5433 cujusquam
3100 5360 3231 5416 falsa
3267 5360 3453 5429 laude,

1834 5450 2060 5506 dicatur.

1907 5540 2133 5600 CAPUT
2171 5542 2309 5599 XIII.
2355 5575 2426 5584 —
2476 5544 2554 5599 Αη
2592 5546 2929 5603 mentiendum
2968 5561 3030 5597 ne
3066 5544 3311 5615 prodatur
3349 5545 3426 5599 vel

1837 5636 2126 5704 homicida,
2170 5637 2247 5691 vel
2284 5620 2520 5692 innocens
2560 5637 2801 5707 quaesitus
2840 5635 2908 5688 ad
2942 5644 3169 5690 mortem.
3217 5635 3424 5694 Firmus

1902 5752 1918 5782 ί
1954 5752 2149 5810 Quidam
2174 5759 2301 5811 Mss,
2320 5752 2567 5802 occultari.
2726 5782 2729 5783 ν

1887 5813 1931 5861 ,³
1956 5815 2040 5866 Hic
2061 5815 2179 5866 editi
2203 5821 2255 5865 et
2270 5815 2465 5878 quidam
2480 5820 2587 5867 uss.
2613 5812 2813 5878 addunt,
2836 5814 3123 5868 mentiendo.

3461 4344 3496 4393 (ἶ
