3844 6470
486 410 645 468 503'

486 520 750 587 cpiscOpus
770 503 1140 581 'l‘liagastcmis,
1166 515 1257 556 nec
1282 497 1383 553 vult
1399 493 1618 560 mentiri,
1640 508 1729 546 nec
1753 498 1805 544 ut
1824 488 2073 542 hominem

492 583 754 682 quaesitum
780 603 961 678 prodat
998 596 1258 654 tormentis
1287 591 1426 663 adigi
1455 596 1639 661 potest.
1686 583 1821 653 Quid
1858 596 2072 651 respon-

489 678 601 759 deat
640 704 976 771 interrogatus
1015 701 1059 748 et
1095 691 1255 748 sciens
1296 686 1381 741 ubi
1409 685 1472 740 sit
1507 683 1595 737 ille
1626 680 1709 751 qui
1751 678 1818 731 ad
1867 683 2079 729 mortem

488 795 749 865 quaeritur.
798 765 880 844 Au
910 785 1048 842 forte
1072 793 1197 838 tunc
1225 778 1354 835 dicit
1382 775 1574 830 falsum
1603 766 1963 827 testimonium
1992 765 2079 834 qui

492 856 782 949 mentitur,
828 895 952 937 cum
981 886 1072 932 aut
1111 880 1388 946 peccatum
1426 866 1651 937 alicujus
1692 862 1776 918 vel
1818 860 1967 931 ﬁngit
1996 856 2081 912 vel

493 981 656 1050 tegit,
705 983 799 1031 ant
838 971 995 1028 alicui
1024 968 1179 1024 obest
1206 978 1417 1037 quoquo
1454 959 1651 1016 modo?
1678 956 1737 1011 Si
1761 954 1903 1010 enim
1930 966 2080 1005 men-

496 1045 707 1125 dacium
738 1065 880 1138 quod
919 1064 1173 1119 adversus
1197 1060 1356 1113 vitam
1401 1054 1711 1124 cujusquam
1739 1045 2083 1115 temporalem

493 1162 691 1217 dicitur
724 1137 1042 1215 detestabile
1075 1162 1195 1216 est;
1243 1155 1440 1219 quanto
1471 1144 1635 1214 magis
1656 1139 1799 1211 quod
1828 1137 2084 1192 adversus

498 1252 661 1307 vitam
702 1245 1001 1305 aeternam?
1047 1241 1201 1298 sicuti
1239 1249 1321 1294 est
1345 1251 1502 1293 omne
1546 1231 1915 1295 mendacium,
1957 1226 2002 1280 si
2034 1225 2085 1278 iu

500 1344 742 1400 doctrina
773 1339 1046 1412 religionis
1083 1337 1193 1391 fiat.
1239 1335 1303 1388 Et
1339 1332 1460 1386 ideo
1486 1328 1674 1383 falsum
1724 1320 2087 1379 testimonium

501 1444 657 1491 vocat
694 1410 1013 1504 Apostolus,
1058 1428 1103 1482 si
1135 1426 1249 1496 quis
1274 1423 1340 1478 de
1368 1421 1581 1478 Christo
1603 1460 1618 1485 ,
1656 1417 1816 1472 etiam
1845 1412 1989 1484 quod
2021 1410 2088 1465 ad

505 1532 623 1598 ejus
645 1525 857 1582 laudem
888 1522 1094 1579 videtur
1120 1518 1389 1590 pertinere
1416 1555 1430 1579 ,
1459 1512 1765 1567 mentiatur.
1811 1506 1866 1561 Si
1912 1515 2090 1559 autem

508 1618 843 1675 mendacium
898 1616 1004 1680 sit,
1053 1612 1193 1683 quod
1239 1622 1415 1679 neque
1456 1604 1767 1673 cujusquam
1813 1608 2091 1669 peccatum

507 1721 598 1765 aut
622 1711 888 1779 conlingat
906 1717 997 1761 aut
1018 1714 1181 1774 tegat,
1209 1718 1308 1757 nec
1331 1716 1362 1755 a
1389 1698 1559 1769 iudice
1575 1702 1869 1767 quaeratur,
1894 1701 1948 1747 et
1965 1690 2094 1745 nulli

507 1801 651 1855 obsit
675 1809 729 1855 et
755 1799 924 1869 prosit
952 1795 1151 1859 alicui;
1202 1808 1299 1848 nec
1326 1790 1518 1845 falsum
1563 1785 1927 1844 testimonium
1953 1797 2095 1849 esse,

514 1910 612 1949 nec
638 1891 1061 1965 reprehensibile
1089 1885 1468 1944 mendacium?

585 1988 674 2042 22.
705 1986 841 2056 Quid
883 2001 1043 2057 ergo,
1086 1984 1129 2038 si
1176 1981 1241 2035 ad
1289 1977 1636 2035 christianum
1677 1972 1944 2029 homicida
1972 1985 2101 2026 con-

513 2080 698 2150 fugiat,
731 2086 821 2132 aut
849 2077 1029 2131 videat
1070 2088 1177 2145 quo
1203 2070 1475 2140 confugit;
1527 2067 1676 2127 etde
1702 2065 1802 2120 hac
1849 2079 1907 2119 re
1934 2063 2102 2117 inter-

513 2179 729 2240 rogetur
757 2168 823 2223 ab
844 2183 908 2222 eo
928 2166 1015 2237 qui
1042 2164 1108 2219 ad
1138 2162 1457 2232 supplicium
1483 2159 1672 2230 qumrit
1699 2156 1967 2212 hominem
2000 2154 2103 2210 ho-

515 2263 671 2315 minis
686 2256 1115 2315 inlcrfcetorem?
1140 2250 1503 2311 mentiendum
1521 2250 1642 2306 est?
1664 2248 1943 2316 Quomodo
1963 2247 2104 2301 enim

516 2368 620 2408 non
672 2351 801 2427 tegit
848 2359 1121 2421 peccatum
1171 2345 1511 2409 mentiendo,
1562 2359 1683 2399 cum
1730 2343 1818 2396 ille
1859 2355 1956 2411 pro
2000 2352 2107 2409 quo

517 2447 773 2501 mentitur
799 2486 815 2512 ,
864 2452 1140 2513 peccatum
1168 2441 1492 2496 sceleratum
1518 2434 1833 2492 admiserit?
1873 2434 1956 2487 An
1983 2432 2107 2503 quia

520 2554 624 2594 non
646 2538 714 2592 de
741 2544 962 2606 peccato
990 2535 1108 2605 ejus
1130 2535 1489 2602 interrogatur
1509 2571 1523 2595 ,
1552 2528 1647 2584 sed
1673 2527 1740 2583 de
1769 2527 1888 2582 loco
1908 2525 2000 2581 ubi
2030 2524 2109 2579 la-

522 2630 672 2687 teat?
715 2631 857 2701 Ergo
886 2627 1101 2685 mentiri
1129 2626 1197 2682 ad
1242 2624 1524 2695 tegendum
1574 2622 1889 2692 cujusquam
1918 2632 2111 2690 pecca-

526 2733 635 2776 tum
662 2764 677 2789 ,
726 2721 925 2778 malum
952 2727 1073 2784 est;
1118 2717 1331 2773 mentiri
1359 2724 1537 2770 autem
1565 2713 1632 2768 ad
1665 2711 1944 2782 tegendum
1983 2724 2112 2781 pec-

522 2825 758 2870 catorem
786 2854 800 2878 ,
852 2827 957 2867 non
986 2820 1069 2867 est
1098 2810 1339 2865 malum?
1381 2808 1455 2862 Ita
1495 2822 1625 2862 sane
1648 2848 1663 2872 ,
1703 2806 1780 2860 ait
1806 2804 2067 2877 quispiam
2094 2821 2110 2859 :

527 2922 633 2962 non
663 2906 804 2962 enim
842 2913 966 2959 tunc
995 2912 1183 2974 peccat
1211 2903 1491 2972 quisquam
1514 2941 1531 2967 ,
1574 2914 1693 2954 eum
1721 2898 1882 2953 evitat
1909 2896 2113 2967 suppli-

526 3001 701 3064 cium;
740 2998 831 3055 sed
859 3012 979 3052 cum
1008 2996 1137 3052 facit
1166 2995 1365 3066 aliquid
1407 2994 1625 3065 dignum
1656 2990 1937 3063 supplicio.
1981 2990 2115 3046 Per-

528 3094 663 3146 tinet
697 3099 882 3147 autem
912 3089 977 3144 ad
1008 3088 1343 3160 disciplinam
1374 3086 1741 3152 Christianam,
1771 3092 1829 3140 ut
1857 3099 2030 3155 neque
2051 3081 2120 3140 de

526 3183 839 3251 cujusquam
881 3182 1213 3237 correctione
1258 3179 1609 3248 desperetur,
1658 3192 1833 3248 neque
1873 3176 2118 3246 cuiquam

528 3273 820 3343 paenitendi
846 3273 1019 3327 aditus
1060 3270 1465 3327 intercludatur.
1511 3268 1683 3336 Quid,
1716 3270 1760 3323 si
1788 3268 1853 3323 ad
1884 3267 2117 3339 judiccm

529 3366 720 3421 ductus
762 3366 829 3420 de
860 3366 973 3436 ipso
1002 3366 1119 3420 loco
1148 3364 1235 3419 ubi
1260 3378 1319 3418 se
1354 3363 1443 3417 ille
1468 3361 1700 3417 occultct
1739 3357 2121 3430 interrogeris?

529 3458 769 3515 dicturus
799 3475 879 3525 es,
910 3467 1025 3524 aut,
1053 3457 1167 3512 Non
1198 3456 1269 3512 ibi
1298 3464 1400 3522 est,
1427 3455 1517 3510 ubi
1547 3469 1670 3509 eum
1697 3453 1801 3508 scis
1825 3466 1977 3518 esse;
2009 3459 2118 3517 aut,

538 3568 643 3605 non
672 3549 792 3605 novi
822 3560 1002 3605 etnon
1028 3548 1156 3614 vidi,
1188 3546 1331 3617 quod
1370 3546 1510 3602 nosti
1542 3555 1595 3600 et
1620 3543 1841 3599 vidisti?
1877 3543 2123 3598 Dicturus

531 3660 657 3712 ergo
697 3657 757 3697 es
797 3642 987 3695 falsum
1031 3640 1431 3704 testimonium,
1481 3646 1537 3692 et
1576 3636 1852 3691 occisurus
1891 3634 2123 3689 animam

535 3746 677 3789 tuam
703 3774 717 3798 ,
748 3748 815 3786 ne
840 3731 1111 3787 occidatur
1142 3728 1451 3785 homicida?
1497 3730 1578 3782 An
1602 3742 1769 3797 usque
1796 3726 1863 3781 ad
1894 3740 2121 3797 conspe-

535 3835 679 3882 ctum
707 3824 899 3896 judicis
928 3823 1201 3878 mentieris
1224 3863 1240 3889 ,
1282 3822 1460 3890 judice
1500 3830 1677 3876 autem
1716 3829 1992 3891 quaerente
2011 3821 2124 3892 jam

537 3934 721 3974 verum
752 3916 897 3972 dices
916 3957 933 3983 ,
976 3930 1045 3970 ne
1084 3914 1159 3970 sis
1189 3913 1352 3969 falsus
1382 3912 1570 3969 testis?
1615 3913 1732 3983 ipse
1759 3913 1920 3985 igitur
1948 3913 2124 3970 homi-

538 4027 657 4066 nem
675 4010 981 4082 proditione
1001 4009 1276 4064 occisurus
1297 4022 1374 4061 es.
1402 4007 1572 4061 Etiam
1588 4006 1914 4077 proditorem
1931 4008 2127 4078 quippe

537 4100 713 4156 divina
759 4101 1031 4170 Scriptura
1077 4098 1391 4154 detestatur.
1422 4098 1506 4151 An
1546 4098 1683 4152 forte
1731 4097 1972 4167 proditor
2018 4113 2125 4153 non

536 4201 651 4257 est,
684 4191 771 4262 qui
808 4190 974 4261 judici
1021 4189 1366 4260 interroganti
1391 4204 1577 4244 verum
1610 4188 1808 4243 iudicat
1831 4197 2012 4254 ;‘esset
2036 4203 2129 4244 au-

538 4293 645 4340 tem
675 4282 917 4354 proditor
938 4326 952 4349 ,
1005 4283 1049 4337 si
1093 4297 1412 4353 quemquam
1437 4280 1504 4336 ad
1529 4280 1750 4337 exitium
1781 4280 1921 4335 ultro
1947 4279 2126 4337 defer-

538 4376 660 4431 ret?
705 4374 873 4443 Quid,
925 4374 971 4430 si
1007 4374 1076 4430 de
1112 4374 1257 4445 justo
1299 4382 1459 4445 atque
1505 4374 1792 4429 innocente
1837 4372 1926 4428 ubi
1972 4372 2131 4428 lateat

538 4465 716 4521 sciens
746 4481 776 4520 a
799 4464 982 4535 judice
1010 4464 1357 4535 iuterrogeris
1377 4504 1392 4530 ,
1422 4464 1512 4534 qui
1541 4472 1721 4520 tamen
1747 4462 1814 4519 ad
1841 4470 2068 4518 mortem
2098 4477 2130 4516 a

540 4559 740 4628 majore
787 4567 1049 4628 potestate
1086 4559 1267 4628 jussus
1296 4566 1379 4614 est
1408 4557 1559 4627 rapi,
1610 4564 1670 4613 ut
1714 4557 1804 4612 ille
1848 4556 1939 4627 qui
1969 4556 2133 4611 inter—

539 4657 692 4718 rogat
715 4658 997 4705 exsecutor
1022 4649 1091 4703 sit
1120 4650 1250 4719 legis
1267 4690 1280 4713 ,
1329 4663 1438 4702 non
1466 4647 1754 4702 conditor?
1779 4663 1845 4701 an
1878 4647 1998 4703 ideo
2025 4661 2132 4702 non

539 4738 643 4792 erit
659 4738 844 4792 falsum
866 4739 1229 4793 testimonium
1251 4738 1391 4807 quod
1416 4752 1514 4806 pro
1537 4739 1820 4794 innocente
1835 4738 2130 4805 mentieris,

540 4829 663 4899 quia
693 4842 793 4884 nec
823 4828 915 4884 ille
937 4829 1099 4898 judex
1127 4870 1143 4896 ,
1171 4829 1267 4886 sed
1294 4838 1577 4885 exsecutor
1602 4831 1931 4901 interrogat?
1970 4831 2129 4899 Quid,

540 4920 584 4975 si
617 4921 730 4990 ipse
758 4920 1003 4975 conditor
1043 4917 1174 4990 legis
1222 4920 1549 4992 interroget,
1596 4930 1686 4977 aut
1723 4922 1945 4992 quilibet
1967 4924 2129 4993 judex

541 5010 755 5080 iniquus
803 5010 868 5064 ad
915 5009 1233 5080 supplicium
1277 5026 1524 5081 quaerens
1567 5013 1948 5068 innocentem?
2004 5013 2131 5085 quid

540 5098 748 5155 facies?
792 5099 957 5155 falsus
995 5101 1145 5156 testis
1170 5140 1185 5165 ,
1228 5116 1297 5155 an
1341 5100 1580 5170 proditor
1608 5103 1759 5157 eris?
1805 5104 1886 5157 An
1913 5104 2001 5159 ille
2030 5105 2134 5160 erit

542 5192 783 5264 proditor
802 5234 816 5259 ,
868 5193 957 5262 qui
981 5191 1131 5262 justo
1167 5190 1333 5263 judici
1360 5192 1611 5248 latentem
1642 5194 1963 5249 homicidam
1992 5194 2132 5250 ultro

540 5286 833 5350 detulerit;
884 5294 939 5339 et
968 5285 1057 5340 ille
1100 5300 1207 5341 non
1235 5285 1357 5350 erit,
1404 5285 1493 5356 qui
1520 5285 1685 5355 judici
1711 5286 1907 5356 injusto
1936 5286 2022 5341 ubi
2050 5288 2132 5342 la-

543 5387 654 5436 teat
698 5380 955 5435 innocens
1000 5394 1156 5449 quem
1206 5378 1398 5448 quaerit
1449 5379 1732 5445 occidere,
1784 5378 2134 5451 interroganti

544 5471 862 5528 indicaverit
910 5487 1032 5526 cum
1079 5471 1169 5541 qui
1218 5485 1277 5525 se
1322 5469 1445 5526 tidei
1472 5470 1587 5540 ejus
1624 5471 2004 5527 commiserat?
2050 5472 2133 5527 An

546 5567 688 5621 inter
713 5565 915 5621 crimen
945 5563 1061 5618 falsi
1090 5562 1381 5617 testimonii
1408 5572 1460 5617 et
1488 5562 1804 5633 proditionis
1827 5563 2020 5618 dubius
2046 5564 2133 5618 in-

544 5665 827 5727 certusque
852 5655 1194 5711 remanebis?
1237 5657 1317 5709 An
1350 5656 1572 5710 tacendo
1595 5697 1611 5723 ,
1640 5658 1723 5711 vel
1759 5657 2061 5728 proﬁtendo
2084 5668 2134 5712 te

546 5764 653 5803 mn
701 5766 819 5804 esse
859 5751 1123 5806 dicturum
1149 5793 1164 5817 ,
1213 5759 1391 5806 certus
1433 5758 1716 5821 utrumque
1753 5752 1981 5807 vitabis?
2028 5752 2133 5807 Cur

546 5854 675 5912 ergo
699 5855 804 5897 non
832 5841 929 5901 hoc
974 5843 1165 5917 facias,
1210 5843 1517 5921 priusquam
1554 5843 1620 5902 ad
1659 5843 1894 5919 judicent
1924 5848 2129 5921 venias,

1642 379 1729 435 DE
1770 368 2139 437 MENDACIO,
2167 368 2223 424 S.
2266 364 2634 424 AUGUSTINI

2186 492 2244 538 ut
2265 497 2455 538 caveas
2475 481 2634 538 etiam
2652 475 2987 535 mendacium
3002 478 3028 531 7
3053 474 3265 531 Evitato
3292 471 3420 531 enim
3442 477 3689 548 mendacio,

2185 590 2344 630 omne
2369 572 2728 630 testimonium
2758 570 2946 625 falsum
2970 568 3226 640 effugies;
3270 568 3375 624 sive
3403 583 3543 625 omne
3576 587 3697 628 men-

2187 669 2393 724 dacium
2421 669 2488 722 sit
2513 666 2703 721 falsum
2730 663 3115 729 testimonium,
3148 662 3261 717 sive
3286 678 3385 717 non
3410 677 3549 718 omne
3575 682 3585 717 :
3610 669 3691 720 evi-

2191 773 2299 818 tato
2346 770 2524 816 autem
2570 758 2703 814 falso
2746 757 3053 813 testimonio
3088 755 3229 826 quod
3266 765 3319 810 tu
3341 769 3452 811 esse
3485 755 3693 825 intelligis,

2192 873 2298 914 non
2328 855 2548 926 effugies
2578 868 2737 909 omne
2777 850 3138 911 mendacium.
3170 850 3375 918 Quanto
3403 864 3515 920 ergo
3536 834 3699 916 fortius:

2192 958 2390 1020 quanto
2417 948 2763 1005 excellentius
2786 946 2932 1002 dices
2961 963 2974 999 :
3001 944 3113 1000 Nec
3130 943 3364 1015 prodam,
3386 958 3474 998 nec
3494 944 3698 997 mentiar?

2264 1042 2353 1097 25.
2408 1042 2557 1096 Fecit
2605 1041 2705 1096 hoc
2731 1039 3014 1110 episcopus
3040 1035 3307 1108 quondam
3357 1034 3695 1104 Thagastensis'

2197 1134 2482 1199 Ecclesiae,
2519 1133 2728 1187 Firmus
2782 1131 3024 1194 nomine,
3068 1129 3270 1182 firmior
3319 1125 3578 1180 voluntate.
3599 1123 3695 1178 Nam

2197 1242 2316 1280 cum
2345 1224 2412 1278 ab
2441 1238 2505 1279 eo
2546 1229 2877 1293 qurereretur
2924 1219 3087 1274 homo
3118 1217 3272 1288 jussu
3308 1215 3604 1285 Imperatoris
3633 1229 3698 1281 per

2199 1319 2532 1390 apparitores
2557 1317 2625 1371 ab
2663 1331 2728 1371 eo
2754 1316 2947 1370 missos
2968 1354 2982 1379 ,
3026 1327 3186 1383 quem
3211 1309 3276 1364 ad
3302 1325 3358 1364 se
3385 1306 3699 1377 confugientem

2201 1411 2475 1481 diligentia
2494 1417 2688 1480 quanta
2721 1414 2930 1477 poterat
2958 1402 3299 1468 occultabat;
3335 1399 3577 1470 respondit
3593 1414 3698 1467 qua-

2201 1502 2443 1558 rentibus
2485 1515 2582 1555 nec
2611 1498 2821 1553 mentiri
2866 1512 2926 1551 se
2963 1510 3125 1567 posse
3150 1534 3164 1559 ,
3204 1507 3303 1546 nec
3345 1490 3577 1545 hominem
3615 1502 3699 1556 pro-

2203 1596 2359 1660 dere,
2404 1608 2698 1665 passusque
2735 1602 2842 1645 tam
2880 1590 3046 1644 multa
3075 1594 3336 1642 tormenta
3358 1582 3567 1652 corporis
3590 1579 3697 1651 (aon-

2205 1688 2330 1743 dum
2354 1687 2494 1741 enim
2533 1693 2685 1740 erant
2725 1683 3081 1753 Imperatores
3120 1674 3446 1745 christiani),
3485 1670 3699 1743 permansit

2208 1784 2261 1839 in
2290 1782 2572 1839 sententia.
2622 1778 2821 1835 Deinde
2852 1777 2919 1832 ad
2960 1777 3339 1845 Imperatorem
3365 1769 3560 1833 ductus,
3583 1778 3698 1833 usque

2208 1878 2342 1933 adeo
2369 1875 2627 1931 mirabilis
2667 1872 2930 1943 apparuit,
2960 1878 3021 1923 ut
3059 1869 3173 1937 ipse
3199 1864 3393 1919 homini
3419 1874 3552 1931 quem
3572 1870 3700 1912 serva-

2208 1970 2337 2036 bat,
2389 1965 2768 2035 indulgentiam
2809 1963 2926 2017 sine
2973 1960 3081 2015 ulla
3124 1955 3425 2013 difﬁcultate
3448 1952 3693 2020 impetraret.

2210 2062 2349 2131 Quid
2378 2063 2478 2116 hoc
2504 2060 2616 2114 fieri
2651 2066 2830 2129 potest
2878 2054 3067 2109 fortius
3106 2060 3264 2121 atque
3291 2041 3607 2104 constantius?
3626 2037 3696 2095 Sed

2212 2157 2286 2210 ait
2316 2156 2593 2225 quisquam
2618 2150 2849 2207 timidior
2883 2167 2896 2202 :
2931 2148 3154 2202 Paratus
3174 2158 3293 2201 esse
3317 2155 3508 2213 possum
3532 2137 3582 2191 ad
3601 2146 3697 2205 qua-

2212 2247 2342 2302 libet
2370 2244 2586 2300 ferenda
2610 2252 2892 2306 tormenta,
2923 2240 3008 2294 vel
3030 2238 3189 2292 etiam
3218 2244 3433 2289 mortem
3455 2225 3695 2287 obeundam,

2216 2355 2283 2395 ne
2325 2354 2541 2409 peccem
2573 2356 2586 2391 :
2619 2352 2740 2392 cum
2785 2343 2964 2389 autem
2992 2339 3269 2403 peccatum
3300 2341 3401 2381 non
3432 2322 3490 2378 sit
3516 2322 3571 2374 ita
3598 2332 3699 2371 men-

2218 2433 2338 2498 tiri,
2374 2439 2431 2486 ut
2456 2445 2627 2501 neque
2656 2430 2905 2499 cuiquam
2930 2424 3079 2481 obsis
3103 2466 3119 2491 ,
3161 2435 3330 2490 neque
3350 2416 3514 2472 falsum
3534 2409 3702 2465 testimo-

2218 2525 2367 2579 nium
2393 2522 2559 2588 dicas,
2593 2530 2647 2577 et
2692 2520 2865 2590 prosis
2908 2516 3111 2580 alicui;
3163 2512 3375 2569 stultum
3418 2514 3491 2562 est
3522 2512 3564 2557 et
3594 2509 3702 2569 grave

2220 2624 2494 2688 peccatum
2516 2658 2530 2682 ,
2575 2612 2871 2668 voluntaria
2914 2609 3117 2665 frustra
3147 2605 3402 2662 sustinere
3422 2602 3646 2653 tormenta.
3672 2595 3707 2688 et

2222 2710 2460 2769 fortassis
2490 2710 2675 2765 utilem
2703 2709 2928 2763 salutem
2960 2721 3023 2760 ac
3054 2706 3220 2760 vitam
3259 2702 3499 2755 incassum
3523 2682 3708 2744 structili-

2222 2807 2321 2862 bus
2340 2804 2619 2876 projicere.
2652 2806 2694 2856 Α
2720 2816 2825 2872 quo
2849 2814 3032 2871 quaero
3049 2813 3154 2854 cur
3179 2798 3356 2851 timeat
3380 2785 3504 2860 quod
3525 2781 3702 2876 scriptam

2222 2866 2565 2966 esu-Faisum
2600 2866 2935 2949 testimonium
2980 2907 3093 2944 non
3131 2889 3263 2943 dices
3297 2878 3474 2954 (Exod.
3506 2888 3593 2937 xx,
3621 2866 3707 2961 16);.

2224 3000 2279 3049 et
2301 3006 2408 3047 non
2433 2989 2616 3044 timeat
2638 2984 2779 3057 quod
2804 2985 2912 3039 Deo
2939 2982 3150 3037 dictum
3175 2986 3256 3034 est
3278 3018 3292 3041 ,
3325 2969 3495 3027 Perdes
3510 2976 3636 3057 omnes

2226 3084 2503 3153 loquuntur
2526 3053 2841 3133 mendacium
2868 3074 3039 3145 (Psal.
3074 3090 3112 3129 ν
3133 3114 3148 3141 ,
3178 3068 3267 3143 7)?
3305 3064 3442 3129 Non,
3471 3053 3603 3153 inquit
3621 3061 3707 3146 seu:

2226 3149 2377 3246 ptum
2405 3179 2521 3238 est,
2555 3170 2726 3225 Omne
2752 3168 3095 3223 mendacium
3125 3183 3138 3220 :
3171 3162 3264 3219 sed
3292 3159 3361 3214 ita
3387 3149 3598 3246 intelligo,
3616 3152 3707 3246 ac‘SI

2226 3239 2297 3325 sit
2323 3267 2581 3337 scriptum
2611 3307 2626 3332 ,
2658 3260 2855 3319 Perdes
2881 3274 3069 3314 omnes
3097 3257 3189 3329 qui
3217 3256 3481 3323 loquuntur
3496 3240 3641 3337 falsum
3656 3239 3711 3337 lle-

2228 3330 2558 3416 stimonium.
2585 3330 2657 3412 At
2684 3369 2782 3411 nec
2821 3352 2891 3408 ibi
2928 3350 3136 3406 dictum
3163 3355 3277 3414 est,
3319 3341 3470 3399 Omne
3489 3331 3633 3387 falsum
3655 3330 3710 3373 εει

2228 3452 2561 3507 stimonium.
2612 3447 2717 3503 Sed
2748 3446 2819 3501 ibi
2846 3444 3073 3515 positum
3110 3450 3227 3505 est,
3268 3432 3452 3505 inquit,
3485 3423 3551 3480 ubi
3572 3423 3711 3515 celer?

2931 3544 3074 3591 sunt.
3132 3498 3389 3599 Numquid
3418 3529 3462 3576 ει
3489 3510 3585 3615 im

2229 3604 2301 3694 ibi
2327 3633 2594 3702 est,,Non
2636 3631 2830 3687 occides
2860 3628 3053 3700 (Exod.
3087 3642 3191 3692 xx,
3223 3620 3350 3691 ιδῃ
3394 3608 3520 3684 Quod
3548 3604 3582 3659 si
3610 3608 3713 3702 onttu

2230 3728 2392 3785 modo
2419 3726 2616 3781 malum
2644 3732 2726 3779 est
2748 3763 2765 3790 ,
2808 3719 3075 3792 quomodo
3125 3719 3190 3773 ab
3220 3716 3318 3771 hoc
3344 3704 3543 3766 crimine
3558 3700 3713 3792 excutit;

2230 3822 2429 3877 buntur
2467 3818 2632 3888 justi,
2682 3816 2772 3886 qui
2812 3778 2928 3884 post
2969 3812 3147 3883 legem
3180 3809 3352 3865 datam
3389 3778 3714 3888 multoiififd‘fﬁ'2

2231 3912 2399 3969 runt?
2442 3878 2549 3966 Sed
2597 3878 2948 3978 respondetur
2988 3878 3136 3973 quod
3180 3915 3282 3956 non
3320 3896 3424 3965 ipse
3453 3878 3713 3978 occidam-(1.1:!

2228 4005 2358 4077 justi
2400 4002 2623 4072 alicujus
2656 3968 2906 4070 praecepti
2948 3994 3199 4051 minister
3225 3998 3323 4048 est.
3374 3984 3543 4077 Horum

2233 4063 2441 4155 morem
2462 4097 2539 4151 sic
2564 4093 2786 4162 accipio,
2813 4098 2873 4145 ut
2900 4098 3076 4143 tamen
3104 4090 3250 4144 illum
3278 4071 3557 4162 laudabilem
3581 4063 3712 4162 vim}:

2234 4190 2323 4262 qui
2371 4202 2470 4244 nec
2510 4184 2722 4241 mentiri
2766 4181 2967 4244 voluit,
3016 4195 3118 4236 nec
3159 4174 3414 4233 hominem
3438 4146 3713 4262 βτοάθτθξξι

2236 4246 2426 4340 melius
2460 4280 2690 4335 arbitrer
2724 4275 3051 4331 intellexisse
3074 4271 3218 4344 quod
3244 4265 3477 4333 scriptum
3500 4254 3590 4311 est,
3610 4246 3649 4292 οι
3666 4246 3717 4286 ιη’

2237 4374 2507 4431 tellectum
2535 4370 2740 4425 fortiter
2770 4365 3097 4436 implevisse.

2307 4420 3072 4528 Sit-Sedvenit‘nraliquando
3096 4456 3164 4511 ad
3197 4420 3713 4528 hujusmodiarticultt-ttt:

2237 4566 2428 4613 utnon
2461 4556 2852 4623 interrogemur
2875 4514 2971 4603 ilbi
3000 4548 3069 4605 sit
3098 4548 3188 4603 ille
3225 4514 3311 4615 qui
3335 4514 3719 4623 queritur;

2241 4598 2296 4613 ι..
2321 4598 2428 4612 ην..
2461 4598 2841 4623 ........-,,--.._-
2887 4598 2971 4603 η-
3000 4598 3067 4605 __-
3238 4598 3257 4615 ν,
3351 4598 3367 4607 ,

2237 4662 2491 4718 cogamur
2518 4653 2579 4700 ut
2600 4659 2722 4699 eum
2759 4639 3046 4712 prodamus
3070 4680 3085 4706 ,
3133 4639 3176 4693 si
3207 4622 3281 4691 Sic
3299 4623 3559 4718 occultatus

2241 4695 2480 4718 ""D“"""
2523 4695 2576 4700 "'
2609 4695 2722 4699 *τίη
2760 4695 2806 4712 τί
3072 4695 3084 4706 1
3655 4695 3662 4700 ,

2239 4738 2468 4796 inveniri
2512 4736 2664 4790 facile
2708 4734 2811 4789 nisi
2863 4732 3105 4802 proditus
3144 4729 3367 4799 nequeat
3397 4736 3409 4771 :

2238 4846 2267 4884 a
2294 4828 2448 4890 nobis
2478 4835 2653 4880 utrum
2699 4825 2791 4879 illo
2836 4786 2957 4879 loco
2990 4823 3088 4890 sit,
3136 4836 3201 4876 an
3228 4786 3341 4872 .non
3363 4808 3448 4864 sit.

2240 4866 2267 4884 ..
2294 4866 2448 4890 ..υυιρ
2480 4866 2653 4880 μην...
2700 4866 2790 4879 ...ν
2836 4866 2956 4879 ww
2990 4866 3088 4890 -..,
3136 4866 3201 4876 ,η
3579 4882 3588 4894 .
3698 4866 3706 4875 _

2240 4938 2360 4981 esse
2399 4922 2596 4976 scimus
2619 4960 2634 4984 ,
2681 4918 2909 4975 tacendo
2937 4933 3059 4972 eum
3106 4911 3403 4986 prodimus;
3439 4892 3511 4950 Ve'
3534 4890 3653 4986 eui"?

2238 5014 2412 5072 cendo
2463 5028 2795 5083 nequaquam
2834 5026 2932 5066 nos
2959 5025 3079 5065 esse
3106 5008 3338 5063 dicturos
3363 5036 3378 5062 ν
3418 4972 3646 5100 illrum)?

2240 5123 2306 5162 an
2334 5122 2440 5162 non
2468 5068 2583 5160 sitI:
2616 5068 2684 5159 ei:
2711 5103 2813 5159 hoc
2837 5101 2981 5157 enim
3013 5100 3210 5170 colligit
3241 5092 3328 5150 ille
3356 5082 3439 5155 qui
3476 5068 3651 5170 ςιιιίξετίές

2240 5214 2360 5254 eum
2402 5212 2520 5253 esse
2545 5238 2559 5262 ,
2606 5193 2696 5250 ubi
2735 5194 2781 5249 si
2827 5209 2933 5249 non
2968 5200 3155 5259 esset,
3205 5182 3331 5243 nihil
3367 5162 3582 5262 aliudab

2241 5241 2360 5254 νυ...
2403 5241 2559 5262 νην,
2611 5241 2696 5250 __-
2735 5241 2781 5249 _-
2828 5241 2933 5249 -.-η
2981 5241 3155 5259 _____,
3207 5241 3215 5243 ,

2240 5289 2453 5346 mentiri
2481 5288 2682 5353 nollet,
2716 5300 2816 5341 nec
2844 5284 3113 5340 hominem
3139 5277 3357 5353 prodere
3380 5311 3395 5337 ,
3431 5241 3726 5354 niSAi

2242 5384 2313 5437 ibi
2335 5397 2454 5437 esse
2479 5377 2916 5451 responderetur.
2967 5376 3038 5431 Ita
3066 5390 3160 5447 per
3183 5376 3408 5428 nostram
3433 5349 3505 5459 Vt?!

2242 5426 2313 5437 "'"
2336 5426 2454 5437 W'V
2480 5426 2885 5451 "'"r‘"'-'-"-—
2906 5426 2915 5430 '
2967 5426 3038 5431 "“
3068 5426 3151 5447 r"
3183 5426 3215 5428 "
3524 5436 3533 5446 .

2242 5482 2403 5529 tatem
2442 5473 2528 5527 vel
2577 5470 2699 5524 talia
2746 5467 2907 5522 verba
2956 5468 3115 5521 homo
3144 5450 3489 5547 proditur.-ul

2242 5566 2452 5637 qumrit,
2476 5564 2519 5617 si
2568 5570 2888 5632 potestatem
2935 5557 3125 5624 habet,
3175 5563 3227 5610 et
3267 5516 3727 5645 ἰιινοηίίιιιῗηῖὶὲςὲἓὲ

2282 5612 2519 5630 Nm,“
3024 5612 3061 5613 Ὺ
3114 5612 3125 5624 ν

2245 5612 2417 5711 ἴθιιὶοη
2464 5654 2531 5708 ah
2578 5652 2694 5723 ejus
2744 5649 3050 5704 inventione
3096 5636 3369 5702 mendacio
3410 5626 3565 5681 nostro
3603 5612 3652 5671 [ιο

2308 5795 2323 5825 ί
2362 5799 2411 5840 tn
2434 5790 2591 5840 veteri
2611 5785 2923 5857 Qermanensi
2946 5785 3145 5846 codice,
3175 5765 3476 5840 Tlutgasenst's.
3514 5763 3554 5803 In
3590 5730 3741 5831 90W.

2246 5858 2364 5919 tino,
2388 5863 2673 5918 Tegeaeum.
