3930 6368
204 324 284 384 ωε
1546 295 1750 358 LIBER
1790 296 1986 359 unus.

206 436 356 495 averu'.
394 432 698 502 Quapropter
722 427 771 483 si
797 424 979 484 nescis
1015 424 1103 481 ubi
1131 421 1231 487 sit,
1264 419 1409 477 nulla
1435 426 1520 475 est
1549 430 1710 474 causa

205 527 465 591 occultanda:
507 523 740 580 veritatis
762 562 780 589 ,
818 520 917 576 sed
968 528 1019 575 te
1052 516 1257 572 nescire
1299 512 1568 569 fatendum
1608 516 1710 567 est.

202 630 245 682 Si
265 634 405 679 autem
430 620 525 676 scis
551 616 638 672 ubi
664 616 769 682 sit,
816 616 932 668 sive
971 611 1042 666 ibi
1073 611 1140 665 sit
1176 609 1262 664 ubi
1290 606 1573 678 quaeritur,
1601 603 1716 658 sive

200 718 293 772 alibi
313 734 326 781 ;
346 729 433 768 non
460 718 538 767 est
560 706 866 771 dicendum,
896 718 1019 759 cum
1045 701 1323 772 quaesitum
1351 698 1507 753 fuerit
1538 703 1716 750 utrum

200 810 251 864 ibi
285 808 366 867 sit,
403 820 460 858 an
484 817 586 857 non
615 800 721 866 sit,
749 797 869 853 Non
908 796 1028 851 dico
1055 792 1193 864 quod
1238 791 1432 862 quaeris
1465 808 1478 844 :
1510 787 1607 844 sed
1631 787 1715 842 di-

199 898 371 955 cendum
388 937 400 960 ,
426 894 538 949 Scio
564 891 652 947 ubi
678 890 768 957 sit,
795 887 891 944 sed
930 900 1199 956 nunquam
1229 881 1555 937 monstrabo.
1584 879 1718 934 Nam

199 992 230 1043 si
251 989 301 1043 de
320 1002 404 1041 uno
441 984 550 1039 loco
589 997 698 1037 non
738 977 1066 1050 respondeas
1090 1018 1105 1042 ,
1136 985 1189 1031 et
1218 984 1271 1029 te
1316 988 1420 1027 non
1451 987 1571 1027 esse
1599 986 1720 1041 pro-

196 1082 373 1135 diturum
399 1076 627 1139 fatearis;
678 1074 783 1128 tale
812 1080 896 1128 est
924 1085 987 1125 ac
1011 1072 1054 1124 si
1082 1067 1329 1124 eumdem
1356 1065 1529 1120 locum
1556 1062 1721 1134 digito

196 1171 425 1228 ostendas:
452 1176 693 1223 movetur
735 1164 880 1220 enim
934 1172 1077 1216 certa
1130 1157 1381 1228 suspicio.
1440 1155 1496 1209 Si
1542 1162 1719 1209 autem

198 1266 332 1337 primo
350 1262 543 1319 fatearis
569 1269 624 1316 te
652 1260 794 1315 scire
815 1256 904 1311 ubi
933 1256 1020 1320 sit,
1047 1252 1139 1309 sed
1167 1266 1274 1306 non
1304 1250 1519 1315 dicere;
1550 1255 1724 1318 potest

197 1359 373 1413 fortasse
388 1356 447 1411 ab
473 1355 560 1409 illo
592 1354 717 1408 loco
747 1348 1030 1420 inquisitor
1055 1345 1224 1401 averti
1250 1386 1266 1412 ,
1299 1352 1352 1399 et
1382 1343 1473 1397 tibi
1498 1341 1606 1411 jam
1638 1339 1723 1394 in-

192 1450 411 1517 cumbere,
438 1456 490 1502 ut
508 1447 590 1501 ubi
616 1453 705 1500 est
731 1458 763 1497 a
792 1452 845 1497 te
874 1438 1149 1511 prodatur.
1180 1437 1283 1491 Pro
1306 1450 1409 1505 qua
1434 1433 1537 1488 ﬁde
1564 1439 1723 1501 atque

194 1542 461 1596 humanitate
484 1534 739 1609 quidquid
769 1532 980 1589 fortiter
1012 1528 1199 1584 tuleris
1223 1570 1237 1593 ,
1271 1541 1378 1580 non
1405 1524 1581 1580 solum
1614 1535 1723 1575 non

192 1632 438 1703 culpabile,
481 1629 569 1684 sed
616 1628 784 1683 etiam
826 1620 1093 1677 laudabile
1127 1618 1395 1690 judicatur
1437 1634 1450 1670 :
1485 1613 1724 1683 exceptis

192 1726 397 1778 duntaxat
439 1723 515 1777 his
540 1736 657 1791 quae
692 1719 739 1773 si
784 1729 975 1788 passus
999 1714 1155 1769 fuerit
1186 1711 1349 1766 homo
1373 1750 1387 1773 ,
1435 1724 1542 1764 non
1571 1706 1724 1762 forti-

196 1828 288 1883 ter,
323 1815 405 1870 sed
447 1812 700 1883 impudice
729 1824 795 1864 ac
830 1808 1057 1878 turpiter
1086 1805 1194 1876 pali
1237 1803 1449 1857 dicitur.
1502 1799 1615 1854 Hoc
1643 1806 1726 1854 est

192 1912 311 1963 enim
337 1909 552 1961 ultimum
590 1902 966 1967 mendacium,
1018 1898 1086 1954 de
1124 1912 1230 1968 quo
1273 1892 1579 1965 diligentius
1621 1899 1727 1945 tra-

194 1999 418 2054 ctandum
440 2008 531 2053 est.

184 2156 197 2167 ν
261 2090 460 2146 CAPUT
480 2089 603 2143 XIV.
624 2118 693 2128 —
708 2089 791 2144 9.3.
810 2086 1197 2142 Mendaciorum
1225 2092 1335 2138 octo
1353 2097 1559 2154 genera.
1591 2079 1725 2135 Nam

204 2182 404 2251 primum
428 2190 499 2235 est
520 2181 578 2235 ad
606 2179 900 2235 evitandum
932 2178 1158 2250 capitale
1188 2175 1522 2232 mendacium
1546 2174 1727 2243 longe-

205 2291 288 2344 que
325 2274 623 2344 fugiendum,
669 2272 810 2344 quod
847 2272 905 2327 ﬁt
946 2273 1001 2327 in
1039 2271 1281 2326 doctrina
1321 2267 1593 2339 religionis
1623 2285 1635 2320 :
1660 2265 1727 2321 ad

199 2366 313 2434 quod
352 2366 655 2421 mendacium
696 2366 838 2420 nulla
880 2364 1190 2420 conditione
1235 2362 1519 2432 quisquam
1571 2358 1730 2413 debet

195 2457 368 2513 adduci.
402 2458 692 2515 Secundum
728 2466 906 2512 autem
927 2497 943 2524 ,
972 2466 1031 2511 ut
1052 2456 1285 2525 aliquem
1315 2446 1471 2508 laedat
1494 2452 1725 2521 injuste:

194 2552 306 2621 quod
332 2552 423 2608 tale
444 2562 536 2621 est,
566 2561 622 2608 ut
648 2560 707 2608 et
730 2550 861 2607 nulli
890 2550 1093 2621 prosit,
1134 2555 1193 2604 et
1218 2547 1359 2602 obsit
1378 2545 1558 2601 alicui.
1592 2544 1729 2599 Ter-

193 2647 322 2713 tium,
359 2647 485 2717 quod
509 2648 576 2701 ita
608 2646 835 2717 prodest
855 2643 1043 2709 alteri,
1075 2650 1132 2697 ut
1156 2640 1300 2697 obsit
1320 2637 1478 2694 alteri
1502 2678 1517 2703 ,
1545 2652 1733 2707 quam-

195 2739 257 2792 vis
277 2741 441 2794 nonad
468 2739 858 2795 immunditiam
890 2736 1031 2792 obsit
1054 2733 1410 2805 corporalem.
1450 2731 1728 2799 Quartum,

194 2832 310 2899 quod
329 2835 377 2886 lit
410 2834 508 2889 sola
554 2830 860 2889 mentiendi
905 2827 1230 2897 fallendique
1274 2825 1493 2880 libidine
1523 2865 1538 2891 ,
1589 2820 1733 2893 quod

198 2939 368 2978 merum
390 2927 708 2981 mendacium
752 2932 855 2979 est.
902 2923 1157 2991 Quintum
1181 2962 1194 2985 ,
1228 2918 1370 2990 quod
1396 2917 1456 2972 ﬁt
1489 2914 1733 2987 placendi

196 3017 434 3085 cupiditate
465 3018 523 3075 de
558 3016 932 3085 suaviloquio.
977 3013 1071 3068 His
1098 3012 1350 3087 omnibus
1373 3010 1588 3082 penitus
1614 3006 1733 3063 evi-

198 3109 302 3163 tatis
321 3117 446 3178 atque
477 3111 695 3181 rejectis
718 3150 733 3175 ,
780 3106 1020 3177 sequitur
1046 3113 1255 3160 sextum
1280 3114 1449 3173 genus
1472 3143 1487 3169 ,
1515 3097 1657 3170 quod
1681 3106 1737 3154 et

194 3200 304 3253 nulli
324 3201 478 3267 obest,
516 3212 568 3257 et
591 3199 825 3272 prodest
859 3197 1020 3255 alicui
1049 3213 1063 3250 :
1096 3195 1245 3251 velut
1270 3193 1315 3248 si
1342 3190 1605 3262 quispiam
1635 3203 1735 3259 pe-

191 3294 361 3345 cuniam
402 3294 610 3364 alicujus
664 3292 863 3361 injuste
910 3289 1199 3344 tollendam
1226 3329 1243 3353 ,
1296 3287 1473 3341 sciens
1517 3282 1606 3338 ubi
1642 3281 1732 3350 sit,

186 3385 362 3440 nescire
382 3401 436 3441 se
461 3387 755 3442 mentiatur
780 3397 1118 3453 quocumque
1145 3380 1526 3449 interrogante.
1556 3375 1735 3445 Septi-

188 3493 333 3542 mum,
363 3478 489 3547 quod
507 3488 559 3534 et
584 3477 730 3533 nulli
751 3475 936 3541 obest,
961 3482 1016 3529 et
1038 3472 1257 3544 prodest
1281 3471 1437 3526 alicui
1469 3488 1481 3524 :
1510 3476 1736 3537 excepto

188 3567 225 3620 si
264 3567 409 3636 judex
463 3571 756 3640 interrogat
790 3584 803 3621 :
834 3566 983 3621 velut
1025 3564 1071 3619 si
1117 3564 1306 3618 nolens
1352 3561 1624 3617 hominem
1668 3557 1734 3613 ad

186 3666 384 3712 mortem
407 3662 671 3728 quaesitum
714 3656 982 3729 prodere,
1031 3654 1364 3717 mentiatur;
1409 3668 1515 3705 non
1562 3650 1736 3704 solum

176 3746 347 3816 justum
388 3759 532 3822 atque
557 3753 911 3807 innocentem
936 3790 951 3815 ,
982 3746 1077 3802 sed
1115 3754 1171 3802 et
1212 3760 1363 3801 reum
1392 3761 1407 3811 ;
1440 3744 1564 3814 quia
1592 3742 1731 3798 chri-

184 3842 336 3897 stiante
361 3844 645 3915 disciplina:
682 3845 785 3911 sit,
833 3851 895 3897 ut
940 3856 1114 3912 neque
1148 3840 1217 3895 de
1257 3840 1573 3909 cujusquam
1612 3851 1736 3893 cor-

182 3935 376 3991 rectione
397 3936 755 4008 desperetur,
802 3950 978 4005 neque
1012 3935 1260 4003 cuiquam
1299 3929 1594 4001 paenitendi
1640 3928 1734 3983 ad-
1780 3974 1781 3977 η

184 4023 271 4077 itus
292 4026 706 4084 intercludatur‘.
737 4026 813 4081 De
833 4025 1027 4095 quibus
1056 4023 1262 4079 duobus
1284 4021 1593 4094 generibus,
1616 4034 1737 4090 qua:

178 4115 324 4173 solent
344 4118 526 4177 habere
552 4134 814 4190 magnam
858 4114 1279 4173 controversiam
1300 4155 1315 4182 ,
1364 4114 1493 4170 satis
1541 4121 1739 4169 tracta-

176 4208 345 4275 vimus,
382 4222 431 4267 et
456 4214 583 4283 quid
614 4210 781 4266 nobis
806 4209 1042 4278 placeret
1080 4206 1415 4264 ostendimus
1440 4223 1454 4260 :
1485 4213 1542 4260 ut
1572 4205 1739 4261 susci-

176 4298 350 4367 piendis
396 4300 937 4359 incommoditatibus
961 4341 975 4365 ,
1015 4314 1135 4368 qua:
1178 4297 1402 4352 honeste
1431 4311 1494 4352 ac
1530 4295 1742 4351 fortiter

178 4392 432 4449 tolerantur
451 4437 466 4460 ,
496 4396 619 4451 haec
643 4408 864 4463 quoque
890 4406 1091 4462 genera
1115 4389 1422 4446 devitentur
1450 4404 1479 4443 a
1513 4387 1740 4443 fortibus

174 4492 214 4537 et
250 4485 475 4543 ﬁdelibus
523 4498 581 4544 et
623 4486 908 4541 veracibus
938 4483 1070 4538 viris
1097 4497 1160 4537 ac
1200 4481 1430 4536 feminis.
1478 4479 1737 4536 Octavum

175 4585 237 4629 est
255 4593 410 4647 genus
438 4578 750 4645 mendacii,
782 4575 925 4647 quod
967 4585 1023 4630 et
1064 4574 1197 4630 nulli
1229 4573 1423 4639 obest,
1456 4580 1510 4628 et
1542 4572 1609 4627 ad
1639 4571 1743 4628 hoc

176 4667 375 4735 prodest,
405 4681 461 4727 ut
484 4672 558 4727 ab
590 4669 932 4725 imrnunditia
956 4666 1223 4737 corporali
1246 4666 1475 4735 aliquem
1509 4673 1739 4733 tueatur,

176 4759 390 4817 duntaxat
417 4779 480 4819 ea
509 4778 681 4834 quam
725 4761 973 4832 superius
1008 4759 1563 4815 commemoravimus.
1607 4757 1739 4812 Nam

176 4852 302 4907 etiam
337 4870 440 4910 non
487 4855 627 4910 lotis
657 4854 899 4909 manibus
942 4849 1264 4907 manducare
1287 4892 1302 4918 ,
1354 4849 1741 4904 immunditiam

174 4947 391 5008 putabant
428 4948 612 5004 ιιι(ιωὶ
657 4946 864 5015 (Matth.
896 4961 966 5001 xv
992 4986 1008 5012 ,
1039 4944 1108 5011 2,
1138 4942 1251 5013 20).
1297 4943 1403 4997 Aut
1440 4942 1485 4996 si
1515 4949 1568 4996 et
1605 4940 1743 4996 hanc

172 5036 410 5107 quisquam
439 5037 839 5093 immunditiam
870 5045 1053 5101 vocat;
1092 5018 1197 5089 non
1222 5044 1396 5089 tamen
1422 5033 1580 5088 talem
1602 5038 1625 5098 ,'
1643 5048 1743 5103 pro

168 5144 251 5197 qua
270 5135 511 5190 evitanda
536 5133 913 5189 mentiendum
955 5131 1045 5186 sit.
1096 5128 1154 5185 Si
1186 5138 1364 5184 autem
1407 5128 1742 5183 mendacium

170 5220 255 5277 tale
277 5235 383 5293 est,
426 5225 579 5297 quod
610 5224 767 5280 alicui
798 5224 959 5293 faciat
996 5222 1243 5292 injuriam
1268 5237 1283 5288 ;
1314 5222 1521 5276 etiamsi
1547 5220 1615 5275 ab
1644 5220 1744 5276 hac

168 5313 472 5373 immunditia
499 5361 517 5385 ,
566 5332 731 5388 quam
755 5332 944 5373 omnes
968 5316 1213 5371 homines
1241 5315 1528 5371 abhorrent
1557 5330 1618 5370 ac
1645 5314 1743 5370 de-

169 5412 439 5475 testantur,
487 5408 721 5463 muniat.
747 5409 1059 5470 hominem;
1104 5414 1280 5461 utrum
1312 5414 1367 5461 et
1411 5405 1512 5461 hoc
1544 5420 1745 5476 genere

169 5500 512 5555 mentiendum
544 5501 626 5554 sit
656 5540 671 5565 ,
710 5500 752 5555 si
784 5499 905 5553 talis
932 5500 1024 5553 fiat
1048 5498 1237 5567 injuria
1264 5513 1358 5568 per
1387 5497 1741 5563 mendacium,

221 5610 236 5639 ¹
442 5612 669 5665 omittit,
702 5617 909 5674 Excepto
938 5611 981 5661 si
1005 5610 1167 5673 judea:
1206 5610 1499 5675 interrogat,
1528 5619 1579 5661 et
1608 5614 1747 5662 uncis

168 5683 267 5719 una
398 5677 559 5723 verba
597 5677 877 5724 sequentia.
901 5686 1008 5724 aure
1039 5679 1254 5724 Erasmus
1274 5676 1491 5724 praeterit
1512 5677 1707 5724 omnino
1729 5689 1741 5723 :

398 5677 559 5744 verba
580 5677 877 5744 .scquentia,
901 5686 1008 5736 qua:
1039 5679 1254 5744 Erasmus
1274 5676 1491 5744 praeterit
1509 5677 1707 5744 omnino
1729 5689 1741 5723 :

168 5733 290 5847 gini
304 5735 537 5852 innima
574 5733 934 5789 hominem.....'
959 5734 1215 5801 pcenitendi
1258 5733 1418 5790 aditus
1447 5734 1745 5791 intercluda-

3304 310 3413 367 506

1821 433 1942 487 quae
1980 433 2085 475 non
2115 419 2184 475 sit
2212 419 2265 475 in
2292 434 2359 476 eo
2385 434 2581 492 genere
2608 422 2956 482 immunditiis
2977 465 2995 495 ,
3027 424 3097 482 de
3132 439 3241 499 quo
3266 439 3410 483 me

1822 512 2046 583 agimus,
2075 512 2175 567 alia
2205 514 2427 585 quarstio
2453 524 2537 571 est
2562 533 2575 569 :
2604 532 2709 573 non
2737 519 2880 574 enim
2904 519 3015 590 jam
3044 518 3113 575 de
3132 519 3411 577 mendacio

1823 603 2112 673 quaeritur;
2144 604 2238 660 sed
2266 607 2521 677 quaeritur
2547 616 2722 663 utrum
2764 609 2923 664 alicui
2958 610 3193 667 facienda
3220 612 3291 668 sit
3323 611 3414 668 in-

1820 693 1960 763 juria
1983 697 2146 752 etiam
2175 712 2281 753 non
2307 712 2401 768 per
2424 699 2758 755 mendacium
2780 742 2794 765 ,
2823 710 2882 756 ut
2904 702 2991 756 illa
3016 704 3083 758 ab
3103 704 3271 759 altero
3304 702 3413 761 im-

1825 788 2083 843 munditia
2124 789 2438 861 depellatur.
2493 792 2646 861 Quod
2690 794 2837 849 nullo
2877 794 3037 850 modo
3076 797 3411 867 putaverim:

1826 897 2125 953 quanquam
2153 895 2515 956 proponantur
2550 887 2834 943 levissimae
2871 887 3078 958 injuriae
3101 930 3116 956 ,
3146 890 3310 945 veluti
3335 898 3417 947 est

1827 976 1914 1033 illa
1944 993 2103 1049 quam
2129 979 2195 1035 de
2223 995 2328 1035 uno
2346 980 2526 1037 modio
2550 982 2747 1037 amisso
2776 996 2936 1053 supra
2965 983 3379 1038 commemoravi
3398 986 3447 1094 ;\

1831 1077 1878 1094 Α.
1924 1070 2142 1094 ...ηιμ-..μ
2186 1073 2492 1094 μ--.--..1.-μι
2578 1083 2746 1094 --ι---.η
2789 1088 2890 1094 ..-μ
2930 1074 3208 1094 ,1.1.--.μ---
3244 1074 3412 1094 r.--..-

1828 1077 1884 1124 et
1923 1070 2144 1125 multum
2186 1073 2530 1147 perturbent,
2578 1083 2752 1130 utrum
2789 1088 2896 1129 non
2923 1074 3211 1131 debeamus
3244 1074 3433 1133 facere.

1828 1162 2073 1231 cuiquam
2102 1165 2184 1219 vel
2223 1165 2383 1219 talem
2429 1165 2675 1236 injuriam
2704 1159 2721 1232 ζ
2756 1168 2801 1223 si
2846 1182 2908 1223 ea
2936 1175 3113 1238 potest
3149 1167 3319 1234 alius,
3348 1180 3419 1225 ne

1829 1261 2069 1322 stuprum
2112 1254 2373 1323 patiatur,
2405 1256 2620 1312 defendi
2648 1258 2986 1319 autmuniri.
3026 1257 3134 1316 Sed
3158 1299 3174 1326 ,
3202 1267 3262 1314 ut
3285 1257 3415 1328 dixi,

1828 1344 1929 1399 alia
1960 1346 2181 1414 quaestio
2202 1357 2303 1403 est.

1899 1431 2125 1490 CAPUT
2151 1435 2266 1491 XV.
2300 1468 2368 1478 --
2391 1438 2724 1496 Auctoritates
2752 1442 2955 1510 divinat,
2996 1442 3175 1514 quibus
3211 1442 3422 1498 utenda-

1830 1526 1962 1578 cium
2008 1529 2321 1597 prohibetur,
2353 1531 2554 1600 aliaque
2581 1542 2833 1604 prmoepta
2861 1551 2924 1588 ea:
2953 1536 3103 1605 factis
3128 1543 3420 1589 sanctorum

1831 1617 2180 1689 intelligenda.
2212 1618 2533 1691 Prwceptum
2587 1623 2845 1693 prwbendi
2889 1626 3101 1679 alteram
3153 1625 3419 1679 maxillam

1832 1709 2147 1775 percutienti.
2174 1709 2494 1783 Praeceptum
2521 1731 2624 1769 non
2671 1716 2886 1785 jurandi
2933 1717 3158 1770 omnino.
3212 1714 3416 1770 Praxo-

1831 1810 1973 1871 ptum
2001 1820 2101 1859 non
2122 1806 2379 1876 cogitandi
2404 1806 2466 1859 de
2494 1809 2732 1861 crastino.
2758 1809 3076 1880 Prwceptum
3099 1824 3162 1863 ne
3182 1807 3410 1878 Apostoli

1830 1912 1997 1951 aecum
2019 1899 2213 1967 aliquid
2242 1910 2437 1967 portent
2467 1902 2518 1955 in
2544 1901 2643 1955 via.
2684 1901 2836 1957 Nunc
2856 1902 2987 1957 illud
3016 1902 3159 1974 quod
3186 1902 3423 1957 institui-

1832 2006 1975 2058 mus,
2005 2007 2321 2063 peragamus
2352 2013 2364 2048 :
2394 2005 2572 2049 utrum
2622 1996 2983 2051 mentiendum
3025 1996 3114 2063 sit,
3168 1996 3213 2050 si
3260 1994 3420 2050 etiam

1832 2083 2155 2161 inevitabilis
2178 2086 2411 2142 conditio
2441 2097 2788 2158 proponatur,
2810 2098 2866 2142 ut
2891 2097 2984 2143 aut
3014 2090 3114 2143 hoc
3136 2088 3414 2155 faciamus,

1832 2185 1925 2231 aut
1954 2186 2197 2246 stuprum
2228 2177 2515 2248 patiamur,
2558 2179 2642 2233 vel
2668 2178 2898 2249 aliquam
2924 2178 3307 2234 exsecrabilem
3338 2179 3421 2233 in-

1833 2270 2230 2339 quinationem;
2263 2271 2473 2327 etiamsi
2514 2269 2827 2326 mentiendo
2857 2270 2994 2326 nulli
3036 2269 3295 2326 faciamus
3336 2270 3420 2325 in-

1829 2376 2044 2432 juriam.
3040 2420 3043 2421 ν

1904 2454 1995 2510 26.
2024 2456 2099 2510 De
2126 2471 2230 2526 qua
2250 2471 2309 2511 re
2337 2455 2539 2527 patebit
2577 2456 2769 2527 aliquis
2792 2454 3207 2511 considerationi
3252 2454 3423 2523 locus,

1835 2548 1880 2601 si
1912 2548 2058 2618 prius
2084 2548 2294 2603 divinas
2319 2549 2690 2617 auctoritates,
2724 2564 2842 2619 quae
2873 2548 3211 2605 mendacium
3243 2546 3426 2618 prohi-

1835 2642 1983 2710 bent,
2015 2642 2301 2713 diligenter
2347 2642 2695 2698 discutiamus
2726 2642 2811 2697 :si
2852 2643 2994 2696 enim
3035 2642 3166 2711 ipsae
3216 2640 3423 2695 nullum

1836 2735 1965 2791 dant
1992 2735 2189 2801 locum,
2222 2736 2418 2791 frustra
2435 2735 2725 2806 quaerimus
2750 2749 2855 2805 qua
2896 2748 3193 2799 exeamus;
3235 2743 3426 2789 tenen-

1837 2828 1964 2884 dum
1994 2838 2078 2884 est
2114 2828 2259 2884 enim
2290 2829 2435 2883 omni
2467 2827 2630 2883 modo
2655 2834 2984 2898 praeceptum
3008 2826 3124 2894 Dei,
3160 2834 3215 2881 et
3232 2825 3425 2881 volun-

1841 2930 1922 2975 tas
1971 2920 2067 2975 Dei
2108 2920 2160 2975 in
2217 2920 2284 2975 iis
2312 2936 2431 2991 quae
2472 2920 2701 2975 tenendo
2744 2928 3068 2990 prmceptum
3120 2915 3239 2986 ejus
3283 2915 3427 2986 passi
3516 2936 3521 2949 κ

1840 3013 2119 3077 fuerimus,
2162 3028 2316 3081 aequo
2344 3013 2524 3067 animo
2549 3011 2821 3082 sequenda
2866 3010 2954 3065 :si
2995 3017 3175 3064 autem
3219 3008 3430 3063 relaxa-

1844 3115 1928 3160 tur
1947 3106 2139 3176 aliquis
2164 3106 2366 3171 exitus,
2397 3119 2503 3159 non
2543 3113 2626 3159 est
2664 3105 2719 3158 in
2745 3102 2835 3157 tali
2862 3116 3021 3157 causa
3065 3099 3427 3157 recusandum

1841 3196 2200 3253 mendacium.
2230 3197 2521 3267 PrOpterea
2558 3195 2752 3249 divinae
2779 3193 3073 3263 Scriptura:
3114 3206 3223 3246 non
3254 3191 3426 3245 solum

1841 3300 2106 3361 praecepta
2135 3290 2227 3345 Dei
2265 3290 2557 3353 continent,
2587 3287 2683 3342 sed
2728 3288 2887 3342 etiam
2927 3286 3093 3341 vitam
3140 3295 3430 3351 moresque

1835 3384 2139 3455 justorum;
2169 3390 2226 3437 ut
2268 3382 2315 3437 si
2342 3380 2479 3437 forte
2527 3379 2795 3435 occultum
2817 3385 2923 3441 est,
2978 3373 3428 3447 quemadmodum

1841 3464 2207 3549 accipiendum
2232 3476 2469 3548 sitquod
2498 3474 2823 3546 praecipitur,
2867 3473 2919 3527 in
2968 3470 3123 3526 factis
3161 3468 3428 3538 justorum

1843 3572 2185 3642 intelligatur.
2230 3569 2483 3639 Exceptis
2535 3568 2714 3637 itaque
2753 3565 2837 3619 his
2882 3563 3035 3618 factis
3089 3575 3209 3631 qua:
3255 3565 3434 3629 potest

1842 3663 2067 3734 quisque
2082 3661 2151 3717 ad
2165 3661 2508 3732 allegoricam
2527 3658 2971 3730 signiﬁcationem
2996 3652 3219 3719 referre,
3243 3664 3435 3721 quam-

1841 3757 1923 3812 vis
1950 3766 2097 3827 gesta
2119 3770 2240 3811 esse
2276 3768 2436 3809 nemo
2465 3752 2723 3823 ambigat,
2753 3749 2910 3805 sicuti
2936 3755 3063 3804 sunt
3101 3746 3213 3800 fere
3251 3742 3429 3798 omnia

1843 3849 1899 3905 in
1915 3850 2064 3906 libris
2094 3849 2303 3905 Veteris
2340 3845 2670 3903 Testamenti
2696 3844 2844 3915 :quis
2860 3842 3004 3899 enim
3026 3840 3097 3897 ibi
3119 3837 3316 3909 aliquid
3338 3852 3433 3890 au-

1843 3941 1972 3997 deat
1996 3942 2267 3996 afﬁrmare
2291 3954 2397 3995 non
2437 3939 2708 4009 pertinere
2747 3936 2813 3991 ad
2841 3937 3118 4006 ﬁguratam
3178 3946 3431 4002 praenun-

1844 4033 2163 4090 tiationem?
2190 4033 2397 4102 Quippe
2417 4046 2540 4086 cum
2568 4029 2856 4100 Apostolus
2885 4027 3048 4083 etiam
3076 4025 3214 4079 ﬁlios
3263 4024 3435 4079 Abra-

1845 4127 1952 4195 hze,
1982 4141 2117 4195 quos
2166 4126 2351 4194 utique
2384 4124 2611 4177 naturali
2636 4121 2830 4176 ordine
2882 4117 3207 4189 prepagandi
3249 4116 3432 4187 populi

1846 4220 2021 4276 editos
2048 4232 2169 4274 esse
2194 4229 2357 4287 atque
2380 4216 2576 4271 vixisse
2602 4212 2856 4269 facillime
2881 4211 3078 4266 dicitur
3129 4211 3256 4283 (non
3287 4209 3428 4261 enim

1845 4318 2088 4369 monstra
2115 4319 2171 4366 et
2195 4307 2434 4380 prodigia
2462 4315 2585 4361 nata
2606 4315 2749 4371 sunt,
2792 4312 2849 4358 ut
2876 4301 2943 4357 ad
2984 4299 3427 4370 significationem

1847 4406 2079 4474 aliquam
2132 4403 2331 4457 ducant
2365 4399 2651 4468 animum),
2698 4396 2807 4451 duo
2861 4404 3037 4449 tamen
3082 4391 3429 4447 Testamenta

1847 4496 2149 4568 significare
2175 4500 2379 4550 asserat
2408 4490 2603 4563 (Galat.
2632 4506 2705 4555 tv,
2748 4487 2970 4559 22-24);
3024 4494 3079 4541 et
3117 4484 3431 4540 beneﬁcium

1849 4590 1978 4645 illud
2016 4587 2278 4651 mirabile,
2320 4584 2464 4656 quod
2496 4585 2636 4639 Deus
2658 4583 2855 4654 populo
2877 4580 3037 4635 Israel
3076 4579 3325 4649 praestitit
3361 4578 3428 4633 ad

1849 4684 2114 4740 eruendos
2143 4696 2237 4737 eos
2264 4680 2331 4735 de
2359 4678 2633 4743 servitute,
2685 4691 2789 4747 qua
2830 4675 2884 4729 in
2931 4672 3167 4745 Egypto
3210 4687 3424 4743 preme-

1848 4779 2060 4844 bantur,
2093 4787 2416 4846 ptnnamque
2438 4771 2709 4835 vindictaa,
2750 4783 2870 4824 cum
2903 4768 2955 4821 in
2993 4768 3186 4821 iniere
3210 4779 3432 4835 peccas-

1850 4877 1990 4934 sent,
2056 4867 2111 4920 in
2174 4864 2339 4935 ﬁgura
2392 4862 2679 4931 contigisse
2723 4860 2866 4914 dicat
2913 4855 3093 4928 (lCor.
3126 4873 3180 4920 x,
3221 4856 3381 4925 4-H)
3417 4872 3433 4910 :

1851 4976 1970 5030 quae
2006 4958 2143 5012 facta
2182 4956 2441 5022 invenies,
2466 4953 2660 5025 quibus
2695 4951 2851 5006 istam
2901 4949 3140 5019 regulam
3183 4947 3432 5014 deroges,

1851 5066 1904 5111 et
1930 5055 2200 5111 affirmare
2221 5064 2515 5124 prtesumas
2542 5048 2606 5101 ad
2637 5046 2859 5118 ﬁguram
2882 5043 3114 5113 aliquam
3164 5057 3268 5095 non
3312 5054 3433 5094 esse

1852 5148 2177 5221 redigenda?
2206 5146 2301 5201 His
2317 5158 2443 5214 ergo
2464 5141 2724 5210 exceptis,
2749 5154 2810 5192 ca
2840 5152 2957 5207 qua:
2979 5137 3030 5190 in
3064 5134 3210 5188 Novo
3249 5132 3440 5186 Testa-

1853 5250 2036 5297 mento
2072 5254 2102 5293 a
2141 5238 2339 5293 sanctis
2386 5234 2519 5288 facta
2560 5238 2714 5294 sunt,
2770 5228 2859 5284 ubi
2899 5241 3106 5282 morum
3156 5221 3441 5278 imitando-

1852 5336 2010 5390 rum‘
2063 5329 2463 5389 evidentissima
2522 5322 2917 5381 commendatio
2962 5327 3067 5387 est,
3100 5319 3311 5373 valeant
3367 5315 3434 5369 ad

1854 5426 2095 5496 exempla
2129 5421 2590 5494 intelligendarum
2618 5419 3035 5487 Scripturarum,
3069 5428 3188 5483 quae
3215 5413 3264 5465 in
3297 5424 3435 5481 pra:-

1854 5522 2023 5591 ceptis
2052 5519 2253 5588 digesta
2295 5525 2438 5571 sunt.
3236 5522 3241 5528 ·

1924 5614 2013 5668 27.
2049 5612 2206 5667 Velut
2233 5626 2354 5664 cum
2378 5608 2602 5678 legimus
2627 5607 2676 5659 in
2698 5598 3030 5670 .Evangelio,
3057 5593 3307 5664 Accepisti
3329 5593 3439 5647 ala-

1856 5724 1996 5781 pam,
2026 5724 2147 5776 para
2189 5705 2399 5758 alterum
2439 5701 2700 5753 maxillam
2742 5694 2952 5763 (Matth.
2983 5708 3035 5758 v,
3062 5688 3177 5764 59).
3239 5686 3443 5748 Exem-

1925 5800 1943 5832 ι
1979 5794 2145 5849 Plures
2168 5802 2294 5857 Mss,
2318 5788 2695 5845 entendatorum.
