3930 6368
506 363 610 432 50'!

507 484 651 559 pium
691 487 866 538 autem
903 465 1170 548 patientia:
1207 467 1411 528 nullum
1445 481 1601 539 quam
1647 465 1813 559 ipsius
1866 457 2075 518 Domini

507 556 775 648 potentius
806 575 860 626 et
903 563 1246 624 excellentius
1288 561 1590 616 invenimus
1634 566 1728 611 :at
1780 556 1894 626 ipse
1951 568 2070 608 cum

505 645 655 737 alapa
679 673 961 735 percussus
987 666 1150 723 esset,
1183 671 1288 711 non
1329 653 1420 717 ait,
1458 651 1596 706 Ecce
1623 647 1788 704 altera
1830 645 2076 711 maxilla;

506 758 602 814 sed
626 759 720 822 ait,
762 755 823 811 Si
876 751 1008 807 male
1033 751 1162 816 dici,
1209 743 1455 818 exprobra
1504 745 1566 796 de
1615 740 1786 804 malo;
1832 739 1875 793 si
1918 746 2082 790 autem

507 850 646 913 bene,
675 845 800 920 quid
823 859 901 899 me
927 842 1079 897 caedis
1133 836 1308 911 (Joan.
1360 846 1485 891 xvnt
1517 877 1530 900 ,
1568 831 1658 902 23)
1685 832 1722 884 ?-
1759 829 1857 886 Ubi
1898 832 2084 920 osten-

508 939 607 1004 dit,
652 916 797 992 illam
837 932 1278 1005 prarparationem
1324 927 1546 981 alterius
1589 922 1816 977 maxillae
1843 919 1897 973 in
1925 916 2086 973 corde

511 1028 828 1084 faciendam.
857 1025 1008 1094 Quod
1034 1025 1193 1078 etiam
1231 1019 1504 1090 apostolus
1543 1015 1736 1070 Paulus
1766 1013 1948 1080 utique
1985 1023 2086 1062 no-

510 1131 699 1177 verat:
733 1135 856 1176 nam
888 1127 940 1173 et
963 1120 1078 1187 ipse
1105 1125 1225 1171 eum
1266 1121 1410 1168 esset
1450 1104 1610 1180 alapa‘
1635 1117 1918 1178 percussus
1965 1112 2090 1158 ante

512 1217 844 1278 Pontilicem,
876 1227 985 1269 non
1010 1215 1104 1277 ait,
1141 1212 1366 1264 Percute
1393 1205 1661 1260 maxillam
1689 1199 1932 1262 alterum;
1963 1195 2079 1261 sed,

513 1307 766 1362 Percntiet
796 1317 844 1360 te
871 1304 1116 1358 Dominus
1170 1302 1358 1370 inqttit,
1413 1299 1576 1367 partes
1631 1291 1860 1346 dealbate
1891 1306 1908 1342 :
1943 1297 1988 1341 ct
2035 1298 2087 1340 tu

516 1401 654 1453 sedes
673 1399 910 1470 judicare
937 1412 1014 1447 me
1033 1394 1308 1448 secundum
1335 1391 1514 1459 legem,
1541 1396 1585 1439 et
1617 1392 1790 1438 contra
1822 1383 1979 1452 legem
1999 1380 2090 1447 jn‘

445 1486 453 1493 ’
518 1490 599 1542 bes
631 1504 709 1540 nte
739 1487 926 1558 percuti
975 1486 1110 1553 (Act.
1141 1492 1286 1545 txnl,
1337 1477 1710 1549 3)?altissinie
1747 1475 1959 1527 intuens
2013 1483 2092 1521 sa-

515 1580 810 1635 cerdotium
874 1576 1177 1631 Judatorum
1249 1573 1360 1642 jam
1420 1571 1522 1624 tale
1563 1569 1755 1621 factum
1803 1564 1982 1620 fuisse,
2037 1565 2092 1613 ut

516 1672 731 1727 nomine
761 1669 1055 1722 forinsecus
1095 1666 1306 1728 niteret,
1351 1662 1665 1715 intrinsecus
1711 1665 1886 1708 autem
1935 1650 2092 1706 luteis

514 1759 956 1828 concupiscentiis
978 1757 1256 1819 sorderet;
1286 1753 1426 1820 quod
1455 1751 1798 1805 transiturum
1828 1757 1946 1800 csse
1975 1743 2092 1795 vin-

515 1854 653 1906 dicta
684 1851 886 1904 Domini
917 1848 1132 1902 videbat
1169 1845 1220 1900 in
1253 1845 1471 1914 spiritu,
1506 1859 1625 1896 cum
1672 1838 1799 1893 illud
1841 1838 2041 1891 diceret
2076 1851 2089 1887 :

516 1943 610 1995 sed
651 1949 828 1995 tamen
865 1954 959 1994 cor
991 1947 1230 2007 paratum
1257 1935 1503 1997 habebat,
1535 1947 1637 1985 non
1670 1931 1842 1983 solum
1870 1928 1936 1982 ad
1965 1927 2095 1980 alios

518 2033 700 2100 alapas
727 2024 1085 2098 accipiendas,
1118 2027 1211 2080 sed
1241 2028 1399 2079 etiam
1421 2023 1672 2093 quaelibet
1711 2029 1971 2073 tormenta
2000 2030 2098 2087 pro

515 2125 745 2179 veritate
771 2121 1036 2192 patienda,
1079 2133 1200 2174 cum
1249 2133 1436 2173 eorum
1492 2113 1779 2170 dilectione
1826 2128 1856 2166 a
1903 2110 2098 2181 quibus

516 2217 608 2272 illa
646 2224 936 2285 pateretur.

587 2309 677 2364 28.
717 2307 984 2376 Scriptum
1009 2315 1091 2360 est
1121 2303 1301 2366 etiam,
1338 2300 1452 2373 Ego
1475 2309 1643 2355 autem
1670 2301 1783 2353 dico
1807 2299 1961 2363 vobis,
1997 2313 2100 2350 non

516 2402 689 2454 iurare
718 2400 939 2452 omnino.
980 2398 1186 2453 Juravit
1206 2397 1516 2465 autemipsc
1563 2393 1846 2461 Apostolus
1883 2393 1936 2445 in
1976 2391 2102 2459 Epi-

518 2493 671 2546 stolis
691 2493 802 2545 suis
831 2487 1004 2564 (Rotn.
1048 2504 1124 2555 rx,
1158 2490 1210 2552 ις
1239 2483 1470 2558 Philipp.
1499 2499 1536 2549 ι,
1565 2487 1622 2549 8,
1653 2496 1698 2540 et
1721 2483 1888 2537 Colat.
1917 2499 1954 2545 t,
1977 2481 2096 2551 ‘20).

519 2582 585 2636 Et
611 2583 688 2635 sic
714 2583 947 2637 ostendit
970 2580 1241 2651 quomodo
1269 2577 1636 2648 accipiendum
1671 2583 1813 2630 esset
1853 2573 1994 2644 quod
2029 2572 2108 2626 di-

520 2683 662 2726 clum
687 2680 787 2736 est,
827 2671 957 2726 Dico
985 2672 1140 2734 vobis,
1187 2687 1286 2724 non
1298 2671 1484 2742 furare
1517 2668 1719 2722 omnino
1749 2681 1768 2720 :
1797 2682 1864 2720 ne
1899 2665 2100 2718 scilicet

514 2767 746 2838 jurundo
784 2766 851 2821 ad
891 2767 1194 2820 facilitatem
1214 2763 1427 2834 iurandi
1450 2763 1708 2823 veniatur,
1742 2775 1808 2814 ex
1851 2757 2102 2812 facilitate

521 2858 587 2910 ad
625 2857 1084 2922 consuetudinem,
1114 2866 1272 2926 atque
1295 2856 1366 2909 ita
1393 2869 1458 2908 ex
1485 2851 1874 2908 consuetudine
1911 2850 1964 2903 iu
1991 2863 2101 2918 per-

516 2949 714 3020 juriutn
753 2949 1058 3006 decidatur.
1115 2948 1182 3002 Et
1235 2949 1362 3002 ideo
1388 2960 1492 3001 non
1553 2947 1820 3000 invenitur
1867 2943 2098 3011 jurassc,

520 3042 626 3096 nisi
679 3043 940 3107 scribens,
996 3041 1084 3096 ubi
1131 3039 1491 3096 consideratio
1527 3037 1734 3093 cautior
1791 3049 1903 3090 non
1943 3035 2102 3090 habet

528 3133 761 3203 linguam
813 3133 1163 3203 praecipitem.
1212 3133 1277 3185 Et
1315 3131 1417 3186 hoc
1459 3131 1640 3199 utique
1683 3144 1716 3182 a
1752 3128 1914 3196 malo,
1966 3126 2105 3180 sicut

522 3225 723 3280 dictum
769 3235 872 3289 est,
937 3226 1086 3293 Quod
1134 3234 1298 3278 autem
1353 3224 1575 3292 nuptias
1624 3232 1716 3287 est,
1763 3238 1795 3274 α
1842 3220 1978 3274 mlo
2027 3227 2102 3276 ut

521 3317 735 3390 (Matth.
768 3332 821 3383 v,
852 3317 942 3382 34,
975 3317 1070 3388 57)
1105 3334 1120 3372 :
1150 3333 1256 3371 non
1296 3324 1477 3370 tamen
1506 3329 1628 3381 suo,
1670 3312 1766 3367 sed
1793 3326 1978 3366 eorum
2015 3311 2100 3363 in-

524 3408 810 3472 firmitatis,
839 3409 1032 3479 quibus
1057 3409 1220 3464 etiam
1245 3409 1326 3463 sic
1365 3408 1521 3462 fidem
1571 3405 1749 3460 facere
1785 3403 2100 3457 conabatur.

523 3501 654 3555 Nam
709 3501 852 3572 quod
901 3501 1126 3571 loquens
1187 3501 1442 3570 jurasset,
1487 3499 1614 3553 dum
1666 3513 1773 3552 non
1816 3481 2100 3560 scriberet,

524 3594 709 3646 nescio
733 3603 907 3646 utrum
933 3594 1107 3662 aliqua
1145 3593 1213 3648 de
1241 3593 1336 3646 illo
1369 3592 1646 3660 Scriptura
1692 3589 2008 3644 narraverit.
2037 3588 2106 3642 Et

526 3691 706 3736 tamen
751 3683 1008 3736 Dominus
1042 3683 1138 3748 ait,
1171 3684 1378 3737 omnino
1421 3698 1524 3735 non
1558 3682 1784 3751 ,ἔκτανες
1811 3697 1916 3734 non
1958 3679 2100 3734 enim

523 3779 787 3832 concessit
824 3785 883 3832 ut
909 3778 960 3832 id
1001 3777 1187 3831 liceret
1221 3775 1600 3830 scribentibus.
1655 3774 1761 3828 Sed
1806 3775 1928 3843 quia
1958 3787 2100 3842 prato

525 3872 664 3940 cepti
691 3871 872 3926 violati
913 3882 1066 3925 reum
1114 3868 1357 3935 Paulum,
1407 3866 1706 3936 praesertim
1742 3867 1797 3920 in
1846 3865 2107 3936 Epistolis

523 3962 843 4032 conscriptis
889 3972 1048 4030 atque
1089 3959 1249 4014 editis
1277 3959 1342 4013 ad
1380 3958 1706 4029 spirituatem
1745 3957 1910 4011 vitam
1955 3957 2101 4010 salu-

528 4058 742 4123 temque
795 4051 1112 4123 populorum
1147 4048 1296 4105 nefas
1335 4053 1422 4103 est
1446 4047 1658 4112 dicere;
1701 4047 2104 4116 intelligendum

527 4155 610 4198 est
633 4145 759 4199 illud
787 4145 928 4215 quod
953 4145 1182 4214 positum
1219 4151 1322 4206 est,
1351 4141 1577 4208 omnino,
1617 4141 1684 4195 ad
1723 4141 1825 4196 hoc
1846 4141 2100 4211 positum,

526 4244 585 4290 ut
611 4246 864 4306 quantum
886 4237 940 4291 in
967 4245 1020 4291 te
1063 4244 1165 4299 est,
1206 4249 1312 4289 non
1354 4233 1594 4300 allectos,
1632 4248 1739 4289 non
1776 4248 1946 4300 ames,
1997 4245 2104 4288 non

527 4329 680 4397 quasi
711 4343 810 4399 pro
845 4327 988 4385 bono
1009 4341 1133 4384 cum
1160 4328 1341 4399 aliqua
1357 4327 1714 4383 deleantione
1731 4336 1952 4398 appetas
1979 4327 2104 4398 jus-

522 4417 831 4489 iurando.

596 4514 689 4569 ΞΩ.
720 4515 872 4570 Sicut
895 4514 1048 4579 illud,
1080 4511 1254 4569 Nolite
1273 4514 1496 4585 cogitare
1515 4513 1578 4568 de
1598 4513 1856 4575 crastino;
1879 4520 1951 4576 et,
1987 4511 2102 4566 Νοι-

526 4605 614 4658 lite
642 4606 812 4675 itaque
845 4609 1069 4676 cogitare
1091 4606 1214 4674 quid
1240 4607 1572 4670 manducetis,
1607 4613 1654 4658 et
1681 4605 1806 4674 quid
1830 4603 2029 4669 bibatis,
2053 4612 2100 4656 et

524 4695 648 4765 quid
669 4694 954 4748 induamini
977 4693 1189 4766 (lauti.
1226 4711 1298 4759 vi,
1322 4696 1411 4760 54,
1439 4693 1556 4768 ‘35).
1580 4695 1716 4750 Cum
1740 4703 1926 4749 autem
1945 4693 2092 4749 vide«

530 4799 649 4840 mus
673 4793 732 4841 et
781 4785 954 4854 ipsum
996 4787 1273 4841 Dominum
1321 4787 1569 4842 habuisse
1617 4787 1842 4852 loculos,
1880 4801 1986 4857 quo
2036 4801 2102 4841 ea

527 4893 647 4948 qua:
702 4877 987 4944 dabantur,
1035 4879 1400 4942 mittebantur,
1441 4888 1500 4934 ut
1526 4880 1726 4934 servari
1776 4888 1996 4948 possent
2033 4879 2101 4932 ad

525 4983 654 5022 usus
685 4983 784 5037 pro
820 4977 1060 5038 tempore
1085 4969 1614 5040 necessariosuoan.
1640 4985 1738 5032 ιιι,
1759 4970 1836 5038 6);
1871 4978 1925 5023 et
1957 4970 2104 5038 ipsos

525 5060 814 5129 Apostolos
839 5075 1152 5130 procurasae
1173 5061 1336 5115 multa
1360 5061 1584 5117 fratrum
1620 5063 1942 5132 indigentiae,
1993 5077 2098 5116 non

527 5151 700 5206 solum
730 5153 782 5206 in
819 5153 1135 5219 crastinum,
1189 5153 1282 5208 sed
1320 5155 1480 5208 etiam
1509 5155 1560 5208 in
1603 5157 1862 5224 prolixius
1890 5170 2102 5224 tempus

527 5246 884 5314 impendentis
911 5245 1089 5310 fumis,
1129 5247 1264 5300 sicut
1294 5249 1348 5301 in
1375 5248 1600 5302 Actibus
1625 5249 2003 5319 Apostolorum
2020 5248 2098 5301 le-

527 5337 703 5406 gimus
749 5336 883 5407 (Act.
913 5352 988 5401 xi,
1028 5335 1265 5408 28-30):
1298 5338 1430 5393 satis
1469 5339 1642 5394 elucet
1690 5339 1775 5393 illa
1833 5348 2098 5408 praecepta

528 5428 606 5482 sic
646 5427 1008 5496 intelligenda,
1039 5437 1096 5482 ut
1127 5428 1258 5482 nihil
1294 5429 1474 5498 operis
1506 5429 1674 5484 nostri
1725 5429 2097 5498 temporalium

524 5516 988 5587 adipiscendorum
1015 5533 1198 5574 amore
1221 5520 1305 5574 vel
1337 5520 1529 5575 timore
1555 5521 1809 5590 egestatis
1849 5529 2098 5589 tanquam

523 5621 588 5661 ex
627 5610 942 5666 necessitate
977 5609 1252 5666 faciamus.
1304 5664 1320 5684 ,

594 5697 684 5751 50.
727 5700 854 5756 Item
884 5701 1084 5756 dictum
1105 5711 1187 5757 est
1210 5701 1505 5773 Apostolis,
1531 5711 1588 5757 ut
1610 5702 1739 5757 nihil
1761 5719 1941 5759 secum
1973 5720 2097 5774 por-

525 5793 700 5845 tantes
758 5790 943 5859 iuvia,
995 5807 1060 5848 ex
1103 5793 1396 5864 Evangelia
1436 5798 1702 5854 viverem.
1740 5796 1810 5852 Et
1863 5799 2096 5866 quodam

1631 352 1719 409 ns
1757 347 2124 416 nenoscro,
2163 346 2221 404 s.
2263 335 2633 404 AUGUSTINI
3588 359 3669 417 ωε

2194 461 2314 516 loco
2339 461 2499 516 etiam
2541 460 2652 529 ipse
2676 453 2931 514 Dominus
2957 457 3260 530 signiﬁcavit
3276 473 3361 520 cur
3388 464 3479 524 hoc
3501 469 3672 542 dixerit,

2190 565 2310 607 cum
2340 551 2562 617 addidit,
2595 551 2790 622 Dignus
2833 559 2906 604 est
2950 553 3080 604 enim
3107 556 3355 623 aperarius
3399 563 3672 622 haerentem

2193 643 2342 714 (Luc.
2395 661 2450 709 x,
2477 643 2529 708 Δ,
2559 637 2612 710 7,
2644 653 2688 697 et
2716 632 2903 696 Matt/1.
2942 657 2998 708 ι,
3032 639 3119 714 i0)
3148 661 3160 696 :
3192 641 3278 700 ubi
3333 650 3448 703 satis
3485 653 3670 710 ostendit

2193 737 2508 806 permissum
2538 731 2639 791 hoc
2662 749 2801 802 esse,
2830 749 2935 790 non
2971 733 3204 805 iussum;
3247 751 3311 793 ne
3346 737 3467 797 forte
3499 746 3572 813 qui
3595 746 3670 802 hoc

2194 828 2410 894 faceret,
2442 839 2498 882 ut
2524 829 2574 882 in
2599 843 2760 898 opere
2785 828 3174 898 praedicationis
3196 831 3336 885 verbi
3359 831 3529 902 aliquid
3550 837 3604 889 ab
3617 840 3672 891 eis

2194 913 2385 983 quibus
2409 912 2746 984 praedicaret,
2778 912 2832 966 in
2871 925 2995 967 usus
3031 913 3156 967 vita:
3183 913 3332 984 hujus
3365 929 3583 984 sumeret,
3602 921 3678 974 illl-

2194 1007 2356 1058 citum
2401 1003 2599 1074 aliquid
2647 1019 2705 1058 se
2751 1003 2927 1058 facere
2967 1003 3324 1058 arbitraretur.
3370 1005 3514 1062 Posse
3545 1017 3677 1064 tamen

2196 1091 2507 1150 laudabilius
2538 1103 2641 1149 non
2667 1093 2801 1160 fieri,
2831 1095 2883 1149 in
2917 1095 3158 1164 apostolo
3182 1095 3338 1150 Paulo
3369 1097 3484 1151 satis
3514 1096 3680 1152 demou-

2196 1194 2419 1240 stratum
2467 1193 2548 1239 est
2587 1203 2602 1239 :
2637 1184 2727 1254 qui
2769 1197 2894 1239 cum
2943 1184 3167 1253 diceret,
3207 1183 3520 1240 Commanicet
3555 1196 3678 1241 autem

2195 1278 2280 1347 qui
2300 1277 2636 1330 catechizatnr
2659 1276 2827 1343 verbo,
2858 1277 2902 1330 ei
2923 1276 3012 1347 qui
3048 1293 3106 1331 se
3137 1277 3416 1341 catechisat,
3441 1276 3488 1330 in
3509 1278 3682 1330 omnibus

2198 1369 2336 1422 bonis
2367 1367 2559 1437 (Gatat.
2591 1383 2662 1430 γι,
2691 1368 2774 1439 6):
2804 1377 2857 1422 et
2895 1367 3080 1422 multis
3107 1368 3236 1423 locis
3257 1367 3306 1421 id
3328 1367 3576 1422 salubriter
3601 1367 3684 1422 ﬁeri

2204 1460 2271 1514 ab
2294 1461 2372 1514 eis
2409 1460 2601 1530 quibus
2642 1459 2860 1514 verbum
2921 1458 3251 1528 praedicaret,
3290 1457 3587 1512 ostenderet:
3613 1457 3686 1512 Sat

2200 1561 2363 1605 tamen
2389 1569 2497 1622 ego,
2529 1553 2717 1621 inqttit,
2750 1568 2850 1606 non
2891 1565 3002 1606 sum
3029 1565 3149 1604 usus
3177 1550 3268 1602 hac
3287 1556 3504 1620 potestate
3542 1549 3576 1617 (l
3599 1547 3682 1602 Cor.

2199 1661 2276 1710 ix,
2303 1645 2414 1716 12).
2445 1643 2763 1699 Potestatem
2815 1657 2940 1713 ergo
2960 1643 3106 1698 dedit
3128 1642 3390 1707 Dominus,
3413 1655 3520 1695 cum
3537 1641 3613 1693 ista
3631 1640 3684 1694 di-

2199 1745 2364 1802 ceret,
2389 1752 2490 1790 non
2522 1737 2742 1806 imperio
2770 1735 3108 1802 constrinxit.
3141 1736 3208 1790 ita
3240 1736 3475 1805 pleraque
3490 1735 3534 1788 in
3557 1733 3685 1786 verbis

2201 1828 2492 1898 intelligere
2522 1816 2623 1881 non
2657 1828 2911 1894 valentes,
2947 1827 2998 1880 in
3027 1827 3177 1881 factis
3219 1835 3501 1880 sanctorum
3539 1822 3687 1891 colligi-

2202 1937 2318 1975 mus
2361 1920 2804 1991 quemadmodum
2857 1926 3105 1990 oporteat
3156 1920 3336 1988 accipi,
3366 1917 3492 1987 quod
3519 1915 3685 1970 lacilein

2202 2013 2356 2066 aliam
2387 2023 2584 2081 partem
2615 2013 2918 2078 duceretur,
2947 2012 3052 2066 nisi
3077 2010 3317 2079 exemplo
3340 2016 3637 2064 revocaretur.

2273 2107 2497 2162 CAPUT
2526 2107 2733 2161 XVl.-
2751 2108 2838 2162 5i.
2873 2106 2944 2160 Os
2969 2105 3181 2175 duplex,
3210 2103 3339 2156 uocis
3378 2110 3420 2155 et
3461 2100 3596 2154 cordis
3619 2097 3689 2151 :dc

2202 2214 2299 2271 qtta
2324 2215 2408 2253 ore
2449 2199 2634 2254 dictum
2674 2201 2756 2266 sit,
2801 2199 2874 2254 Os
2923 2199 3066 2268 quod
3093 2199 3358 2262 mentitur,
3385 2205 3467 2249 etc.
3500 2191 3692 2246 Oscordt‘t

2205 2295 2350 2346 etiam
2376 2293 2427 2345 in
2455 2291 2730 2364 Evangelia
2758 2299 3114 2346 monstratum.
3143 2288 3221 2343 An
3246 2289 3436 2342 vetitum
3479 2285 3526 2338 id
3555 2290 3692 2336 tantum

2206 2385 2539 2446 mendacium,
2586 2399 2684 2454 quo
2733 2383 2885 2436 alicui
2924 2383 3224 2437 detrahitur.
3265 2381 3444 2434 Sensus
3481 2375 3626 2444 triplex
3659 2371 3693 2424 in

2206 2475 2317 2528 loco
2344 2474 2680 2527 Ecclesiustici
2733 2473 2871 2546 (cap.
2895 2474 2948 2536 7,
2969 2474 3004 2544 7
3031 2509 3046 2526 .
3079 2474 3188 2542 54).
3214 2471 3301 2526 Sic
3327 2483 3444 2539 ergo
3466 2464 3580 2536 quod
3609 2461 3697 2516 scri-

2206 2577 2350 2635 ptum
2381 2576 2482 2631 est,
2513 2564 2582 2620 Os
2623 2573 2788 2619 autem
2837 2565 2972 2636 quod
2999 2565 3260 2630 mentitur,
3307 2561 3473 2615 occidit
3509 2555 3697 2615 anisum;

2207 2658 2273 2713 de
2297 2673 2403 2728 quo
2419 2674 2522 2732 ore
2546 2659 2761 2724 dixerit,
2789 2660 3069 2728 quieritnr.
3103 2659 3415 2725 Plerumque
3445 2652 3564 2707 enim
3601 2645 3698 2701 Sui.

2207 2760 2359 2819 ptura
2387 2766 2509 2804 cum
2538 2767 2599 2804 os
2637 2751 2785 2815 dicit,
2815 2752 3256 2820 conceptaculum
3288 2750 3448 2818 ipsum
3486 2741 3627 2798 cordis
3651 2738 3699 2791 sic

2206 2842 2438 2912 gniﬁcat,
2471 2843 2557 2896 ubi
2585 2843 2752 2912 [uacet
2781 2850 2835 2898 et
2876 2843 3192 2898 decernitur
3213 2838 3452 2912 quidquid
3489 2836 3616 2891 etiam
3636 2841 3701 2899 per

2207 2949 2411 2998 vocem,
2441 2949 2562 2989 cum
2587 2949 2771 2990 verum
2815 2936 3108 3004 loquimur,
3155 2935 3446 2990 enuntiatur
3473 2935 3553 2982 :ut
3588 2920 3702 2978 conte

2208 3028 2512 3090 mentiatur,
2536 3028 2618 3080 cui
2649 3028 2819 3097 placet
2850 3027 3231 3091 mendacium;
3265 3024 3422 3095 possit
3451 3030 3594 3074 autem
3629 3027 3702 3067 Ml

2203 3118 2367 3174 corde
2391 3119 2598 3172 metttiri
2618 3160 2632 3184 ,
2661 3120 2748 3188 qui
2772 3134 2870 3188 per
2895 3133 3084 3173 vocem
3110 3118 3251 3173 aliud
3280 3129 3432 3185 quam
3452 3119 3522 3166 est
3548 3110 3589 3162 in
3619 3103 3702 3159 ani.

2206 3226 2300 3266 mo
2332 3197 2403 3265 ita
2461 3212 2677 3280 profert,
2712 3219 2769 3266 ut
2811 3213 3032 3282 majoris
3059 3213 3188 3267 mali
3218 3207 3438 3266 evitandi
3469 3216 3597 3260 causa
3624 3211 3702 3252 ma-

2209 3307 2318 3361 lum
2343 3322 2401 3362 se
2427 3308 2707 3362 admittere
2731 3310 2956 3373 noverit,
2986 3309 3074 3362 cui
3102 3317 3277 3362 tamen
3305 3311 3554 3370 utrumque
3573 3289 3704 3360 displi-

2207 3408 2343 3454 ceat.
2381 3401 2443 3453 Et
2485 3400 2572 3469 qui
2631 3400 2731 3454 hoc
2783 3407 3047 3464 asserunt,
3101 3402 3173 3456 ita
3219 3399 3396 3454 dicunt
3443 3393 3577 3447 etiam
3613 3379 3705 3438 illud

2207 3489 2601 3560 intelligendum
2631 3489 2769 3559 quod
2799 3491 3064 3560 scripturn
3096 3501 3197 3556 est,
3235 3489 3333 3556 Qui
3357 3484 3552 3556 loquitur
3572 3475 3704 3530 teritur

2209 3589 2303 3634 tem
2325 3582 2378 3634 in
2404 3582 2556 3634 corde
2579 3595 2670 3635 suo
2699 3580 2870 3652 (Paul.
2896 3595 3004 3648 xrv,
3034 3582 3094 3651 il)
3126 3601 3146 3638 :
3170 3581 3289 3652 quia
3307 3587 3502 3645 semper
3529 3571 3574 3624 in
3594 3561 3708 3620 απιίθ

2208 3672 2404 3725 veritas
2431 3672 2690 3742 loquenda
2719 3681 2830 3737 est;
2864 3686 2968 3726 non
2997 3679 3181 3727 autem
3208 3683 3416 3739 semper
3439 3666 3488 3718 in
3511 3673 3588 3715 ore
3621 3663 3707 3742 θοτῇ

2210 3763 2372 3833 poris,
2428 3763 2472 3816 si
2500 3741 2701 3833 aliqui
2741 3775 2899 3818 causa
2941 3764 3171 3820 cavendi
3217 3761 3426 3833 majoris
3470 3754 3574 3810 mali
3611 3741 3710 3802 aliud

2207 3869 2367 3925 quam
2398 3855 2450 3909 in
2477 3857 2659 3910 animo
2685 3865 2784 3921 est,
2810 3867 2943 3911 voce
2961 3857 3190 3927 proferri
3217 3857 3407 3925 exigat.
3438 3845 3498 3904 Et
3521 3858 3617 3902 6590
3629 3835 3710 3927 (illi?

2208 3947 2328 4002 dem
2359 3961 2419 4002 os
2446 3948 2643 4015 cordis,
2675 3963 2738 4003 ex
2762 3947 2866 4004 hoc
2883 3926 2994 4018 jam
3019 3949 3242 4019 intelligi
3276 3951 3459 4017 potest,
3504 3933 3620 4009 quod
3652 3926 3710 3983 ubi

2210 4041 2406 4095 locutio
2434 4049 2536 4107 est,
2559 4041 2632 4095 ibi
2659 4053 2721 4096 os
2747 4056 2854 4095 non
2881 4041 3118 4098 absurde
3142 4038 3448 4108 intelligitur
3476 4051 3487 4086 :
3512 4043 3593 4085 nec
3605 4030 3710 4078 recte

2209 4133 2492 4199 diceretur,
2546 4135 2647 4202 Qui
2685 4135 2908 4202 loquitur
2953 4135 3007 4188 in
3055 4135 3212 4189 corde
3252 4125 3501 4196 suo;nisi
3525 4131 3571 4177 et
3595 4132 3642 4171 os
3679 4113 3714 4165 in

2208 4227 2374 4282 corde
2400 4227 2970 4297 recteinteiligeretur.
2997 4226 3316 4297 Quanquam
3332 4232 3464 4278 eteo
3487 4219 3585 4287 ipso
3608 4212 3708 4264 ὶοοον

2209 4320 2299 4374 ubi
2325 4322 2580 4389 scriptum
2603 4329 2718 4387 est,
2755 4318 2827 4374 Os
2855 4323 3176 4390 autemquod
3197 4317 3443 4376 mentitur,
3468 4304 3621 4364 occidit
3637 4297 3717 4352 atti-

2209 4427 2378 4476 mam,-
2427 4412 2470 4465 si
2511 4411 2906 4466 circumstantia
2949 4411 3199 4465 lectionis
3244 4404 3600 4463 consideretur,
3643 4398 3716 4443 non

2208 4505 2495 4571 accipiatur
2521 4502 2744 4558 fortasse
2791 4503 2939 4558 aliud
2965 4517 3124 4572 quam
3162 4517 3224 4557 os
3270 4497 3460 4555 cordis.
3487 4491 3717 4547 Obscurum

2209 4595 2354 4649 enim
2406 4607 2719 4662 responsum
2765 4591 2838 4648 ibi
2875 4605 2975 4658 est,
3009 4595 3096 4649 ubi
3121 4593 3367 4648 homines
3402 4587 3536 4648 latet,
3574 4575 3643 4648 qui
3678 4583 3719 4623 σε

2209 4685 2404 4749 cordis,
2441 4685 2540 4738 nisi
2566 4697 2627 4739 os
2647 4687 2892 4755 corporis
2915 4695 3195 4753 consonet,
3214 4682 3514 4738 audirenon
3536 4669 3719 4755 possit”:

2209 4777 2344 4832 illud
2367 4785 2541 4831 autem
2575 4791 2636 4832 os
2656 4751 2783 4833 dicit
2805 4779 2857 4833 in
2885 4793 2951 4834 eo
2975 4779 3092 4834 loco
3118 4751 3392 4846 Scriptura
3420 4763 3658 4843 pervenire
3675 4751 3722 4807 ad

2208 4869 2444 4923 auditum
2470 4868 2697 4938 Spiritus
2744 4870 2974 4935 Domini,
3004 4871 3093 4940 qui
3128 4868 3356 4939 replevit
3400 4863 3570 4918 orbem
3589 4860 3717 4908 tem'

2209 4972 2326 5014 rum
2351 4975 2365 5012 :
2394 4959 2464 5012 ita
2496 4968 2552 5013 ut
2589 4959 2747 5013 etiam
2780 4957 2915 5013 labia
2945 4969 3007 5014 et
3035 4967 3229 5015 recent
3273 4966 3329 5012 et
3359 4955 3573 5022 linguam
3615 4952 3723 4995 ωηι-

2209 5045 2547 5109 memoretiu
2573 5069 2643 5109 eo
2667 5055 2808 5117 loco;
2839 5067 2939 5108 nec
2978 5061 3153 5109 tamen
3185 5051 3368 5106 omnia
3405 5047 3535 5102 sinat
3570 5031 3726 5094 intellc‘

2208 5155 2332 5201 ctus
2372 5146 2474 5200 nisi
2501 5146 2568 5201 de
2593 5145 2754 5200 corde
2781 5145 2973 5214 accipi,
3023 5145 3144 5215 quia
3187 5143 3470 5198 Dominum
3508 5130 3616 5188 dicit
3651 5133 3730 5176 ﬁo"

2206 5241 2371 5296 latere
2399 5240 2540 5310 quod
2563 5239 2757 5294 dieitur
2778 5253 2796 5292 ε
2821 5238 2963 5309 quod
3005 5248 3182 5293 autem
3232 5250 3366 5290 sono
3399 5235 3504 5288 isto
3532 5223 3589 5281 ad
3612 5221 3732 5310 ante!

2209 5304 2431 5386 nostras
2455 5331 2755 5400 pertinente
2818 5304 3028 5394 dicitur,
3081 5341 3178 5384 nec
3219 5326 3462 5380 homines
3508 5318 3633 5372 latel-
3674 5304 3728 5358 1⁸³

2209 5425 2402 5495 (Ιιτίββθ
2429 5424 2684 5492 Scriptum
2707 5431 2794 5478 est
2823 5439 2838 5475 ε
2870 5420 3137 5475 Humanus
3165 5428 3243 5473 est
3267 5417 3403 5471 enim
3429 5406 3632 5483 Spiritu
3665 5409 3727 5451 ωε

2210 5518 2428 5588 pientitc‘,
2458 5525 2504 5568 et
2529 5531 2628 5567 non
2671 5513 2899 5568 liberabit
2925 5513 3230 5566 maledicum
3248 5523 3281 5561 α
3477 5500 3576 5570 ej"
3597 5509 3615 5546 -'
3632 5500 3728 5557 εἵαθ’

2209 5612 2348 5665 niam
2368 5625 2540 5662 renum
2565 5608 2706 5661 illius
2738 5607 2876 5661 testis
2896 5615 2972 5660 est
3017 5604 3170 5666 Deus,
3196 5613 3244 5656 et
3295 5598 3462 5653 cordo

2210 5712 2341 5756 tator
2370 5709 2440 5753 est
2464 5711 2508 5751 et
2538 5713 2700 5761 serus,
2730 5697 2918 5768 lingua!
2942 5695 3084 5750 illius
3099 5691 3322 5747 auditor.
3343 5683 3577 5756 Quiniam
3599 5673 3730 5768 Siti":

2211 5805 2289 5852 tus
2332 5793 2536 5848 Domini
2579 5789 2787 5859 repleuit
2847 5787 3014 5844 orbem
3081 5796 3350 5850 terrarum,
3413 5787 3460 5834 et
3503 5773 3586 5828 hoc
3627 5750 3729 5831 φοί
