3844 6480
472 386 567 446 ευ

474 496 686 555 ﬁciendi
715 496 1030 554 mentientes
1068 491 1375 565 approbata:
1415 496 1540 547 sunt
1570 506 1583 543 :
1616 490 1738 559 quia
1768 489 2055 544 nonnullus

473 590 669 661 gradus
705 598 787 645 est
814 588 882 644 ad
905 586 1224 659 diligentiam
1251 600 1431 641 veram
1469 598 1532 639 ac
1560 582 1937 685 sempiternam
1965 597 2055 685 sa-

474 682 673 749 lutem,
720 695 843 737 cum
884 681 1109 751 quisque
1155 677 1568 735 misericorditer
1610 676 1771 731 etiam
1812 690 1910 747 pro
1955 676 2055 730 ali-

473 775 624 845 cujus
652 773 895 845 quamvis
930 772 1142 829 mortali
1185 772 1356 828 salute
1383 770 1638 827 mentitur
1667 769 1896 841 (Supra,
1937 785 2052 840 cap.

472 868 541 935 5,
572 884 626 922 n.
660 867 797 938 5-7).

545 959 633 1016 35.
667 958 797 1013 Item
824 958 967 1028 quod
1004 958 1258 1029 scriptum
1288 964 1403 1025 est,
1436 956 1631 1011 Perdes
1656 972 1827 1011 omnes
1865 955 1953 1026 qui
1978 955 2059 1009 lo-

475 1056 693 1119 quuntur
717 1048 1031 1103 mendacium
1060 1065 1079 1104 :
1109 1048 1243 1103 alius
1267 1048 1397 1104 dicit
1423 1047 1627 1103 nullum
1672 1047 1757 1101 hic
1781 1054 2060 1115 exceptum

478 1155 595 1196 esse
624 1140 955 1198 mendacium
976 1183 992 1209 ,
1025 1142 1118 1198 sed
1160 1157 1320 1197 omne
1344 1141 1672 1197 damnatum.
1700 1140 1851 1195 Alius
1893 1139 2058 1194 dicit:

478 1233 551 1289 Ita
579 1249 727 1301 vero,
758 1235 852 1290 sed
881 1236 971 1305 qui
996 1235 1284 1306 loquuntur
1305 1249 1374 1292 ex
1404 1235 1566 1290 corde
1590 1233 1945 1301 mendacium,
1978 1247 2064 1287 se-

475 1326 704 1381 cundum
732 1328 1059 1398 superiorem
1089 1329 1521 1399 disputationem;
1541 1342 1663 1382 nam
1686 1326 1963 1382 veritatem
1984 1325 2064 1381 Io-

474 1419 655 1489 quitur
678 1418 731 1474 in
746 1419 928 1486 corde,
948 1421 1035 1490 qui
1062 1420 1173 1475 odit
1188 1418 1478 1475 mentiendi
1493 1419 1883 1485 necessitatem,
1902 1432 2060 1488 quam

478 1524 688 1581 poenam
710 1512 869 1583 hujus
887 1514 1009 1569 vita:
1029 1514 1265 1568 mortalis
1292 1513 1553 1584 intelligit.
1577 1512 1727 1568 Alius
1747 1512 1875 1568 dicit
1898 1530 1910 1566 :
1935 1511 2062 1568 0m-

477 1616 574 1657 nes
602 1602 814 1672 quidem
842 1604 1029 1674 perdet
1056 1604 1197 1660 Deus
1240 1605 1329 1674 qui
1359 1604 1646 1675 loquuntur
1684 1604 2018 1661 mendacium
2042 1645 2058 1671 ,

474 1692 569 1749 sed
595 1709 699 1749 non
731 1709 889 1751 omne
911 1695 1246 1751 mendacium
1270 1712 1283 1748 :
1315 1706 1398 1751 est
1426 1696 1568 1752 enim
1597 1696 1813 1767 aliquod
1842 1695 2063 1752 menda-

472 1784 613 1840 cium
632 1787 774 1856 quod
800 1796 924 1843 tunc
951 1788 1249 1844 insinuabat
1275 1788 1562 1859 Propheta,
1581 1789 1634 1843 in
1660 1804 1766 1859 quo
1789 1789 1919 1845 nulli
1940 1803 2063 1859 par-

473 1886 658 1943 catur;
689 1878 743 1934 id
771 1888 885 1947 est,
914 1881 960 1935 si
994 1890 1212 1951 peccata
1240 1896 1332 1937 sua
1361 1882 1584 1952 quisque
1609 1881 1854 1937 confiteri
1879 1881 2062 1939 detre-

474 1975 644 2035 etans,
667 1967 917 2024 defendat
943 1985 1005 2025 ea
1034 1972 1230 2045 potius,
1248 1980 1300 2027 et
1326 1972 1458 2028 nolit
1480 1986 1639 2043 agere
1668 1973 2059 2043 pmnitentiam;

472 2066 531 2112 ut
556 2073 741 2127 parum
765 2060 835 2115 sit
852 2060 975 2131 quia
995 2070 1247 2132 operatur
1273 2063 1627 2133 iniquitatem,
1646 2065 1748 2121 nisi
1791 2066 1951 2121 etiam
1968 2066 2059 2136 ju-

472 2158 590 2207 stus
604 2150 775 2208 videri
794 2153 978 2209 volens
1003 2155 1280 2211 medicinae
1304 2155 1660 2213 confessionis
1680 2173 1786 2212 non
1810 2172 2059 2213 succum-

471 2240 595 2294 bat:
621 2250 678 2297 ut
698 2250 752 2298 et
781 2244 892 2313 ipsa
915 2234 1199 2301 verborum
1222 2247 1492 2303 distinctio
1516 2265 1621 2305 non
1649 2250 1792 2305 aliud
1814 2251 2061 2308 intimare

468 2332 730 2403 videatur,
762 2336 928 2392 Odisti
950 2355 1119 2395 omnes
1147 2342 1231 2411 qui
1252 2350 1526 2411 aperantur
1543 2343 1856 2414 iniquitatem
1885 2342 2057 2415 (Psal.

469 2438 536 2490 v,
570 2426 660 2495 7);
691 2428 787 2482 sed
825 2445 930 2485 non
977 2432 1201 2500 perdes,
1229 2432 1275 2486 si
1306 2434 1612 2502 paenitendo
1642 2438 1696 2489 in
1725 2435 2060 2492 confessione

469 2517 746 2573 veritatem
775 2520 1055 2589 loquantur
1075 2564 1088 2587 ,
1118 2532 1178 2577 ut
1206 2523 1449 2580 faciendo
1475 2525 1633 2580 istam
1657 2527 1932 2583 veritatem
1963 2544 2057 2584 ve-

471 2606 619 2661 niant
642 2608 707 2663 ad
732 2610 925 2676 lucem;
946 2612 1081 2667 sicut
1106 2614 1162 2667 in
1180 2614 1466 2685 Evangelio
1482 2616 1773 2672 secundum
1794 2617 2057 2675 Joannem

468 2697 680 2766 dicitur,
702 2700 803 2768 Qui
828 2712 995 2758 autem
1014 2706 1136 2774 facit
1162 2707 1435 2773 veritatem,
1455 2710 1585 2763 venit
1607 2711 1675 2763 ad
1694 2711 1853 2765 lucem
1871 2711 2052 2783 (Joan.

470 2807 547 2856 IIl,
579 2792 693 2863 21).
724 2793 915 2850 Perdes
941 2806 1118 2852 autem
1145 2815 1316 2855 omnes
1343 2801 1449 2871 qui,
1482 2817 1590 2857 non
1625 2804 1797 2859 solum
1823 2819 2055 2875 operan-

469 2892 552 2939 tur
574 2886 590 2916 ί
622 2887 762 2955 quod
788 2888 965 2955 odisti,
986 2891 1078 2946 sed
1109 2892 1268 2948 etiam
1299 2895 1573 2963 loquuntur
1596 2896 1934 2964 mendacium;
1951 2899 2055 2955 fal-

468 2990 580 3030 sam
606 2978 863 3044 justitiam
895 2983 1273 3051 praetendendo
1293 3028 1307 3053 ,
1340 3002 1442 3043 nec
1467 2988 1521 3044 in
1547 2991 1859 3059 paenitentia
1884 2996 2054 3050 contI-

468 3067 628 3123 tendo
655 3080 886 3138 peccata.

537 3159 623 3214 36.
657 3161 787 3217 Nam
818 3164 884 3219 de
915 3164 1049 3222 falso
1078 3168 1381 3227 testimonio
1400 3214 1414 3239 ,
1448 3172 1590 3243 quod
1621 3174 1674 3229 in
1699 3174 1883 3233 decem
1911 3193 2051 3248 pra:-

463 3254 631 3322 ceptis
654 3254 811 3326 Legis
835 3260 1061 3327 positum
1091 3271 1193 3328 est,
1214 3264 1357 3319 nullo
1372 3265 1534 3322 modo
1559 3268 1773 3339 quidem
1798 3272 2051 3328 contendi

464 3352 637 3413 potest
673 3348 1011 3407 dilectionem
1056 3355 1292 3412 veritatis
1322 3358 1375 3411 in
1417 3357 1579 3414 corde
1606 3362 1920 3417 servandam
1941 3404 1957 3430 ,
1995 3373 2051 3420 et

462 3436 833 3502 proferendum
866 3441 1054 3497 falsum
1101 3444 1166 3498 ad
1195 3460 1316 3501 cum
1357 3448 1498 3518 apud
1527 3464 1688 3520 quem
1718 3452 1910 3508 dicitur
1966 3464 2048 3510 te-

463 3529 789 3587 stimonium.
820 3534 953 3590 Cum
982 3538 1123 3593 enim
1155 3539 1267 3595 Deo
1294 3548 1495 3596 tantum
1526 3542 1738 3614 dicitur,
1772 3555 1897 3602 tunc
1928 3557 2045 3604 tan-

460 3628 570 3675 tum
596 3622 646 3675 in
668 3624 830 3679 corde
856 3628 1051 3682 veritas
1075 3630 1441 3700 amplectenda
1467 3642 1550 3689 est
1574 3651 1588 3690 :
1610 3650 1732 3691 cum
1753 3647 1929 3693 autem
1951 3639 2049 3695 ho-

459 3712 588 3766 mini
627 3713 819 3769 dicitur
838 3758 853 3783 ,
883 3720 1041 3774 etiam
1069 3736 1162 3776 ore
1185 3724 1425 3793 corporis
1449 3740 1631 3781 verum
1668 3730 2045 3798 proferendum

459 3810 569 3868 est;
593 3802 715 3873 quia
744 3807 905 3862 homo
929 3825 1035 3864 non
1056 3819 1138 3865 est
1158 3813 1335 3868 cordis
1356 3815 1643 3886 inspector.
1668 3820 1771 3875 Sed
1802 3822 1959 3891 plane
1976 3824 2047 3881 de

461 3892 576 3961 ipso
596 3897 898 3953 testimonio
918 3916 1023 3955 non
1045 3902 1273 3959 absurde
1291 3907 1547 3975 quaeritur
1564 3912 1704 3978 apud
1723 3928 1882 3983 quem
1899 3917 2046 3986 quis-

457 3997 563 4053 que
590 3987 739 4043 testis
762 3989 851 4044 sit.
884 3990 997 4048 Non
1025 3994 1165 4050 enim
1195 3998 1336 4068 apud
1361 4014 1729 4074 quoscumque
1752 4006 2041 4078 loquimur,

458 4081 621 4132 testes
646 4094 860 4147 sumus;
880 4084 973 4139 sed
1002 4088 1139 4155 apud
1168 4102 1263 4143 eos
1290 4090 1482 4160 quibus
1505 4094 1720 4163 espedit
1744 4105 1799 4152 et
1821 4098 2047 4156 debetur

458 4181 554 4234 per
583 4184 679 4224 nos
707 4185 1031 4242 cognoscere
1054 4187 1144 4232 aut
1172 4181 1395 4239 credere
1424 4186 1700 4243 veritatem
1734 4206 1748 4242 :
1780 4190 1936 4246 sicuti
1962 4201 2045 4249 est

454 4257 633 4328 iudex,
655 4277 722 4317 ne
749 4263 801 4318 in
823 4264 1112 4334 judicando
1131 4282 1301 4339 erret;
1319 4285 1411 4330 aut
1436 4278 1527 4346 qui
1552 4278 1778 4337 docetur
1800 4282 2042 4343 doctrina

456 4350 745 4421 religionis,
779 4372 846 4413 ne
874 4369 1016 4415 erret
1038 4361 1093 4415 in
1125 4363 1249 4433 fide,
1277 4376 1368 4421 aut
1396 4368 1511 4439 ipsa
1545 4370 1779 4431 doctoris
1806 4379 2043 4434 auctori-

456 4448 561 4495 tate
589 4441 778 4500 dubius
802 4446 1040 4506 fluctuet.
1070 4453 1203 4509 Cum
1225 4466 1400 4513 autem
1428 4459 1517 4516 iIIe
1536 4470 1590 4519 te
1616 4463 1926 4539 interrogat,
1951 4480 2043 4527 aut

455 4533 565 4587 vuIt
588 4549 652 4589 ex
681 4543 732 4591 te
752 4538 951 4609 aliquid
972 4558 1147 4609 nosse,
1173 4548 1260 4617 qui
1290 4564 1409 4605 eam
1439 4567 1553 4608 rem
1575 4557 1763 4624 quaerit
1789 4533 2041 4629 qitminon

456 4625 518 4679 ad
542 4642 663 4682 eum
689 4633 969 4699 pertineat,
988 4646 1080 4691 aut
1098 4655 1254 4708 quam
1272 4643 1321 4697 ei
1349 4659 1509 4700 nosse
1535 4662 1643 4702 non
1662 4625 1908 4720 expedit;
1930 4648 2037 4710 non

456 4722 663 4782 testem,
682 4719 775 4775 sed
794 4724 1116 4789 proditorem
1134 4732 1376 4799 requirit.
1396 4734 1578 4805 Itaque
1602 4738 1646 4792 si
1665 4739 1713 4793 ei
1735 4719 2034 4812 mentiaris,

453 4820 479 4858 a
501 4806 633 4862 falso
656 4808 881 4870 fortasse
902 4818 1206 4877 testimonio
1225 4823 1430 4881 alienus
1452 4828 1581 4898 eris,
1601 4829 1696 4886 sed
1712 4847 1743 4888 a
1758 4836 2039 4895 mendacio

451 4900 688 4968 profecto
717 4920 823 4961 non
852 4910 977 4964 eris.

519 4992 746 5052 CAPUT
777 4999 961 5057 XVIII.
992 5034 1065 5046 -—-
1095 5009 1357 5075 Quomodo
1377 5018 1697 5089 accipiendas
1734 5025 1867 5079 alius
1889 5026 2036 5083 Scri-

448 5094 611 5154 ptura:
623 5088 783 5145 locus.
806 5092 1165 5168 Disquisitione
1180 5109 1545 5192 prlecedenjiin
1561 5124 1825 5188 utramque
1840 5132 2035 5192 partem

445 5180 567 5247 quid
604 5181 843 5241 hactenus
876 5190 1147 5249 inventum.
1177 5196 1332 5253 Error
1352 5186 1488 5258 nuda
1525 5180 1815 5267 metiens'ea:
1833 5180 2032 5288 cupidi-

445 5278 547 5324 tate
566 5283 612 5326 et
636 5291 699 5329 ea:
722 5284 1098 5339 consuetudine.
1132 5287 1245 5343 Vita
1265 5304 1438 5349 nostra
1457 5296 1667 5371 dupla.
1698 5278 1916 5363 Peccata
1935 5312 2033 5366 mi-

445 5378 573 5417 nora
594 5373 647 5420 et
670 5368 716 5422 si
740 5386 841 5425 non
868 5386 1071 5445 propter
1095 5380 1359 5440 utilitatem
1379 5368 1705 5461 temporalem
1724 5438 1738 5464 ,
1766 5415 1832 5453 an
1851 5402 2031 5458 saltem

444 5467 650 5527 propter
658 5465 975 5520 sanctitatem
993 5473 1292 5529 servandam
1310 5480 1510 5536 admitti
1529 5486 1740 5555 possint.
1759 5488 1918 5548 Salvo
1934 5494 2032 5565 igi-

446 5555 529 5601 tur
554 5564 620 5605 eo
645 5554 786 5622 quod
829 5557 1019 5616 falsum
1067 5567 1424 5626 testimonium
1451 5573 1632 5633 dicere
1662 5595 1933 5653 nunquam
1953 5554 2031 5641 ii-

442 5646 559 5735 εει,
592 5647 847 5712 quaeritur
882 5660 1059 5709 utrum
1090 5656 1241 5713 liceat
1270 5661 1558 5733 aliquando
1586 5646 1822 5728 mentiri.
1856 5677 1961 5732 Aut
1981 5680 2027 5735 si

440 5723 630 5787 falsum
661 5739 1020 5799 testimonium
1050 5756 1134 5801 est
1159 5764 1319 5806 omne
1349 5723 1707 5829 mendacium,
1739 5765 2027 5826 videndum

506 5859 523 5893 ι
557 5862 639 5913 ttic
662 5865 776 5919 editi
797 5870 996 5939 addunt,
1017 5876 1479 5951 iniquitatem;qu
1504 5902 1596 5944 vox
1619 5894 1759 5950 abest
1777 5908 1807 5952 tt
1826 5907 1931 5955 Mss.

1636 375 1723 431 DE
1754 373 2121 445 MENDACIO,
2159 375 2220 432 S.
2258 374 2625 434 AUGUSTINI

3671 388 3779 447 Si!

2165 494 2249 542 est
2296 496 2472 543 utrum
2502 487 2747 544 admittat
2774 492 3265 561 compensationem
3285 535 3300 563 ,
3330 504 3392 552 ut
3435 495 3669 554 dicatur
3698 504 3778 556 vi-

2165 578 2310 634 tandi
2333 580 2550 650 majoris
2573 582 2777 651 peccati
2799 584 2967 653 gratia
2990 601 3004 638 :
3030 584 3169 641 sicut
3188 586 3318 642 illud
3337 589 3484 659 quod
3504 591 3781 663 scriptum

2164 679 2266 736 est,
2301 670 2513 725 Honora
2534 682 2728 741 patrem
2747 682 2795 727 et
2818 684 3028 729 ntatrem
3053 674 3249 745 (Exod.
3276 694 3369 747 xx,
3400 680 3495 745 I6,
3529 682 3656 752 12),
3691 699 3780 738 ra-

2166 762 2345 832 piente
2370 761 2545 819 officio
2572 765 2805 833 potiore‘
2832 767 3189 823 contemnitur
3208 785 3225 835 ;
3244 770 3383 827 unde
3408 772 3673 829 ultimum
3692 790 3774 831 se-

2167 855 2395 925 pulturae
2422 854 2679 913 honorem
2722 858 2862 927 patri
2889 857 3204 929 prohibetur
3230 864 3520 919 exsolvere
3544 907 3560 930 ,
3591 866 3682 935 qui
3710 866 3777 922 ab

2168 946 2285 1015 ipso
2313 947 2538 1003 Domino
2581 949 2648 1003 ad
2690 963 2915 1020 regnum
2959 950 3054 1007 Dei
3082 954 3519 1010 annuntiandum
3551 968 3775 1015 vocatur

2171 1036 2501 1109 (Matt/cvm
2523 1080 2538 1106 ,
2559 1039 2678 1111 22).

2239 1130 2329 1184 37.
2361 1129 2491 1185 Item
2516 1131 2659 1202 quod
2688 1132 2947 1204 scriptum
2971 1144 3055 1192 est
3073 1178 3090 1205 ,
3133 1136 3349 1195 Verbum
3370 1142 3644 1213 excipiens
3664 1148 3685 1177 ⁸
3714 1148 3776 1215 ῤ-

2168 1223 2265 1278 lius
2292 1240 2325 1278 a
2352 1225 2633 1295 perditione
2665 1228 2815 1300 longe
2848 1228 3007 1285 aberit
3035 1247 3054 1286 :
3086 1232 3341 1304 excipiens
3367 1244 3554 1290 autem
3599 1241 3777 1309 excipit

2166 1318 2298 1372 illud
2315 1318 2429 1384 sibi,
2450 1330 2495 1375 et
2510 1319 2639 1375 nihil
2652 1322 2772 1392 falsi
2792 1323 2856 1377 de
2874 1340 2963 1378 ore
2981 1324 3142 1396 ipsius
3164 1328 3389 1396 procedit
3406 1327 3609 1398 (Prov.
3633 1347 3771 1398 nix,

2166 1409 2281 1481 27);
2302 1410 2429 1467 dicit
2453 1412 2667 1484 aliquis,
2684 1429 2790 1469 non
2806 1415 2948 1471 aliud
2970 1416 3058 1471 hic
3083 1418 3461 1488 accipiendum
3492 1436 3622 1477 esse
3639 1424 3770 1493 quod

2168 1504 2399 1572 positum
2430 1515 2534 1573 est,
2558 1506 2830 1577 Excipiens
2850 1510 3054 1564 verbum
3075 1512 3233 1578 ﬁlius,
3264 1513 3371 1568 nisi
3394 1514 3639 1569 verbum
3662 1516 3766 1583 Dei,

2166 1596 2305 1666 quod
2333 1605 2416 1652 est
2443 1598 2661 1655 veritas.
2686 1599 2845 1670 Ergo,
2863 1599 3139 1674 Eacipiens
3162 1604 3423 1659 ueritatem
3446 1606 3647 1674 ﬁliusa
3663 1624 3769 1677 per-

2167 1688 2355 1761 ditione
2375 1689 2523 1761 longe
2545 1692 2724 1759 aberit,
2745 1693 2977 1749 refertur
3001 1694 3068 1750 ad
3097 1695 3228 1752 illud
3256 1697 3400 1768 quod
3430 1698 3650 1754 dictum
3672 1710 3764 1769 est,

2170 1779 2361 1836 Perdes
2380 1798 2551 1839 omnes
2570 1783 2656 1854 qui
2685 1783 2959 1855 loquuntur
2978 1788 3314 1842 mendacium.
3338 1790 3512 1858 Quod
3539 1808 3668 1848 vero
3687 1809 3765 1849 see

2166 1874 2369 1946 quitur,
2389 1874 2665 1947 Excipiens
2684 1885 2853 1935 autem
2871 1879 3057 1953 excipit
3073 1880 3205 1937 illud
3227 1881 3345 1949 sibi,
3364 1884 3511 1954 quid
3542 1886 3681 1941 aliud
3697 1888 3766 1941 in-

2167 1964 2377 2032 sinuat,
2408 1966 2510 2022 nisi
2553 1968 2696 2038 quod
2722 1969 3010 2040 Apostolus
3036 1971 3197 2040 dicit,
3231 1971 3380 2045 Opus
3411 1983 3603 2034 autem
3629 1994 3763 2031 mat

2167 2056 2338 2126 probet
2358 2060 2718 2131 unusquisque,
2736 2071 2785 2115 et
2806 2070 2925 2116 tunc
2945 2062 2997 2117 in
3016 2065 3282 2135 semetipso
3302 2065 3524 2123 habebit
3542 2069 3757 2141 gloria,

2167 2157 2214 2201 et
2237 2166 2336 2203 non
2360 2150 2412 2203 in
2450 2151 2611 2206 altero
2641 2151 2837 2224 (Galat.
2870 2169 2921 2208 νι
2939 2195 2955 2218 ,
2986 2154 3087 2225 4)?
3115 2155 3217 2222 Qui
3246 2158 3392 2212 enim
3421 2161 3640 2231 excipit
3662 2177 3763 2217 vcr-

2166 2237 2291 2293 butn
2311 2279 2328 2305 ,
2359 2239 2413 2294 id
2449 2249 2533 2297 est
2561 2242 2874 2309 veritatem,
2919 2259 3026 2301 non
3072 2247 3210 2314 sibi,
3238 2249 3333 2304 sed
3366 2260 3425 2305 ut
3459 2250 3761 2310 hominibus

2166 2328 2392 2397 placeat,
2415 2344 2519 2386 non
2536 2346 2654 2387 eam
2683 2333 2936 2402 custodit,
2955 2350 3077 2391 cum
3102 2339 3179 2394 eis
3212 2338 3357 2395 videt
3382 2342 3603 2411 placeri
3620 2360 3759 2416 posse

2166 2418 2465 2475 mendacio.
2498 2420 2600 2488 Qui
2627 2430 2805 2478 autem
2832 2424 3029 2495 excipit
3055 2427 3176 2495 sibi,
3204 2429 3333 2484 nihil
3361 2430 3573 2487 falsum
3597 2434 3661 2489 de
3678 2451 3758 2491 ore

2164 2509 2331 2581 ipsius
2381 2515 2653 2583 procedit;
2693 2518 2817 2588 quia
2863 2521 3023 2576 etiam
3070 2537 3192 2578 cum
3235 2524 3413 2594 placet
3462 2527 3760 2587 hominibus

2164 2602 2499 2660 mendacium
2518 2648 2534 2673 ,
2560 2622 2670 2663 non
2694 2610 2951 2666 mentitur
2974 2612 3063 2668 ille
3087 2614 3179 2684 qui
3206 2616 3503 2674 veritatem
3526 2662 3544 2688 ,
3573 2637 3676 2678 non
3699 2623 3758 2677 de

2163 2710 2267 2765 qua
2298 2695 2403 2753 illis
2422 2738 2438 2765 ,
2466 2697 2562 2754 sed
2592 2698 2659 2755 de
2685 2716 2789 2771 qua
2818 2702 2930 2759 Deo
2957 2704 3228 2774 placeret,
3260 2711 3487 2780 excepit
3517 2713 3643 2768 sibi.
3672 2713 3759 2768 Ita-

2164 2801 2267 2857 que
2292 2802 2400 2842 non
2427 2797 2511 2845 est
2552 2804 2649 2847 cur
2695 2792 2783 2849 hic
2807 2793 3049 2863 dicatur,
3081 2796 3279 2855 Omnes
3302 2801 3540 2872 quidem
3588 2807 3755 2877 perdet

2162 2879 2252 2949 qui
2293 2880 2580 2952 loquuntur
2619 2885 2993 2957 mendacium,
3038 2891 3134 2946 sed
3177 2906 3285 2947 non
3327 2909 3505 2953 omne
3546 2900 3756 2956 menda-

2162 2972 2302 3028 cium
2328 2992 2341 3028 :
2365 2976 2577 3045 quando
2602 2979 2977 3038 universaliter
3003 2986 3182 3040 omnia
3209 2988 3504 3047 mendacia
3534 2994 3753 3050 circinu-

2161 3063 2268 3120 cisa
2297 3076 2421 3121 sunt
2457 3068 2511 3123 in
2539 3084 2606 3125 eo
2634 3071 2775 3141 quod
2800 3072 2998 3129 dictum
3023 3086 3141 3143 est,
3172 3077 3240 3133 Et
3264 3081 3395 3137 nihil
3414 3086 3559 3154 falsi
3584 3087 3649 3141 de
3680 3104 3758 3141 οη

2159 3155 2321 3225 ipsius
2359 3161 2603 3228 procedit.
2632 3160 2736 3217 Sed
2761 3163 2891 3220 dicit
2925 3166 3061 3222 alius
3085 3167 3157 3223 ita
3186 3184 3307 3226 esse
3334 3173 3716 3244 accipiendum
3736 3221 3752 3246 ,

2158 3246 2299 3302 sicut
2323 3250 2532 3321 accepit
2553 3255 2826 3322 apostolus
2846 3255 3043 3313 Paulus
3066 3259 3209 3331 quod
3233 3262 3309 3317 ait
3332 3263 3626 3332 Dominus,
3650 3268 3752 3340 Ege

2155 3350 2324 3395 autem
2361 3342 2476 3397 dico
2513 3346 2682 3412 vobis,
2711 3364 2813 3403 non
2825 3349 3009 3416 jurare
3046 3354 3251 3409 omnino
3277 3355 3501 3429 (Matth.
3549 3378 3619 3428 ν,
3645 3364 3752 3435 54).

2154 3430 2286 3486 Nam
2315 3441 2371 3488 et
2413 3433 2500 3490 hic
2522 3437 2696 3492 omnis
2715 3437 2915 3508 juratio
2940 3442 3257 3501 circumcisa
3299 3458 3415 3515 est;
3443 3452 3547 3507 sed
3567 3452 3638 3507 ab
3659 3430 3755 3509 ore

2154 3524 2365 3593 cordis,
2411 3536 2468 3582 ut
2508 3544 2778 3600 nunquam
2805 3534 3095 3593 voluntatis
3119 3540 3506 3610 approbatione
3556 3544 3751 3615 fieret,

2152 3616 2250 3673 sed
2278 3620 2595 3676 necessitate
2625 3622 2949 3682 infirmitatis
2994 3628 3249 3700 alterius,
3299 3633 3355 3689 id
3396 3645 3486 3691 est
3505 3678 3522 3703 ,
3552 3653 3587 3694 a
3615 3640 3754 3696 malo

2153 3710 2395 3778 alterius,
2419 3713 2506 3769 cui
2530 3730 2636 3771 non
2662 3717 2817 3774 aliter
2843 3719 3054 3784 videtur
3079 3727 3393 3796 persuaderi
3423 3746 3599 3800 posse
3617 3734 3752 3805 quod

2152 3800 2379 3873 dicitur,
2413 3806 2514 3861 nisi
2540 3808 2768 3877 jurando
2818 3812 2950 3870 fides
2974 3814 3098 3883 fiat;
3124 3828 3217 3874 aut
3260 3821 3328 3875 ab
3360 3822 3456 3878 iIIo
3484 3800 3749 3883 malo-no.

2152 3898 2451 3967 stro,quod
2476 3898 2633 3971 hujus
2663 3906 3000 3963 mortalitatis
3024 3909 3197 3965 adhuc
3227 3914 3456 3983 pellibus
3486 3919 3712 3976 involuti
3730 3960 3745 3986 ,

2151 4001 2247 4042 cor
2269 3998 2509 4046 nostrum
2556 4008 2664 4048 non
2692 3996 2933 4053 valemus
2959 4002 3241 4059 ostendere
3272 4022 3285 4057 :
3319 4008 3467 4076 quod
3499 4012 3684 4083 utique
3705 4015 3744 4067 si

2150 4077 2471 4149 vaIeremus,
2486 4082 2755 4153 juratione
2773 4102 2908 4158 opus
2926 4106 3031 4146 non
3057 4105 3219 4149 esset.
3240 4096 3570 4170 Quanquam
3597 4077 3750 4161 etiam

2151 4167 2205 4222 in
2233 4170 2336 4227 hac
2377 4182 2484 4229 tota
2514 4179 2775 4233 sententia
2797 4219 2813 4245 ,
2845 4180 3059 4253 siquod
3088 4186 3290 4243 dictum
3314 4167 3432 4258 est,
3472 4192 3750 4267 Excipiens

2150 4260 2353 4318 verbum
2380 4266 2519 4332 ﬁlius
2543 4284 2577 4322 a
2604 4271 2886 4339 perditione
2914 4274 3061 4347 longe
3087 4276 3245 4332 aberit
3262 4320 3278 4346 ,
3309 4281 3378 4338 de
3402 4283 3525 4353 ipsa
3555 4260 3750 4344 dictum

2149 4364 2231 4407 est
2260 4353 2495 4413 Verttate
2524 4374 2620 4429 per
2642 4377 2799 4433 quam
2834 4365 2973 4421 facta
2999 4379 3123 4423 sunt
3151 4371 3327 4427 omnia
3350 4414 3366 4440 ,
3395 4392 3524 4445 qua:
3549 4381 3751 4437 incomo

2149 4447 2419 4504 mutabilis
2455 4464 2668 4523 semper
2711 4466 2923 4524 manet;
2955 4461 3203 4529 quoniam
3250 4464 3502 4524 doctrina
3534 4473 3749 4544 religio-

2148 4537 2233 4594 nis
2253 4539 2321 4595 ad
2347 4555 2465 4597 eam
2499 4547 2965 4617 contemplandam
2992 4552 3286 4622 perducere
3312 4557 3508 4616 nititur
3526 4604 3546 4630 ,
3582 4537 3749 4634 potest

2148 4631 2315 4687 videri
2343 4634 2410 4689 ad
2442 4636 2543 4691 hoc
2571 4652 2692 4694 esse
2720 4639 2939 4710 dictum,
2972 4643 3039 4698 Et
3070 4646 3199 4701 nihil
3223 4649 3345 4718 falsi
3378 4652 3440 4706 de
3470 4671 3567 4710 ore
3583 4631 3749 4725 ’ἱρείη

2146 4725 2391 4793 procedit,
2420 4736 2477 4782 ut
2502 4728 2634 4784 nihil
2662 4730 2782 4788 falsi
2811 4736 2951 4805 quod
2980 4737 3047 4792 ad
3074 4738 3374 4798 doctrinam
3403 4749 3649 4816 pertinet
3671 4749 3749 4804 di-

2145 4822 2251 4868 cat.
2283 4816 2433 4883 Quod
2464 4820 2726 4879 mendacii
2767 4841 2935 4896 genus
2979 4830 3124 4885 nulla
3164 4834 3388 4891 omnino
3415 4851 3745 4911 compensa-

2147 4904 2290 4962 tione
2314 4908 2669 4980 subeundum,
2688 4917 3007 4989 penitusque
3031 4936 3095 4976 ac
3112 4926 3381 4996 praecipue
3396 4904 3747 4988 devitandum

2144 5009 2247 5055 est.
2264 5002 2368 5055 Aut
2392 5004 2436 5057 si
2457 5007 2597 5075 quod
2624 5008 2824 5066 dictum
2851 5022 2953 5081 est,
2976 5015 3105 5070 nihil
3127 5016 3269 5085 falsi,
3286 5020 3521 5079 absurde
3549 5027 3748 5095 accipi-

2144 5099 2249 5159 tur,
2272 5093 2319 5149 si
2346 5111 2450 5151 non
2476 5098 2541 5153 ad
2572 5115 2732 5158 omne
2758 5105 3096 5162 mendacium
3125 5109 3391 5168 referatur
3410 5115 3465 5181 ³;
3495 5119 3652 5188 quod
3671 5093 3751 5174 di-

2142 5192 2282 5240 ctum
2308 5196 2409 5252 est,
2428 5189 2491 5243 de
2508 5208 2594 5246 ore
2618 5193 2799 5263 ipsius,
2821 5199 3109 5255 secundum
3135 5205 3471 5273 superiorem
3498 5209 3749 5281 disputa-

2144 5275 2339 5333 tionem
2367 5295 2428 5335 os
2452 5284 2631 5341 cordis
2653 5288 3021 5358 accipiendum
3048 5308 3169 5351 esse
3193 5299 3495 5367 contendit,
3518 5275 3623 5373 qui
3650 5305 3745 5360 ali-

2139 5372 2353 5436 quando
2375 5381 2523 5441 putat
2541 5390 2660 5433 esse
2680 5381 3069 5439 mentiendum.

2202 5482 2220 5550 ξ
2254 5480 2443 5550 aliquot
2466 5492 2592 5547 Mss,
2617 5487 2828 5550 fortiore.

2200 5543 2242 5622 ξ-
2255 5543 2700 5622 Ιζςρρφροιωιὶδε.
2727 5552 2928 5613 habent,
2951 5558 3241 5622 custodiens,
3266 5562 3358 5614 hoc
3380 5572 3575 5618 tantum
3599 5576 3657 5619 ει
3679 5570 3747 5619 ιι..

2137 5608 2246 5689 tero
2269 5602 2969 5689 Ipcojnfrpupost,n(ntwtqttqin
2982 5602 3745 5689 'EiibihﬁgTzﬁ'sTmZyiti

2137 5668 2406 5753 etSLAApud
2441 5668 2569 5727 LXX.
2599 5668 2655 5722 in
2671 5668 2969 5739 Proverbiis,
2991 5668 3215 5745 conﬂi],-

2368 5791 2922 5878 Eius"!
2945 5805 3073 5864 σειοά
3109 5806 3294 5878 diem
3323 5811 3576 5878 esum!
3606 5816 3744 5878 ratu;

2136 5850 2687 5943 ΕΖἪΒΞΞΡΞΨ
2704 5861 2878 5943 "0333‘!
3042 5850 3662 5943 Μᾶἆῖἆιῖῧέίᾶπῖ
3667 5850 3747 5933 ἓ

2033 5939 2059 5974 ε
2139 5913 2267 5981 quod
2288 5912 2478 5968 dictum
2494 5923 2582 5984 est,
2606 5912 2724 5987 etc,
2749 5912 2907 5978 minus
2922 5912 3075 5981 bene;
