3930 6368
267 454 355 509 38.
382 451 494 507 llaec
530 456 680 507 certe
698 446 878 506 omnis
907 446 1197 519 disputatio
1221 445 1469 518 quamvis
1492 445 1741 511 alternet,

205 547 306 603 aliis
327 541 677 600 asserentibus
714 555 990 611 nunquam
1027 554 1147 595 esse
1167 538 1555 605 mentiendum,
1584 544 1641 593 et
1684 536 1752 591 ad

198 638 288 693 hoc
307 637 469 691 divina
498 632 803 690 testimonia
833 630 1215 697 recitantibus;
1239 629 1357 684 aliis
1384 627 1757 685 contradicen-

198 729 336 794 tibus,
363 736 413 783 et
459 726 600 782 inter
646 726 758 796 ipsa
784 725 947 780 verba
976 723 1276 779 divinorum
1322 723 1753 779 testimoniorum

198 820 437 876 mendacio
486 820 666 874 locum
707 816 1072 888 quaerentibus
1096 832 1110 869 :
1134 829 1293 871 nemo
1344 824 1521 871 tamen
1577 822 1755 885 potest

198 912 365 979 dicere,
386 911 483 966 hoc
511 924 573 965 se
597 916 695 965 aut
712 909 764 963 iu
787 907 1039 977 exemplo
1064 914 1158 963 aut
1182 907 1235 961 in
1256 906 1423 962 verbo
1449 905 1752 978 Scriptura-

197 1020 293 1061 rum
318 1003 564 1070 invenire,
594 1012 654 1058 ut
692 1000 1022 1073 diligendum
1052 1000 1137 1056 vel
1164 1014 1268 1056 non
1294 999 1418 1054 odio
1444 998 1747 1055 habendum

198 1097 332 1152 ullum
355 1095 688 1152 mendacium
722 1094 995 1159 videatur;
1027 1092 1123 1149 sed
1146 1092 1412 1147 interdum
1438 1091 1748 1148 mentiendo

191 1188 452 1243 faciundam
496 1202 623 1243 esse
676 1186 822 1257 quod
872 1185 1071 1253 oderis,
1120 1185 1342 1255 utquod
1366 1184 1597 1255 amplius
1646 1185 1745 1241 de-

196 1277 458 1335 testandum
484 1286 569 1334 est
588 1277 881 1334 devitetur.
928 1276 1033 1333 Sed
1064 1276 1120 1332 in
1143 1276 1245 1332 hoc
1266 1286 1449 1332 errant
1477 1277 1741 1344 homines,

194 1370 309 1441 quod
324 1370 543 1426 subdunt
564 1370 804 1443 pretiosa
832 1370 1129 1426 vilioribus.
1166 1371 1303 1426 Cum
1326 1373 1472 1426 enim
1515 1386 1742 1427 conces-

192 1463 303 1520 seris
347 1463 731 1520 admittendum
771 1478 893 1519 esse
937 1462 1147 1534 aliquod
1196 1463 1432 1529 malum,
1482 1479 1550 1519 ne
1600 1464 1743 1519 aliud

188 1558 369 1626 gravius
414 1556 773 1622 admittatur;
824 1571 931 1610 non
979 1570 1048 1611 ex
1102 1555 1292 1626 uagula
1345 1555 1603 1622 veritatis,
1645 1555 1741 1610 sed

189 1664 242 1705 et
263 1663 349 1704 sua
370 1652 584 1720 quisque
606 1648 903 1718 cupiditate
929 1657 1088 1718 atque
1116 1648 1503 1704 consuetudine
1524 1651 1741 1704 metitur

188 1742 393 1806 malum;
414 1749 467 1797 et
490 1741 709 1811 idputat
734 1740 969 1811 gravius,
991 1739 1132 1810 quod
1154 1739 1270 1810 ipse
1293 1740 1520 1809 amplius
1541 1740 1740 1795 exhor-

188 1834 350 1901 rescit,
374 1848 474 1888 non
499 1833 639 1904 quod
669 1832 907 1901 amplius
940 1846 1127 1887 revera
1156 1830 1462 1902 fugiendum
1492 1840 1593 1886 est.
1627 1831 1740 1887 Hoc

192 1926 415 1983 totumah
425 1927 610 1981 amoris
619 1924 975 1997 perversitate
987 1924 1221 1996 gignitur
1233 1923 1577 1981 vitium.Cum
1596 1924 1737 1980 enim

192 2020 304 2076 dua
322 2020 426 2075 sint
440 2021 555 2075 vitae
571 2028 800 2086 nostra;
831 2033 936 2074 una
962 2021 1309 2090 sempiterna,
1337 2035 1457 2090 quae
1479 2019 1735 2075 divinitus

200 2113 527 2183 promittitur;
567 2113 725 2167 altera
754 2111 1076 2182 temporalis,
1103 2112 1156 2167 in
1184 2128 1288 2183 qua
1337 2126 1477 2167 nunc
1508 2127 1731 2168 sumus:

198 2219 312 2260 cum
336 2204 541 2275 quisque
566 2204 715 2258 istam
742 2204 1089 2275 temporalem
1120 2204 1346 2274 amplius
1368 2204 1596 2275 diligere
1620 2218 1734 2260 cm-

194 2300 335 2368 perit,
363 2314 506 2369 qm
545 2298 685 2353 illam
726 2298 1126 2369 sempiternam,
1167 2306 1387 2369 propter
1412 2297 1552 2354 hanc
1575 2314 1732 2370 quam

188 2389 353 2459 diligit,
383 2399 520 2459 putat
558 2404 680 2445 esse
722 2390 900 2445 omnia
942 2388 1345 2455 facienda;nec
1374 2390 1480 2445 ulla
1504 2390 1735 2446 aestimat

187 2481 398 2550 graviora
430 2497 660 2552 peccata,
700 2497 859 2553 quam
896 2498 1016 2553 qua:
1048 2482 1171 2537 huic
1194 2483 1317 2538 vita:
1343 2482 1546 2538 faciunt
1589 2484 1731 2553 iniu-

188 2573 316 2636 riam,
340 2582 388 2628 et
410 2574 483 2629 vel
499 2575 546 2630 ei
570 2574 975 2630 commoditatis
993 2574 1224 2646 aliquidâ€˜
1258 2575 1439 2646 inique
1465 2584 1519 2631 et
1544 2576 1731 2632 illicite

186 2664 415 2731 auferam,
438 2676 523 2720 aut
546 2681 670 2723 eam
719 2668 932 2736 penitus
957 2666 1099 2721 illata
1139 2675 1311 2722 morte
1337 2668 1598 2723 adimunt.
1624 2667 1728 2724 lta-

186 2770 269 2825 que
296 2756 434 2826 fures,
484 2767 535 2813 et
558 2768 833 2829 raptores,
877 2768 929 2813 et
955 2758 1399 2824 contumeliosos,
1423 2771 1477 2814 et
1499 2769 1729 2818 tortores

192 2857 322 2917 atque
349 2850 705 2907 interfectores
744 2851 913 2921 magis
963 2850 1226 2917 oderunt,
1269 2866 1428 2922 quam
1477 2851 1724 2920 lascivos,

192 2938 411 3007 ebriosos,
438 2944 761 3010 luxuriosos,
793 2942 841 2998 si
869 2943 1001 2998 nulli
1032 2944 1244 2999 molesti
1275 2945 1403 2999 sint.
1429 2944 1543 2999 Non
1582 2946 1726 3001 enim

192 3032 457 3104 intelligunt,
476 3045 559 3090 aut
601 3035 836 3090 omnino
873 3043 1083 3102 curant,
1116 3035 1258 3105 quod
1280 3036 1364 3091 isti
1397 3036 1506 3092 Deo
1530 3036 1727 3093 faciant

190 3124 396 3194 iniuriam
419 3146 431 3192 ;
459 3144 554 3184 non
570 3128 800 3200 quidem
823 3128 876 3183 in
906 3128 1049 3183 illius
1064 3129 1281 3199 aliquod
1300 3129 1721 3197 incommodum,

185 3219 267 3274 sed
292 3221 336 3274 in
366 3235 496 3277 suam
530 3237 792 3294 magnam
843 3223 1165 3293 perniciem;
1196 3239 1316 3278 cum
1359 3225 1497 3279 dona
1527 3225 1640 3296 ejus
1668 3225 1722 3280 in

181 3326 231 3366 se
272 3324 594 3384 corrumpunt,
626 3315 795 3370 etiam
828 3315 1163 3385 temporalia,
1192 3324 1353 3385 atque
1384 3316 1511 3385 ipsis
1540 3331 1725 3372 corru-

178 3406 407 3473 ptionibus
426 3419 740 3465 aversantur
763 3418 963 3463 aeterna
991 3426 1003 3462 :
1031 3408 1262 3464 maxime
1281 3409 1325 3463 si
1336 3408 1446 3479 iam
1464 3411 1721 3480 templum

180 3494 264 3551 Dei
286 3513 390 3553 esse
412 3509 717 3572 coeperunt;
747 3499 889 3570 quod
917 3500 1236 3555 Christianis
1280 3501 1529 3556 omnibus
1579 3501 1721 3572 Apo-

181 3588 330 3643 stolas
376 3590 440 3644 ita
478 3591 597 3647 dicit
636 3610 652 3645 :
688 3589 915 3645 Nescitis
940 3591 1058 3662 quia
1098 3590 1339 3661 templum
1366 3590 1461 3645 Dei
1486 3593 1625 3657 estis,
1671 3604 1721 3648 et

177 3678 375 3747 Spiritus
411 3681 496 3737 Dei
524 3685 721 3739 habitat
766 3685 821 3737 in
870 3681 1039 3737 vobis?
1070 3682 1309 3753 Quisquis
1343 3684 1586 3755 templum
1625 3684 1722 3738 Dei

174 3774 431 3842 corruperit,
456 3784 746 3845 corrumpet
782 3774 932 3829 illum
958 3773 1118 3829 Deus.
1149 3773 1418 3845 Templum
1446 3776 1580 3830 enim
1624 3775 1723 3832 Dei

174 3874 364 3919 sanctam
384 3876 469 3935 est,
493 3868 633 3934 quod
665 3868 782 3921 estis
810 3882 897 3921 eos
912 3865 954 3938 (l
980 3866 1097 3921 Cor.
1131 3882 1205 3932 Ill,
1242 3866 1310 3923 16
1327 3874 1373 3920 et
1390 3864 1504 3937 17).

231 3956 303 4011 59.
337 3958 395 4013 Et
415 3961 590 4015 omnia
638 3959 983 4030 quidemista
1006 3968 1245 4031 peccata,
1275 3960 1389 4015 sive
1414 3961 1609 4030 quibus
1631 3960 1718 4015 in~

176 4049 289 4117 iuria
332 4054 381 4108 á¿†Î¹
403 4055 715 4111 hominibus
735 4055 790 4109 in
838 4055 968 4125 ipsis
1014 4054 1136 4109 vitae
1179 4054 1336 4125 hujus
1360 4054 1713 4123 commodisâ€,

173 4144 267 4199 sive
287 4148 451 4216 quibus
474 4166 536 4206 se
562 4148 675 4219 ipsi
700 4148 944 4204 homines
960 4158 1331 4220 corrumpunt,
1359 4158 1413 4205 et
1438 4149 1568 4204 nulli
1586 4150 1719 4205 invi-

171 4245 215 4291 to
238 4251 439 4297 nocent:
470 4244 660 4299 omnia
679 4257 806 4314 ergo
823 4243 923 4297 ista
940 4252 1175 4313 peccata,
1204 4243 1409 4298 etiamsi
1430 4243 1555 4298 huic
1580 4252 1719 4299 tem-

170 4332 304 4397 porali
344 4334 457 4390 vita:
492 4336 561 4390 ad
607 4333 846 4406 aliquam
873 4335 1283 4391 delectationem
1324 4335 1407 4390 vel
1434 4335 1718 4391 utilitatem

171 4424 375 4483 videntur
400 4432 690 4487 consulere
736 4430 883 4502 (nam
925 4429 1102 4484 nullus
1146 4428 1347 4499 aliquid
1378 4429 1570 4484 horum
1612 4430 1715 4482 alio

171 4520 401 4587 proposito
423 4536 484 4577 ac
512 4523 628 4578 fine
655 4520 999 4592 committit);
1048 4528 1224 4576 tamen
1254 4520 1320 4575 ad
1342 4520 1501 4591 ,illam
1528 4521 1712 4589 vitam,

171 4622 263 4676 quae
288 4614 600 4684 sempiterna
628 4624 732 4680 est,
774 4612 1077 4685 implicatos
1112 4612 1364 4668 omnibus
1411 4612 1588 4668 modis
1617 4613 1716 4667 im-

172 4701 366 4769 pediunt.
403 4705 609 4761 Horum
652 4714 832 4761 autem
856 4704 958 4759 alia
980 4711 1104 4759 sunt
1128 4718 1249 4773 qua:
1287 4703 1431 4759 solos
1461 4703 1719 4759 facientes

174 4790 439 4863 impediunt,
477 4799 585 4852 alia
628 4813 745 4869 quae
788 4812 882 4853 eos
909 4797 1067 4853 etiam
1104 4796 1160 4851 in
1185 4796 1376 4866 quibus
1402 4795 1558 4851 fiunt.
1585 4795 1717 4851 Nam

175 4882 241 4939 illa
262 4903 365 4958 quae
382 4891 631 4946 utilitatis
645 4890 712 4945 ad
736 4890 874 4944 hanc
890 4892 1052 4944 vitam
1081 4888 1398 4960 pertinentis
1427 4890 1593 4961 gratia
1614 4904 1721 4946 ser-

174 4988 346 5046 vantur,
388 4997 508 5037 cum
560 4982 875 5037 auferuntur
899 4982 967 5037 ab
997 4981 1301 5051 iniuriosis;
1346 4981 1425 5036 illi
1454 4982 1553 5037 soli
1590 4997 1718 5052 pec-

172 5079 289 5137 cant,
316 5080 414 5129 cta
442 5075 554 5129 vita
596 5085 792 5130 :eterna
835 5074 1219 5144 impediuntur,
1258 5073 1349 5144 qui
1386 5088 1447 5129 ea
1495 5074 1715 5139 faciunt,

173 5173 259 5215 non
286 5164 318 5216 ii
358 5166 551 5235 quibus
589 5167 802 5222 faciunt.
847 5168 1031 5237 Itaque
1049 5166 1259 5222 etiamsi
1288 5182 1350 5222 ea
1376 5166 1475 5221 sibi
1518 5167 1717 5223 auferri

172 5255 364 5327 quimus
381 5260 700 5327 consentiat,
724 5261 811 5317 vel
846 5276 914 5317 ne
946 5260 1107 5316 faciat
1131 5260 1330 5331 aliquid
1366 5261 1510 5327 mali,
1540 5262 1622 5317 vel
1651 5277 1719 5317 ne

172 5342 219 5401 iu
242 5348 314 5403 his
340 5350 465 5419 ipsis
490 5352 666 5421 majus
701 5352 904 5424 aliquid
942 5351 1267 5408 incommodi
1318 5354 1580 5422 patiatur;
1608 5370 1718 5409 non

173 5437 321 5494 solum
345 5457 446 5499 non
470 5453 679 5514 peccat,
711 5445 808 5502 sed
836 5445 968 5501 illud
1016 5445 1225 5502 fortiter
1269 5456 1325 5502 et
1361 5447 1715 5515 laudabiliter,

178 5531 263 5586 hoc
287 5536 474 5593 utiliter
498 5548 553 5592 et
575 5540 962 5610 inculpabiliter
991 5541 1134 5595 facit.
1161 5542 1289 5609 Quae
1319 5552 1495 5597 autem
1524 5542 1721 5597 sancti-

182 5625 286 5681 tatis
307 5630 677 5701 religionisque
701 5647 865 5688 causa
890 5644 1189 5705 servantur,
1230 5651 1353 5692 cum
1378 5635 1491 5692 haec
1519 5637 1724 5693 violare

235 5761 256 5837 Î¾
279 5768 398 5837 gn,
428 5771 475 5816 et
494 5766 571 5817 vel
601 5769 702 5837 ejus
724 5769 1040 5837 eamditati
1062 5770 1255 5837 aliquid.

235 5825 257 5858 Â³
280 5828 348 5878 Sic
364 5834 469 5881 llas.
494 5837 553 5881 at
574 5825 1030 5887 editi,incmmtodis

1578 330 1784 389 LIBER
1822 330 2023 392 UNUS.

1867 446 2109 517 iniuriosi
2158 455 2455 524 voluerint;
2509 461 2671 519 etiam
2713 466 2942 536 peccatis
2975 464 3286 541 minoribus,
3335 492 3443 535 non

1865 546 2041 596 tamen
2063 542 2269 615 injuriis
2297 548 2546 615 aliorum,
2575 552 2620 607 si
2649 555 2886 612 conditio
2916 562 3229 631 proponitur
3272 572 3326 620 et
3351 565 3436 621 fa-

1859 630 2029 688 cultas
2048 635 2221 704 datur,
2245 637 2550 696 redimenda
2568 652 2710 701 sunt.
2726 646 2793 702 Et
2814 654 2937 705 tunc
2952 630 3063 720 iam
3084 653 3170 709 illa
3190 654 3444 714 desinunt

1858 736 1977 779 esse
1992 737 2232 819 peccata,
2246 744 2364 801 qua:
2389 742 2610 804 propter
2626 737 2869 807 graviora
2889 739 3106 799 vitanda
3128 747 3405 819 suseipiuu
3420 780 3439 791 -

1859 823 1963 872 tur.
1982 817 2291 878 Sicutenim
2310 824 2363 879 in
2385 826 2545 882 rebus
2574 829 2815 899 utilibus,
2864 834 3008 889 velut
3035 836 3088 891 in
3128 817 3440 908 pecuniario

1856 911 2027 968 aliove
2050 915 2231 986 aliquo
2251 920 2535 977 commodo
2573 924 2892 994 corporaliâ€˜,
2935 942 3040 982 non
3080 942 3298 986 vocatur
3339 933 3436 989 da-

1855 1018 2061 1071 mnum,
2089 1007 2229 1077 quod
2252 1013 2651 1084 pr0ptermaius
2666 1015 2870 1071 lucrum
2894 1018 3185 1087 amittitur;
3204 1023 3280 1077 sic
3303 1033 3357 1078 et
3385 1026 3437 1080 in

1854 1095 2015 1151 rebus
2031 1099 2231 1155 sanctis
2260 1116 2371 1157 non
2387 1113 2607 1159 vocatur
2626 1117 2925 1177 peccatum,
2965 1111 3105 1181 quod
3136 1127 3204 1167 ne
3227 1115 3438 1184 gravius

1851 1186 2180 1260 admittatur,
2202 1192 2521 1252 admittitur.
2545 1200 2651 1254 Aut
2662 1200 2708 1255 si
2730 1210 2784 1257 et
2803 1202 2930 1258 illud
2945 1203 3199 1261 damnum
3225 1206 3438 1279 dicitur,

1850 1280 1993 1349 quod
2014 1281 2201 1354 aliquis
2224 1287 2482 1355 perditae
2518 1291 2745 1362 amplius
2769 1294 2955 1363 perdat
2973 1313 2988 1362 ;
3006 1305 3226 1353 vocetur
3252 1306 3306 1354 et
3337 1299 3440 1356 hoc

1849 1376 2293 1443 peccatum,dum
2313 1388 2490 1437 tamen
2525 1385 2919 1455 suscipiendum
2958 1404 3098 1455 esse,
3140 1393 3439 1464 utamplius

1847 1464 2097 1536 evitetur,
2115 1469 2185 1524 ita
2212 1486 2371 1528 nemo
2391 1473 2616 1544 dubitet,
2640 1478 2777 1534 sicut
2801 1496 2957 1538 nemo
2977 1482 3181 1541 dubitat
3213 1487 3435 1543 cavendi

1846 1557 2065 1628 maioris
2079 1560 2257 1618 damni
2278 1580 2440 1621 causa
2473 1567 2783 1637 patiendum
2824 1586 2944 1629 esse
2964 1574 3105 1645 quod
3131 1577 3305 1632 minus
3332 1585 3432 1633 est.

1919 1648 2143 1707 CAPUT
2182 1652 2324 1709 XIX.
2351 1687 2423 1697 â€”
2450 1657 2539 1714 40.
2574 1658 2698 1714 Tria
2735 1664 2982 1719 servanda
3009 1667 3289 1722 sanctitatis
3315 1686 3437 1722 cau-

1843 1757 1903 1795 sa
1926 1759 1945 1796 :
1964 1745 2211 1815 pudicitia
2238 1750 2485 1819 corporis,
2528 1753 2730 1808 castitas
2753 1755 2931 1823 animi,
2957 1765 3005 1812 et
3042 1759 3224 1814 veritas
3242 1760 3432 1814 doctri-

1844 1849 1945 1889 me.
1987 1835 2090 1890 lsta
2121 1847 2246 1894 sunt
2273 1848 2451 1897 autem
2493 1858 2611 1913 quae
2655 1846 2955 1903 sanctitatis
2989 1861 3150 1905 causa
3171 1852 3433 1906 servanda

1843 1935 1968 1982 sunt
1997 1946 2009 1982 :
2042 1930 2295 2000 pudicitia
2318 1936 2581 2007 corporis,
2604 1947 2658 1994 et
2679 1942 2899 1996 castitas
2921 1943 3135 2010 animae,
3162 1954 3215 2001 et
3234 1948 3434 2003 veritas

1842 2020 2120 2077 doctrinm.
2185 2026 2499 2084 Pudicitiam
2557 2034 2817 2103 corporis,
2849 2050 2955 2091 non
2977 2040 3344 2096 consentiente
3369 2056 3431 2097 ac

1843 2115 2184 2184 permittente
2208 2119 2385 2175 anima
2408 2137 2567 2177 nemo
2594 2124 2773 2180 violat.
2796 2126 3063 2199 Quidquid
3103 2131 3246 2185 enim
3276 2132 3429 2187 nobis

1843 2204 2023 2262 invitis
2066 2210 2373 2282 nullamque
2422 2214 2780 2273 tribuentibus
2805 2227 3121 2288 potestatem
3151 2223 3353 2293 maiore
3377 2224 3428 2278 vi

1837 2299 2095 2370 contingit
2124 2302 2177 2357 in
2204 2312 2388 2359 nostro
2409 2320 2652 2376 corpore,
2682 2308 2824 2364 nulla
2845 2309 3172 2382 impudicitia
3195 2322 3296 2370 est.
3320 2315 3427 2371 Sed

1838 2392 2182 2461 permittendi
2203 2403 2379 2465 potest
2404 2411 2525 2453 esse
2544 2398 2719 2469 aliqua
2747 2402 2906 2469 ratio,
2939 2405 3308 2462 consentiendi
3334 2422 3429 2462 au-

1839 2490 1947 2537 tem
1973 2484 2134 2539 nulla.
2169 2486 2318 2543 Tunc
2337 2488 2479 2543 enim
2496 2492 2877 2559 consentimus,
2907 2508 3027 2548 cum
3056 2498 3415 2566 approbamus

1836 2584 1891 2629 et
1913 2577 2192 2633 volumus:
2226 2582 2584 2651 permittimus
2634 2593 2812 2639 autem
2835 2585 2996 2641 etiam
3023 2604 3131 2644 non
3159 2591 3421 2659 volentes,

1836 2666 2101 2723 evitanda:
2124 2669 2350 2741 alicujus
2369 2664 2588 2743 maiOris
2606 2676 2945 2745 turpitudinis
2969 2680 3158 2749 gratia.
3189 2680 3425 2738 Consen-

1835 2757 1916 2812 sio
1942 2772 2071 2814 sane
2100 2759 2166 2814 ad
2190 2760 2575 2831 impudicitiam
2621 2768 2976 2838 corporalem,
3018 2771 3177 2826 etiam
3210 2771 3424 2827 castita-

1836 2858 1939 2906 tem
1986 2853 2151 2908 animi
2200 2854 2378 2910 violat.
2411 2858 2589 2913 Animi
2634 2861 2830 2932 quippe
2854 2862 3070 2918 castitas
3094 2871 3177 2919 est
3205 2864 3258 2919 in
3285 2865 3423 2921 bona

1832 2943 2103 3000 voluntate
2132 2954 2186 3001 et
2205 2947 2412 3003 sincera
2432 2948 2735 3020 dilectione,
2766 2969 2883 3023 qua:
2905 2970 3009 3009 non
3040 2958 3420 3027 corrumpitur,

1832 3034 1933 3089 nisi
1974 3050 2095 3091 cum
2144 3052 2386 3095 amamus
2411 3050 2568 3113 atque
2614 3045 2911 3114 appetimus
2952 3048 3093 3117 quod
3137 3049 3420 3106 amandum

1829 3135 1988 3198 atque
2015 3132 2369 3200 appetendum
2390 3148 2497 3188 non
2515 3150 2633 3190 esse
2646 3138 2845 3192 veritas
2864 3138 3038 3194 docet.
3058 3140 3419 3198 Custodieuda

1829 3227 1912 3274 est
1932 3233 2060 3290 ergo
2083 3221 2359 3277 sinceritas
2388 3224 2720 3282 dilectionis'I
2753 3229 2844 3283 Dei
2870 3239 2924 3285 et
2948 3232 3207 3299 proximi;
3234 3235 3286 3287 in
3312 3233 3414 3290 hac

1828 3312 1971 3367 enim
2000 3315 2215 3371 castitas
2232 3315 2397 3371 animi
2428 3319 2792 3375 sanctificatur
2820 3338 2832 3374 :
2858 3330 2912 3376 et
2940 3324 3202 3393 agendum
3226 3326 3419 3396 quibus

1828 3420 2112 3475 possumus
2159 3406 2382 3476 viribus,
2428 3417 2484 3465 et
2511 3410 2594 3480 pia
2625 3412 3033 3482 supplicatione,
3070 3424 3127 3470 ut
3153 3431 3273 3472 cum
3302 3419 3417 3473 vio-

1827 3499 1983 3554 lauda
2013 3500 2281 3572 appetitur
2301 3501 2553 3572 pudicitia
2572 3506 2811 3575 corporis
2829 3507 3018 3575 nostri,
3045 3523 3142 3563 nec
3162 3510 3276 3578 ipse
3299 3511 3420 3565 aui-

1827 3607 1928 3647 ma:
1952 3606 2145 3647 sensus
2168 3601 2458 3660 extremus,
2486 3596 2577 3666 qui
2603 3597 2753 3651 carui
2794 3598 3094 3668 implicatus
3120 3610 3221 3668 est,
3244 3603 3418 3673 aliqua

1825 3683 2179 3741 delectatione
2229 3696 2504 3759 tangatur;
2549 3690 2593 3744 si
2634 3700 2809 3745 autem
2842 3691 2942 3747 hoc
2976 3708 3081 3748 non
3108 3703 3304 3765 potest,
3336 3698 3424 3760 vel

1825 3777 2021 3832 mentis
2049 3777 2102 3832 in
2127 3793 2233 3833 non
2258 3780 2643 3836 consentiendo
2675 3783 2891 3837 eaStitas
2917 3796 3281 3842 conservetur.
3315 3786 3420 3843 Cu-

1830 3870 2111 3926 stodienda
2158 3880 2241 3927 est
2293 3882 2470 3928 autem
2500 3874 2553 3928 in
2596 3875 2758 3929 animi
2787 3876 3048 3944 castitate,
3077 3878 3217 3947 quod
3242 3878 3308 3934 ad
3337 3879 3420 3934 di-

1824 3961 2108 4018 lectionem
2131 3964 2358 4035 proximi
2396 3965 2643 4034 pertinet,
2692 3965 2993 4021 innocentia
3014 3975 3066 4022 et
3089 3968 3416 4024 benevolen-

1824 4054 1894 4109 tia
1913 4068 1930 4110 :
1950 4055 2088 4125 quod
2104 4065 2279 4111 autem
2301 4055 2369 4110 ad
2389 4056 2503 4123 Dei,
2522 4056 2709 4126 pietas.
2730 4057 3035 4113 lnnocentia
3051 4068 3152 4127 est,
3170 4075 3269 4129 qua
3288 4061 3417 4116 nulli

1824 4162 2107 4213 uocemus;
2131 4147 2501 4203 benevolentia
2526 4163 2629 4217 qua
2648 4149 2807 4203 etiam
2839 4163 3123 4218 prosumus
3169 4150 3252 4205 cui
3292 4166 3417 4219 pos-

1824 4253 2040 4304 sumus;
2093 4239 2280 4308 pietas,
2331 4253 2434 4308 qua
2479 4239 2703 4294 colimus
2747 4239 2939 4294 Deum.
2982 4238 3190 4295 Veritas
3236 4249 3413 4295 autem

1824 4330 2103 4395 doctrina},
2137 4328 2411 4400 religionis
2434 4338 2594 4399 atque
2625 4329 2862 4398 pietatis,
2900 4331 3111 4384 nonnisi
3135 4331 3414 4386 mendacio

1825 4421 2082 4485 violatur;
2110 4435 2229 4475 cum
2260 4420 2373 4490 ipsa
2400 4434 2607 4475 summa
2630 4432 2787 4491 atque
2808 4420 2994 4474 intima
3016 4422 3231 4489 veritas,
3259 4421 3412 4491 cuius

1825 4523 1908 4571 est
1933 4514 2030 4568 ista
2061 4513 2323 4581 doctrina,
2354 4514 2501 4569 nullo
2525 4513 2687 4569 modo
2712 4513 3082 4584 possitviolari
3114 4531 3126 4567 :
3158 4515 3225 4569 ad
3253 4531 3411 4586 quam

1825 4606 2126 4677 pervenire,
2150 4605 2382 4676 atquein
2409 4604 2498 4660 illa
2523 4606 2667 4660 omni
2692 4605 2851 4660 modo
2880 4620 3121 4674 manere,
3149 4607 3305 4677 eique
3331 4622 3417 4678 pe-

1824 4698 1968 4753 nitus
1992 4696 2256 4753 inhaerere
2284 4710 2391 4751 non
2420 4696 2618 4763 licebit,
2661 4696 2763 4751 nisi
2785 4712 2908 4752 cum
2937 4697 3283 4768 corruptibile
3312 4698 3415 4754 hoc

1824 4792 2055 4847 induerit
2084 4791 2561 4861 incorruptionem,
2591 4799 2648 4847 et
2673 4792 2898 4847 mortale
2919 4790 3021 4847 hoc
3054 4792 3284 4855 induerit
3308 4792 3416 4849 im-

1824 4883 2197 4938 mortalitatem
2215 4882 2254 4954 (l
2274 4882 2390 4937 Cor.
2408 4899 2498 4948 xv,
2519 4881 2629 4955 55).
2654 4882 2758 4939 Sed
2780 4882 2902 4953 quia
2922 4884 3095 4940 omnis
3115 4885 3164 4939 in
3190 4883 3293 4941 hac
3309 4887 3415 4941 vita

1824 4977 2011 5047 pietas,
2037 4975 2349 5031 exercitatio
2374 4983 2476 5043 est,
2503 4991 2605 5046 qua
2627 4976 2679 5030 in
2707 4976 2848 5030 illam
2873 4977 3125 5045 tenditur,
3149 4978 3234 5033 cui
3263 4993 3418 5035 exer-

1826 5069 2062 5126 citationi
2090 5069 2336 5124 ducatum
2364 5068 2569 5139 praebet
2604 5068 2705 5124 ista
2731 5069 3141 5141 doctrina,.qu:e
3169 5071 3417 5125 humanis

1826 5162 2004 5217 verbis
2061 5169 2114 5215 et
2173 5174 2556 5230 corporeorum
2633 5168 3088 5217 sacramentorum
3129 5148 3418 5231 signaculis

1828 5256 1997 5325 ipsam
2026 5252 2261 5308 insinuat
2282 5263 2443 5323 atque
2466 5253 2676 5307 intimat
2704 5253 2982 5309 veritatem
3014 5272 3026 5308 :
3060 5261 3342 5325 propterea
3363 5264 3418 5311 et

1828 5346 1943 5401 haec
1971 5360 2089 5417 quae
2129 5360 2226 5414 per
2272 5343 2606 5399 mendacium
2646 5346 2915 5414 corrumpi
2961 5354 3158 5416 potest,
3186 5346 3418 5401 maxime

1828 5442 2135 5510 incorrupta
2165 5437 2424 5495 servanda
2464 5447 2576 5501 est;
2609 5447 2665 5492 ut
2694 5438 2739 5493 si
2778 5439 2905 5509 quid
2949 5439 2999 5493 in
3050 5440 3137 5494 illa
3172 5439 3415 5495 castitate

1827 5537 1989 5591 animi
2015 5535 2173 5592 fuerit
2202 5535 2474 5601 violatum,
2510 5534 2703 5588 habeat
2731 5534 2871 5588 unde
2893 5543 3186 5602 reparetur.
3219 5531 3417 5586 Corru-

1894 5653 1909 5683 Î¹
1947 5658 2012 5702 Ita
2035 5650 2299 5712 legendum
2316 5662 2431 5712 cum
2467 5655 2578 5712 Mss.
2615 5647 2731 5696 Editi
2752 5685 2764 5706 ,
2790 5647 2914 5712 sicut
2947 5643 3232 5712 inpecumâ€™a
3267 5643 3418 5712 alioue

1827 5714 2072 5789 commodo
2087 5707 2342 5789 :corporali
2376 5712 2520 5771 [velut
2561 5709 2611 5757 in
2655 5707 2933 5770 pecuniaria
2973 5707 3124 5757 aliove

1829 5775 2106 5840 corporali]
2187 5775 2194 5777 â€œ
2439 5834 2449 5843 ,
2573 5830 2601 5843 .-

1898 5831 1922 5877 á½·
1952 5846 2016 5889 Ita
2041 5831 2144 5889 Îœá½³Î´.
2170 5843 2225 5886 At
2247 5836 2381 5889 editi.
2406 5831 2658 5886 sinceriter
2682 5831 2889 5885 dilectio.
