3930 6368
524 2206 547 2245 ’6

590 408 693 465 519

590 510 869 570 haereticos
902 498 1138 560 frendes.
1174 492 1281 552 Sed
1317 506 1420 546 non
1450 486 1578 542 mihi
1609 480 1957 555 persuadetur
1982 490 2075 532 eos
2106 473 2175 528 de

596 602 809 663 latebris
830 598 940 654 suis
975 590 1171 648 nostris
1197 600 1318 643 esse
1345 576 1637 637 mendaciis
1667 572 1951 631 eruendus.
1984 565 2179 637 thuid

592 696 734 751 enim
762 705 856 747 eos
884 693 1027 743 tanta
1056 695 1183 737 cura
1222 675 1485 745 vestigare
1532 678 1691 739 atque
1722 664 1972 734 indagare
2013 672 2179 715 cona-

591 802 733 852 mur,
779 780 884 837 nisi
925 782 1183 845 utcaptos
1217 770 1272 824 in
1319 772 1667 837 apertumque
1718 754 2040 827 productos,
2091 757 2184 803 aut

590 880 752 935 etiam
794 875 939 943 ipsos
980 843 1259 923 veritatem
1297 859 1604 917 doceamus,
1646 859 1738 905 aut
1776 856 1921 902 certe
1961 843 2184 899 veritate

593 967 868 1028 convictos
899 972 1092 1015 nocere
1131 953 1247 1008 aliis
1276 964 1385 1005 non
1413 940 1688 1007 sinamus?
1728 939 1793 993 ad
1819 938 1921 992 hoc
1949 948 2096 1005 ergo,
2128 940 2187 987 ut

594 1074 777 1117 eorum
804 1050 1139 1111 mendacium
1165 1045 1425 1105 deleatur,
1454 1039 1565 1093 sive
1590 1040 1864 1097 caveatur,
1892 1027 1981 1081 Dei
2009 1033 2184 1081 autem

595 1150 791 1206 veritas
814 1152 1089 1215 augeatur.
1118 1133 1395 1205 Quomodo
1418 1130 1580 1200 igitur
1607 1121 1886 1181 mendacio
1911 1116 2186 1173 mendacia

595 1250 740 1298 recte
767 1210 952 1310 potero
976 1227 1246 1303 persequi?
1263 1227 1342 1280 An
1364 1231 1419 1279 et
1442 1216 1718 1275 latrocinio
1737 1210 2009 1268 latrocinia
2029 1216 2083 1263 et
2098 1222 2187 1261 sa-

593 1307 811 1405 crilegio
824 1326 1173 1398 sacrilegia,et
1184 1316 1443 1376 adulterio
1456 1320 1579 1370 sunt
1594 1307 1851 1365 adulteria
1866 1316 2190 1376 persequen-

593 1427 698 1483 da?
738 1424 800 1480 Si
834 1430 999 1475 autem
1028 1416 1212 1471 veritas
1255 1410 1350 1465 Dei
1380 1409 1431 1461 in
1457 1421 1566 1459 meo
1594 1399 1855 1456 mendacio
1885 1393 2187 1459 abundabit,

595 1514 975 1586 numquidnam
999 1518 1052 1565 et
1078 1521 1173 1562 nos
1198 1501 1389 1559 dicturi
1414 1510 1620 1560 sumus,
1650 1492 1923 1547 Faciamus
1950 1486 2106 1553 mala,
2135 1494 2190 1539 ut

594 1578 793 1664 veniant
820 1607 947 1660 bona
977 1582 1149 1670 (Rom.
1170 1611 1246 1663 ιιι,
1276 1588 1466 1663 7et8)?
1490 1587 1642 1657 Quod
1669 1583 1813 1639 vides
1842 1578 2189 1651 quemadmo-

593 1701 720 1754 dum
742 1668 1033 1753 detestetur
1056 1686 1360 1760 Apostolus.
1379 1680 1515 1751 Quid
1543 1688 1626 1734 est
1652 1676 1795 1732 enim
1818 1670 1982 1738 aliud,
2006 1668 2193 1724 Menti-

595 1807 766 1855 amur,
783 1785 1132 1844 uthaereticos
1154 1778 1437 1834 mendaces
1460 1773 1523 1827 ad
1539 1771 1813 1825 veritatem
1838 1766 2189 1827 adducamus;

598 1883 719 1947 nisi,
744 1854 1019 1933 aciamus
1040 1874 1195 1937 mala,
1218 1878 1274 1923 ut
1289 1867 1486 1921 ueniant
1503 1862 1668 1916 bona?
1692 1861 1770 1912 An
1793 1855 2076 1927 aliquando
2095 1854 2192 1908 ho-

598 1989 724 2030 num
746 1980 828 2028 est
843 1966 1196 2031 mendacium,
1222 1961 1309 2016 vel
1336 1955 1619 2028 aliquando
1638 1950 1971 2007 mendacium
1988 1961 2091 2000 non
2111 1953 2193 1999 est

598 2062 834 2122 malum?
864 2060 973 2117 Cur
1006 2070 1134 2127 ergo
1176 2053 1429 2121 scriptum
1462 2057 1562 2112 est,
1610 2043 1795 2109 Odisti,
1827 2040 2047 2094 Domine
2088 2053 2196 2091 om-

597 2171 683 2209 nes
703 2154 788 2224 qui
812 2156 1086 2220 operantur
1109 2143 1456 2213 iniquitatem;
1479 2136 1655 2208 perdes
1680 2149 1850 2189 omnes
1871 2132 1956 2203 qui
1977 2131 2195 2199 loquun-

598 2255 681 2299 tur
701 2220 1017 2297 mendacium
1033 2234 1205 2306 (Psal.
1225 2249 1276 2299 v,
1300 2229 1533 2303 7)?Non
1560 2228 1703 2283 enim
1730 2226 1935 2294 aliquos
1962 2220 2191 2291 excepit,

534 2370 553 2395 ι
595 2348 687 2393 aut
723 2332 994 2391 indeﬁnite
1027 2328 1178 2393 dixit,
1218 2323 1410 2378 Perdes
1453 2322 1703 2389 loquentes
1747 2313 2095 2376 mendacium;
2142 2320 2198 2365 ut

598 2427 880 2499 quosdam,
902 2437 1007 2477 non
1028 2431 1215 2474 omnes
1231 2413 1451 2482 intelligi
1470 2411 1699 2464 sineret:
1724 2406 1819 2461 sed
1844 2403 2198 2460 universalem

600 2496 917 2575 sententiam
939 2510 1178 2582 protulit,
1200 2507 1404 2571 dicens,
1426 2501 1619 2555 Perdes
1635 2515 1804 2553 omnes
1825 2497 1910 2567 qui
1931 2496 2200 2566 loquuntur

602 2606 943 2664 mendacium.
985 2603 1069 2657 An
1101 2598 1226 2670 quia
1265 2610 1370 2649 non
1407 2593 1605 2647 dictum
1636 2597 1737 2653 est,
1780 2586 1978 2642 Perdes
2011 2599 2199 2640 omnes

602 2699 694 2771 qui
721 2699 1010 2767 loquuntur
1042 2703 1204 2746 omne
1239 2684 1604 2748 mendacium,
1636 2681 1740 2747 vel,
1780 2680 1870 2749 qui
1912 2678 2201 2748 loquuntur

603 2769 977 2860 quodcumque
1013 2778 1382 2841 mendacium;
1413 2773 1532 2828 ideo
1576 2769 1867 2841 putandum
1902 2777 1987 2824 est
2025 2769 2199 2823 locum

603 2878 759 2934 alicui
785 2877 1077 2931 relaxatum
1104 2885 1223 2925 esse
1250 2864 1556 2922 mendacio:
1577 2872 1634 2918 ut
1663 2862 1865 2917 scilicet
1890 2862 1957 2915 sit
1987 2859 2201 2931 aliquod

604 2969 961 3034 mendacium,
985 2964 1125 3037 quod
1146 2963 1236 3034 qui
1253 2962 1558 3029 loquuntur,
1580 2974 1684 3011 non
1707 2971 1800 3011 eos
1818 2957 1954 3011 Deus
1978 2954 2198 3026 perdat;

603 3064 700 3122 scd
726 3078 820 3118 eos
849 3074 1033 3115 omnes
1063 3054 1251 3127 perdat
1275 3053 1362 3124 qui
1388 3053 1676 3121 loquuntur
1698 3049 1951 3119 injustam
1977 3047 2203 3104 menda-

603 3159 775 3224 cium,
817 3170 922 3211 non
956 3153 1328 3224 quodcumque
1366 3144 1729 3213 mendacium;,
1771 3143 1892 3213 quia
1936 3144 2202 3199 invenitur

602 3258 655 3308 et
672 3245 1050 3321 justum,quod
1068 3243 1248 3313 utique
1268 3238 1439 3295 laudis
1454 3237 1615 3294 debet
1638 3250 1777 3301 esse,
1802 3250 1908 3290 non
1928 3237 2204 3292 criminis?

676 3338 902 3398 CAPUT
926 3338 990 3392 ll.
1011 3366 1082 3377 ——
1103 3336 1156 3388 '2.
1182 3330 1691 3387 Priscillianistarum
1712 3344 1852 3381 error
1873 3328 1935 3381 de
1954 3329 2201 3383 mendacii

603 3451 701 3490 usu
726 3432 793 3486 ad
817 3428 1074 3485 latendum
1116 3424 1314 3481 alienis.
1345 3421 1607 3477 Sententia
1635 3419 1728 3472 hac
1774 3417 2201 3473 Priscillianista-

604 3542 716 3581 rum
740 3522 934 3594 auferri
962 3518 1165 3575 omnino
1191 3513 1457 3584 martyrio.
1499 3510 1690 3565 Nonne
1734 3510 1910 3565 cernis
1945 3520 2201 3580 quantum

604 3617 819 3685 adjuvet
847 3614 961 3670 haec
981 3607 1267 3680 disputatio
1295 3619 1389 3661 eos
1416 3604 1580 3673 ipsos,
1605 3616 1740 3672 quos
1770 3616 1865 3671 pro
1896 3617 2083 3672 magna
2107 3618 2202 3658 ve-

607 3709 822 3765 natione
848 3702 1139 3759 mendaciis
1166 3698 1363 3755 nostris
1385 3711 1577 3766 capere
1608 3694 1896 3749 molimur?
1914 3695 2200 3750 Priscillia-

607 3787 867 3856 nistarum
895 3804 975 3852 est
994 3795 1156 3859 enim,
1190 3792 1326 3846 sicut
1347 3790 1462 3859 ipse
1491 3788 1822 3855 monstrasti,
1856 3788 1957 3843 ista
1983 3798 2199 3843 senten-

609 3896 677 3949 tia
697 3914 709 3948 :
726 3891 812 3947 cui
836 3884 1243 3958 comprobanda:
1268 3881 1523 3937 adhibent
1552 3879 1850 3933 testimonia
1873 3878 1939 3935 de
1958 3878 2199 3949 Scriptu-

606 3987 699 4050 ris,
723 3982 1062 4039 exhortantes
1092 3990 1217 4031 suos
1243 3975 1309 4030 ad
1343 3970 1704 4028 mentiendum
1741 3979 1988 4040 tanquam
2023 3986 2205 4026 exem-

608 4078 708 4148 plis
737 4069 1183 4133 Patriarcharum,
1220 4064 1629 4135 Prophetarum,
1663 4062 2061 4131 Apostolorum,
2088 4062 2200 4117 An-

604 4171 866 4241 gelorum;
894 4179 1001 4221 non
1023 4162 1323 4220 dubitantes
1344 4158 1540 4214 addere
1558 4157 1715 4214 etiam
1732 4155 1903 4226 ipsum
1916 4155 2200 4212 Dominum

604 4260 899 4325 Christum,
942 4271 1042 4314 nec
1088 4269 1147 4311 se
1188 4253 1342 4308 aliter
1386 4250 1705 4306 arbitrantes
1754 4262 1999 4304 veracem
2048 4263 2198 4305 suam

604 4353 888 4412 ostendere
910 4351 1215 4415 falsitatem,
1244 4346 1344 4402 nisi
1377 4345 1667 4401 Veritatem
1699 4342 1878 4398 dicant
1904 4358 2025 4400 esse
2051 4359 2203 4399 men-

604 4450 812 4506 daeem.
843 4442 1225 4516 Redarguenda
1253 4449 1377 4497 sunt
1406 4440 1527 4508 ista,
1557 4452 1663 4493 non
1691 4438 1944 4494 imitanda
1976 4457 1989 4494 :
2023 4454 2123 4495 nec
2146 4441 2198 4495 in

604 4558 671 4598 eo
699 4540 841 4596 malo
875 4538 1130 4594 debemus
1173 4530 1691 4588 Priscillianistarum
1732 4544 1853 4587 esse
1889 4531 2196 4601 participes,

606 4632 659 4687 in
704 4644 809 4701 quo
853 4626 1064 4682 caeteris
1090 4622 1355 4677 haereticis
1382 4621 1770 4677 convincuntur
1818 4634 1939 4676 esse
1964 4620 2194 4690 pejores.

606 4724 712 4794 ipsi
733 4722 874 4777 enim
912 4719 1032 4785 soli,
1061 4717 1144 4772 vel
1170 4724 1316 4771 certe
1342 4715 1572 4769 maxime
1611 4714 1708 4785 ipsi
1740 4714 2096 4784 reperiuntur,
2130 4714 2197 4770 ad

606 4812 976 4871 occultandam
1002 4824 1152 4865 suam
1181 4823 1339 4879 quam
1380 4815 1565 4877 putant
1594 4806 1892 4872 veritatem,
1938 4805 2197 4875 dogmati-

605 4922 731 4963 zare
754 4902 1086 4961 mendacium
1106 4920 1121 4958 :
1140 4910 1297 4970 atque
1325 4898 1427 4955 hoc
1452 4907 1559 4954 tam
1576 4912 1823 4969 magnum
1854 4897 2048 4951 malum
2077 4897 2199 4952 ideo

600 4998 806 5070 justum
833 4995 1154 5059 existimare,
1182 4992 1307 5064 quia
1352 4991 1536 5047 dicunt
1576 4990 1628 5043 in
1655 4988 1816 5044 corde
1860 4988 2197 5043 retinendum

606 5105 726 5144 esse
756 5085 897 5158 quod
922 5100 1105 5140 verum
1144 5096 1259 5151 est;
1291 5098 1384 5138 ore
1413 5092 1591 5136 autem
1618 5079 1685 5134 ad
1715 5080 1918 5135 alienos
1955 5076 2197 5150 preferre

604 5180 818 5243 falsum,
843 5176 1047 5233 nullum
1074 5191 1193 5231 esse
1218 5183 1522 5245 peccatum;
1548 5171 1726 5227 ethoc
1756 5185 1875 5226 esse
1899 5172 2153 5241 scriptum
2176 5214 2191 5239 ,

610 5272 709 5337 Qui
736 5271 954 5339 loquitur
982 5269 1238 5323 veritatem
1259 5268 1311 5320 in
1331 5266 1480 5320 corde
1499 5280 1589 5319 suo
1620 5262 1791 5333 (Psal.
1825 5280 1932 5331 xxv,
1966 5264 2021 5334 5)
2043 5281 2055 5317 :
2076 5273 2197 5320 tau-

605 5380 763 5435 quam
783 5363 883 5418 hoc
907 5363 1035 5418 satis
1061 5361 1131 5415 sit
1146 5358 1213 5413 ad
1238 5358 1514 5428 justitiam,
1541 5357 1746 5410 etiamsi
1770 5357 2017 5428 loquatur
2045 5358 2196 5428 quis-

606 5473 708 5535 que
748 5457 799 5511 in
841 5470 938 5511 ore
988 5450 1355 5514 mendacium,
1390 5447 1600 5518 quando
1632 5465 1735 5503 non
1767 5452 2070 5519 proximus,
2105 5451 2197 5506 scd

606 5551 813 5604 alienus
840 5546 941 5599 hoc
974 5543 1137 5600 audit.
1174 5543 1462 5611 Propterea
1494 5549 1678 5610 putant
1705 5543 1862 5597 etiam
1896 5544 2195 5613 apostolum

608 5639 851 5713 Paulum,
879 5650 1000 5693 cum
1029 5635 1269 5700 dixisset,
1305 5634 1619 5703 Deponentes
1658 5634 1995 5704 mendacium,
2038 5637 2200 5708 loqui-

610 5730 735 5783 mini
780 5732 1067 5794 ueritatem;
1114 5730 1288 5783 statim
1337 5725 1644 5792 addidisse,
1684 5734 2025 5799 unusquisque
2085 5748 2200 5785 cum

610 5822 842 5899 proximo
872 5839 980 5891 suo,
1014 5823 1131 5896 quia
1162 5840 1333 5879 sumus
1371 5823 1582 5879 invicem
1626 5824 1846 5878 membra
1876 5824 2091 5896 (Ephes,
2125 5843 2197 5897 ιν,

1534 364 1807 426 CONTRA
1851 353 2271 423 MENDACIUM,
2310 355 2368 413 S.
2410 352 2774 412 AUGUSTINI

2289 469 2413 542 25).
2446 470 2515 527 Ut
2554 469 2799 525 videlicet
2825 482 2945 522 eum
2969 464 3045 521 eis
3072 466 3160 538 qui
3195 465 3407 523 nobisin
3432 479 3644 531 societate
3662 482 3741 534 veri

2288 562 2409 616 tatis
2450 560 2674 631 proximi
2704 575 2809 614 non
2847 567 2990 624 sunt,
3036 572 3222 627 neque,
3270 565 3324 613 ut
3354 560 3418 614 ita
3451 561 3620 631 dicam,
3650 582 3754 622 com.

2288 652 2557 707 membres
2583 650 2756 706 nostri
2775 657 2919 717 sunt,
2946 648 3089 719 loqui
3114 647 3264 704 liceat
3286 659 3588 723 oporteatque
3602 658 3755 713 menda-

2288 758 2449 798 etum.

2359 837 2411 893 5.
2443 836 2573 905 Qua:
2599 835 2860 892 sententia
2883 842 3095 891 sanctos
3128 844 3380 907 martyres
3404 837 3663 906 exhonorat,
3689 844 3758 899 imi

2288 942 2418 983 vero
2443 928 2615 982 aufert
2641 934 2823 981 saneta
2846 926 3065 981 omnino
3088 926 3354 997 martyria.
3382 925 3561 983 lustius
3576 930 3683 984 enim

2293 1020 2630 1091 pientiusque
2656 1018 2915 1086 facerent,
2949 1018 3238 1074 secundum
3269 1019 3411 1085 istos,
3437 1020 3476 1074 si
3496 1024 3760 1088 persecutori-

2291 1112 2391 1167 bus
2432 1113 2543 1166 suis
2582 1126 2686 1165 non
2714 1125 2775 1165 se
2817 1110 3200 1165 conﬁterentur
3241 1124 3354 1165 esse
3389 1109 3668 1179 christianos,
3700 1128 3763 1168 nec

2292 1225 2386 1266 eos
2421 1225 2516 1264 sua
2558 1207 2895 1262 confessione
2934 1206 3171 1261 facerent
3214 1205 3486 1261 homicidas
3514 1224 3525 1260 :
3551 1205 3761 1278 sedpotiut

2294 1299 2602 1356 mentiendo
2633 1308 2687 1353 et
2714 1298 2955 1369 negando
2975 1297 3119 1369 quod
3142 1307 3311 1364 erant,
3342 1305 3391 1353 et
3416 1300 3503 1369 ipsi
3524 1300 3680 1354 salvum
3702 1300 3762 1354 ha-

2295 1392 2483 1447 berent
2513 1390 2687 1444 carnis
2727 1388 3066 1445 commodum
3118 1388 3391 1459 cordisque
3429 1390 3704 1460 propositum,
3728 1398 3761 1447 et

2296 1484 2412 1538 illos
2438 1489 2754 1552 conceptum
2781 1482 2959 1536 animo
3001 1483 3176 1553 scelus
3216 1482 3428 1553 implere
3462 1496 3554 1537 non
3587 1484 3761 1538 sinerent

2295 1575 2410 1631 Non
2438 1576 2578 1630 enim
2611 1572 2836 1642 proximi
2865 1588 3053 1628 eorum
3080 1582 3233 1629 erant
3253 1574 3303 1628 in
3335 1573 3432 1629 ﬁde
3454 1573 3705 1641 christiana,
3728 1584 3761 1629 ut

2297 1684 2415 1725 cum
2445 1668 2523 1723 eis
2552 1666 2812 1721 deberent
2844 1666 2988 1735 loqui
3032 1665 3306 1721 veritatem
3346 1666 3396 1721 in
3420 1681 3504 1721 ore
3536 1681 3628 1731 suo,
3660 1682 3759 1736 quam

2299 1758 2651 1831 loquebantur
2677 1757 2728 1810 in
2755 1756 2917 1811 corde
2942 1772 3074 1822 suo;
3104 1756 3199 1813 sed
3238 1757 3395 1827 ipsius
3427 1756 3624 1811 veritatis
3673 1756 3760 1809 insu-

2298 1870 2394 1925 per
2424 1851 2639 1906 inimici.
2672 1849 2727 1904 Si
2755 1849 2896 1905 enim
2918 1849 3075 1918 Jehu,
3107 1864 3265 1920 quem
3293 1849 3389 1905 sibi
3409 1849 3532 1905 inter
3551 1848 3761 1905 murosat

2300 1944 2600 2013 exemplum
2631 1940 2923 1997 mentiendi
2950 1940 3241 2012 prudenter
3267 1941 3497 1998 videntur
3520 1940 3677 2006 intueri,
3692 1955 3762 1994 ser-

2301 2054 2424 2094 vum
2452 2036 2626 2091 Baalis
2654 2050 2712 2090 se
2738 2050 2856 2091 esse
2884 2037 3144 2092 mentitus
3162 2045 3262 2104 est,
3289 2046 3346 2092 ut
3379 2050 3541 2092 servos
3568 2036 3651 2105 ejus
3667 2033 3762 2089 occi-

2301 2134 2452 2189 deret
2479 2149 2492 2184 :
2522 2136 2720 2201 quanto
2753 2128 2949 2200 justius
2977 2129 3273 2185 secundum
3319 2129 3520 2184 istorum
3545 2125 3762 2197 perversitate

2304 2235 2431 2292 tem,
2463 2235 2703 2296 tempore
2724 2223 3110 2296 persecutionis
3133 2218 3321 2279 servos
3333 2222 3596 2277 daemonum
3612 2233 3655 2273 se
3670 2232 3759 2271 men-

2305 2319 2528 2373 tirentur
2551 2320 2691 2375 servi
2719 2318 2935 2387 Christi,
2957 2332 3024 2372 ne
3049 2316 3193 2372 servi
3219 2316 3501 2370 diemonum
3518 2324 3658 2366 servos
3674 2308 3759 2361 occi-

2304 2410 2493 2466 derent
2513 2412 2710 2467 Christi
2735 2428 2751 2478 ;
2779 2419 2834 2467 et
2860 2410 3225 2466 sacriﬁcarent
3249 2406 3396 2462 idolis
3424 2419 3485 2460 ne
3509 2400 3759 2458 interﬁceren-

2306 2509 2389 2555 tur
2408 2502 2672 2569 homines,
2704 2502 2750 2557 si
2776 2498 3097 2556 sacriﬁcavit
3141 2492 3228 2554 ifle
3273 2496 3412 2552 Baali
3453 2503 3503 2549 ut
3540 2490 3761 2549 interﬁceret

2306 2595 2587 2651 homines?
2612 2595 2748 2665 Quid
2778 2594 2921 2651 enim
2948 2594 3026 2649 eis
3056 2592 3290 2659 obesset,
3314 2588 3570 2646 secundum
3589 2582 3762 2655 egregiam

2306 2686 2601 2741 doctrinam
2634 2686 3189 2756 mendaciloquorum,
3222 2684 3266 2738 si
3291 2681 3473 2737 diaboli
3496 2679 3651 2734 cultum
3669 2690 3762 2729 men-

2306 2780 2532 2834 tirentur
2561 2780 2614 2834 in
2660 2794 2903 2850 corpore,
2945 2777 3163 2847 quando
3184 2776 3275 2831 Dei
3301 2775 3458 2830 cultus
3491 2766 3763 2827 servabaturin

2307 2872 2503 2927 corde?
2530 2871 2634 2927 Sed
2664 2887 2768 2926 non
2796 2871 2875 2925 sic
2908 2870 3291 2925 intellexerunt
3310 2864 3581 2935 Apostolum
3594 2868 3763 2928 martyres

2306 2965 2438 3031 veri,
2466 2973 2730 3034 martyres
2757 2962 2947 3021 sancti.
2978 2960 3243 3015 Viderunt
3277 2957 3461 3029 quippe
3495 2959 3765 3017 tenueruntque

2307 3057 2447 3127 quod
2465 3057 2720 3126 scriptum
2742 3064 2841 3122 est,
2867 3052 3031 3111 Corde
3050 3053 3279 3110 creditur
3297 3052 3360 3106 ad
3372 3050 3609 3122 justitiam,
3623 3059 3684 3100 ore
3696 3058 3769 3095 coi-

2306 3151 2456 3220 [essio
2485 3151 2542 3219 ﬁt
2571 3150 2639 3203 ad
2661 3150 2877 3204 salutem
2903 3147 3081 3221 (Rom.
3114 3164 3155 3202 Σ
3176 3188 3193 3207 .
3224 3144 3347 3217 10);
3390 3152 3473 3211 et,
3508 3141 3564 3197 la
3587 3150 3772 3195 arceant!

2308 3261 2408 3300 non
2437 3253 2508 3298 est
2532 3245 2786 3298 inventum
2809 3242 3126 3296 mendacium
3167 3240 3346 3313 (Apoc.
3373 3253 3472 3304 xw,
3498 3235 3585 3305 5):
3608 3246 3655 3286 ac
3669 3230 3718 3284 sic
3732 3226 3773 3279 ir-

2306 3335 2755 3406 reprehensibiles
2795 3334 3073 3399 abierunt,
3119 3334 3222 3389 ubi
3262 3330 3443 3389 tentari
3478 3344 3503 3383 a
3537 3319 3774 3382 mendacibus

2308 3428 2530 3483 ulterius
2547 3442 2652 3483 non
2675 3428 2972 3493 cavebunt;
3004 3426 3125 3497 quia
3165 3425 3437 3482 mendaces
3460 3420 3643 3491 amplius
3662 3417 3697 3469 in
3709 3410 3776 3466 suis

2307 3520 2615 3579 ealestibus
2639 3520 2866 3575 canibus
2893 3519 2975 3574 vel
3015 3519 3227 3575 alienos
3256 3518 3335 3574 vel
3378 3515 3612 3588 proximos
3629 3504 3776 3562 nouli:-

2307 3615 2526 3671 hebant.
2562 3613 2712 3668 Illum
2746 3627 2872 3668 vero
2898 3612 3034 3668 Jehu
3062 3612 3349 3667 mendacio
3374 3609 3520 3679 impio
3542 3615 3585 3661 et
3604 3596 3777 3657 sacriﬁcio

2308 3708 2568 3776 sacrilego
2598 3703 2920 3760 occidendos
2949 3703 3144 3772 impios
3174 3714 3227 3759 et
3244 3701 3515 3771 sacrilegos
3531 3693 3776 3765 inquirentem

2308 3815 2415 3855 non
2444 3800 2802 3863 imitarentur,
2831 3812 2930 3852 nec
2958 3796 3001 3851 si
3042 3796 3109 3850 de
3160 3797 3250 3851 illo
3286 3793 3448 3865 qualis
3473 3790 3628 3845 fuisset
3660 3781 3776 3837 eadem

2312 3891 2588 3961 Scriptura
2618 3889 2887 3943 tacuisset.
2918 3887 3051 3941 Cum
3080 3902 3217 3943 vero
3242 3887 3483 3955 scriptum
3514 3882 3572 3935 sit
3602 3890 3688 3932 eum
3726 3884 3777 3923 re-

2307 3959 2452 4038 ctum
2480 3996 2573 4036 cor
2594 3995 2700 4035 non
2718 3978 2968 4034 habuisse
2987 3994 3108 4033 cum
3140 3980 3282 4045 Deo;
3310 3976 3432 4048 quid
3450 3976 3497 4031 ei
3506 3970 3677 4044 proluit,
3693 3959 3777 4033 (ιιιοά

2309 4090 2409 4145 pro
2438 4072 2690 4129 nonnulla
2707 4071 3027 4136 obedientia,
3046 4085 3215 4141 quam
3241 4071 3306 4126 de
3330 4070 3480 4125 domo
3503 4061 3651 4119 Achab
3671 4053 3777 4112 enmi-

2307 4180 2378 4219 no
2405 4163 2650 4227 delenda,
2677 4178 2771 4232 pro
2791 4162 3080 4232 cupiditate
3108 4177 3224 4218 suae
3250 4156 3594 4217 dominationis
3607 4147 3779 4208 exhibuit

2307 4256 2630 4326 aliquantam
2669 4253 2970 4309 mercedem
3013 4255 3372 4309 transitoriam
3409 4250 3544 4321 regni
3569 4236 3781 4312 temporalii

2307 4349 2510 4421 accepit
2537 4347 2636 4419 (IV
2664 4348 2793 4419 Reg.
2816 4347 2915 4419 x)?
2945 4347 3025 4402 Ad
3051 4348 3371 4404 sententiam
3400 4345 3555 4416 potius
3587 4333 3782 4421 veridicae

2306 4449 2598 4511 martyrum
2644 4418 3031 4495 defendendam
3060 4432 3148 4505 te,
3184 4441 3365 4505 frater,
3405 4436 3639 4493 exhortor,
3672 4433 3713 4478 ιιι
3740 4418 3783 4473 Sis

2305 4532 2562 4587 adversus
2590 4529 2896 4595 mendaces,
2932 4544 3036 4585 non
3064 4529 3332 4585 mendacii
3355 4527 3548 4590 doctor,
3572 4518 3646 4577 sed
3662 4513 3787 4571 veriu-

2306 4624 2373 4678 tis
2400 4632 2655 4678 assertor.
2688 4620 2818 4675 Nam
2848 4620 3155 4691 diligentius
3180 4662 3196 4688 ,
3228 4621 3449 4676 obsecro
3470 4658 3483 4684 ,
3507 4609 3679 4670 attende
3698 4596 3785 4673 quod

2305 4715 2447 4782 dico,
2478 4723 2538 4769 ut
2566 4714 2806 4769 invenias
2832 4728 2992 4783 quam
3023 4713 3094 4768 sit
3118 4712 3435 4779 cavendum,
3461 4705 3586 4780 quod
3608 4700 3694 4757 zelo
3714 4692 3786 4762 (ιυί-

2304 4807 2427 4864 dem
2455 4806 2706 4864 laudabili
2754 4808 3011 4885 adversus
3049 4807 3263 4877 impios,
3310 4815 3367 4860 ut
3404 4802 3587 4876 possint
3624 4799 3789 4857 comp”

2306 4902 2467 4958 hendi
2495 4912 2547 4958 et
2573 4902 2765 4973 corrigi
2792 4902 2874 4957 vel
2898 4901 3073 4969 vitari,
3098 4901 3192 4957 sed
3215 4909 3392 4956 tamen
3416 4892 3643 4952 incautius
3659 4885 3791 4940 doce";

2304 4995 2430 5050 dum
2460 5004 2688 5065 putatur.

2375 5086 2600 5143 CAPUT
2640 5087 2726 5141 Ill.
2755 5117 2827 5127 —
2854 5086 2907 5141 4.
2952 5085 3275 5141 Mendacium
3301 5082 3639 5140 Catholicorum
3662 5078 3701 5122 ut
3724 5065 3791 5115 hc-

2306 5182 2485 5237 reticos
2524 5180 2747 5252 capiant,
2789 5180 3117 5252 perniciosius
3144 5183 3250 5251 fore
3276 5194 3423 5248 quam
3460 5169 3740 5228 ha’reticonm
3762 5162 3791 5203 ιιι

2308 5274 2592 5330 (ΣαεΙιοιὲσοε
2630 5246 2834 5327 lateant.
2880 5271 3127 5343 Exemplo
3144 5246 3234 5325 res
3262 5246 3620 5325 demonstratur.
3646 5246 3792 5311 Prlia.“

2309 5368 2535 5423 liauistas
2555 5383 2732 5436 capere
2757 5382 2846 5435 per
2884 5366 3197 5419 mendacium
3232 5363 3377 5426 velle,
3413 5369 3480 5414 est
3504 5371 3602 5410 cum
3623 5346 3715 5417 ipsis
3735 5328 3815 5393 δι’-ἓ

2309 5460 2529 5532 pravari.
2554 5458 2947 5512 Meudaciorum
2969 5471 3161 5527 genera
3184 5455 3348 5509 multa
3368 5458 3503 5515 sunt,
3525 5459 3624 5516 qua:
3646 5432 3790 5510 fl“idem

2310 5552 2484 5606 omnia
2511 5549 2882 5605 nniversaliter
2904 5548 3082 5604 odisse
3104 5547 3374 5603 debemus.
3406 5540 3597 5597 Nullum
3619 5523 3789 5587 estenim

2309 5642 2643 5701 mendacium
2672 5642 2813 5712 quod
2859 5656 2966 5696 non
3011 5641 3078 5696 sit
3124 5637 3443 5695 contrarium
3488 5623 3679 5687 veritati.
3705 5616 3791 5672 Nam

2310 5738 2447 5792 sicut
2472 5736 2559 5790 lux
2582 5744 2638 5789 et
2655 5716 2909 5797 tenebrae,
2930 5734 3098 5804 pictas
3125 5740 3176 5788 et
3202 5731 3459 5801 impietas,
3484 5718 3656 5795 iustitia
3676 5721 3713 5766 et
3728 5704 3792 5804 ini.

2310 5831 2515 5903 quitus,
2544 5834 2819 5905 peccatum
2842 5835 2893 5882 et
2923 5794 3067 5884 icctc
3089 5794 3313 5893 factum,
3344 5794 3530 5878 sanitas
3552 5820 3601 5875 et
3619 5794 3790 5867 ιωωώ
