3930 6368
239 333 309 396 ut
740 308 747 326 "
1196 355 1225 361 η
1368 326 1376 333 ·
1624 325 1827 387 LIBER
1864 327 2062 386 usus.

247 450 346 515 lius,
359 446 461 503 vita
478 451 537 501 et
556 454 746 511 mors;
765 442 836 502 ita
856 444 993 501 inter
1010 456 1069 502 se
1084 448 1207 500 sunt
1219 440 1413 501 veritas
1424 443 1790 500 mendacium-

241 556 314 614 quo
333 538 624 597 contraria.
657 537 819 594 Unde
844 544 1045 609 quanto
1075 551 1315 592 amamus
1343 537 1516 605 istam,
1545 543 1695 593 tanto
1722 536 1793 593 il-

236 630 302 690 lud
324 633 493 689 odisse
518 631 809 687 debemus.
825 628 1207 686 Verumtamen
1230 637 1354 684 sunt
1378 628 1621 699 quzedam
1639 643 1793 685 men-

224 728 362 794 dacia,
409 741 537 797 qua:
562 724 790 781 credere
818 723 951 779 nihil
993 723 1169 779 obsit:
1202 724 1442 794 quamvis
1488 724 1645 789 etiam
1699 723 1790 778 tali

222 817 488 875 mentiendi
548 830 752 887 genere
812 813 998 869 fallere
1056 814 1327 882 voluisse,
1383 814 1661 869 mentienti
1722 812 1791 869 sit

222 912 434 975 noxium,
466 923 581 963 non
608 906 870 963 credenti.
900 905 1171 976 Tanquam
1200 905 1245 961 si
1284 904 1448 960 frater
1476 904 1563 961 ille
1601 917 1789 962 servus

219 1005 302 1063 Dei
326 1003 534 1058 Fronto
553 1003 610 1056 in
638 1002 702 1056 iis
718 1016 836 1071 quae
853 999 947 1055 tibi
968 999 1239 1067 indicavit,
1269 998 1408 1069 quod
1437 998 1594 1067 absit,
1611 998 1785 1070 aliqua

209 1094 551 1159 mentiretur;
584 1092 685 1147 sibi
714 1092 987 1147 nocuisset
1012 1090 1250 1161 profecto
1272 1131 1287 1157 ,
1310 1105 1416 1145 non
1437 1089 1564 1155 tibi,
1597 1103 1784 1161 qnam-

204 1189 275 1243 vis
304 1197 359 1241 tu
398 1188 581 1242 omnia
611 1183 934 1241 credidisses
958 1183 1073 1238 sine
1101 1191 1189 1239 tua
1224 1183 1498 1253 iniquitate
1525 1182 1780 1237 narranti.

200 1280 456 1348 Quoniam
502 1278 619 1334 sive
664 1274 750 1332 illa
780 1277 851 1332 ita
874 1283 1023 1347 gesta
1061 1275 1167 1330 sint
1189 1315 1205 1343 ,
1247 1275 1360 1330 sive
1397 1289 1503 1330 non
1533 1274 1641 1339 ita;
1678 1288 1783 1329 non

195 1374 388 1429 habent
415 1382 603 1428 tamen
627 1369 849 1440 aliquid,
873 1367 1015 1439 quod
1035 1367 1081 1424 si
1106 1368 1225 1438 quis
1249 1365 1536 1423 crediderit
1565 1366 1637 1422 ita
1663 1380 1784 1423 esse

187 1472 395 1536 gestum
417 1504 434 1527 ,
463 1460 683 1517 etiamsi
710 1474 816 1515 non
849 1459 921 1513 ita
946 1458 1015 1513 sit
1036 1466 1240 1528 gestum
1261 1497 1278 1525 ,
1320 1457 1505 1528 regula
1544 1455 1783 1513 veritatis

182 1565 231 1611 et
247 1555 509 1611 doctrina
549 1552 741 1609 salutis
780 1559 997 1607 aeternae
1021 1550 1287 1621 judicetur
1323 1564 1443 1606 esse
1468 1549 1779 1620 culpandus:

178 1647 229 1702 Si
261 1654 454 1702 autem
495 1644 601 1699 hoc
628 1644 852 1714 quisque
884 1642 1189 1711 mentiatur,
1220 1641 1361 1713 quod
1392 1641 1437 1697 si
1466 1642 1584 1711 quis
1610 1640 1782 1697 credi-

175 1738 319 1794 derit
347 1780 365 1807 ,
412 1737 676 1793 adversus
722 1735 1022 1792 doctrinam
1059 1733 1258 1791 Christi
1303 1734 1587 1790 haereticus
1636 1734 1777 1801 erit;

173 1837 334 1885 tanto
361 1836 452 1883 est
478 1827 756 1883 nocentior
805 1826 1091 1893 mentiens,
1136 1833 1334 1897 quanto
1374 1825 1622 1880 miserior
1657 1840 1777 1880 cre-

168 1920 343 1975 dens.
397 1918 539 1974 Vide
580 1933 705 1989 ergo
745 1918 900 1988 quale
945 1918 1035 1985 sit,
1088 1917 1136 1973 si
1186 1916 1442 1972 adversus
1483 1915 1777 1973 doctrinam

167 2011 397 2068 Christi
428 2010 641 2064 mentiti
665 2009 927 2078 hiet-imus,
954 2008 1095 2081 quod
1118 2008 1359 2080 quisquis
1384 2008 1670 2065 crediderit
1696 2008 1777 2063 in-

178 2102 409 2166 teribit,
434 2109 498 2156 ut
523 2101 760 2157 inimicos
780 2100 1011 2171 ejusdem
1041 2099 1299 2157 doetrina:
1325 2101 1615 2170 capiamus,
1643 2113 1776 2170 quos

178 2192 258 2249 ad
290 2194 606 2261 veritatem,
635 2192 752 2249 dum
775 2207 868 2248 nos
890 2194 960 2249 ab
988 2207 1052 2249 ea
1077 2192 1398 2259 recedimus,
1429 2192 1771 2261 adducamus;

171 2286 299 2341 imo
329 2298 464 2341 vero
488 2299 613 2340 cum
636 2283 915 2342 mendaces
933 2284 1243 2340 mentiendo
1269 2284 1528 2353 capimus,
1551 2281 1773 2339 menda-

162 2378 251 2434 cia
306 2378 499 2449 pejora
545 2377 853 2434 doceamus.
902 2376 1061 2433 Aliud
1108 2384 1192 2433 est
1231 2376 1371 2431 enim
1408 2374 1547 2447 quod
1591 2375 1775 2431 dicunt

164 2470 392 2541 quando
411 2469 769 2539 mentiuntur,
788 2468 933 2525 aliud
962 2468 1174 2540 quando
1200 2468 1472 2523 falluntur.
1496 2467 1629 2524 Nam
1649 2483 1772 2526 cum

168 2560 426 2618 haeresim
458 2575 615 2618 suam
635 2561 852 2630 docent,
879 2576 942 2618 ea
967 2560 1150 2618 dicunt
1177 2561 1231 2617 in
1257 2560 1450 2632 quibus
1480 2560 1768 2617 falluntur:

169 2657 391 2727 quando
418 2665 606 2713 autem
635 2670 697 2713 se
737 2656 922 2712 dicunt
962 2654 1163 2712 sentire
1191 2654 1332 2725 quod
1375 2668 1482 2710 non
1511 2654 1768 2721 sentiunt,

172 2751 263 2806 vel
302 2766 410 2807 non
452 2751 661 2808 sentire
710 2749 853 2821 quod
881 2748 1135 2816 sentiunt,
1185 2761 1250 2802 ea
1291 2745 1474 2802 dicunt
1498 2748 1549 2801 in
1579 2745 1771 2818 quibus

181 2841 528 2896 mentiuntur.
558 2840 717 2909 Quod
744 2840 827 2895 eis
846 2838 1082 2910 quisquis
1102 2837 1290 2905 credit,
1313 2837 1414 2893 etsi
1442 2851 1535 2892 eos
1563 2850 1669 2891 non
1690 2836 1772 2891 in-

180 2934 357 2998 venit,
381 2934 489 3004 ipse
521 2947 630 2989 non
659 2934 824 3003 perit.
860 2932 903 2987 A
930 2932 1109 3003 regula
1136 2931 1333 3002 quippe
1375 2930 1635 2985 catholica
1660 2945 1769 2987 non

180 3024 413 3091 recedit,
442 3027 523 3096 qui
546 3026 862 3082 baereticum
890 3025 1149 3080 catholica
1172 3024 1417 3096 dogmata
1441 3023 1769 3081 mendaciter

184 3116 539 3187 proﬁtentem,
565 3118 893 3175 catholicum
918 3116 1087 3173 credit
1116 3135 1129 3171 :
1160 3131 1221 3173 ac
1247 3132 1342 3189 per
1362 3117 1463 3174 hoc
1480 3131 1585 3173 non
1610 3125 1692 3173 est
1715 3117 1767 3173 ei

182 3209 572 3277 perniciosum:
606 3211 736 3282 quia
764 3210 819 3264 in
847 3208 1080 3265 hominis
1108 3217 1286 3266 mente
1326 3207 1395 3266 de
1430 3223 1537 3281 qua
1565 3208 1766 3265 latente

179 3316 289 3357 non
318 3313 490 3373 potest
506 3302 770 3374 judicare,
805 3317 912 3358 non
939 3302 996 3357 in
1019 3302 1115 3358 Dei
1141 3301 1340 3358 fallitur
1369 3302 1473 3358 ﬁde
1488 3318 1643 3375 quam
1672 3302 1767 3360 de-

176 3393 509 3452 betinsitam
532 3394 823 3451 custodire.
862 3393 1030 3450 Porro
1068 3402 1244 3450 autem
1282 3394 1494 3465 quando
1520 3394 1766 3450 haeresim

181 3499 348 3541 suam
371 3488 578 3556 docent,
609 3488 850 3560 quisquis
883 3487 961 3544 eis
999 3487 1286 3544 crediderit
1311 3488 1545 3559 putando
1572 3487 1765 3543 verita-

191 3586 335 3643 tem,
356 3582 458 3635 erit
474 3582 745 3653 particeps,
766 3590 827 3638 ut
850 3583 1069 3648 erroris,
1093 3583 1165 3638 ita
1189 3590 1243 3638 et
1266 3581 1621 3638 damnationis
1642 3582 1763 3637 ilio-

185 3689 341 3732 rum.
367 3674 456 3731 Sic
475 3675 532 3730 ﬁt
556 3685 611 3731 ut
640 3693 760 3733 cum
799 3676 873 3731 illi
902 3691 998 3732 sua
1025 3677 1221 3732 nefaria
1249 3676 1493 3748 dogmata
1520 3675 1762 3731 fabulan-

182 3776 297 3837 tur,
329 3770 379 3824 in
401 3771 588 3841 quibus
600 3772 874 3829 mortifero
895 3786 1076 3829 errore
1092 3772 1360 3839 falluntur,
1381 3781 1508 3827 tunc
1527 3772 1765 3844 quisquis

188 3861 505 3929 crediderit,
546 3870 730 3933 pereat
769 3880 784 3918 :
813 3878 912 3919 nos
934 3870 1110 3919 autem
1140 3863 1352 3934 quando
1377 3863 1634 3919 catholica
1663 3863 1763 3918 do-

190 3961 365 4020 gmata
387 3953 753 4023 praedicamus,
782 3954 836 4009 in
872 3955 1063 4024 quibus
1099 3962 1298 4011 rectam
1317 3954 1476 4011 ﬁdem
1498 3964 1761 4024 tenemus,

191 4046 327 4096 tunc
361 4044 401 4097 si
437 4044 758 4113 crediderit,
806 4045 1103 4101 inveniatur
1153 4046 1473 4118 quicumque
1508 4046 1760 4116 perierat.

186 4131 409 4201 Quando
430 4153 574 4206 vero,
598 4153 721 4193 cum
748 4138 855 4194 sint
882 4138 1317 4205 Prisciliianistze,
1358 4147 1416 4194 ut
1441 4155 1535 4195 sua
1558 4154 1764 4195 venena

190 4240 299 4281 non
338 4230 579 4299 prodant,
620 4241 833 4287 nostros
870 4247 929 4288 se
973 4247 1096 4288 esse
1137 4232 1497 4302 mentiuntur;
1526 4233 1763 4305 quisquis

191 4326 429 4378 nostrum
451 4322 530 4379 eis
558 4323 747 4391 credit,
776 4324 937 4379 etiam
971 4324 1073 4381 illis
1096 4324 1383 4379 latentibus
1404 4365 1418 4391 ,
1445 4323 1561 4395 ipse
1580 4325 1763 4381 catho-

193 4408 325 4465 licus
350 4422 648 4482 perseverat
680 4432 695 4470 :
734 4428 831 4469 nos
854 4422 1058 4483 contra,
1095 4423 1155 4470 ut
1177 4414 1244 4470 ad
1272 4430 1458 4471 eorum
1486 4417 1763 4486 pervenia-

194 4516 310 4556 mus
337 4504 649 4577 indaginem,
674 4508 719 4563 si
740 4507 1159 4563 Priscillianistas
1184 4522 1281 4563 nos
1305 4521 1426 4564 esse
1450 4509 1758 4575 mentimur;

192 4595 311 4662 quia
334 4610 514 4653 eorum
538 4607 789 4670 tanquam
809 4608 989 4654 nostra
1008 4612 1190 4653 sumus
1210 4598 1453 4671 dogmata
1477 4598 1759 4669 laudaturi,

198 4686 424 4758 quisquis
450 4705 509 4745 ea
535 4689 840 4757 crediderit,
886 4698 979 4746 aut
1024 4690 1420 4746 coniirmabitur
1460 4691 1599 4762 apud
1645 4706 1759 4759 eos,

200 4783 289 4830 aut
330 4779 672 4837 transferetur
697 4781 761 4836 ad
791 4795 885 4836 eos
908 4780 1120 4836 interim
1149 4781 1325 4836 statim
1359 4796 1372 4835 :
1418 4780 1545 4850 quid
1583 4790 1759 4837 autem

198 4864 322 4923 hora
354 4882 730 4943 superventura
755 4873 946 4945 pariat,
973 4881 1149 4929 utrum
1174 4873 1296 4930 inde
1319 4881 1501 4944 postea
1530 4873 1760 4930 liberen-

197 4966 280 5013 ιιιτ
307 4978 422 5019 vera
448 4965 745 5023 dicentibus
772 4966 945 5033 nobis,
976 4966 1063 5036 qui
1083 4966 1290 5037 decepti
1316 4974 1439 5021 sunt
1463 4965 1763 5022 fallentibus

197 5053 373 5123 nobis;
394 5068 451 5115 et
467 5068 646 5115 utrum
666 5059 853 5115 audire
873 5060 1033 5115 velint
1059 5060 1360 5127 docentem,
1386 5075 1544 5131 quem
1571 5060 1647 5115 sic
1668 5075 1764 5115 cx-

195 5149 323 5214 perti
344 5162 465 5208 sunt
488 5155 855 5218 mentientem,
888 5154 1004 5223 quis
1035 5154 1241 5208 noverit
1261 5153 1504 5207 certum?
1526 5154 1641 5223 quis
1663 5152 1764 5207 hoc

192 5251 308 5294 csse
330 5242 535 5313 ignoret
557 5244 855 5301 incertum?
877 5243 955 5300 Ex
972 5259 1076 5315 quo
1094 5244 1374 5314 colligitur,
1391 5245 1761 5314 perniciosius,

192 5337 280 5383 aut
303 5341 357 5386 ut
392 5334 571 5389 mitius
594 5335 805 5406 loquar,
852 5335 1196 5405 periculosius
1225 5334 1437 5391 mentiri
1465 5332 1765 5389 Catholicos

193 5429 246 5473 Ii
277 5421 552 5483 haereticos
596 5428 830 5498 capiant,
876 5443 1036 5499 quam
1082 5429 1410 5484 mentiuntur
1439 5427 1673 5483 haeretici
1710 5434 1769 5482 ut

192 5512 482 5577 Cadiolioos
497 5522 719 5577 lateant.
748 5522 1007 5591 Quoniam
1029 5523 1264 5594 quisquis
1294 5522 1461 5579 credit
1487 5520 1770 5578 Catholieis

191 5612 489 5668 mentiendo
519 5614 865 5681 tentantibus,
896 5622 987 5668 aut
1027 5614 1278 5681 efﬁcitur,
1301 5623 1392 5669 aut
1429 5613 1771 5669 conﬁrmatur

190 5696 466 5760 haereticus
484 5724 499 5761 :
518 5707 760 5776 quisquis
785 5716 964 5761 autem
980 5706 1150 5763 credit
1172 5705 1436 5761 haereticis
1468 5703 1773 5762 mentiendo

212 5797 300 5854 lese
324 5799 738 5867 occultantibus,
766 5815 875 5855 non
894 5800 1089 5858 desinit
1127 5815 1246 5860 esse
1275 5799 1583 5861 catholicus.
1616 5801 1769 5872 Quod

380 5893 613 5971 Sacr.
647 5896 929 5957 Auens-1'.
974 5893 1084 5958 VI.

1903 444 2081 547 utilat
2128 447 2352 547 planius,
2396 453 2569 547 aliqua
2599 456 2833 533 exempti
2881 468 3046 539 gratia
3093 484 3475 547 proponamus,

1901 545 1969 643 et‘
2003 553 2085 643 ex.
2110 539 2190 597 eis
2239 543 2569 612 potissimum
2616 553 2849 625 scriptis,
2904 573 3023 632 qua:
3069 539 3209 623 mihi.
3250 539 3475 643 legenda

1898 632 2110 690 misisti.

1967 726 2021 830 ξ.
2064 726 2202 786 Ecce
2237 735 2629 830 constituamus
2650 750 2775 800 ante
2802 745 2983 804 oculos
3007 751 3254 811 callidum
3282 759 3473 830 explo-

1895 823 2124 874 ratorem
2153 822 2411 882 accedere
2436 827 2501 882 ad
2527 842 2650 886 eum
2674 847 2831 906 quem
2858 836 3309 906 Priscillianistam
3350 822 3473 910 esse

1892 912 2265 1008 przesenserit;
2297 922 2352 970 ct
2394 916 2605 977 Dictinii
2631 925 2866 998 episcopi
2892 928 2992 1003 (α),
3034 934 3119 990 vel
3148 941 3344 1008 cogniti
3387 946 3471 999 vi.

1894 1005 2019 1093 tam,
2046 1004 2132 1059 vel
2177 1005 2431 1078 incogniti
2473 1012 2670 1071 famam
2712 1019 2929 1079 laudare
2968 1004 3340 1089 mendaciter:
3389 1047 3475 1093 est

1892 1088 2346 1187 hoetoierabilius
2385 1101 2578 1173 adhuc,
2605 1105 2729 1177 quia
2766 1112 2859 1170 ille
2900 1126 3116 1187 putatur
3172 1088 3336 1182 fuisse

1891 1179 2138 1253 tholicus,
2170 1195 2327 1259 atque
2352 1206 2416 1247 ex
2460 1193 2549 1250 illo
2576 1212 2760 1257 errore
2799 1179 3090 1267 correctus.
3123 1179 3329 1272 Deinde
3354 1179 3471 1274 Pri-

1887 1274 2182 1381 sciltianum
2212 1279 2230 1351 (
2250 1280 2352 1337 hoc
2376 1284 2520 1340 enim
2542 1292 2781 1360 sequitur
2804 1295 2861 1351 in
2885 1306 2999 1356 arte
3028 1307 3351 1381 mentiendi)
3371 1326 3469 1368 ve-

1887 1366 2195 1470 nerabiliter
2214 1385 2723 1439 commemoraturus
2743 1394 2843 1453 est,
2869 1388 3139 1468 hominem
3172 1366 3391 1470 impiu'm

1885 1453 2272 1549 detestabilem,
2303 1472 2356 1520 et
2385 1482 2485 1538 pro
2507 1470 2618 1527 suis
2643 1474 2860 1533 nefariis
2895 1461 3183 1545 sceleribus

1882 1543 2086 1618 busque
2128 1552 2457 1616 damnatum.
2505 1560 2564 1617 ln
2607 1578 2708 1634 qua
2752 1568 2867 1640 ejus
2896 1577 3182 1634 venerabili
3224 1596 3466 1641 comme-

1882 1642 2277 1743 morationetsi
2300 1646 2436 1743 forte
2466 1650 2574 1743 ille,
2597 1656 2682 1710 cui
2708 1640 2841 1715 retia
2869 1664 3155 1724 tenduntur
3181 1671 3466 1743 hujusmo-

1881 1727 2167 1833 ditﬁrmus
2191 1734 2590 1833 Priscillianista
2609 1760 2716 1804 non
2743 1747 2917 1808 fuerat
2934 1795 2952 1821 ,
2979 1755 3080 1813 hac
3115 1760 3233 1830 ejus
3252 1727 3464 1833 'przcdi-

1880 1821 2087 1880 catione
2114 1825 2430 1926 ﬁrmabitur.
2456 1834 2591 1892 Cum
2617 1848 2793 1897 autem
2816 1844 2884 1901 ad
2909 1856 3099 1907 caetera
3129 1821 3465 1926 explorantis

1881 1924 2057 1969 sermo
2104 1921 2443 1991 processerit,
2496 1934 2550 1982 et
2598 1929 2826 1988 dicentis
2873 1938 3114 1996 misereri
3165 1921 3225 2000 se
3271 1961 3462 2005 eorum

1878 2016 2013 2071 quos
2056 2008 2217 2063 tantis
2242 2023 2485 2069 errorum
2516 2019 2752 2077 tenebris
2778 2028 3115 2087 tenebrarum
3164 2045 3351 2092 auctor
3374 2038 3461 2093 in-

1878 2093 2120 2165 volverit,
2148 2108 2209 2154 ut
2232 2099 2487 2161 honorem
2524 2109 2715 2167 anima:
2738 2127 2848 2171 sum
2876 2124 2929 2172 et
2950 2119 3240 2180 claritatem
3266 2127 3460 2185 divinae

1877 2190 2138 2289 prosapia:
2166 2207 2270 2249 non
2298 2209 2621 2289 agnoscant;
2645 2210 2754 2259 tum
2781 2206 2973 2266 deinde
2998 2210 3212 2269 Dictinii
3240 2217 3456 2286 librum,

1877 2291 2029 2370 cuius
2054 2295 2247 2338 nomen
2275 2297 2358 2341 est
2396 2288 2552 2345 Libra
2570 2331 2587 2360 ,
2633 2309 2697 2350 eo
2725 2299 2866 2367 quod
2894 2308 3229 2370 pertractatis
3257 2308 3459 2367 duode-

1877 2368 1978 2424 cim
2003 2374 2382 2442 quaestionibus
2406 2380 2549 2436 velut
2569 2384 2739 2441 unciis
2769 2368 3081 2458 explicatur,
3112 2397 3271 2453 tantis
3295 2408 3458 2454 extu-

1877 2458 1996 2514 lerit
2022 2460 2282 2531 laudibus,
2320 2474 2377 2522 ut
2402 2469 2562 2526 talem
2606 2473 2858 2544 Libram,
2906 2494 3011 2551 qua
3038 2482 3319 2542 horrendae
3342 2489 3457 2545 bla—

1875 2553 2129 2621 Sphemitc
2168 2557 2526 2630 continentur,
2554 2565 2732 2622 multis
2768 2568 3025 2627 librarum
3067 2576 3183 2631 auri
3223 2578 3458 2639 millibus

1875 2643 2251 2711 pretiosiorem
2275 2663 2395 2706 esse
2425 2659 2647 2710 testetur
2678 2674 2691 2711 :
2731 2674 2926 2732 nempe
2949 2662 3063 2721 hazc
3086 2668 3276 2723 astutia
3300 2685 3457 2731 men-

1876 2733 2055 2791 tientis
2076 2778 2093 2805 ,
2124 2739 2355 2796 animam
2380 2744 2648 2804 credentis
2673 2749 2946 2822 interﬁcit,
2982 2766 3075 2812 aut
3094 2759 3205 2829 jam
3237 2761 3457 2819 interfe-

1873 2834 2012 2924 ctam
2042 2828 2094 2884 in
2117 2831 2302 2924 eadem
2330 2845 2503 2894 morte
2526 2839 2805 2914 demergit,
2833 2861 2897 2903 ac
2921 2828 3187 2920 deprimit.
3218 2854 3343 2924 Sed,
3375 2858 3457 2913 in-

1872 2918 2043 2988 quies,
2074 2931 2257 2991 postea
2286 2923 2611 2985 liberabitur.
2641 2932 2799 3001 Quid,
2841 2938 2887 2992 si
2915 2918 3021 2995 non
3063 2940 3171 3010 ﬁat,
3205 2918 3459 3002 sive'aii-

1873 3023 1982 3079 quo
2012 3011 2401 3108 interveniente
2438 3020 2818 3091 impedimento
2841 3044 2911 3086 ne
2946 3043 3117 3103 coepta
3142 3038 3459 3108 complean-

1870 3109 1977 3168 tur,
2009 3104 2121 3160 sive
2149 3107 2503 3166 obstinatione
2541 3118 2735 3173 mentis
2762 3119 3026 3180 haeretica:
3048 3141 3233 3185 rursus
3261 3104 3455 3194 eadem

1870 3195 2374 3291 negantia-etiamsi
2403 3202 2578 3273 aliqua
2608 3205 2719 3275 jam
2747 3222 2983 3281 coeperat
3007 3217 3286 3274 conﬁteri?
3310 3236 3453 3291 prae-

1869 3285 2053 3382 scrtim
2072 3288 2195 3357 quia
2222 3289 2265 3344 si
2285 3294 2594 3382 cognoverit
2617 3311 2676 3352 se
2700 3298 2765 3353 ab
2785 3300 2958 3359 alieno
2978 3303 3143 3363 fuisse
3171 3285 3452 3382 tentatum,

1868 3389 1935 3432 co
1962 3378 2078 3447 ipso
2114 3380 2367 3437 audacius
2397 3383 2486 3438 illa
2516 3401 2635 3456 quae
2675 3391 2866 3461 sentit,
2912 3396 3144 3453 studebit
3182 3378 3453 3465 occultare

1872 3468 2187 3537 mendacio;
2217 3474 2430 3543 quando
2459 3476 2510 3531 id
2535 3477 2799 3552 inculpate
2819 3485 2933 3541 ﬁeri
2958 3488 3126 3545 multo
3153 3494 3350 3550 certius
3364 3482 3443 3552 di;

1868 3560 2093 3628 dicerit,
2147 3564 2309 3619 etiam
2355 3569 2602 3639 exemplo
2647 3572 2813 3641 ipsius
2861 3577 2944 3632 sui
2991 3584 3287 3639 tentatoris.
3338 3586 3451 3644 Hoc

1867 3653 2063 3723 quippe
2110 3653 2163 3708 in
2211 3655 2449 3727 homine,
2496 3659 2585 3730 qui
2628 3664 2940 3721 veritatcm‘
2978 3673 3256 3741 tegendam
3300 3686 3452 3746 putat

1867 3758 1987 3801 esse
2030 3747 2353 3815 mentiendo,
2411 3766 2512 3821 qua
2543 3754 2753 3811 tandem
2786 3754 2961 3817 fronte
2988 3763 3339 3837 culpabimus,
3391 3776 3449 3826 et

1867 3834 2120 3893 damnare
2145 3838 2477 3911 audebimus,
2507 3846 2647 3914 quod
2673 3846 2963 3907 docemus?
3324 3834 3331 3837 ⁷
3432 3856 3437 3863 “

1938 3927 1991 3981 6.
2023 3927 2281 3985 Remanet
2316 3930 2493 4001 igitur,
2525 3942 2580 3989 ut
2604 3939 2743 4007 quod
2768 3943 3004 4000 sentiunt
3029 3945 3445 4009 Priscillianistm

1866 4020 2152 4075 secundum
2190 4022 2410 4079 haeresis
2436 4038 2545 4081 suae
2571 4028 2823 4086 nefariam
2852 4033 3131 4095 falsitatem
3154 4082 3168 4109 ,
3199 4043 3264 4097 de
3295 4044 3403 4101 Deo
3422 4085 3442 4113 ,

1866 4110 1932 4166 de
1960 4114 2154 4179 anima,
2184 4114 2252 4169 de
2277 4130 2521 4186 corpore,
2561 4129 2615 4175 ct
2640 4121 2707 4177 de
2730 4127 2936 4182 cmteris
2975 4130 3155 4200 rebus,
3186 4151 3293 4190 non
3335 4110 3439 4193 du;

1865 4199 2093 4258 bitemus
2123 4206 2296 4259 veraci
2340 4206 2536 4277 pietate
2582 4210 2871 4283 damnare;
2917 4220 3058 4287 quod
3097 4199 3273 4279 autem
3315 4242 3439 4283 sen—

1866 4292 2023 4360 tiunt,
2054 4301 2112 4347 ut
2131 4295 2326 4350 veritas
2355 4298 2648 4355 occultetur
2672 4318 2790 4360 esse
2814 4309 3174 4367 mentiendum
3194 4354 3209 4378 ,
3238 4316 3307 4370 sit
3338 4333 3443 4372 no-

1865 4383 1948 4440 bis
1971 4425 1986 4452 ,
2010 4392 2065 4440 et
2088 4386 2209 4454 illis,
2252 4390 2392 4457 quod
2432 4391 2587 4458 absit,
2620 4392 2810 4465 dogma
2838 4412 3140 4459 commune.
3174 4406 3285 4463 Hoc
3333 4417 3444 4467 tam

1866 4489 2113 4547 magnum
2158 4479 2351 4534 malum
2381 4490 2480 4549 est,
2513 4490 2571 4537 ut
2606 4485 2813 4542 etiamsi
2853 4498 3074 4549 conatus
3104 4496 3190 4551 hic
3233 4508 3435 4570 noster,

1931 4635 2335 4716 1...Q‘.‘?‘99,‘L“.‘35.2‘
2350 4646 2467 4716 5‘?"
2488 4640 2663 4714 στάρρε
2682 4642 2734 4695 θη
2749 4643 2957 4716 Ιιοηιίηεν
2981 4653 3109 4716 quod
3132 4657 3395 4710 veritatem.

1929 4696 2073 4779 Μ
2092 4696 2777 4779 sitisse
2811 4696 3442 4779 ΞιέιῦέιιῖὲᾝειῐιῑῖιῖοῖιῚέα

1902 4761 2297 4839 enatuqueinde
2307 4761 2720 4839 Δηιῐξειωη.ζὶὗνρρηζ
2742 4771 2880 4839 cujus
2899 4761 3346 4839 ζιὸιῇἐῆἆῖἷὶδῖἇῖ

1884 4823 2001 4895 ocis,
2026 4834 2120 4895 nec
2140 4836 2247 4895 non
2259 4823 2395 4885 infra,
2417 4827 2583 4895 capite
2610 4823 3027 4895 i7,r'rcs'tituimus'
3038 4823 3276 4891 ἦέῶνῦᾘῖ
3293 4823 3443 4895 fabii:

1864 4890 2737 4969 {umnatu‘c‘torjtatchnpmeudDictinii:
2776 4896 2895 4969 'Fuit‘
2921 4890 3150 4969 Dictinius
3186 4890 3445 4969 episeelvius

1865 4950 2198 5027 ἒῗὶῗῖίῗέἷὲἓῖἓν
2220 4950 2441 5027 .‘L‘E‘i‘a:
2480 4952 2739 5027 “ildatius
2759 4956 2821 5027 .i!‘
2844 4958 3080 5027 .Chmnico
3102 4950 3443 5027 θεὲτῖΰίὶζῗόῐ

1871 5004 2207 5085 ῗιῘΞὶξβξΨὲιὶί-
2220 5004 2463 5085 West“,
2488 5023 2633 5083 etiam
2669 5004 3321 5085 ρτοδιθϋέῖιιὲῖέἱοᾶὸᾜὶἷτι
3338 5004 3446 5080 ἔιιῖῐὲ

2058 5079 2321 5151 etnnsgctfe
2329 5068 2582 5151 episcopis,
2602 5068 3449 5151 successu'[urribitlsiuvtps‘u'ni-ta':

1866 5142 1979 5177 men
1998 5137 2164 5203 postea
2186 5130 2407 5203 damnato
2424 5130 2517 5203 suo
2551 5130 2721 5189 errore
2747 5130 3120 5203 resiliisceutgm
3140 5130 3449 5202 tabl'ﬁec-lcsia

1866 5197 2496 5272 ἛΕῈΗΨΕἏΞἯΞΕῬἯΡ
2523 5202 2825 5272 ιιιιιοουηιίυε
2849 5197 3043 5272 Ῥω),
3084 5211 3134 5258 in
3159 5197 3448 5272 ορίδὶὀιίὲἱὶιῖ

1868 5253 2765 5331 agglqu;[9[§E?Pﬁm_-“Eil}$_quogue
2788 5253 3142 5331 οοιτέυιίὸὶιέιῖι
3165 5253 3449 5325 ἱέίιᾘεῖἧῖιό

1869 5316 2141 5397 suam
2157 5316 2358 5397 esse
2386 5316 2815 5397 eameam
2836 5316 3333 5397 Αειυτίέέιῖέξηῐξξῡῑ
3352 5316 3446 5395 Ia:

1870 5376 2144 5460 istiista?
2161 5376 2350 5460 iam“
2377 5381 2582 5460 Risisti
2596 5389 2852 5460 tractatus.
2866 5376 3017 5460 Λυδέ
3030 5376 3449 5460 ’ἐξειλὶίῖιῐιῑίίῖιῖιῖίί

1880 5454 1901 5483 ⁸
1922 5434 2123 5514 ξιξίΨὲιὲξ
2136 5507 2146 5514 ,
2159 5434 2331 5514 dogma
2373 5444 2692 5514 θρηξειιίρξὶι,⁸
2718 5458 2747 5496 a
2764 5434 3451 5508 ῐιίἰιιίῖἔῖυιῖἶῖέιῖἔὲἒιίὸὶιὶι

1880 5515 1899 5545 ti
1926 5498 2350 5576 legerentur,'cum
2370 5503 2411 5550 si
2435 5498 2634 5576 aliquid,
2653 5498 2736 5566 ait,
2750 5498 3003 5576 memerita
3014 5498 3450 5576 Sicanii—tribue;

1879 5577 1901 5606 tt
1923 5561 2038 5609 dum
2073 5568 2270 5635 putant,
2322 5561 2677 5625 reparationem
2715 5561 2823 5635 ejus
2864 5561 3042 5635 magis
3060 5561 3447 5629 debeatis—ama.

1880 5638 1903 5668 ις
1926 5635 1981 5671 re
2012 5636 2154 5695 quam
2192 5624 2395 5695 lapsum;
2418 5642 2441 5695 ag
2479 5636 2715 5695 Caeterum
2741 5624 3278 5695 'Dictiniivmcmoriam
3307 5624 3449 5691 nisi.

1873 5684 2087 5753 versaria
2106 5684 2474 5753 “festivitatem
2518 5692 2739 5753 Hispania
2782 5692 2898 5743 colit
2937 5684 3262 5750 AsturicenSivsi
3284 5684 3448 5753 Eccle-

1875 5748 2080 5824 si‘aZdie
2102 5747 2133 5795 9.
2156 5749 2295 5811 junii.
2335 5749 2449 5798 vide
2468 5747 2737 5802 Ferrarium
2766 5754 2817 5803 in
2848 5755 3067 5821 catalogo
3099 5747 3449 5824 gcn’craii'san‘.

1876 5819 2077 5869 ctorum.

2772 5901 3165 5997 (Dix-sept.)
