3930 6368
550 391 671 464 n25

558 527 673 584 quo
702 521 796 564 eos
831 518 930 578 per
964 493 1302 558 mendacium
1337 504 1530 563 capere
1565 490 1812 560 cupimus
1839 495 1896 543 et
1919 491 2150 550 mutare,

563 608 640 670 ita
689 605 1063 676 prosperetur,
1107 599 1168 649 ut
1208 605 1305 647 eos
1343 588 1615 658 capiamus
1656 592 1817 654 atque
1865 592 2150 646 mutemus,

570 675 731 755 nullis
752 694 911 748 lucris
939 691 1353 758 compensentur
1380 681 1494 736 haec
1520 679 1732 742 damna,
1764 675 1960 746 quibus
1983 681 2038 728 et
2057 685 2155 727 nos

563 805 690 848 cum
736 784 866 857 ipsis
915 797 1012 853 pro
1052 779 1270 836 illorum
1295 772 1628 832 correctione
1648 769 2024 839 depravamur.
2051 764 2159 819 Per

559 883 673 946 hoc
711 892 942 950 namque
985 871 1320 933 mendacium
1367 876 1418 924 et
1456 879 1557 922 nos
1597 863 1796 919 erimus
1821 875 1890 916 ex
1918 874 1981 915 ea
2009 865 2157 928 parte

568 974 810 1050 perversi
834 949 869 1040 ,ί
894 968 1050 1030 etilli
1078 961 1441 1022 semieorrecti
1475 977 1490 1014 :
1523 953 1950 1029 quandoquidem
1979 949 2116 1005 istud
2141 990 2156 1015 ,

564 1041 712 1141 quod
734 1071 927 1138 putant
951 1076 1072 1120 esse
1095 1074 1192 1132 pro
1219 1057 1442 1114 veritate
1467 1049 1853 1114 mentiendum,
1881 1045 2060 1100 nonin
2083 1041 2160 1098 eis

569 1162 928 1232 corrigimus;
959 1156 1080 1228 quia
1107 1153 1246 1210 idem
1271 1163 1370 1206 nos
1396 1144 1697 1204 didicimus‘
1726 1149 1781 1198 ct.
1805 1141 2080 1204 docemus,
2109 1142 2163 1190 et

572 1257 690 1314 fieri
725 1228 985 1324 oportere
1022 1247 1390 1321 praecipimus,
1440 1248 1501 1296 ut
1549 1238 1616 1294 ad
1653 1251 1748 1292 eos
1797 1228 2162 1289 emendandos

572 1346 857 1420 pervenire
883 1342 1170 1414 possimus.
1197 1337 1344 1405 Quos
1393 1343 1573 1392 tamen
1624 1345 1728 1384 non
1776 1324 2160 1385 emcndamus,

572 1419 770 1510 quibus
794 1435 1096 1502 mendum”,
1121 1437 1230 1503 quo
1255 1443 1442 1485 verum
1487 1422 1772 1497 tegendum
1816 1419 2160 1480 existimant,

573 1546 685 1590 non
714 1528 1041 1593 auferimus;
1085 1522 1182 1580 sed
1223 1535 1324 1577 nos
1369 1519 1546 1590 potius
1592 1511 2002 1575 immendamur,
2045 1519 2166 1562 cum

573 1640 674 1697 per
687 1624 788 1679 tale
817 1620 1066 1676 mendum
1093 1631 1189 1674 eos
1213 1615 1647 1686 quteﬁmusztiec
1661 1606 1962 1663 invenimus
1984 1615 2168 1672 quem—

570 1696 865 1773 admodum
906 1712 986 1769 eis
1049 1709 1326 1767 conversis
1362 1707 1585 1763 credere
1625 1704 1917 1765 valeamus,
1973 1696 2167 1767 quibus

573 1809 844 1884 perversis
869 1807 1319 1871 mentitisumus;
1352 1817 1420 1857 ne
1442 1800 1579 1855 forte
1605 1796 1748 1870 quod
1771 1805 1825 1850 ut
1852 1799 2171 1863 caperentur

571 1911 704 1962 cum
729 1902 890 1973 passi,
921 1899 1119 1956 faciant
1145 1896 1323 1967 capti;
1356 1907 1462 1949 non
1487 1892 1662 1948 solum
1688 1888 1812 1960 quia
1838 1886 2012 1941 facere
2042 1895 2170 1937 eon-

574 1999 886 2060 moverunt,
935 1990 1031 2047 sed
1073 1989 1197 2061 quia
1225 1993 1280 2042 et
1316 1985 1371 2042 in
1413 1981 1569 2040 nobls
1591 2021 1605 2052 ,
1637 1981 1705 2036 ad
1742 1993 1877 2051 quos
1918 1976 2168 2042 veniunt,

574 2087 680 2144 hoc
705 2084 1000 2140 inveniunt.

650 2177 876 2235 CAPUT
904 2174 994 2232 IV.
1014 2205 1085 2218 -
1103 2175 1155 2229 7.
1185 2171 1451 2230 Hentienti
1469 2171 1522 2224 in
1545 2184 1668 2234 uno,
1699 2182 1799 2220 non
1828 2160 1999 2217 haberi
2021 2158 2173 2230 ﬁdem

578 2274 637 2329 in
679 2273 816 2328 aliis.
860 2271 928 2326 Et
968 2267 1110 2341 quod
1155 2275 1238 2323 est
1283 2263 1674 2326 miserabilius,
1725 2259 1886 2314 etiam
1928 2254 2028 2325 ipsi
2063 2251 2175 2322 jam

578 2367 736 2437 quasi
779 2365 948 2420 nostri
992 2362 1164 2418 effecti
1191 2403 1205 2426 ,
1249 2356 1702 2429 quemadmodum
1732 2351 1888 2406 nobis
1920 2345 2171 2412 credant,

580 2459 825 2527 reperire
871 2469 974 2507 non
1020 2460 1262 2523 possunt.
1310 2451 1367 2504 Si
1412 2448 1553 2503 enim
1597 2444 1975 2514 suspicentur,
2013 2436 2175 2493 etiam

580 2549 700 2619 ipsa
729 2546 988 2602 catholica
1029 2545 1278 2614 dogmata
1306 2555 1401 2594 nos
1426 2537 1758 2593 mendaciter
1781 2531 1960 2603 loqui,
1993 2538 2052 2586 ut
2075 2543 2174 2583 ne-

583 2643 700 2698 scio
716 2639 843 2711 quid
862 2637 1001 2693 aliud
1022 2636 1349 2692 occultemus
1362 2632 1504 2703 quod
1520 2647 1706 2687 verum
1730 2637 1974 2700 putamus
1992 2641 2006 2691 ;
2032 2631 2178 2680 certe

581 2737 712 2792 talia
757 2731 1050 2803 suspicanti
1100 2728 1338 2786 dicturus
1363 2741 1442 2790 es,
1479 2724 1593 2780 Hoc
1626 2733 1752 2779 tunc
1790 2720 1912 2776 ideo
1954 2718 2052 2774 feci
2075 2759 2091 2785 ,
2121 2724 2179 2771 ut

583 2844 837 2900 caperem
861 2836 951 2882 te;
977 2825 1073 2882 sed
1103 2821 1230 2895 quid
1259 2815 1609 2892 respondebis
1635 2816 1867 2881 dicenti,
1900 2813 2050 2871 Unde
2079 2810 2178 2882 igi-

589 2931 680 2979 tur
701 2921 814 2977 scio
831 2928 1006 2976 utrum
1030 2919 1191 2974 etiam
1213 2913 1428 2972 nuncid
1452 2912 1636 2977 facias,
1662 2927 1728 2966 ne
1755 2907 1981 2980 capiaris
2001 2921 2031 2960 a
2053 2919 2138 2958 me
2155 2905 2181 2958 ?

588 3017 675 3072 An
724 3029 854 3068 vero
894 3013 1143 3083 cuiquam
1183 3005 1496 3082 persuaderi
1540 3010 1718 3076 potest
1763 3000 2035 3057 hominem
2074 3013 2181 3052 non

567 3105 807 3184 “mentiri
838 3119 907 3161 ne
932 3104 1193 3174 capiatur,
1227 3100 1318 3172 qui
1345 3097 1600 3156 mentitur
1626 3103 1685 3151 ut
1708 3091 1924 3164 capiat?
1951 3089 2183 3145 Vldesue

581 3180 697 3274 huc
724 3199 906 3256 tendat
942 3199 1046 3255 hoc
1085 3196 1326 3254 malum?
1368 3205 1427 3250 ut
1471 3193 1677 3250 scilicet
1722 3207 1828 3246 non
1867 3189 2040 3245 solum
2084 3203 2183 3243 nos

587 3295 719 3363 Illis,
754 3293 960 3365 ipsique
985 3289 1141 3348 nobis
1162 3332 1178 3360 ,
1211 3287 1308 3345 sed
1335 3286 1510 3343 omnis
1536 3285 1702 3341 frater
1730 3283 1876 3340 omni
1901 3279 2052 3336 fratri
2077 3295 2182 3335 non

587 3387 859 3448 immerito
892 3384 1138 3442 videatur
1163 3397 1282 3440 esse
1304 3389 1605 3454 suspectus.
1639 3381 1813 3450 Atque
1841 3377 1912 3431 ita
1934 3375 2058 3431 dum
2092 3390 2186 3445 per

587 3481 931 3540 mendacium
965 3477 1199 3534 tenditur
1231 3484 1290 3532 ut
1314 3475 1570 3531 doceatur
1597 3472 1761 3539 fides,
1791 3469 1843 3527 id
1878 3470 2052 3541 agitur
2085 3484 2184 3539 po-

593 3577 703 3632 tius
728 3574 748 3606 ⁸
777 3579 837 3628 ut
872 3569 1004 3627 nulli
1044 3568 1289 3632 habenda
1319 3568 1390 3623 sit
1415 3565 1566 3622 fides.
1614 3565 1671 3621 Si
1715 3561 1859 3619 enim
1901 3571 1954 3617 et
2002 3571 2186 3616 contra

594 3657 767 3722 Deum
795 3665 1064 3736 loquimur
1087 3706 1104 3731 ,
1135 3678 1258 3718 cum
1300 3660 1624 3727 mentimur,
1657 3655 1786 3728 quid
1815 3663 2023 3710 tantum
2062 3653 2187 3709 mali

592 3759 795 3815 deterit
837 3759 892 3814 in
941 3757 1048 3813 ullo
1097 3753 1377 3812 mendacio
1423 3750 1650 3824 reperiri
1678 3748 1720 3820 θ,
1751 3745 1892 3820 quod
1936 3756 2187 3818 tanquam

593 3853 1040 3916 Scelestissimum
1061 3849 1208 3907 omni
1236 3847 1396 3903 modo
1426 3844 1663 3901 devitarc
1686 3839 2011 3898 debeamus?

668 3945 896 4003 CAPUT
921 3943 982 3998 V.
1004 3973 1075 3984 -—
1094 3942 1147 3998 8.
1176 3937 1621 3994 Priscillianistam
1649 3933 1957 3990 tolerabilius
1989 3932 2189 3986 mentiri

595 4039 902 4094 occultando
924 4034 1157 4090 haeresim
1186 4048 1352 4098 suam,
1382 4045 1535 4100 quam
1557 4027 1863 4082 catholicum
1887 4025 2190 4080 occultando

597 4135 880 4188 iter-itidem.
906 4125 1154 4184 Catholici
1175 4124 1291 4180 sise
1310 4122 1616 4177 mentiantur
1631 4136 1736 4174 esse
1760 4115 2186 4191 priscillianistas,

598 4227 747 4299 pejus
795 4224 989 4297 faciunt
1032 4235 1185 4288 quam
1230 4213 1621 4288 priscillianista:
1667 4228 1720 4266 se
1765 4209 2039 4264 catholicos
2088 4224 2194 4263 esse

598 4321 913 4375 "renuentes.
979 4313 1086 4372 Sed
1152 4327 1294 4369 nunc
1354 4309 1572 4366 adverte
1637 4320 1798 4378 quam
1862 4303 2192 4361 tolerabilius

599 4410 1022 4470 Priscillianista:
1071 4406 1124 4463 in
1165 4415 1346 4461 nostra
1388 4400 1786 4473 comparatione
1824 4399 2190 4467 mentiantur,

599 4507 816 4579 quando
843 4521 902 4560 se
928 4498 1190 4558 fallaciter
1230 4497 1377 4570 loqui
1417 4497 1628 4564 sciunt,
1661 4509 1795 4566 quos
1823 4503 2008 4551 nostro
2038 4508 2194 4549 men-

602 4599 759 4654 dacio
796 4595 1102 4653 liberandos
1145 4602 1393 4662 putamus
1429 4590 1496 4644 ah
1522 4589 1599 4645 eis
1628 4587 1778 4644 falsis
1805 4589 1858 4642 in
1884 4588 2076 4659 quibus
2103 4602 2191 4641 cr-

604 4689 777 4748 I‘ando
817 4685 1091 4741 falluntur.
1125 4679 1526 4737 Priscillianista
1567 4680 1694 4735 dicit
1735 4677 1877 4749 quod
1919 4678 2096 4732 anima
2126 4677 2196 4733 sit

604 4793 732 4856 pars
761 4778 874 4845 Dei,
900 4783 951 4832 et
984 4773 1222 4846 ejusdem
1251 4771 1403 4842 Cujus
1428 4781 1508 4828 est
1533 4771 1622 4828 ille
1645 4780 1846 4826 naturae
1878 4778 2035 4840 atque
2063 4769 2194 4824 sub-

604 4873 839 4934 stantiae.
876 4869 1063 4940 Magna
1117 4866 1233 4923 haec
1269 4872 1352 4923 est
1393 4874 1449 4922 et
1487 4863 1797 4921 detestanda
1840 4861 2195 4933 blaSphemia.

605 4965 862 5036 Sequitur
889 4961 1031 5018 enim
1071 4968 1128 5015 ut
1165 4959 1258 5015 Dei
1289 4966 1476 5014 natura
1508 4957 1837 5028 captivetur,
1863 4954 2192 5026 decipiatur,

607 5059 844 5124 fallatur,
873 5055 1222 5113 conturbetur
1250 5062 1410 5122 atque
1431 5058 1695 5121 turpetur,
1729 5047 2012 5104 damnetur
2037 5056 2196 5119 atque

605 5152 897 5210 crucietur.
941 5149 1010 5205 At
1036 5148 1081 5205 si
1107 5147 1211 5206 hoc
1246 5154 1300 5205 et
1343 5145 1431 5201 ille
1464 5143 1629 5211 dicit,
1663 5141 1751 5215 qui
1782 5141 1848 5198 de
1879 5149 2025 5198 tanto
2055 5141 2198 5197 malo

607 5246 844 5304 liberare
883 5242 1032 5316 cupit
1071 5240 1345 5297 homirnam
1384 5253 1479 5308 per
1520 5234 1893 5301 mendacium,
1922 5235 2198 5292 videamus
2213 5199 2238 5311 μδ

609 5339 738 5416 quid
761 5337 969 5396 intersit
997 5336 1138 5392 inter
1160 5342 1443 5402 utrumque
1464 5329 1856 5399 blasphemum.
1881 5328 2197 5398 Plurimum,

611 5431 820 5504 inquis:
843 5444 965 5485 nam
986 5426 1090 5482 hoc
1106 5421 1496 5494 priscillianista
1517 5419 1646 5476 dicit
1665 5420 1737 5475 ita
1759 5419 1919 5476 etiam
1941 5420 2199 5487 credens;

609 5523 907 5585 catholicus
949 5528 1128 5573 autem
1158 5529 1264 5570 non
1306 5514 1376 5568 ita
1417 5511 1675 5580 credens,
1719 5514 1963 5584 quamvis
2007 5513 2078 5570 ita
2126 5514 2204 5572 lo-

677 5662 698 5693 ι
732 5661 806 5721 sic
829 5656 997 5721 plures
1144 5659 1202 5704 At
1223 5649 1358 5721 editi,
1382 5647 1605 5721 dictum.

604 5787 606 5789 _
639 5783 654 5792 _
677 5722 700 5754 ι
719 5711 922 5792 aliquot
942 5728 1050 5771 Mss.
1082 5717 1163 5768 hic
1185 5723 1238 5769 et
1262 5711 1384 5767 infra
1404 5711 1530 5778 loco,
1561 5713 1812 5779 utendum,
1836 5715 2037 5781 habent,
2074 5730 2210 5771 nteit-

601 5783 872 5912 ‘daguégi‘li,
895 5841 947 5894 id
970 5841 1052 5906 agi
1269 5841 1458 5912 Aliquot
1480 5849 1605 5912 Mss,
1631 5838 1805 5907 agitur.

683 5905 709 5942 δ
742 5904 908 5956 Plures
930 5904 1055 5968 usi,
1075 5904 1249 5968 poterit
1274 5904 1401 5955 nullo
1431 5904 1683 5960 mendactb
1706 5906 1925 5974 reperiri.

1601 368 1872 431 comas
1920 360 2344 436 MENDACIDII,
2383 361 2442 424 s.
2482 358 2849 424 auousruu
3067 311 3090 396 ί
3179 377 3188 406 ι.
3241 370 3407 400 —~
3637 377 3734 442 353,

2263 497 2454 553 questa.
2504 483 2600 540 Ille
2641 499 2772 554 ergo
2812 482 3142 553 blasphemat
3163 483 3409 544 nesciens
3428 530 3442 558 ,
3477 489 3569 550 iste
3601 500 3734 559 anteit:

2242 580 2441 634 sciens
2469 589 2485 636 :
2513 580 2602 636 ille
2642 588 2827 634 contra
2866 577 3176 648 scientiam,
3206 581 3301 636 iste
3327 593 3488 640 contra
3525 595 3735 650 cometes.

2242 671 2393 728 -tiam
2424 687 2440 726 :
2467 671 2556 726 ille
2583 671 2743 726 habet
2769 671 3060 726 execitatem
3086 671 3212 727 falsa
3235 675 3496 743 sentiendi,
3518 679 3596 734 sed
3617 680 3658 737 in'
3678 687 3732 742 eis

2244 763 2429 820 'habet
2472 765 2658 820 saltem
2697 764 3026 820 voluntatem
3071 780 3201 820 vera"
3235 765 3456 835 dicendi;
3496 771 3733 833 istehtens

2243 857 2412 913 .videt
2437 873 2583 924 vera,
2603 867 2658 915 et
2684 858 2868 913 volens
2895 857 3126 928 loquitur
3153 855 3304 914 falsa.
3330 860 3426 916 Sed
3453 863 3543 929 ille,
3567 865 3732 936 inquiet,

2269 952 2372 1006 hoc
2392 951 2570 1018 docet,
2599 963 2659 1007 ut
2682 952 2885 1007 erroris
2904 951 2987 1008 sui
3015 951 3176 1007 faciat
3197 952 3472 1024 furorisque
3495 957 3734 1027 participes:

2249 1044 2370 1099 riste
2399 1052 2577 1099 autem
2603 1044 2704 1100 hoc
2727 1043 2877 1112 dicit,
2911 1052 2968 1098 ut
2995 1043 3061 1099 ab
3087 1043 3180 1100 illo
3203 1060 3378 1101 errore
3401 1060 3457 1101 ac
3481 1045 3627 1103 furore
3645 1049 3736 1104 libe-

2269 1148 2354 1194 ret
2382 1138 2644 1194 homines.
2683 1137 2799 1193 Jam
2835 1137 3049 1208 quidem
3088 1151 3243 1209 supra
3272 1137 3465 1194 ostendi
3489 1149 3686 1210 quantum
3702 1153 3738 1197 et

2254 1230 2374 1288 rhoc
2404 1240 2624 1300 noceat,
2659 1231 2801 1302 quod
2827 1230 3064 1288 creditur
3091 1229 3412 1301 profuturum
3439 1247 3451 1284 :
3480 1233 3741 1291 vet-untime-

2256 1329 2372 1382 ’rim
2419 1327 2462 1381 si
2507 1325 2869 1397 appendamus
2911 1325 2964 1379 in
3013 1323 3098 1380 his
3139 1323 3342 1380 duobus
3378 1323 3500 1378 mala
3536 1326 3737 1394 presenti:

2253 1420 2550 1490 '(qnoniarn
2586 1419 2723 1474 bona
2763 1418 2938 1473 futura
2972 1433 3090 1488 qua:
3119 1415 3402 1472 catholicus
3426 1415 3486 1472 de
3513 1415 3740 1488 corrigendo

2255 1511 2527 1568 'hteretico
2549 1513 2794 1583 inquirit,
2819 1513 3018 1567 incerta
3048 1509 3200 1581 sunt.)
3219 1553 3233 1578 ,
3255 1511 3369 1581 quis
3392 1519 3551 1581 peccat
3571 1511 3738 1580 gravata;

2274 1613 2453 1660 'utrum
2484 1605 2574 1675 qui
2615 1605 2887 1659 hominem
2924 1604 3123 1674 decipit
3152 1604 3418 1669 nesciens,
3448 1616 3506 1656 an
3531 1603 3602 1672 qui
3630 1603 3739 1656 Deum

2276 1699 2613 1768 hlasphemat
2645 1698 2860 1753 sciens?
2886 1697 3136 1752 Profecto
3165 1696 3286 1768 quid
3317 1696 3379 1751 sit
3403 1695 3534 1766 pejus
3556 1695 3740 1764 intelligit,

2277 1793 2366 1863 qui
2395 1791 2595 1846 homini
2634 1791 2802 1846 Deum
2835 1791 3058 1845 sollicita
3089 1791 3282 1860 pietate
3317 1788 3564 1859 praeponit.
3589 1787 3742 1842 Hecat-

2278 1883 2449 1948 cedit,
2491 1884 2612 1954 quia
2652 1883 2698 1938 si
2739 1882 3190 1953 hlasphemandus
3227 1885 3308 1937 est
3344 1882 3497 1945 Deus,
3530 1887 3575 1934 ut
3597 1878 3644 1934 ad
3663 1894 3741 1934 cum

2277 1974 2600 2032 laudandum
2649 1973 2888 2029 homines
2928 1973 3286 2038 adducamus;
3327 1971 3496 2042 procul
3531 1971 3648 2026 dubio
3670 1984 3738 2022 non

2279 2069 2454 2124 solum
2480 2066 2547 2122 ad
2589 2067 2906 2122 laudandum
2928 2109 2943 2134 ,
2971 2081 3162 2122 verum
3201 2066 3355 2122 etiam
3381 2063 3440 2120 ad
3473 2064 3741 2134 blaspheman-

2280 2160 2407 2215 dum
2437 2160 2635 2227 Deum,
2666 2159 2910 2230 exetnplo
2937 2169 2990 2214 ct
3015 2159 3258 2214 doctrina
3291 2166 3456 2213 nostra
3484 2155 3670 2211 homines
3690 2155 3739 2208 in-

2279 2254 2509 2309 vitamus
2542 2271 2554 2306 :
2588 2254 2834 2324 quoniam
2875 2269 3009 2324 quos
3045 2251 3113 2308 ad
3153 2253 3243 2308 Dei
3286 2251 3456 2307 laudes
3485 2265 3562 2321 per
3584 2249 3652 2304 Dei
3670 2247 3742 2304 hla-

2282 2345 2552 2416 sphemias
2580 2345 2830 2400 molimur
2856 2345 3148 2412 adducere,
3171 2345 3345 2415 utique
3374 2343 3414 2399 si
3441 2341 3740 2400 adduxerimns,

2283 2453 2389 2495 non
2409 2440 2579 2494 solum
2601 2439 2814 2494 laudare
2829 2437 3055 2507 discent,
3081 2453 3266 2494 verum
3290 2438 3436 2494 etiam
3457 2435 3744 2505 blasphemare.

2284 2529 2409 2585 Haec
2438 2529 2542 2585 illis
2572 2529 2827 2587 beneficia
2854 2529 3212 2596 conferimus,
3237 2541 3363 2600 quos
3390 2542 3485 2582 non
3508 2527 3736 2597 ignorante,

2284 2623 2380 2679 sed
2410 2624 2641 2680 scienter
2682 2623 3108 2694 blasphemando
3152 2624 3218 2679 ab
3258 2622 3500 2679 haereticis
3530 2619 3742 2675 liberamus.

2274 2718 2503 2775 Etcum
2536 2718 2824 2788 Apostolus
2860 2717 3106 2773 homines
3151 2717 3418 2773 tradiderit
3451 2713 3583 2770 etiam
3605 2709 3675 2782 ipsi
3693 2721 3747 2761 sa-

2273 2821 2448 2877 ‘tanre,
2483 2824 2540 2866 ut
2568 2813 2836 2867 discerent
2866 2827 2973 2866 non
3003 2809 3375 2882 blasphemare
3407 2809 3423 2876 ί
3441 2807 3460 2864 Ι
3483 2797 3644 2872 Tim.'t,
3665 2800 3748 2870 ‘20):

2287 2922 2388 2962 nos
2415 2921 2672 2962 conamur
2697 2904 2940 2960 homines
2971 2918 3166 2960 eruere
3197 2913 3418 2969 satanzc,
3446 2911 3497 2957 ut
3517 2899 3670 2954 discant
3687 2905 3750 2946 non

2289 3013 2386 3070 per
2430 2998 2819 3070 ignorantiam,
2870 2995 2963 3051 sed
3004 3011 3107 3066 per
3153 2996 3421 3052 scientiam
3458 2989 3751 3061 blasphemarc;

2289 3089 2550 3162 nobisque
2594 3077 2720 3160 ipsis
2769 3087 3034 3159 magistris
3085 3103 3279 3143 eorum
3325 3087 3421 3141 hoc
3459 3092 3549 3139 tam
3592 3090 3756 3149 magnum

2290 3183 2640 3253 importunius
2667 3180 2885 3236 exitium
2903 3220 2919 3243 ,
2952 3189 3008 3235 ut
3035 3195 3128 3250 pro
3134 3189 3266 3251 pter
3290 3178 3543 3235 htereticos
3568 3166 3759 3244 capiendos

2278 3277 2438 3348 prius
2468 3273 2782 3341 efﬁciamur,
2814 3274 2955 3346 quod
2981 3283 3200 3330 certum
3223 3284 3303 3331 est
3323 3317 3335 3340 ,
3360 3273 3446 3328 Dei
3472 3265 3757 3338 blasphemato-

2291 3383 2413 3433 res,
2451 3383 2555 3438 quo
2583 3366 2848 3438 possimus
2891 3374 3107 3437 propter
3159 3382 3282 3434 eos,
3317 3363 3449 3437 quod
3475 3364 3674 3418 incertum
3692 3363 3761 3417 est.

2292 3463 2625 3528 liberandos,
2652 3462 2891 3518 veritatis
2920 3461 3035 3531 ejus
3064 3476 3197 3518 esse
3220 3462 3472 3518 doctores.

2361 3557 2418 3613 9.
2451 3557 2580 3612 Cum
2625 3555 2784 3627 igitur
2828 3553 3214 3624 hlasphemare
3251 3554 3411 3610 Deum
3449 3550 3677 3607 doceamus
3701 3552 3764 3594 no-

2294 3658 2471 3717 stros,
2503 3659 2559 3705 ut
2588 3664 2681 3706 eos
2717 3648 3133 3705 Priscillianista:
3185 3649 3397 3706 credant
3422 3657 3556 3710 suos;
3578 3639 3762 3695 videamus

2295 3743 2421 3815 quid
2453 3744 2575 3799 mali
2610 3743 2789 3798 dicant
2814 3742 2948 3813 ipsi,
2976 3744 3198 3813 quando
3219 3751 3489 3816 propterea
3515 3734 3763 3794 mentiuntur,

2295 3845 2354 3890 ut
2391 3849 2485 3890 eos
2514 3844 2726 3890 nostros
2764 3849 2883 3890 esse
2923 3834 3230 3892 credamus.
3272 3816 3764 3890 Anathematizantl’ri-

2282 3927 2630 3996 'scillianum,
2678 3936 2734 3983 et
2777 3929 2842 3983 ad
2895 3937 3134 3984 nostrum
3189 3930 3457 3986 arbitrium
3500 3926 3765 3983 detestantur;

2297 4017 2728 4075 dicuntanimam
2760 4029 3060 4076 creaturam
3092 4021 3189 4078 Dei
3217 4036 3354 4088 esse,
3386 4036 3482 4076 non
3508 4023 3691 4089 partem;
3711 4019 3765 4059 εἰ·

2297 4119 2574 4167 secrantur
2594 4111 3113 4168 Priscillianistarum
3134 4113 3268 4169 falsa
3287 4111 3548 4184 martyria;
3569 4099 3770 4162 catholicos

2299 4206 2599 4277 episcopos,
2631 4221 2660 4260 a
2691 4205 2880 4277 quibus
2909 4205 2999 4260 illa
3031 4205 3256 4263 haeresis
3284 4207 3502 4272 nudata,
3528 4200 3770 4272 oppugnati.

2299 4304 2563 4369 prostrata
2608 4303 2690 4352 est
2713 4339 2727 4364 ,
2760 4297 2963 4367 magnis
3005 4295 3238 4354 efferunt
3279 4296 3508 4353 laudibus
3531 4334 3544 4360 ,
3575 4298 3617 4345 ct
3649 4291 3773 4341 cetera

2301 4387 2624 4459 hujusmodi.
2647 4389 2785 4445 Ecce
2806 4388 2907 4460 ipsi
2937 4403 3059 4445 vera
3087 4388 3278 4445 dicunt
3299 4387 3498 4460 quando
3521 4379 3773 4439 mentiuntur,

2302 4499 2407 4540 non
2450 4500 2554 4556 quo
2583 4484 2742 4541 simul
2786 4485 2954 4554 possit
2992 4484 3094 4539 hoc
3135 4484 3312 4556 ipsum
3356 4495 3539 4540 verum-
3569 4489 3661 4532 esse
3687 4461 3775 4540 ιυοά

2301 4577 2638 4635 mendacium
2667 4584 2780 4643 est;
2813 4575 2908 4632 sed
2948 4577 2998 4631 in
3037 4576 3140 4631 alio
3167 4575 3398 4648 'quando
3443 4557 3775 4628 meutiuntur,in

2303 4671 2407 4726 alio
2436 4685 2562 4727 vera
2591 4669 2774 4725 dicunt
2806 4686 2817 4722 :
2844 4667 3055 4740 quando
3086 4669 3230 4724 enim
3263 4677 3472 4724 nostros
3497 4678 3550 4720 se
3570 4671 3663 4717 esse
3683 4662 3775 4708 mann

2302 4763 2525 4830 tiuntur,
2555 4761 2621 4819 de
2643 4761 2749 4817 ﬁde
2768 4739 3028 4818 catholica
3050 4777 3177 4818 vera
3200 4761 3399 4817 dicunt.
3424 4760 3496 4814 Ac
3514 4770 3596 4835 per
3612 4751 3684 4805 hoc
3701 4739 3779 4813 ῑιιείν

2305 4873 2373 4916 ne
2402 4857 2818 4913 Priscillianista:
2843 4857 3202 4926 inveniantur,
3225 4858 3506 4929 loquuntur
3547 4835 3780 4905 mendaciter

2304 4964 2430 5006 vera
2465 4965 2606 5005 :nos
2648 4961 2863 5016 autem,
2906 4958 2963 5005 ut
2999 4963 3090 5005 eos
3135 4947 3470 5005 inveniamus
3492 4988 3505 5012 ,
3547 4955 3633 4998 non
3670 4930 3783 4988 solum

2305 5045 2634 5103 mendaciter
2659 5044 2946 5116 loquimur,
2971 5051 3028 5099 ut
3047 5043 3114 5100 ad
3134 5043 3255 5100 illos
3277 5041 3533 5114 pertinere
3556 5028 3785 5091 credantur;

2307 5141 2398 5198 sed
2442 5141 2600 5197 etiam
2641 5139 2772 5196 falsa
2815 5139 3082 5212 loquimur
3105 5180 3118 5206 ,
3151 5154 3271 5209 qua:
3297 5137 3363 5193 ad
3402 5136 3594 5192 illorum
3623 5129 3786 5182 errori!n

2308 5238 2578 5312 pertinere
2612 5235 2981 5310 cognovimus.
3013 5233 3194 5308 Itaque
3234 5233 3313 5292 illi
3356 5227 3552 5306 quando
3578 5215 3706 5281 nostri
3727 5223 3787 5283 νο·

2311 5333 2411 5391 tari
2434 5332 2618 5389 volunt
2637 5372 2652 5400 ,
2683 5339 2735 5386 et
2761 5328 2955 5386 falsum
2982 5338 3065 5386 est
3097 5345 3163 5386 ex
3199 5335 3384 5399 parte,
3414 5333 3466 5382 et
3497 5330 3653 5378 verum
3673 5315 3731 5366 est
3751 5315 3789 5355 εἰ

2311 5435 2461 5500 parte
2481 5422 2622 5496 quod
2643 5421 2858 5489 dicunt;
2889 5421 3078 5476 falsum
3105 5427 3185 5477 est
3211 5419 3354 5474 enim
3379 5431 3468 5474 eos
3490 5418 3670 5468 nostros
3690 5409 3790 5458 esse.

2313 5535 2500 5578 verum
2525 5526 2610 5574 est
2643 5525 2822 5573 autem
2852 5515 3083 5571 animam
3111 5519 3314 5587 partem
3341 5511 3435 5567 Dei
3461 5522 3557 5564 non
3585 5512 3678 5558 esse
3701 5497 3792 5587 ξυοε

2313 5630 2443 5672 vero
2467 5613 2678 5688 quando
2704 5613 2772 5669 ad
2798 5626 2890 5668 eos
2915 5611 3180 5685 pertinere
3207 5605 3383 5679 putari
3403 5602 3639 5662 volumus,
3665 5585 3792 5644 falsum

2316 5717 2401 5766 est
2436 5684 2722 5780 utrumque
2762 5684 3165 5779 quodidieimus
3186 5746 3208 5773 ,
3252 5711 3309 5756 et
3336 5689 3721 5780 Priscillianistai
3736 5684 3799 5780 ιιοξ

2317 5816 2473 5871 esse,
2507 5807 2565 5857 et
2599 5772 2829 5856 animum
2868 5808 3070 5870 partem
3117 5792 3225 5852 Dei
3262 5807 3402 5847 esse.
3427 5788 3504 5846 illi
3527 5787 3676 5852 itaque
3695 5772 3805 5871 Deulll

2319 5860 2571 5966 laudant,
2612 5910 2719 5953 non
2758 5860 3125 5967 blasphemant
3143 5932 3159 5964 ,
3186 5884 3414 5962 quando
3437 5897 3493 5946 se
3515 5873 3754 5940 occultant;
3775 5860 3810 5912 ⁸³
