3844 6470
472 431 596 489 ,ᾖδε-χ
1497 402 1769 465 CONTRA
1806 393 1990 458 ΜΕΝΙ]

2267 389 2328 449 s.
2365 383 2729 448 AUGUSTlNl
3650 388 3754 453 ω

496 544 798 602 credantur.
827 537 1136 607 Loquuntur
1157 543 1287 603 ergo
1303 528 1580 584 veritatem
1610 526 1663 580 in
1693 537 1788 578 ore
1815 535 1936 588 suo,
1953 531 2063 572 non
2180 513 2334 607 sepb,
2351 514 2520 607 eique
2545 513 2819 607 promittat
2847 508 3172 584 prodituram
3199 523 3258 568 se
3284 509 3514 569 latebras
3534 525 3755 607 eorum,

500 643 552 696 in
581 636 742 694 corde
769 648 885 689 suo.
915 603 1200 700 l’ropterea
1223 620 1578 694 distinguendi
1609 625 1763 675 erant
1788 615 1856 670 ab
1891 614 1981 669 illo
2005 610 2074 666 dc
2181 607 2228 700 si
2250 606 2317 700 ab
2345 605 2438 661 illo
2465 603 2829 700 impetraverit
2871 611 3470 700 stuprum_,__certumque
3494 604 3580 700 sit
3620 619 3762 700 eam,

498 745 605 803 quo
636 728 834 783 dictum
862 729 964 788 cst,
1007 695 1105 786 Qui
1145 717 1366 786 loquitur
1409 713 1666 768 veritatem
1703 710 1756 763 in
1785 706 1935 761 corde
1963 717 2075 758 suo.
2184 699 2231 803 si
2255 699 2304 801 ei
2329 712 2645 803 consensum
2676 696 2852 803 fuerit,
2880 696 3018 803 quod
3041 695 3271 803 pollicita
3287 704 3368 751 est
3383 695 3766 767 impletum?

511 786 658 879 itane
687 829 864 876 autem
905 786 1181 870 veritatem
1229 808 1520 866 catholicus
1559 805 1694 861 sicut
1723 803 1778 857 in
1807 799 1971 856 corde
1997 811 2082 852 ιο·-
2183 786 2552 846 faciendumne
2567 788 2938 846 censebimus?
2966 802 3034 842 an
3052 786 3405 857 intelligemus
3425 802 3764 860 nequaquam

504 914 706 985 quin",
734 910 858 981 quia
880 907 951 962 na
970 903 1168 968 credit;
1188 902 1257 957 ίιτι
1283 909 1340 956 ει
1365 899 1419 956 in
1447 913 1540 953 ore
1565 895 1746 960 debet,
1770 901 1830 985 ut
1853 892 1928 946 ita
1944 903 2084 985 prm-
2185 883 2279 938 tali
2319 881 2490 985 pretio
2517 895 2725 985 merces
2743 879 3012 985 ejusmodi
3052 879 3763 985 comparandas?_Cur_ergo

503 974 648 1061 dicet
669 974 890 1057 :coutra
920 998 1076 1052 istam
1105 1008 1234 1049 vero
1261 1005 1362 1048 nec
1387 990 1441 1045 in
1470 987 1632 1045 corde
1655 999 1755 1041 nec
1785 984 1840 1038 in
1866 995 1958 1037 ore
1987 979 2086 1034 ha-
2189 991 2296 1032 non
2339 976 2610 1032 eruimus‘
2641 974 2929 1046 capiendos
2957 974 3239 1032 btereticos
3281 989 3443 1031 carne
3482 975 3540 1030 in
3566 975 3763 1032 adulte-

502 1097 629 1152 heat
649 1092 954 1157 falsitatem,
976 1096 1034 1143 ut
1056 1096 1110 1142 et
1124 1084 1288 1141 corde
1307 1081 1490 1138 credat
1515 1079 1580 1134 ad
1607 1075 1891 1147 justitiam,
1922 1080 1975 1128 et
1995 1085 2088 1125 ore
2189 1069 2330 1125 rium
2356 1067 2644 1134 defluente,
2673 1075 2728 1124 et
2754 1066 3020 1124 eruendas
3050 1073 3296 1137 putamus
3316 1080 3410 1122 ore
3439 1066 3494 1120 in
3524 1064 3764 1137 blasphe-

505 1185 900 1244 confessiouem
928 1180 1084 1237 faciat
1111 1178 1178 1233 ad
1205 1177 1454 1233 salutem.
1483 1171 1616 1228 Nam
1663 1177 1717 1225 et
1755 1169 1807 1222 in
1837 1166 1925 1220 illo
1949 1162 2090 1233 psal-
2193 1161 2299 1217 mia
2329 1159 2695 1216 fornicante’?
2719 1160 2828 1215 Aut
2852 1159 2998 1214 enim
3033 1158 3214 1214 licebit
3235 1166 3526 1230 utrumque
3552 1159 3664 1228 pari
3684 1173 3759 1212 ra-

508 1292 601 1336 mo
627 1291 748 1334 cum
779 1274 978 1332 dictum
1005 1279 1168 1338 esset,
1203 1269 1302 1336 Qui
1331 1266 1550 1338 loquitur
1569 1263 1828 1318 veritatem
1863 1259 1916 1312 in
1941 1254 2092 1310 corde
2195 1253 2338 1308 tione
2365 1250 2669 1316 defendere,
2687 1259 2746 1306 ut
2762 1251 2881 1307 ideo
2904 1251 3019 1307 lucc
3036 1265 3141 1305 non
3157 1265 3276 1306 esse
3293 1249 3542 1306 dicantur
3561 1251 3756 1323 injuste,

511 1385 640 1433 suo;
670 1382 791 1425 mox
819 1365 978 1424 etiam
1007 1362 1110 1419 hoc
1136 1361 1374 1417 additum
1402 1365 1504 1424 est,
1537 1355 1637 1424 Qui
1663 1369 1761 1409 non
1783 1351 1881 1422 egit
1921 1347 2092 1403 dolum
2193 1344 2316 1414 quia
2346 1358 2408 1398 ea
2435 1342 2570 1398 facta
2613 1351 2738 1398 sunt
2782 1342 3076 1398 intentione
3118 1357 3222 1413 qua
3247 1341 3762 1414 deprehenderentur

512 1463 566 1516 in
596 1462 769 1532 lingua
797 1474 892 1513 sua
912 1455 1084 1530 (Psat.
1121 1468 1233 1519 xw,
1267 1450 1344 1522 5).
2197 1434 2410 1532 iniusti:
2439 1443 2530 1490 aut
2558 1434 2602 1489 si
2633 1448 2760 1489 sana
2783 1432 3023 1489 doctrina
3055 1447 3158 1489 nec
3181 1439 3404 1504 propter
3431 1433 3760 1490 inveniendus

587 1525 690 1608 lii:
718 1551 788 1607 Et
816 1525 943 1607 illud
967 1546 1108 1620 quod
1137 1543 1423 1616 Apostolus
1467 1541 1563 1608 ait,
1603 1538 1922 1610 Depouentes
1957 1549 2096 1588 mcu-
2198 1525 2484 1583 htcrcticos
2511 1527 2625 1582 vult
2651 1543 2750 1584 nos
2775 1542 2896 1620 cum
2919 1527 3130 1620 feminis
3158 1527 3445 1598 impudicis
3461 1527 3763 1620 saltemcor-

514 1649 738 1711 decium,
767 1618 1027 1715 ioquimiiti
1055 1640 1311 1696 veritatem
1347 1635 1684 1704 unusquisque
1719 1647 1834 1684 cum
1869 1627 2096 1698 proximo
2200 1633 2358 1715 pore,
2381 1634 2488 1675 non
2513 1628 2712 1688 mente,
2739 1619 2972 1686 misceri,
3003 1618 3244 1690 profecto
3269 1634 3373 1675 nec
3388 1627 3609 1692 propter
3630 1619 3758 1674 iuve-

516 1757 633 1805 suo,
659 1738 776 1809 quia
795 1713 968 1792 sumus
992 1733 1206 1788 invicem
1229 1729 1448 1784 membra
1470 1724 1682 1798 (Ephes.
1710 1737 1786 1785 tv,
1807 1718 1934 1790 9.5);
1962 1716 2098 1772 absit
2203 1713 2426 1769 uiendos
2451 1715 2728 1770 haereticos
2754 1714 2867 1770 vult
2888 1714 3084 1770 anobis
3108 1715 3297 1770 saltem
3321 1727 3483 1783 voce,
3510 1729 3616 1770 non
3635 1728 3760 1770 men-

518 1841 578 1887 ut
603 1803 680 1886 sic
703 1829 1076 1900 intelligamus,
1119 1832 1370 1892 tauquam
1411 1819 1556 1889 loqui
1596 1811 1930 1871 mendacium
1972 1824 2098 1880 ρον-
2203 1813 2396 1900 teram
2437 1804 2760 1860 immundam
2807 1804 3055 1861 hmresim
3098 1803 3402 1876 praedicari,
3445 1813 3548 1860 aut
3586 1813 3756 1861 castam

519 1921 726 1976 miserit
745 1895 990 1974 cum'cis
1018 1916 1108 1986 qui
1135 1913 1368 1970 nondum
1397 1916 1521 1965 sunt
1546 1908 1822 1964 nobiscum
1865 1902 2099 1958 membra
2204 1895 2521 1952 catholicam
2549 1897 2930 1968 blasphemari.
2961 1897 3092 1964 Quia
3118 1906 3172 1953 et
3197 1898 3372 1969 ipsum
3396 1897 3602 1954 mentis
3623 1898 3759 1965 impe-

522 2013 766 2084 corporis
793 2009 1012 2066 Christi.
1044 2006 1150 2064 Sed
1178 2005 1297 2061 ideo
1321 2003 1521 2059 dictum
1541 2008 1643 2067 est,
1676 1998 1799 2070 quia
1822 1994 2102 2065 unusquis.
2206 1989 2462 2084 rium,cui
2478 1987 2836 2084 debetAomnis
2858 1987 3078 2046 inferior
3095 1997 3272 2045 motus
3295 1987 3541 2045 hominis
3558 1987 3751 2053 obedire,

522 2079 637 2174 que.-
655 2110 894 2158 nostrum
921 2100 1026 2157 hoc
1050 2098 1208 2155 debet
1230 2108 1492 2167 quemque
1515 2091 1789 2162 deputare,
1815 2085 1953 2159 quod
1980 2099 2108 2140 cum
2207 2079 2369 2152 digno
2391 2096 2496 2137 non
2517 2080 3036 2152 carebitOpprobrio,
3053 2081 3266 2152 quando
3293 2081 3371 2150 fit,
3391 2081 3545 2153 quod
3559 2081 3752 2137 fierinon

524 2195 638 2250 vult
669 2193 781 2250 fieri
805 2234 818 2258 ,
862 2192 1022 2248 etiam
1051 2190 1099 2246 si
1129 2187 1364 2244 nondum
1395 2184 1562 2241 factus
1599 2191 1684 2238 est
1714 2198 1728 2234 :
1761 2181 1898 2235 sicut
1924 2176 2105 2232 Domi-
2209 2182 2438 2244 oportet,
2455 2189 2548 2231 seu
2573 2176 2834 2242 membro,
2855 2189 2950 2232 seu
2977 2175 3496 2247 verbo.Quanquam
3509 2175 3755 2232 etiamcum

523 2302 624 2342 nus
654 2285 1006 2355 alienigenam
1029 2280 1421 2338 Samaritanum
1448 2275 1748 2348 proximum
1776 2273 1890 2342 ejus
1927 2277 2107 2325 osten-
2209 2268 2374 2323 verbo
2417 2268 2495 2334 fit,
2529 2269 2770 2324 membro
2800 2267 2890 2324 fit:
2919 2269 3167 2340 quoniam
3197 2269 3373 2341 lingua
3389 2269 3676 2325 membrum
3696 2277 3758 2322 est

524 2378 623 2444 dit,
653 2391 774 2432 cum
809 2390 916 2446 quo
957 2371 1378 2429 misericordiam
1420 2368 1545 2424 fecit
1587 2365 1740 2437 (Luc.
1791 2381 1846 2425 κ,
1894 2362 2104 2433 50-37).
2211 2373 2312 2429 qua
2347 2358 2406 2414 fit
2431 2359 2689 2415 verbum:
2720 2374 2821 2417 nec
2858 2359 3026 2416 ullum
3048 2359 3251 2416 factum
3280 2370 3534 2417 nostrum
3560 2359 3759 2418 membro

525 2468 806 2524 Proximus
828 2481 956 2536 ergo
981 2463 1256 2520 habendus
1284 2468 1388 2528 est,
1414 2475 1520 2515 non
1543 2459 1766 2520 alienus,
1789 2471 1908 2510 cum
1929 2469 2034 2524 quo
2056 2451 2107 2506 id
2213 2451 2321 2508 ullo
2346 2453 2570 2522 paritur,
2598 2453 2701 2510 nisi
2727 2453 2868 2524 quod
2894 2454 3042 2524 prius
3060 2454 3222 2511 corde
3245 2455 3580 2526 concipitur;
3600 2455 3668 2511 vel
3683 2468 3756 2524 po-

527 2558 787 2630 ageudum
816 2566 916 2621 est,
964 2571 1034 2612 ne
1075 2561 1350 2611 remaneat
1376 2551 1618 2606 alienus:
1645 2558 1699 2604 ct
1741 2549 1785 2602 si
1814 2553 2027 2618 propter
2055 2544 2107 2600 id
2215 2545 2320 2599 tius
2349 2545 2489 2601 intus
2514 2545 2799 2616 cogitando
2827 2555 2882 2602 et
2907 2545 3290 2603 consentieudo
3315 2547 3425 2618 jam
3463 2556 3676 2619 partum,
3697 2545 3758 2600 fo-

527 2650 669 2722 quod
700 2649 933 2705 nondum
962 2654 1046 2702 est
1072 2645 1196 2701 fidei
1224 2651 1423 2700 nostra:
1467 2639 1895 2709 sacramentique
1943 2636 2110 2708 parti-
2214 2651 2302 2693 ras
2324 2635 2500 2692 editur
2525 2635 2769 2692 faciendo
2789 2652 2886 2708 per
2905 2638 3224 2694 membrum.
3248 2637 3366 2694 Non
3390 2640 3572 2712 itaque
3594 2639 3757 2695 animus

528 2760 654 2816 cops
684 2743 875 2804 factus,
903 2739 1079 2810 aliqua
1104 2737 1180 2793 illi
1206 2734 1520 2792 occultanda
1561 2741 1686 2790 sunt
1710 2747 1858 2800 vera,
1889 2744 1996 2787 non
2025 2736 2109 2784 ta-
2218 2743 2248 2783 a
2277 2729 2420 2785 facto
2447 2737 2753 2797 excusatur,
2781 2730 2993 2800 quando
3017 2731 3212 2786 dicitur
3237 2730 3436 2802 aliquid
3471 2747 3578 2787 non
3597 2746 3652 2787 ex
3672 2727 3759 2781 ani-

529 2851 653 2891 men
684 2834 803 2889 ideo
828 2831 1056 2888 dicenda
1084 2839 1208 2886 sunt
1240 2829 1387 2885 falsa.
2214 2837 2306 2878 mo
2331 2822 2470 2890 ﬁeri,
2499 2822 2643 2894 quod
2671 2831 2849 2878 tamen
2877 2837 2984 2879 non
3013 2823 3186 2890 ﬁeret,
3215 2821 3318 2878 nisi
3345 2822 3562 2882 animus
3599 2821 3756 2878 facien-

600 2926 689 2982 16.
732 2923 968 2979 Fuerunt
993 2921 1134 2980 enim
1165 2922 1325 2977 etiam
1358 2919 1685 2992 temporibus
1706 2917 2108 2988 Apostolorum,
2214 2915 2342 2971 dum
2371 2929 2491 2972 esse
2515 2916 2846 2972 decerneret.

530 3019 621 3091 qui
647 3018 924 3074 veritatem
952 3032 1056 3073 non
1078 3016 1300 3071 veritate
1328 3017 1369 3083 ί,
1393 3014 1442 3070 id
1471 3023 1572 3080 est,
1603 3028 1706 3068 non
1736 3011 1909 3067 veraci
1935 3010 2114 3065 animo
2289 3008 2378 3064 18.
2418 3007 2648 3064 Interest
2691 3006 2906 3079 quidem
2956 3001 3267 3079 plurimum,
3315 3021 3421 3080 qua
3471 3022 3641 3075 causa,
3679 3017 3759 3074 quo

530 3109 922 3182 praedicarent:
951 3124 1087 3181 quos
1115 3109 1243 3164 dicit
1269 3107 1556 3180 Apostolus
1595 3105 1863 3161 Christum
1907 3119 2114 3159 annun-
2220 3103 2348 3170 fine,
2377 3117 2480 3174 qua
2523 3102 2817 3160 intentione
2862 3101 2990 3172 quid
3019 3102 3273 3158 tiat:sed
3322 3115 3389 3158 ea
3434 3117 3559 3174 quae
3595 3106 3760 3156 constat

533 3201 695 3257 tiassc
734 3216 840 3256 non
881 3210 1049 3268 caste,
1095 3201 1188 3257 sed
1218 3214 1312 3272 per
1342 3199 1590 3255 invidiam
1617 3206 1671 3254 et
1699 3197 2112 3253 contentionem.
2219 3209 2337 3251 esse
2364 3203 2604 3266 peccata,
2648 3195 2795 3250 nullo
2821 3196 2976 3250 home
3000 3208 3177 3250 causa:
3203 3195 3449 3263 obtentu,
3483 3193 3622 3250 nullo
3641 3189 3759 3262 quasi

532 3294 612 3350 Ac
635 3309 731 3364 per
761 3297 863 3349 hoc
891 3293 1049 3351 etiam
1082 3303 1205 3350 tunc
1243 3293 1483 3350 nonnulli
1528 3292 1732 3348 tolerati
1759 3298 1884 3346 sunt
1902 3305 2113 3347 aunun-
2217 3285 2360 3342 bono
2395 3285 2518 3353 fine,
2549 3285 2695 3340 nulla
2723 3284 2870 3341 velut
2896 3284 3038 3341 bona
3069 3285 3367 3342 intentione
3389 3284 3625 3342 facienda
3646 3290 3759 3338 sunt.

533 3385 731 3440 tiantes
769 3401 874 3440 non
918 3394 1066 3440 casto
1096 3385 1275 3440 animo
1312 3385 1588 3441 veritatem
1615 3403 1626 3438 :
1655 3398 1761 3440 non
1802 3391 1976 3438 tamen
2023 3381 2114 3436 ulli
2221 3376 2293 3430 lia
2319 3376 2512 3447 quippe
2529 3390 2690 3447 opera
2713 3374 3008 3442 hominum,
3038 3374 3176 3430 sicut
3197 3389 3385 3431 causas
3414 3371 3760 3432 habuerintha-

533 3477 731 3533 laudati
759 3487 883 3533 sunt
907 3485 1158 3548 tanquam
1188 3478 1562 3533 aununtiantes
1589 3484 1736 3531 casto
1765 3475 1944 3528 animo
1975 3473 2118 3528 falsi-
2221 3483 2338 3534 nas,
2370 3483 2466 3523 seu
2494 3468 2682 3534 malas,
2715 3481 2856 3524 nunc
2881 3477 3004 3524 sunt
3024 3467 3184 3534 bona,
3213 3482 3356 3523 nunc
3379 3468 3531 3533 mala,
3552 3478 3658 3535 qua:
3673 3475 3763 3516 non

535 3579 720 3627 tatem.
755 3571 993 3642 Denique
1015 3570 1083 3625 dc
1112 3570 1216 3624 illis
1244 3571 1392 3635 dicit,
1414 3569 1533 3623 Sirc
1560 3567 1842 3628 occasione,
1868 3565 1969 3619 sire
1992 3565 2120 3618 ueri-
2221 3571 2346 3619 sunt
2388 3577 2481 3632 per
2506 3577 2564 3618 se
2590 3563 2703 3632 ipsa
2733 3570 2983 3633 peccata:
3011 3562 3148 3618 sicut
3173 3562 3374 3618 victum
3394 3559 3619 3632 praebere
3642 3569 3764 3626 pau-

538 3670 638 3714 tate
682 3660 912 3715 Christus
954 3661 1278 3713 (tumtntictur
1323 3657 1580 3731 (Philipp.
1629 3674 1666 3723 ι,
1717 3657 1941 3725 lii-18):
1975 3654 2119 3709 nullo
2223 3654 2455 3725 peribus,
2500 3653 2700 3708 bonum
2745 3667 2879 3724 Opus
2906 3662 3010 3722 est,
3051 3654 3097 3710 si
3136 3654 3198 3708 ﬁt
3239 3667 3400 3709 causa
3426 3647 3763 3708 misericordia

535 3751 699 3807 modo
729 3759 906 3805 autem
933 3751 1154 3818 diceret,
1184 3759 1241 3804 ttt
1275 3759 1457 3820 postea
1489 3748 1732 3804 Christus
1753 3747 2115 3815 aununtictur,
2221 3761 2342 3804 cum
2367 3755 2511 3802 recta
2543 3747 2676 3814 fide;
2706 3749 2844 3804 sicut
2871 3748 3184 3805 concubitus
3228 3747 3545 3818 conjugalis,
3589 3740 3761 3816 quando

536 3843 685 3912 prius
717 3849 960 3911 negetur.
2223 3841 2282 3895 fit
2301 3855 2461 3895 causa
2489 3840 2802 3911 generandi,
2833 3842 2875 3897 si
2904 3856 2966 3897 ea
2995 3841 3102 3896 fide
3126 3840 3219 3896 fiat
3255 3849 3314 3896 ut
3350 3841 3624 3912 gignantur
3644 3849 3761 3905 rege-

610 3934 698 3989 17.
739 3933 994 4000 Quocirca
1018 3932 1198 3988 multis
1218 3931 1430 4002 quidem
1460 3928 1634 3986 modis
1660 3929 2120 4001 possuntlatcntcs
2223 3931 2464 3988 nerandi.
2497 3931 2622 3986 llaec
2643 3941 2801 4003 atque
2828 3932 3132 4003 hujusmodi
3156 3932 3448 3988 secundum
3480 3949 3597 3990 suas
3613 3938 3760 3986 causa

539 4026 777 4082 haeretici
802 4027 1070 4097 vestigari,
1105 4042 1205 4082 nec
1247 4025 1507 4082 catholica
1539 4026 1639 4082 lidc
1667 4026 1986 4096 vituperata,
2023 4040 2122 4084 nec
2223 4039 2386 4095 opera
2408 4034 2531 4080 sunt
2551 4025 2689 4081 bona
2713 4026 2794 4081 vel
2813 4026 2980 4092 mala;
2999 4025 3117 4095 quia
3143 4025 3330 4081 eadem
3351 4025 3469 4097 ipsa
3497 4027 3541 4082 si
3569 4022 3755 4080 habeant

541 4118 786 4174 barretica
816 4118 1084 4188 impietate
1105 4118 1336 4173 laudata.
2224 4116 2394 4172 malas
2417 4131 2627 4184 causas,
2668 4117 2720 4172 in
2755 4125 2967 4187 peccata
2995 4125 3307 4172 vertuntur:
3335 4117 3488 4172 velut
3527 4117 3571 4172 si
3592 4116 3759 4186 jactan-

611 4207 835 4265 CAPUT
879 4208 1076 4263 Vll.—-
1104 4207 1428 4264 Mendacium
1457 4210 1597 4264 nulla
1627 4209 1758 4265 velut
1797 4209 1927 4265 bona
1965 4210 2121 4265 iuten-
2226 4210 2314 4264 tim
2341 4223 2501 4265 causa
2550 4224 2749 4280 pauper
2787 4209 3050 4279 pascitur;
3081 4217 3170 4264 aut
3214 4209 3451 4265 lascivia:
3489 4222 3634 4266 causa
3670 4215 3760 4260 cum

540 4301 674 4356 tione
698 4300 1082 4356 admittendum.
1115 4299 1274 4355 Facta
1303 4301 1404 4354 alia
1426 4318 1486 4356 ex
1511 4303 1612 4369 fine
1636 4302 1717 4356 vc!
1743 4301 1872 4356 bona
1894 4301 1968 4355 vol
1987 4302 2124 4356 mola
2227 4315 2392 4356 uxore
2416 4299 2814 4364 concumbitur;
2845 4309 2935 4355 aut
2957 4300 3050 4354 ﬁlii
3082 4310 3424 4371 generantur,
3452 4316 3559 4358 non
3583 4308 3635 4354 ut
3661 4299 3765 4359 Deo,

539 4391 839 4462 redduntur,
873 4393 976 4448 alia
1003 4401 1120 4448 sunt
1148 4409 1236 4464 per
1273 4410 1325 4448 se
1368 4404 1570 4464 peccata
1593 4410 1612 4448 :
1648 4394 1754 4450 hwc
1800 4393 1942 4449 nullo
1980 4393 2124 4464 quasi
2227 4392 2319 4450 sed
2348 4399 2405 4448 ut
2423 4392 2633 4448 diabolo
2659 4391 2978 4449 nutriantur.
3005 4392 3141 4448 Cum
3181 4409 3308 4449 vero
3347 4394 3460 4464 jam
3501 4407 3648 4465 opera
3680 4381 3763 4457 itii;

544 4483 672 4538 bona
717 4483 818 4552 ﬁne
857 4485 1109 4556 facienda.
1159 4483 1264 4540 Sed
1293 4483 1338 4538 si
1365 4484 1519 4540 aliter
1550 4485 1770 4540 omnino
1793 4501 1900 4540 non
1945 4491 2126 4555 posset
2228 4493 2442 4557 peccata
2467 4493 2609 4549 sunt,
2633 4485 2767 4540 sicut
2793 4483 2950 4551 furta,
2977 4493 3179 4555 stupra,
3202 4485 3568 4556 blasphemiae,
3592 4482 3665 4538 vel
3683 4492 3761 4562 cui

546 4578 699 4634 educi
731 4579 797 4634 de
825 4580 1066 4635 cavernis
1093 4578 1204 4634 suis
1236 4578 1485 4633 hmretica
1516 4579 1780 4650 impietas,
1809 4579 1912 4633 nisi
1951 4594 1982 4633 a
2012 4587 2122 4632 tra-
2231 4587 2340 4634 tera
2359 4578 2510 4643 talia;
2533 4577 2650 4646 quis
2664 4579 2847 4648 estqui
2870 4576 3199 4632 dicatcausis
3223 4577 3378 4633 bonis
3400 4592 3523 4632 esse
3549 4569 3760 4650 faciendi,

546 4670 676 4724 mite
703 4671 943 4725 veritatis
968 4671 1146 4742 lingua
1178 4671 1438 4726 catholica
1479 4641 1742 4736 deviaret;
1795 4671 2125 4726 tolerabilius
2229 4681 2288 4728 ut
2309 4673 2389 4728 vel
2421 4641 2631 4741 peccata
2665 4641 2916 4739 nodsiut,
2943 4671 3050 4740 vel,
3075 4670 3218 4741 quod
3247 4679 3331 4726 est
3354 4641 3759 4742 absurdiusJIIﬂ

543 4759 632 4813 illa
656 4731 1224 4832 occultareturfquam
1250 4762 1350 4816 ista
1381 4762 1831 4833 prmcipitaretur;
1875 4762 2124 4819 tolerabi-
2229 4731 2444 4834 peccata
2488 4763 2633 4818 sint?
2671 4763 2799 4831 Quis
2827 4731 2913 4819 est,
2938 4731 3225 4833 qui'dicat:
3251 4762 3321 4818 Ut
3349 4762 3631 4818 habeamus
3652 4731 3758 4825 qud

544 4851 649 4907 lius
675 4853 728 4908 iu
757 4852 867 4907 suis
897 4852 1063 4909 foveis
1089 4853 1464 4910 delitescerent
1485 4855 1692 4926 vulpes,
1722 4872 1880 4927 quam
1909 4865 2126 4930 prepter
2229 4856 2417 4911 demus
2441 4855 2780 4925 pauperibus,
2812 4854 3064 4910 faciamus
3097 4854 3231 4909 furta
3261 4853 3546 4918 divitibus;
3584 4859 3678 4912 aut.
3705 4853 3756 4898 ια

548 4945 666 5000 illas
694 4945 980 5016 capiendas
1008 4946 1059 5000 in
1079 4945 1424 5017 blasphemia:
1448 4946 1654 5004 foveam
1681 4949 1930 5006 caderent
1957 4966 2126 5005 vena-
2230 4947 2476 5002 stimouia
2502 4948 2629 5001 falsa
2653 4945 2965 5012 vendamus,
2999 4947 3227 5000 maxime
3256 4945 3299 4999 si
3332 4961 3437 5001 non
3481 4943 3600 5000 inde
3637 4933 3754 5005 iuuat}

546 5044 721 5102 tores;
747 5036 1072 5093 tolerabilius
1095 5037 1311 5108 perfidia
1337 5039 1857 5096 Priscillianistarum
1887 5042 2128 5099 veritatis
2231 5048 2414 5096 centes
2442 5037 2724 5105 laeduntur,
2769 5038 2862 5093 sed
2885 5047 3140 5093 nocentes
3171 5037 3346 5108 potius
3371 5032 3681 5092 damnaturis
3696 5028 3752 5113 Η

545 5129 810 5186 velamine
858 5137 1146 5200 tegeretur,
1193 5145 1351 5202 quam
1399 5131 1529 5187 fides
1574 5132 1968 5189 Catholicorum
1999 5148 2066 5190 ne
2094 5149 2126 5190 a
2231 5130 2436 5186 dicibus
2462 5129 2756 5186 eruuntur?
2786 5129 2898 5183 Duo
2924 5129 3065 5184 enim
3096 5129 3233 5184 bona
3265 5128 3397 5183 fiunt
3434 5128 3586 5199 hujus
3620 5136 3690 5177 vet

547 5220 964 5277 Priscillianistis
988 5223 1368 5280 mentientibus
1397 5223 1720 5293 laudaretur,
1765 5241 1792 5281 a
1838 5225 2128 5283 Catholicis
2233 5223 2377 5280 tione
2419 5221 2702 5288 mendacii,
2735 5230 2792 5276 ut
2834 5231 2890 5276 et
2927 5222 3148 5292 pecunia
3193 5229 3436 5277 sumatur
3474 5218 3611 5275 unde
3649 5207 3738 5290 inolf

546 5313 888 5369 credentibus
929 5323 1234 5385 negaretur.
1262 5315 1392 5370 Nam
1420 5317 1465 5371 si
1496 5326 1773 5388 propterea
1809 5318 1952 5389 justa
1980 5328 2127 5387 sunt,
2231 5316 2422 5380 alatur,
2445 5315 2672 5386 etjudcx
2699 5314 2907 5369 fallatur
2923 5328 2989 5369 ne
3009 5314 3170 5368 homo
3187 5314 3453 5384 puniatur.
3473 5311 3700 5370 Tcstame

545 5421 654 5462 non
682 5406 1104 5478 qualiacumque,
1136 5406 1229 5462 sed
1252 5407 1559 5479 blasphema
1575 5410 1867 5475 mendacia,
1887 5410 2008 5481 quia
2025 5406 2129 5465 hoc
2233 5407 2393 5463 etiam
2420 5407 2462 5461 si
2493 5406 2778 5478 possimus,
2804 5420 2899 5460 cur
2925 5421 3028 5459 non
3047 5419 3169 5460 vera
3196 5404 3592 5476 supprimimus,
3609 5393 3708 5452 etfa

545 5499 728 5556 animo
753 5497 885 5555 fiunt
909 5506 968 5554 ut
997 5498 1189 5554 occulti
1231 5499 1471 5556 hmretici
1499 5501 1843 5574 detegantur;
1876 5513 2129 5573 poterunt
2234 5499 2599 5569 supponimus,
2629 5508 2683 5553 ut
2711 5497 3047 5554 luereditates
3086 5499 3169 5554 vel
3219 5499 3388 5570 legata
3431 5511 3536 5553 non
3583 5490 3664 5549 bal

545 5589 650 5646 isto
671 5590 850 5658 modo,
872 5591 915 5646 si
944 5589 1133 5646 eodem
1157 5591 1335 5646 animo
1358 5591 1505 5658 fiant,
1529 5601 1673 5650 casta
1699 5609 1818 5651 esse
1843 5595 2124 5652 adulteria.
2235 5591 2452 5664 indigni,
2485 5593 2570 5664 qui
2603 5592 2733 5647 nihil
2760 5607 2823 5649 ex
2851 5592 2928 5648 eis
2951 5601 3238 5663 operantur
3265 5593 3423 5660 boni;
3453 5589 3548 5648 sed
3567 5588 3614 5642 hi
3631 5577 3718 5654 poti

545 5683 682 5748 Quid
709 5685 752 5740 si
781 5684 922 5740 enim
950 5698 1018 5740 ex
1041 5699 1266 5740 numero
1287 5684 1805 5742 Priscillianistarum
1830 5688 2125 5758 impudica-

545 5789 666 5830 rum
693 5775 866 5847 aliqua
897 5776 1093 5832 femina
1124 5777 1326 5850 iujiciat
1351 5780 1560 5835 oculum
1590 5781 1644 5838 in
1671 5780 1991 5838 catholicum
2036 5780 2127 5838 Jo-
2231 5772 2670 5882 l)0:|:“:,h’3'é‘3~:9»
2707 5759 2802 5822 ηοά
2822 5768 3021 5822 emimus
3049 5783 3066 5822 ἔ
3093 5778 3143 5822 ει
3166 5770 3422 5830 inhio“).
3443 5764 3679 5822 ιήιθηάων

609 5886 628 5918 ι
661 5887 735 5939 Sic
753 5892 858 5940 Itast
893 5883 1013 5940 ΗΕιί
1033 5896 1213 5956 autem,
1235 5903 1329 5945 non
1348 5891 1598 5946 ueraciter.
2297 5895 2318 5930 ³
2351 5883 2536 5951 Aliquot
2558 5902 2687 5948 Mss..
2710 5894 2758 5946 in
2782 5893 3117 5951 blasphemiam
3144 5893 3424 5960 fornictmtc.

3695 5155 3750 5274 ἓ

3701 5274 3748 5520 i
