3930 6368
187 385 292 448 ὗίθ

199 516 232 558 a
253 500 434 572 quibus
451 502 768 560 esurientes
793 509 1101 574 pascuntur,
1128 495 1256 554 nudi
1280 494 1598 560 vestiuntur,
1627 505 1786 562 perc-

195 593 322 663 griui
350 593 751 664 suscipiuntur,
785 592 981 664 captivi
1010 589 1361 654 redimuntur,
1393 583 1633 642 ecclesiae
1661 596 1788 636 con-

189 685 506 740 struuntur?
534 684 652 741 Cur
677 687 824 742 enim
852 699 960 741 non
986 683 1117 738 [iant
1142 682 1234 737 illa
1259 680 1396 735 mala
1424 687 1639 749 preptcr
1671 674 1790 730 hinc

190 777 348 846 bona,
379 778 427 833 si
458 787 690 849 propter
714 778 831 834 haec
868 779 1008 834 bona
1033 790 1135 832 nec
1161 775 1250 830 illa
1288 782 1412 829 sunt
1440 770 1611 827 mala?
1639 768 1784 825 Jam-

193 886 319 927 vero
339 872 383 926 si
402 872 608 943 aliqua:
637 871 932 927 immunda:
955 880 1011 926 et
1034 869 1223 925 divites
1253 866 1466 923 feminae
1503 863 1784 920 videantur

197 973 464 1018 amatores
490 971 546 1019 et
572 971 911 1034 stupratores
952 976 1079 1018 suos
1125 961 1341 1030 insuper
1383 959 1653 1023 ditaturm;
1695 969 1791 1011 cur

197 1069 297 1110 non
327 1063 382 1110 et
406 1054 510 1110 has
526 1067 710 1126 partes
724 1066 886 1126 atque
910 1063 1054 1111 artes
1074 1053 1329 1123 suscipiat
1353 1051 1432 1106 vir
1458 1049 1781 1114 misericors,

195 1146 384 1216 quibus
415 1162 520 1218 pro
564 1158 673 1203 tam
722 1148 862 1204 bona
905 1163 1067 1205 causa
1095 1155 1294 1213 utatur,
1327 1154 1384 1200 ut
1413 1145 1606 1200 habeat
1647 1141 1786 1197 unde

197 1239 562 1310 indigentibus
592 1240 877 1311 largiatur;
904 1255 1004 1296 nec
1040 1239 1220 1295 audiat
1247 1236 1562 1308 Apostolum
1605 1234 1789 1290 dicen-

199 1340 325 1399 tem,
358 1333 464 1401 Qui
493 1334 786 1404 furabatur,
812 1336 928 1405 jam
952 1351 1052 1388 non
1075 1334 1303 1403 furatur;
1330 1331 1491 1402 magis
1514 1338 1681 1383 autem
1710 1327 1789 1381 la-

199 1423 330 1480 boret
351 1441 581 1496 operam
606 1427 840 1481 manibus
866 1425 971 1481 suis
999 1425 1202 1492 bonum,
1244 1431 1300 1477 ut
1341 1422 1516 1477 habeat
1540 1419 1673 1475 unde
1696 1417 1790 1472 tri-

192 1520 339 1574 buere
362 1519 378 1551 ³
409 1521 496 1574 cui
525 1535 659 1590 Opus
685 1529 758 1574 est
783 1518 1002 1590 (Ephes.
1047 1533 1123 1586 tv,
1175 1515 1308 1590 28)?
1349 1516 1405 1572 Si
1442 1513 1657 1585 quidem
1686 1527 1790 1567 non

191 1611 369 1668 solum
401 1612 586 1682 ipsum
610 1611 837 1680 furtum,
867 1627 1053 1667 verum
1098 1611 1259 1666 etiam
1303 1609 1496 1664 falsum
1547 1607 1790 1663 testimo-

193 1702 364 1766 nium,
397 1708 457 1756 et
481 1700 834 1768 adulterium,
879 1711 932 1756 et
959 1715 1119 1757 omne
1146 1715 1281 1771 opus
1308 1699 1505 1754 malum
1536 1713 1642 1752 non
1687 1697 1792 1752 erit

193 1793 424 1861 malum,
455 1791 557 1848 sed
585 1792 808 1856 bonum,
853 1793 898 1848 si
940 1807 1000 1847 ea
1030 1806 1188 1848 causa
1219 1800 1571 1864 perpetretur,
1622 1798 1679 1844 ut
1719 1789 1790 1843 sit

194 1882 340 1938 unde
361 1881 460 1937 fiat
478 1882 703 1938 bonum.
731 1883 863 1952 Quis
888 1882 989 1938 ista
1011 1883 1171 1950 dicat,
1195 1883 1295 1937 nisi
1317 1882 1407 1952 qui
1427 1895 1514 1936 res
1534 1880 1794 1935 humanas

192 1989 511 2045 omnesque
537 1983 758 2030 conatur
775 1989 954 2031 mores
978 1976 1230 2046 legesque
1266 1971 1614 2029 subvertere?
1639 1970 1793 2040 Quod

201 2067 359 2122 cnim
381 2066 852 2122 sceleratissimum
873 2067 1100 2134 liacinus,
1130 2067 1270 2138 quod
1304 2065 1667 2136 turpissimum
1693 2062 1793 2118 fla-

203 2158 434 2228 gilium,
459 2158 608 2227 quod
648 2158 1005 2229 impiissimum
1055 2159 1391 2229 sacrilegium
1439 2173 1545 2213 non
1591 2156 1796 2213 dicatur

203 2264 374 2322 posse
403 2250 525 2312 fieri
555 2258 699 2307 recte
720 2260 873 2323 atque
893 2251 1065 2323 justo;
1095 2266 1193 2307 nec
1222 2250 1437 2321 impune
1464 2259 1690 2314 tantum,
1711 2264 1798 2304 ve-

195 2355 320 2397 rum
348 2341 519 2397 etiam
548 2342 798 2412 gloriose,
827 2352 885 2398 ut
909 2343 962 2398 in
992 2357 1058 2398 co
1086 2341 1461 2414 perpetrando,
1484 2355 1588 2397 non
1611 2339 1784 2396 solum

189 2433 465 2504 supplicia
495 2433 647 2489 nulla
683 2435 991 2502 timeantur,
1015 2434 1109 2491 sed
1129 2442 1412 2504 sperentur
1438 2441 1494 2489 et
1529 2431 1751 2504 prmmia
1777 2449 1790 2486 :

187 2527 234 2584 si
277 2526 460 2583 semel
489 2528 923 2584 concesserimus
965 2530 1020 2584 in
1063 2528 1309 2584 omnibus
1348 2527 1502 2583 malis
1547 2525 1798 2596 operibus

189 2618 483 2674 hominum
507 2618 635 2676 ideo
659 2635 770 2676 non
796 2620 922 2692 quid
949 2619 1061 2690 ﬁat,
1090 2620 1188 2676 sed
1211 2634 1376 2692 quare
1400 2618 1492 2673 ﬁat
1517 2631 1638 2674 esse
1656 2631 1797 2688 (ιυωο

187 2711 460 2778 rendam;
494 2722 559 2768 ut
577 2727 937 2784 quaecumque
963 2721 1181 2784 propter
1224 2711 1392 2768 bonas
1434 2723 1622 2768 causas
1659 2709 1799 2765 l'acta

192 2802 576 2873 inveniuntur,
603 2819 710 2860 nec
739 2805 855 2875 ipsa
883 2805 1021 2859 mala
1047 2818 1167 2861 esse
1185 2802 1526 2877 judicentur?
1554 2802 1624 2856 At
1648 2800 1693 2857 si
1713 2799 1799 2871 ju-

196 2895 344 2950 stitia
375 2896 575 2951 merito
593 2897 755 2966 punit
784 2896 978 2966 furem,
1011 2897 1172 2952 etiam
1199 2895 1292 2967 qui
1315 2894 1514 2952 dixerit
1535 2902 1590 2949 et
1615 2901 1799 2949 osten-

196 2991 344 3045 derit
363 2991 492 3046 ideo
514 3006 577 3048 se
602 2991 938 3047 subtraxisse
958 2990 1223 3063 superflua
1247 2989 1418 3058 diviti,
1450 2997 1510 3044 ut
1535 2986 1802 3058 praeberet

196 3085 514 3140 necessaria
542 3085 804 3155 pauperi;
835 3085 886 3140 si
909 3085 1098 3140 merito
1119 3083 1273 3156 punit
1313 3081 1611 3149 falsarium,
1641 3081 1800 3138 ctiam

202 3181 298 3252 qui
325 3195 388 3235 se
412 3180 534 3236 ideo
555 3187 939 3236 testamentum
962 3179 1199 3235 alienum
1217 3176 1520 3246 corrupisse
1535 3172 1798 3238 docuerit,

205 3281 267 3330 ut
292 3274 385 3328 ille
413 3273 590 3328 haeres
614 3282 764 3329 esset
787 3271 878 3343 qui
903 3272 1137 3326 facturus
1164 3269 1286 3325 inde
1315 3269 1486 3324 fuerat
1506 3267 1803 3336 eleemosy-

203 3381 305 3421 uas
330 3367 535 3437 largas,
558 3379 670 3420 non
695 3364 787 3420 ille
823 3363 914 3434 qui
952 3363 1153 3427 nullas;
1182 3361 1228 3415 si
1257 3359 1448 3416 merito
1472 3357 1625 3428 punit
1649 3355 1801 3411 adul-

204 3466 413 3523 terum,
457 3457 625 3512 etiam
650 3457 740 3526 qui
776 3452 1222 3511 demonstraverit
1250 3447 1614 3507 misericordia
1640 3462 1699 3503 se
1724 3445 1805 3502 fe-

216 3549 365 3604 cisse
394 3548 733 3616 adulterium,
760 3556 818 3603 ut
843 3561 940 3618 per
964 3545 1110 3601 illam
1124 3559 1245 3600 cum
1261 3559 1365 3616 qua
1389 3541 1532 3610 fecit,
1551 3541 1618 3596 de
1633 3549 1806 3595 morte

220 3640 508 3697 hominem
525 3640 801 3708 liberaret;
823 3647 1116 3710 postremo,
1141 3645 1197 3694 ut
1221 3636 1288 3692 ad
1308 3651 1421 3692 rem
1441 3634 1510 3691 de
1535 3649 1637 3704 qua
1657 3648 1804 3703 qua:-

214 3735 327 3791 slio
348 3744 435 3789 est
464 3731 714 3803 pmpius‘
732 3730 1073 3796 accedamus,
1103 3729 1149 3784 si
1177 3727 1368 3784 merito
1390 3726 1542 3796 punit
1568 3739 1690 3780 eum
1717 3723 1806 3794 qui

218 3825 442 3884 femina:
457 3823 620 3879 alicui
637 3819 1158 3878 Priscillianistarum
1188 3815 1530 3887 turpitudinis
1557 3815 1804 3883 consciae,

221 3926 514 3990 propterea
544 3931 607 3972 se
634 3914 936 3970 adulterino
963 3911 1246 3968 concubitu
1273 3909 1503 3975 miscuit,
1545 3917 1603 3963 ut
1625 3907 1692 3963 ad
1717 3922 1810 3964 co-

225 4022 344 4064 rum
363 4007 605 4063 latebras
629 4005 969 4075 perveniret:
992 4002 1217 4058 obsecro
1244 4009 1316 4065 te,
1355 4014 1476 4054 cum
1505 3997 1648 4052 dicat
1668 3999 1811 4067 Apo-

231 4099 419 4164 stolus,
451 4097 567 4153 Nec
600 4095 875 4152 ahibeatis
912 4093 1133 4148 membra
1155 4102 1318 4147 ucstra
1356 4107 1499 4145 arma
1531 4089 1810 4158 iniquitatis

233 4202 431 4264 peccato
457 4191 640 4265 (Rom.
668 4205 742 4257 vt,
765 4188 888 4260 i3);
917 4196 973 4244 et
998 4185 1242 4243 ideonec
1264 4199 1474 4254 manus,
1504 4197 1603 4239 nec
1628 4198 1812 4252 corpo-

232 4285 309 4341 ris
332 4285 609 4356 genitalia,
651 4295 754 4337 nec
789 4280 892 4335 alia
918 4277 1159 4335 membra
1193 4276 1404 4348 flagitiis
1432 4276 1686 4331 exhibere
1713 4273 1811 4327 dc-

239 4376 483 4441 beamus,
513 4384 574 4430 ut
614 4370 1043 4429 Priscillianistas
1085 4368 1323 4424 invenire
1363 4367 1657 4438 possimus;
1687 4364 1814 4435 quid

239 4484 336 4524 nos
353 4447 554 4538 lingua,
579 4464 708 4537 quid
732 4471 901 4520 totum
924 4477 986 4518 os
1005 4471 1267 4530 nostrum,
1290 4461 1416 4531 quid
1440 4475 1695 4531 organum
1723 4473 1817 4513 vo-

239 4565 317 4618 cis
343 4559 581 4625 oll'endit,
608 4567 670 4613 ut
697 4558 813 4613 haec
838 4555 1184 4611 exhibeamus
1211 4569 1358 4610 arma
1377 4563 1615 4626 peccato,
1642 4561 1816 4609 tanto-

240 4670 340 4726 que
383 4661 626 4724 peccato,
652 4649 746 4705 ubi
786 4648 953 4703 Deum
995 4656 1257 4713 nostrum,
1297 4655 1360 4700 ut
1388 4644 1817 4701 Priscillianistas

243 4745 606 4818 apprehensus
649 4741 719 4797 ab
754 4739 1065 4812 ignorantiae
1107 4736 1451 4808 blasphemiis
1504 4739 1814 4807 cruamus',

247 4835 357 4891 sine
384 4833 731 4892 excusatione
753 4829 1068 4902 ignorantite
1089 4827 1550 4899 blasphememus?

313 4925 541 4983 CAPUT
578 4923 716 4979 Vill.
755 4951 827 4963 --
863 4920 953 4978 19.
979 4919 1246 4976 Peccatum
1290 4936 1396 4974 esse
1441 4936 1502 4976 ea:
1549 4921 1821 4976 intentione

249 5017 386 5072 aliud
427 5015 533 5070 alio
578 5014 735 5068 levius
752 5030 771 5078 ;
809 5029 912 5067 non
955 5020 1123 5066 tamen
1165 5011 1448 5082 faciendum
1483 5011 1658 5078 levius,
1688 5012 1821 5082 quod

247 5124 382 5179 sirpe
406 5107 618 5162 alterius
641 5105 837 5177 generis
861 5113 1066 5175 peccato
1088 5102 1289 5175 gravius
1311 5112 1405 5158 est.
1427 5102 1575 5158 Dicet
1598 5096 1819 5174 aliquis:

248 5199 390 5271 Ergo
407 5197 701 5270 :equandus
726 5204 812 5253 est
836 5195 924 5250 fur
955 5193 1176 5265 quilibet
1199 5195 1248 5250 ei
1273 5193 1376 5249 furi
1404 5194 1491 5264 qui
1518 5195 1824 5250 misericor-

245 5291 352 5347 dia:
377 5291 654 5346 voluntate
693 5285 935 5343 furatur?
962 5285 1092 5354 Quis
1119 5287 1222 5342 hoc
1248 5286 1471 5342 dixerit?
1499 5285 1606 5342 Sed
1634 5287 1825 5343 horum

245 5383 474 5439 duorum
502 5396 614 5437 non
641 5379 763 5436 ideo
792 5389 876 5435 est
902 5379 1180 5451 quisquam
1203 5379 1393 5445 bonus,
1425 5378 1549 5448 quia
1574 5378 1724 5450 pejor
1746 5387 1828 5434 est

247 5488 407 5528 unus.
443 5473 608 5542 Pejor
644 5480 728 5527 est
767 5471 912 5525 enim
953 5471 1045 5541 qui
1083 5468 1524 5541 concupiscendo,
1553 5484 1711 5540 quam
1737 5469 1827 5540 qui

248 5564 558 5621 miserando
578 5562 788 5618 furatur
812 5579 827 5617 :
849 5560 945 5617 sed
965 5561 1010 5616 si
1037 5561 1234 5617 furtum
1255 5577 1412 5617 omne
1432 5569 1704 5632 peccatum
1723 5572 1829 5630 est,

249 5658 323 5714 ab
345 5658 493 5715 omni
518 5656 666 5712 furto
696 5665 778 5713 est
805 5655 1197 5712 abstinendum.
1223 5656 1352 5726 Quis
1376 5656 1516 5714 enim
1543 5656 1684 5714 dicat
1711 5671 1830 5714 esse

315 5795 334 5826 ί
369 5795 444 5844 Sic
465 5801 577 5844 Mss.
598 5794 718 5842 rma
739 5804 881 5851 vero,
905 5792 1030 5844 unde
1051 5791 1244 5844 tribuat.

315 5857 338 5890 ¹
367 5855 466 5909 Soli
485 5856 628 5917 editi,
650 5865 907 5906 certemus.

1611 369 1814 428 LIBER
1852 367 2047 428 UNUS.

3369 386 3480 447 530

1896 489 2245 566 peccandum,
2267 493 2475 554 etiamsi
2499 496 2642 553 aliud
2662 498 2730 555 sit
2749 499 3070 569 damnabile,
3095 501 3240 560 aliud
3262 505 3473 562 veniale

1895 586 2203 653 peccatum?
2233 586 2386 644 Nunc
2427 599 2604 646 autem
2641 593 2962 663 quaerimus,
2993 596 3038 652 si
3078 595 3181 652 hoc
3219 606 3312 654 aut
3339 597 3478 656 illud

1893 680 2118 751 quisque
2137 681 2340 752 fecerit,
2361 683 2480 757 quis
2506 698 2612 739 non
2638 686 2898 755 peccabit,
2924 688 3037 744 sive
3063 690 3337 760 peccabit;
3361 707 3472 746 non

1894 770 2013 842 quis
2036 773 2249 843 gravius
2279 774 2514 831 lcviusve
2541 776 2798 846 peccabit.
2823 777 2956 833 Nam
2996 789 3050 835 et
3088 781 3200 852 ipsa
3229 782 3370 838 furta
3397 782 3474 838 le-

1894 866 2011 920 vius
2037 867 2217 938 utique
2246 869 2532 938 puniuntur
2553 869 2693 941 lege,
2715 885 2873 941 quam
2898 880 3080 943 stupra
3105 890 3118 926 :
3140 884 3264 932 sunt
3287 884 3470 931 autem

1894 966 2117 1029 utraque
2138 968 2374 1030 peccata,
2401 961 2645 1032 quamvis
2669 961 2774 1016 alia
2811 961 3028 1029 leviora,
3058 963 3159 1018 alia
3186 965 3472 1035 graviora;

1895 1051 1967 1106 ita
2011 1061 2068 1106 ut
2107 1052 2274 1108 levius
2313 1053 2570 1109 habeatur
2606 1053 2806 1110 furtum
2843 1056 2986 1126 quod
3021 1057 3471 1127 concupiscendo,

1894 1158 2052 1213 quam
2084 1152 2325 1214 stuprum
2351 1145 2493 1216 quod
2520 1145 2883 1202 subveniendo
2902 1147 3269 1204 committitur.
3293 1150 3351 1204 ln
3372 1165 3474 1206 suo

1894 1235 2086 1306 quippe
2115 1251 2310 1306 genere
2347 1237 2464 1293 aliis
2493 1236 2732 1308 ejusdem
2761 1239 2974 1309 generis
3000 1240 3234 1312 peccatis
3271 1239 3474 1296 leviora

1895 1328 2046 1393 fiunt,
2073 1345 2191 1398 qua:
2223 1329 2364 1386 bono
2395 1330 2574 1386 animo
2603 1330 2846 1386 videntur
2871 1331 3112 1399 admitti;
3142 1347 3264 1390 cum
3293 1341 3475 1391 taiucn

1895 1431 1950 1477 et
1975 1421 2088 1497 ipsa
2117 1421 2335 1477 alterius
2361 1422 2575 1492 generis
2603 1424 2838 1493 peccatis
2875 1424 2993 1494 ipso
3029 1440 3128 1481 suo
3160 1440 3357 1495 genere
3397 1425 3477 1482 le~

1895 1513 2134 1570 viorihus
2161 1513 2496 1570 inveniantur
2520 1529 2642 1571 esse
2669 1518 2931 1585 graviora.
2963 1515 3190 1572 Gravius
3217 1526 3300 1572 est
3327 1517 3474 1572 enim

1896 1606 2148 1675 avaritia,
2180 1622 2340 1678 quam
2379 1607 2742 1664 misericordia
2774 1607 2970 1664 furtum
2999 1608 3207 1676 facere;
3242 1609 3477 1680 itemque

1897 1708 2138 1770 stuprum
2164 1700 2378 1770 gravius
2404 1709 2488 1756 est
2515 1701 2744 1767 luxuria,
2773 1716 2933 1771 quam
2961 1701 3476 1770 misericordiaper-

1897 1803 2106 1864 petrare
2125 1812 2139 1848 :
2159 1801 2211 1849 et
2236 1803 2410 1851 tamen
2430 1795 2640 1866 gravius
2661 1803 2744 1851 est
2761 1794 3060 1852 adulterare
3083 1794 3474 1861 misericordia,

1897 1901 2058 1956 quam
2096 1886 2260 1942 furari
2300 1886 2538 1942 avaritia.
2560 1885 2743 1955 Neque
2767 1901 2909 1942 nunc
2935 1887 3109 1957 agitur
3135 1885 3262 1957 quid
3291 1889 3362 1941 sit
3392 1885 3474 1940 le-

1897 1979 2014 2035 vius
2037 1979 2149 2034 sive
2175 1978 2408 2049 gravius,
2437 1979 2531 2035 sed
2559 1994 2676 2050 qua:
2701 1980 2807 2035 sint
2839 1988 3058 2051 peccata
3087 1979 3172 2035 vel
3201 1993 3306 2034 non
3345 1978 3474 2034 sint.

1898 2068 2067 2124 Nemo
2090 2069 2231 2124 enim
2258 2069 2451 2125 dixerit
2479 2069 2725 2125 debuisse
2752 2069 2981 2139 peccari,
3011 2069 3099 2124 ubi
3119 2076 3328 2124 constat
3356 2082 3477 2124 esse

1900 2171 2174 2232 peccatum
2206 2180 2220 2216 :
2252 2162 2348 2218 sed
2372 2161 2568 2218 debere
2597 2161 2851 2229 dicimus,
2881 2161 2928 2217 si
2966 2161 3038 2216 ita
3069 2160 3153 2216 vel
3188 2161 3262 2216 ita
3291 2173 3478 2230 pecca-

1900 2262 2011 2309 tum
2038 2261 2136 2318 cst,
2162 2253 2360 2323 ignosci
2390 2254 2475 2308 vel
2501 2269 2608 2308 non
2637 2253 2862 2324 ignosci.

1970 2345 2197 2400 CAPUT
2233 2344 2324 2400 1X.
2353 2375 2423 2386 —
2446 2345 2536 2401 20.
2565 2344 2786 2400 Peccata
2821 2343 3192 2415 compensativa
3233 2358 3320 2397 nec
3363 2342 3479 2412 ipsa

1900 2437 2208 2491 admittenda
2237 2453 2359 2490 esse.
2380 2435 2428 2489 F
2429 2445 2594 2490 actum
2609 2435 2740 2491 Loth
2769 2435 3024 2503 offerentis
3049 2436 3185 2504 ﬁlias
3211 2451 3331 2490 suas
3355 2451 3475 2489 con—

1902 2528 2266 2598 stupratoribus
2295 2527 2592 2583 Sodomitis.
2626 2525 2933 2597 Emetitplum
2967 2525 3099 2582 Loth
3139 2528 3318 2581 timore
3357 2535 3477 2582 tunc

1902 2620 2178 2691 perturbati
2214 2636 2314 2675 non
2358 2619 2675 2674 imitandum.
2715 2619 2826 2674 Nec
2853 2620 3138 2691 exemplum
3157 2619 3330 2676 David
3373 2636 3481 2690 pra!

1901 2714 1980 2768 ira
2003 2715 2250 2784 jurantis.
2283 2714 2416 2780 Quid
2442 2713 2631 2781 David,
2669 2713 2863 2785 quidve.
2884 2714 2983 2785 ipsi
3021 2711 3152 2768 Loth
3193 2713 3482 2784 faciendun:

1903 2808 2087 2878 fuerat.
2106 2807 2238 2862 Loth
2258 2826 2287 2861 a
2314 2817 2514 2878 peccato
2534 2806 2734 2878 defendi
2749 2806 2998 2877 quomodo
3016 2808 3100 2862 via;
3119 2807 3296 2878 possit.
3318 2804 3482 2861 Facta

1903 2918 1938 2956 ιι
1973 2901 2157 2956 sanctis
2202 2917 2303 2956 non
2344 2900 2513 2955 omnia
2558 2900 2612 2954 in
2652 2916 2813 2955 mores
2860 2899 3228 2969 transferenda.
3255 2897 3478 2964 Verum,

1905 2994 2047 3066 quod
2094 2993 2368 3050 fatendum
2413 3002 2518 3062 est,
2563 2993 2636 3048 ita
2680 2993 2942 3050 humanos
2983 2993 3190 3051 animos
3237 2993 3483 3065 quaadaui

1905 3086 2302 3157 compensativa
2332 3094 2548 3156 peccata
2587 3086 2920 3155 perturbant,
2954 3094 3014 3140 ut
3039 3085 3201 3142 etiam
3232 3093 3485 3156 putentur

1907 3176 2102 3232 debere
2128 3175 2356 3242 laudari,
2385 3190 2448 3230 ac
2493 3175 2667 3246 potius
2705 3183 2848 3231 recte
2885 3174 3026 3231 facta
3058 3176 3322 3232 dicantur.
3356 3175 3487 3243 Quis

1906 3267 2049 3324 enim
2091 3266 2297 3322 dubitet
2334 3281 2456 3322 esse
2496 3265 2696 3336 grande
2735 3275 3040 3336 peccatum,
3071 3266 3118 3320 si
3155 3276 3308 3336 pater
3347 3265 3487 3322 tilias

1907 3372 2033 3413 suas
2070 3356 2352 3427 prostituat
2394 3354 2833 3411 fornicationibus
2866 3355 3185 3425 impiorum?
3213 3355 3280 3410 Et
3308 3365 3487 3410 tamen

1910 3449 2112 3507 exstitit
2136 3461 2297 3504 causa
2325 3461 2427 3519 qua
2451 3445 2556 3502 hoc
2580 3446 2661 3501 vir
2680 3445 2856 3516 juStus
2873 3445 3069 3501 debere
3088 3459 3146 3500 se
3169 3444 3349 3503 facere
3373 3447 3490 3502 cxi-

1908 3540 2176 3607 stimaret,
2211 3539 2425 3610 quando
2455 3537 2743 3594 Sodomitac
2779 3535 2985 3595 nefario
3018 3537 3249 3594 libidinis
3285 3538 3489 3609 impetu

1909 3629 2206 3701 hospitibus
2240 3631 2357 3701 ejus
2400 3629 2690 3686 irruebant.
2713 3629 2804 3683 Ait
2829 3627 2971 3683 enim
3002 3645 3015 3680 :
3049 3628 3183 3683 Sunt
3221 3628 3345 3682 mihi
3373 3628 3489 3683 dua:

1912 3721 2034 3792 ﬁlia:
2074 3737 2189 3792 qua:
2231 3738 2332 3776 non
2367 3731 2700 3793 cognoverunt
2731 3719 2893 3774 virum
2914 3737 2932 3774 :
2957 3720 3232 3790 producam
3269 3721 3384 3775 illas
3421 3720 3490 3775 ad

1912 3831 2030 3883 vos,
2055 3824 2101 3870 et
2126 3814 2322 3869 utimini
2359 3815 2430 3869 eis
2461 3813 2710 3886 quomodo
2747 3813 2988 3884 placuerit
3022 3814 3196 3878 vobis;
3216 3821 3410 3868 tantum
3435 3815 3490 3868 in

1912 3909 2044 3963 viros
2082 3909 2204 3964 istos
2238 3925 2299 3963 nc
2336 3908 2534 3979 faciatis
2567 3907 2816 3976 iniquum,
2840 3917 3102 3976 propterea
3124 3907 3244 3980 quia
3267 3907 3490 3961 intraue-

1913 4011 2032 4057 runt
2060 4001 2150 4058 sub
2181 4012 2362 4056 tectum
2394 4002 2647 4073 tignorum
2672 4017 2896 4055 meorum
2927 3997 3076 4068 (Gen.
3106 4014 3217 4066 nx,
3244 3997 3321 4070 8).
3353 3998 3494 4066 Quid

1918 4094 2001 4151 hic
2039 4095 2314 4152 diccums?
2343 4094 2532 4150 Nonne
2570 4095 2639 4149 ita
2671 4093 2799 4149 illud
2835 4093 3011 4150 scelus
3041 4092 3182 4163 quod
3205 4091 3497 4148 Sodomita:

1919 4187 2214 4257 hOSpitibus
2232 4188 2370 4242 illius
2384 4187 2483 4242 viri
2501 4187 2630 4257 justi
2649 4185 2825 4242 facere
2844 4186 3175 4242 conabantur
3188 4184 3494 4250 horremus,

1920 4289 1978 4334 ut
2003 4279 2255 4350 quidquid
2285 4278 2435 4334 ﬁeret
2461 4293 2531 4334 ne
2559 4279 2662 4334 hoc
2687 4279 2860 4345 fieret,
2883 4277 3202 4338 arbitremur
3228 4275 3393 4332 fuisse
3417 4276 3498 4330 fa—

1919 4370 2200 4427 ciendum?
2240 4369 2416 4424 Movet
2458 4370 2619 4425 etiam
2664 4368 2894 4423 maxime
2941 4381 3167 4438 persona
3215 4365 3497 4431 facientis,

1921 4478 2040 4533 quac
2077 4461 2266 4517 merito
2301 4460 2518 4530 justitia:
2559 4459 2883 4516 liberabatur
2905 4473 2938 4512 a
2960 4457 3205 4514 Sodomis
3235 4474 3250 4512 :
3280 4466 3340 4512 ut
3366 4471 3502 4527 quo-

1922 4555 2062 4608 niam
2102 4551 2278 4607 minus
2307 4551 2505 4606 malum
2533 4561 2615 4606 est
2659 4549 2883 4606 feminas
2919 4565 3076 4621 quam
3110 4548 3254 4604 viros
3291 4549 3501 4620 perpeti

1923 4657 2184 4716 stuprum,
2207 4645 2368 4700 etiam
2391 4646 2490 4700 hoc
2509 4645 2574 4699 ad
2591 4644 2847 4714 justitiam
2865 4643 2994 4715 justi
3020 4642 3160 4699 illius
3180 4643 3504 4714 pertinuisse

1923 4739 2149 4803 dicatur,
2192 4738 2333 4808 quod
2374 4736 2429 4793 in
2473 4735 2683 4791 ﬁliabus
2724 4735 2826 4790 hoc
2866 4734 3052 4789 maluit
3091 4733 3207 4789 fieri
3245 4748 3404 4805 quam
3447 4733 3503 4788 iu

1925 4830 2222 4902 hospitibus
2251 4830 2392 4896 suis;
2426 4844 2532 4885 non
2570 4837 2774 4883 tantum
2801 4826 2855 4883 id
2877 4826 3065 4883 volens
3091 4824 3288 4890 animo,
3316 4839 3504 4882 verum

1926 4931 1981 4978 et
2006 4920 2235 4978 offerens
2263 4919 2447 4988 verbo,
2474 4918 2602 4974 etsi
2631 4917 2707 4973 illi
2748 4915 2953 4974 assensi
2989 4915 3213 4971 fuissent
3253 4913 3502 4983 impletu-

1926 5028 2020 5070 rus
2049 5020 2103 5067 ct
2129 5009 2286 5066 facto.
2313 5009 2419 5066 Sed
2448 5009 2495 5065 si
2521 5008 2658 5063 hanc
2684 5006 2918 5078 peccatis
2952 5003 3318 5076 aperuerimus
3343 5003 3504 5069 viam,

1930 5113 1990 5158 ut
2031 5101 2423 5159 committamus
2449 5102 2654 5157 minora
2679 5114 2749 5156 nc
2777 5099 2865 5154 alii
2893 5098 3094 5169 majora
3134 5095 3506 5160 committant;

1932 5194 2038 5250 lato
2065 5195 2252 5261 limite,
2280 5194 2389 5250 imo
2415 5194 2562 5249 nullo
2587 5193 2772 5257 limite,
2801 5191 2899 5247 sed
2927 5187 3193 5246 convulsis
3213 5195 3269 5241 et
3287 5186 3510 5242 remotis

1933 5287 2180 5344 omnibus
2207 5286 2445 5342 terminis
2475 5285 2679 5339 infinito
2704 5281 2874 5354 spatio
2900 5290 3089 5338 cuncta
3131 5277 3403 5334 intrabunt
3426 5286 3509 5331 at-

1933 5393 2039 5450 que
2059 5378 2370 5448 regnabant.
2393 5375 2614 5445 Quando
2638 5374 2780 5430 enim
2807 5372 2966 5428 fuerit
2989 5371 3263 5429 deﬁnitum
3284 5381 3513 5440 peccan-

1935 5471 2061 5527 dum
2107 5484 2226 5525 esse
2266 5468 2468 5525 homini
2509 5466 2705 5532 minus,
2745 5479 2814 5521 uc
2851 5464 2989 5519 alius
3027 5469 3209 5533 peccet
3246 5456 3510 5524 amplius;

1937 5562 2174 5635 profecto
2215 5570 2270 5616 et
2309 5558 2461 5616 furtis
2499 5557 2696 5613 nostris
2735 5565 2916 5626 stupra
2957 5552 3289 5609 cavebantur
3315 5545 3511 5635 aliena,

1939 5633 1994 5711 et
2019 5656 2216 5709 incesta
2241 5650 2473 5721 stupris;
2496 5658 2550 5704 ct
2575 5649 2618 5702 si
2646 5660 2748 5718 qua
2776 5643 3019 5712 impietas
3041 5641 3151 5694 visa
3178 5635 3334 5692 fuerit
3353 5633 3517 5689 etiam

1942 5749 2091 5819 pejor
2140 5744 2388 5810 incestis,
2431 5742 2630 5797 incesta
2679 5752 2889 5809 quoque
2928 5729 3167 5790 facienda
3205 5729 3445 5784 dicentur
3482 5739 3518 5780 δ

1946 5840 2118 5908 nobis,
2150 5839 2194 5897 si
2221 5853 2288 5897 eo
2312 5835 2474 5899 modo
2500 5833 2588 5906 agi
2614 5831 2906 5904 potuerint,
2941 5837 2997 5889 ut
3023 5827 3110 5888 illa
3135 5822 3386 5896 itupietas
3408 5832 3517 5878 non
