3930 6368
482 364 606 425 381,

478 482 843 540 committatur
865 478 935 538 ab
964 479 1119 537 aliis:
1146 486 1202 536 et
1229 479 1283 535 in
1312 476 1534 550 singulis
1561 477 1858 549 quibusque
1893 489 2061 547 gene-

479 577 632 634 ribus
660 585 1023 648 peccatorum,
1057 583 1113 630 et
1151 573 1290 630 furta
1328 587 1429 645 pro
1471 572 1643 639 furtis,
1672 579 1728 627 et
1756 580 1939 642 stupra
1967 584 2064 641 pro

478 671 698 742 stupris,
720 678 776 727 et
803 670 1007 726 incesta
1033 682 1132 740 pro
1154 667 1395 736 incestis,
1423 675 1477 723 et
1516 666 1791 736 sacrilegia
1831 680 1929 735 pro
1974 678 2063 719 sa-

478 763 713 835 crilegiis
736 762 979 820 facienda
1008 762 1332 834 putabuntur
1355 779 1368 817 :
1391 771 1571 817 nostra
1604 777 1701 832 pro
1724 761 1934 827 alienis,
1958 774 2064 815 non

478 856 651 911 solum
681 856 888 912 minora
913 869 1011 927 pro
1037 854 1348 925 maioribus,
1376 868 1560 908 verum
1592 852 1752 907 etiam
1780 851 1825 907 si
1855 850 1919 906 ad
1948 851 2063 921 ipsa

476 966 687 1007 summa
724 959 781 1007 et
818 950 1049 1022 pessima
1084 950 1348 1015 veniatur,
1378 947 1625 1018 pauciora
1657 960 1752 1017 pro
1788 946 2061 1016 pluribus;

476 1045 522 1099 si
552 1059 610 1101 se
649 1045 725 1101 ita
752 1058 932 1101 rerum
965 1052 1146 1100 verset
1183 1042 1451 1107 incursus,
1484 1050 1542 1096 ut
1568 1040 1724 1096 aliter
1752 1040 1840 1094 alii
1871 1054 1975 1095 non
2005 1054 2065 1096 se

480 1138 783 1193 abstineant
800 1146 831 1192 a
850 1136 1107 1208 peccatis,
1130 1134 1233 1191 nisi
1254 1135 1430 1190 minus
1448 1133 1741 1205 aliquanto,
1765 1132 1858 1189 sed
1884 1140 2064 1217 tamen

474 1231 821 1301 peccantibus
831 1229 985 1287 nobis
997 1246 1011 1296 ;
1022 1230 1099 1284 ita
1109 1236 1169 1284 ut
1183 1227 1403 1284 omnino
1422 1226 1511 1282 ubi
1523 1225 1716 1282 dixerit
1727 1225 1971 1281 inimicus
1986 1223 2063 1297 (a)

478 1322 567 1391 qui
600 1321 843 1377 habuerit
868 1320 1172 1392 huiusmodi
1199 1327 1516 1392 potestatem
1543 1318 1589 1385 ³,
1611 1317 1723 1373 Nisi
1750 1326 1807 1372 tu
1836 1318 2066 1373 scelera-

480 1421 566 1468 tus
598 1412 780 1482 fueris,
811 1426 912 1485 ego
940 1412 1251 1469 sceleratior
1279 1424 1394 1477 ero,
1426 1418 1518 1465 aut
1544 1411 1646 1465 nisi
1674 1419 1730 1465 tu
1758 1409 1859 1464 hoc
1887 1408 2063 1464 scelus

477 1506 691 1571 feceris,
714 1520 815 1578 ego
841 1505 965 1561 talia
986 1505 1139 1577 plura
1163 1504 1388 1570 faciam;
1412 1502 1589 1559 scelus
1616 1502 1769 1558 nobis
1789 1502 2064 1557 videamur

476 1597 781 1666 admittere,
817 1598 863 1653 si
899 1597 1125 1654 velimus
1155 1596 1223 1651 ab
1252 1596 1455 1653 scelere
1484 1604 1801 1665 temperare.
1833 1594 1944 1649 Hoc
1977 1609 2063 1649 sa-

474 1704 605 1761 pere
645 1690 772 1761 quid
807 1699 909 1758 est,
951 1689 1053 1746 nisi
1093 1690 1361 1761 desipere,
1388 1687 1476 1744 vel
1504 1689 1680 1759 potius
1722 1686 1989 1743 insanire?
2019 1688 2063 1741 A

475 1795 596 1835 mea
618 1781 814 1851 quippe
837 1781 1138 1852 iniquitate,
1162 1796 1270 1836 non
1296 1780 1364 1835 ab
1389 1781 1579 1845 aliena,
1608 1780 1720 1835 sive
1745 1780 1796 1834 in
1820 1795 1927 1848 me,
1951 1780 2064 1836 sive

474 1870 531 1925 in
561 1872 694 1929 alios
714 1882 1038 1944 perpetrata,
1062 1872 1192 1927 mihi
1213 1881 1296 1929 est
1315 1871 1551 1928 cavenda
1572 1872 1860 1927 damnatio.
1880 1872 2063 1927 Anima

472 1966 618 2022 enim
644 1975 758 2039 quae
780 1969 1078 2039 peccaverit,
1101 1968 1215 2040 ipsa
1238 1968 1481 2022 morietur
1508 1966 1720 2041 (Ezech.
1746 1981 1896 2035 xvm,
1928 1965 2007 2038 4).

545 2057 637 2114 2i.
677 2058 733 2116 Si
761 2075 891 2131 ergo
930 2075 1185 2132 peccare,
1226 2076 1293 2117 ne
1327 2061 1542 2131 gravius
1571 2060 1656 2115 vel
1684 2061 1736 2115 in
1768 2075 1866 2116 nos
1891 2060 1977 2116 vel
2008 2061 2061 2117 in

472 2152 743 2222 quoslibet
783 2153 873 2208 alii
915 2164 1160 2224 peccent,
1192 2153 1378 2225 procul
1419 2154 1580 2210 dubio
1622 2170 1726 2211 non
1765 2154 2055 2221 debemus;

472 2244 921 2301 considerandum
938 2258 1019 2303 cst
1044 2248 1096 2303 in
1118 2262 1184 2304 eo
1203 2247 1340 2318 quod
1366 2247 1662 2316 fecitLoth,
1682 2257 1858 2304 utrum
1882 2264 2061 2305 exem-

473 2336 620 2407 plum
659 2337 729 2394 sit
766 2338 908 2409 quod
948 2340 1164 2408 imitari,
1193 2355 1262 2395 an
1287 2340 1465 2411 potius
1490 2342 1634 2411 quod
1660 2342 1829 2397 vitare
1866 2340 2062 2397 debea-

472 2444 613 2485 mus.
628 2429 791 2500 Magis
809 2431 952 2485 enim
968 2431 1177 2487 videtur
1198 2432 1509 2487 intuendum
1533 2442 1587 2488 et
1607 2434 1917 2499 notandum,
1938 2448 2060 2489 cum

470 2528 582 2576 tam
619 2521 947 2578 horrendum
984 2524 1183 2579 malum
1221 2538 1291 2581 ex
1332 2525 1605 2596 impietate
1647 2527 2058 2599 flagitiosissima

470 2611 869 2669 Sodomitarum
896 2615 1008 2671 suis
1035 2615 1368 2686 impenderet
1390 2618 1707 2687 hoSpitibus,
1732 2620 1874 2690 quod
1896 2637 2058 2692 cupe-

467 2712 553 2759 ret
570 2703 860 2776 depellere,
878 2722 978 2762 nec
999 2707 1219 2775 valeret,
1248 2708 1325 2764 sic
1348 2709 1507 2764 etiam
1536 2710 1663 2781 justi
1690 2711 1926 2767 animum
1954 2729 2079 2785 p0-’

471 2796 640 2853 tuisse
666 2798 888 2865 turbari,
925 2808 985 2855 ut
1010 2800 1174 2857 vellet
1202 2801 1374 2858 facere
1410 2803 1553 2873 quod
1594 2820 1699 2859 non
1737 2805 1951 2861 humani
1992 2806 2057 2862 ti-

466 2889 636 2945 moris
664 2889 921 2948 nebulosa
950 2900 1258 2963 tempestas,
1290 2895 1383 2949 sed
1413 2895 1576 2951 divini
1603 2896 1740 2965 juris
1772 2900 2054 2970 tranquilla

466 2982 751 3050 serenitas,
791 2985 836 3039 si
875 2985 1183 3040 consulatur
1204 3001 1234 3041 a
1261 2987 1435 3055 nobis,
1473 2988 1769 3046 faciendum
1801 3007 1906 3047 non
1934 3008 2056 3051 esse

467 3074 754 3141 clamabit;
783 3084 843 3131 et
862 3077 1069 3148 iubebit
1108 3080 1284 3148 petius
1313 3088 1373 3135 ut
1399 3080 1477 3137 sic
1504 3092 1685 3137 nostra
1716 3094 1932 3153 peccata
1961 3102 2054 3142 ca-

465 3174 791 3235 veamus,ne
835 3169 1067 3225 ullorum
1110 3186 1330 3241 prorsus
1371 3173 1666 3231 alienorum
1712 3188 2051 3247 peccatorum

466 3259 661 3316 timore
680 3274 984 3332 peccemus.
1009 3264 1195 3320 Aliena
1221 3267 1417 3337 quippe
1442 3268 1530 3324 ille
1550 3271 1635 3325 vir
1654 3271 1830 3341 justus
1862 3274 2054 3331 timen-

465 3350 536 3406 do
555 3364 793 3423 peccata,
818 3370 936 3425 qua:
953 3355 1054 3411 nisi
1076 3359 1474 3416 consentientes
1497 3361 1775 3433 inquinare
1795 3381 1899 3420 non
1922 3380 2050 3437 pos-

463 3442 609 3512 sunt,
635 3447 974 3516 perturbatus
1003 3464 1107 3504 non
1138 3452 1366 3507 attendit
1386 3466 1565 3521 suum,
1590 3470 1695 3524 quo
1725 3458 1890 3513 voluit
1919 3460 2049 3515 sub-

464 3537 594 3593 dere
623 3539 757 3595 ﬁlias
785 3540 1091 3597 libidinibus
1118 3544 1422 3615 impiorum.
1444 3545 1571 3601 Haec
1591 3550 1803 3618 quando
1826 3552 1877 3605 in
1901 3552 2048 3609 Seri-

465 3630 636 3698 pturis
661 3633 859 3685 sanctis
887 3634 1133 3704 legimus,
1163 3650 1269 3690 non
1308 3636 1431 3691 ideo
1465 3638 1587 3709 quia
1618 3640 1752 3695 facta
1782 3644 2050 3701 credimus

463 3718 624 3773 etiam
650 3718 891 3775 facienda
917 3723 1199 3778 credamus
1218 3742 1233 3790 ;
1258 3741 1325 3781 ne
1343 3726 1598 3784 violemus
1616 3742 1902 3802 praecepta,
1922 3735 2049 3792 dum

462 3811 660 3881 passim
689 3820 954 3867 sectamur
978 3815 1242 3885 exempla.
1262 3817 1342 3872 An
1364 3832 1492 3874 vero
1517 3820 1638 3889 quia
1667 3821 1864 3891 juravit
1885 3826 2049 3883 David

460 3916 521 3957 se
566 3904 870 3958 occisurum
914 3920 1035 3962 esse
1078 3906 1263 3973 Nabal,
1311 3918 1365 3965 et
1411 3910 1696 3974 clementia
1738 3917 2047 3973 considera-

458 3994 595 4050 tiure
620 3996 642 4026 ¹
666 4008 775 4051 non
800 3996 928 4053 fecit
952 3999 997 4068 (l
1024 4000 1153 4072 Reg.
1185 4017 1317 4071 xxv,
1343 4003 1562 4078 ‘22-'55),
1592 4016 1870 4078 propterea
1897 4012 2045 4067 illum

455 4088 772 4144 imitandum
803 4103 922 4148 esse
941 4092 1203 4163 dicemus,
1234 4105 1292 4151 ut
1320 4104 1521 4154 temere
1546 4099 1785 4170 juremus
1808 4118 1902 4158 nos
1928 4119 2047 4160 esse

453 4178 710 4249 facturos,
732 4183 882 4253 quod
920 4198 1027 4239 non
1052 4199 1172 4243 esse
1195 4185 1495 4245 faciendum
1524 4200 1706 4261 postea
1734 4193 2046 4251 videamus?

453 4270 563 4327 Sed
590 4272 730 4330 sicut
755 4274 906 4331 illum
934 4277 1116 4345 timor,
1143 4287 1203 4335 ut
1228 4282 1551 4351 prostituere
1580 4281 1716 4340 filias
1744 4287 1933 4354 vellet;
1967 4287 2044 4343 sic

455 4366 640 4437 istam,
666 4376 729 4425 ut
754 4378 957 4429 temere
980 4372 1219 4444 iuraret,
1254 4374 1335 4431 ira
1364 4377 1613 4434 turbavit.
1638 4380 1876 4453 Denique
1906 4386 1947 4438 si
1976 4384 2044 4441 de

449 4460 715 4519 ambobus
740 4463 1121 4537 interrogando
1148 4477 1207 4524 ut
1236 4468 1477 4527 dicerent
1513 4488 1608 4528 cur
1646 4473 1760 4531 base
1799 4475 2037 4544 fecerint,

450 4553 532 4610 fas
577 4554 733 4612 nobis
782 4570 929 4617 esset
970 4561 1273 4632 inquirere,
1322 4574 1507 4635 posset
1551 4568 1640 4622 ille
1687 4571 2037 4639 respondere,

450 4645 628 4701 Timor
655 4657 702 4702 et
732 4659 917 4706 tremor
944 4660 1185 4709 venerunt
1210 4672 1363 4726 super
1386 4674 1489 4725 me,
1519 4669 1566 4713 et
1604 4669 1927 4717 contexerunt
1963 4682 2041 4718 me

451 4742 666 4797 tenebrae
704 4742 875 4812 (Psat.
899 4761 1005 4813 uv,
1038 4746 1125 4819 6);
1153 4758 1333 4818 posset
1360 4752 1519 4806 etiam
1547 4752 1728 4809 dicere
1756 4755 1877 4825 iste,
1905 4754 2058 4813 Tur-'

450 4832 598 4886 batur
619 4842 691 4887 est
710 4850 818 4905 prta
841 4834 920 4889 ira
940 4839 1115 4893 oculus
1136 4840 1278 4895 ‘meus
1302 4839 1474 4912 (Psal.
1498 4858 1571 4912 vr,
1596 4843 1653 4918 8)
1679 4863 1691 4900 :
1716 4855 1773 4901 ut
1800 4863 1903 4903 non
1932 4850 2035 4905 mi-

448 4937 693 4979 raremur
716 4925 796 4981 vel
816 4926 965 4981 illum
996 4929 1049 4984 in
1078 4930 1285 4988 timoris
1306 4934 1560 5001 tenebris,
1586 4939 1671 4994 vel
1700 4939 1858 4995 istum
1880 4943 2036 5000 oculo

450 5013 664 5070 turbato
694 5030 797 5072 non
830 5018 1027 5077 vidisse
1051 5023 1193 5094 quod
1220 5022 1506 5082 videndum
1538 5027 1671 5098 fuit,
1704 5047 1772 5088 ne
1797 5031 2036 5091 facerent

441 5107 588 5176 quod
618 5106 917 5167 faciendum
948 5128 1053 5169 non
1082 5113 1201 5170 fuit.

512 5196 605 5253 22.
648 5198 717 5257 Et
762 5211 947 5259 sancto
997 5204 1211 5276 quidem
1257 5207 1421 5265 David
1465 5210 1660 5282 iustius
1704 5215 1808 5271 dici
1858 5220 2033 5289 potuit

445 5290 587 5359 quod
628 5306 731 5348 nec
769 5292 926 5351 irasci
957 5296 1160 5367 debuit,
1194 5304 1436 5372 quamvis
1474 5304 1682 5376 ingrato
1710 5317 1763 5364 et
1790 5310 2031 5369 reddenti

444 5386 583 5441 mala
614 5401 710 5458 pro
732 5387 920 5457 bonis;
944 5391 1039 5448 sed
1066 5395 1166 5451 etsi
1195 5403 1254 5451 ut
1274 5396 1472 5455 homini
1500 5400 1578 5457 ira
1604 5404 1892 5477 subrepsit,
1922 5423 2030 5465 non

438 5478 625 5550 utique
654 5488 860 5537 tantum
890 5483 1074 5541 debuit
1103 5490 1413 5559 praevalere,
1454 5502 1513 5548 ut
1554 5509 1612 5551 se
1652 5495 1913 5554 facturum
1939 5500 2029 5571 iu-

440 5580 606 5641 raret,
636 5574 777 5647 quod
804 5585 896 5631 aut
920 5580 1191 5636 saeviendo
1220 5582 1440 5653 faceret,
1473 5596 1563 5642 aut
1592 5590 1882 5661 peierando
1921 5609 2027 5650 non

437 5662 639 5722 faceret
665 5685 677 5721 :
705 5669 781 5725 illi
807 5680 987 5729 autem
1013 5674 1152 5732 inter
1178 5676 1490 5736 libidinosas
1517 5681 1750 5743 insanias
1780 5686 2029 5743 Sodomi-

500 5759 518 5829 ξ
548 5760 770 5829 Nonnulli
792 5763 1002 5829 codices,
1026 5764 1170 5829 hujus
1191 5773 1375 5821 mtmttt‘.

497 5820 520 5893 ξ
769 5830 825 5893 At
847 5820 1230 5893 editifcleinenti
1250 5820 1649 5888 consideratione.

498 5880 570 5941 (al
603 5888 764 5946 Forte,
787 5880 995 5947 iniquus.

2148 266 2333 277 ν-.--σνι
2376 264 2401 275 σθ

1504 360 1777 419 CONTRA
1818 358 2239 431 MENDACIUM,
2281 364 2341 424 S.
2383 364 2748 424 AUGUSTlNl

3674 379 3755 440 552

2174 477 2345 532 tarum
2377 479 2666 535 constituto
2693 480 2812 551 quis
2839 481 3058 539 auderet
3084 482 3287 551 dicere,
3311 484 3537 543 Etiamsi
3567 489 3647 544 tui
3673 490 3751 545 ho-

2178 572 2342 642 spites
2369 572 2423 627 in
2454 581 2541 629 tua
2568 574 2754 643 domo,
2790 591 2897 646 quo
2935 591 3029 632 eos
3071 578 3272 635 intrare
3301 578 3637 639 humanitate
3662 585 3754 641 vio-

2177 663 2469 721 lentissima
2521 667 2859 737 compulisti,
2897 669 2964 725 ab
3011 670 3295 742 impudicis
3341 675 3670 746 apprehensi
3716 688 3753 736 et

2177 757 2419 827 oppressi
2443 758 2723 815 muliebria
2742 761 3031 831 patiantur,
3049 762 3179 818 nihil
3202 764 3415 833 timeas,
3436 766 3575 821 nihil
3596 784 3749 836 cures,

2173 863 2281 904 non
2319 864 2661 920 expavescas,
2696 866 2801 908 non
2830 852 3144 921 horrescas,
3185 871 3291 911 non
3331 862 3747 918 eontremiscas?

2174 944 2291 1014 quis
2323 944 2436 999 haec
2464 945 2547 1000 vel
2576 945 2789 1001 illorum
2830 948 3213 1003 sceleratorum
3247 951 3424 1005 socius
3456 950 3653 1021 hospiti
3684 956 3751 1023 pia

2173 1038 2351 1094 dicere
2392 1038 2649 1095 auderet?
2674 1040 2780 1096 Sed
2811 1040 2971 1111 plane
3011 1043 3309 1101 rectissime
3335 1044 3631 1113 diceretur,
3663 1049 3751 1117 Age

2171 1130 2424 1202 quidquid
2452 1140 2623 1203 potes,
2655 1148 2724 1189 ne
2752 1134 2844 1189 ﬁat
2867 1135 3009 1204 quod
3036 1137 3229 1192 merito
3250 1138 3410 1193 times
3437 1157 3450 1192 :
3474 1139 3572 1195 sed
3592 1155 3693 1195 non
3715 1151 3750 1196 te

2174 1223 2332 1278 timor
2358 1224 2457 1280 iste
2482 1226 2788 1295 compellat,
2823 1234 2882 1281 ut
2917 1226 3081 1283 facias
3108 1228 3251 1299 quod
3295 1229 3352 1285 in
3397 1245 3457 1287 se
3505 1231 3627 1287 lilia:
3666 1242 3749 1288 tua:

2171 1315 2285 1370 ﬁeri
2328 1316 2375 1371 si
2413 1317 2699 1386 voluerint,
2746 1319 2946 1375 facient
2992 1336 3111 1376 eum
3140 1321 3434 1378 Sodomitis
3465 1333 3521 1378 te
3552 1335 3749 1383 auctore

2170 1409 2494 1479 nequitiam;
2524 1410 2570 1465 si
2593 1419 2770 1466 autem
2800 1412 3090 1481 noluerint,
3122 1414 3388 1484 patientur
3415 1429 3445 1468 a
3472 1414 3748 1474 Sodomitis

2171 1508 2224 1555 te
2268 1508 2488 1558 auctore
2530 1502 2863 1559 violentiam.
2904 1504 3023 1559 Noli
3069 1505 3249 1562 facere
3293 1522 3552 1579 magnum
3596 1510 3747 1565 scelus

2171 1602 2339 1661 tuum,
2368 1594 2493 1650 dum
2525 1595 2696 1665 majus
2726 1597 2743 1627 ί
2773 1596 3043 1652 horrescis
3067 1598 3296 1653 alienum
3331 1617 3344 1654 :
3373 1601 3746 1670 quantumlibet

2168 1691 2312 1746 enim
2340 1690 2503 1747 distet
2530 1692 2669 1747 inter
2700 1701 2847 1747 tuum
2874 1701 2929 1747 et
2957 1694 3214 1762 alienum,
3242 1693 3346 1749 hoc
3372 1695 3477 1750 erit
3508 1703 3676 1763 tuum,
3697 1698 3745 1751 il.

2167 1781 2257 1838 lud
2294 1782 2545 1837 alienum.
2569 1782 2680 1837 Nisi
2710 1783 2846 1839 forte
2872 1799 2968 1854 pro
3006 1784 3321 1841 defensione
3364 1785 3529 1856 huius
3556 1787 3661 1841 «iri
3700 1788 3745 1843 in

2168 1889 2259 1930 eas
2282 1888 2340 1929 se
2362 1875 2626 1946 quispiam
2650 1883 2888 1932 coarcth
2909 1878 3201 1948 angustias,
3225 1890 3282 1932 ut
3303 1878 3447 1934 dicat
3468 1898 3481 1934 :
3501 1879 3742 1946 Quoniam

2166 1969 2411 2040 accipere
2439 1984 2597 2040 quam
2630 1970 2807 2026 facere
2836 1981 3056 2042 praestat
3092 1972 3360 2042 iniuriam,
3394 1973 3635 2045 hospites
3664 1990 3743 2029 au«

2168 2069 2272 2116 tem
2320 2060 2394 2116 illi
2434 2076 2541 2117 non
2578 2072 2731 2118 erant
2766 2064 2950 2134 utique
2986 2064 3177 2119 facturi
3218 2066 3489 2136 iniuriam,
3522 2067 3612 2122 sed
3640 2083 3743 2139 pas-

2167 2152 2275 2207 suri
2298 2154 2524 2220 ;‘maluit
2554 2154 2634 2209 vir
2658 2154 2833 2225 iustus
2864 2154 3000 2211 ﬁlias
3026 2171 3149 2212 suas
3174 2156 3423 2227 iniuriam
3450 2160 3586 2229 pati,
3606 2176 3741 2230 quam

2166 2246 2403 2315 hospites
2433 2261 2579 2315 suos,
2607 2262 2673 2303 eo
2707 2248 2826 2319 iure
2851 2264 2958 2319 quo
2988 2248 3214 2305 ﬁliarum
3242 2249 3496 2306 dominus
3532 2261 3675 2319 erat;
3699 2261 3743 2309 et

2165 2348 2386 2396 noverat
2414 2354 2519 2395 non
2548 2355 2639 2395 eas
2668 2355 2893 2411 peccaro
2912 2384 2925 2410 ,
2956 2342 3001 2397 si
3031 2341 3083 2397 id
3115 2341 3287 2411 ﬁeret,
3318 2344 3444 2414 quia
3478 2354 3742 2415 peccantes

2166 2432 2360 2502 potius,
2387 2433 2583 2503 quibus
2609 2447 2717 2488 non
2743 2436 3129 2503 consentirent,
3154 2436 3269 2493 sine
3296 2446 3525 2507 peccato
3549 2441 3739 2509 proprio

2163 2524 2508 2579 sustinerent.
2540 2524 2779 2595 Denique
2808 2543 2915 2581 non
2947 2541 3007 2583 se
3040 2530 3169 2597 ipsa:
3198 2526 3546 2599 stuprandas,
3582 2542 3740 2601 quam-

2160 2617 2242 2673 vis
2267 2631 2363 2687 pro
2390 2618 2645 2674 masculis
2673 2619 2917 2687 feminas,
2952 2636 3048 2691 pro
3074 2620 3180 2675 illis
3208 2621 3515 2693 hospitibus
3553 2623 3738 2679 obtule-

2161 2720 2304 2779 runt,
2331 2726 2398 2767 ne
2426 2726 2547 2769 reas
2574 2726 2667 2769 eas
2696 2713 2893 2769 faceret
2920 2728 3026 2769 non
3052 2715 3329 2785 perpessio
3354 2715 3595 2772 libidinis
3628 2718 3735 2773 alie-

2160 2820 2263 2872 nae,
2284 2804 2376 2861 sed
2393 2818 2503 2860 sua:
2520 2807 2803 2861 consensio
2819 2806 3127 2861 voluntatis.
3149 2805 3263 2863 Nec
3284 2815 3437 2879 pater
3452 2823 3637 2864 earum
3652 2809 3737 2865 hoc

2159 2901 2213 2956 in
2258 2915 2317 2957 se
2360 2901 2476 2958 ﬁeri
2517 2903 2877 2972 permittebat,
2908 2916 3030 2959 eum
3072 2902 3175 2959 hoc
3215 2904 3393 2961 facere
3430 2919 3735 2964 conarentur

2157 2992 2353 3064 quibus
2391 2993 2631 3065 hospites
2676 3008 2785 3050 non
2826 2995 3117 3065 prodebat;
3148 2999 3389 3068 quamvis
3416 3000 3595 3056 minus
3623 3001 3733 3057 mali

2157 3095 2300 3141 esset
2341 3085 2483 3157 quod
2533 3086 2588 3141 in
2631 3101 2761 3154 uno,
2798 3102 2957 3158 quam
3005 3089 3051 3144 si
3090 3087 3243 3145 ﬁeret
3287 3090 3343 3145 in
3387 3089 3734 3149 duobuszsed

2156 3188 2413 3249 quantum
2443 3188 2656 3250 poterat
2695 3181 2998 3250 resistebat,
3041 3198 3111 3238 ne
3149 3183 3323 3253 ipsum
3363 3192 3577 3256 queque
3612 3187 3731 3243 ullus

2157 3272 2405 3340 proprius
2435 3273 2730 3328 macularet
2757 3287 3028 3341 assensus,
3058 3289 3216 3347 quem
3247 3276 3565 3335 libidinosus
3604 3280 3729 3335 furor

2158 3366 2371 3421 etiamsi
2424 3368 2795 3438 praevaluissct
2844 3371 3088 3440 corporis
3132 3370 3371 3440 viribus,
3416 3382 3591 3430 tamen
3636 3390 3728 3429 non

2155 3460 2579 3515 consentientem
2607 3476 2713 3515 non
2742 3462 3062 3519 maculasset
3090 3464 3318 3520 alienus.
3343 3465 3400 3521 ln
3428 3466 3627 3523 ﬁliabus
3644 3481 3726 3521 au-

2158 3559 2263 3607 tem
2288 3566 2393 3607 non
2418 3554 2760 3623 peccantibus
2789 3570 2888 3610 nec
2916 3556 3031 3626 ipse
3061 3559 3332 3628 peccabat,
3367 3562 3494 3632 quia
3522 3577 3621 3617 non
3649 3576 3726 3617 eas

2154 3662 2377 3717 peccare
2407 3648 2452 3702 si
2482 3649 2912 3719 opprimerentur
2938 3651 3137 3719 invitae,
3167 3651 3261 3707 sed
3296 3662 3581 3723 peccantes
3604 3654 3725 3710 ferre

2154 3740 2376 3796 faciebat
2406 3760 2419 3796 :
2447 3750 2699 3813 tanquam
2727 3742 2771 3797 si
2796 3743 2864 3797 ab
2894 3743 3151 3814 improbis
3178 3752 3236 3799 ut
3264 3746 3346 3801 sui
3389 3748 3533 3803 servi
3571 3747 3725 3804 caede-

2154 3843 2338 3888 rentur
2362 3833 2602 3901 oﬁ‘errct,
2634 3852 2701 3891 ne
2726 3835 2967 3906 hospites
2992 3836 3106 3907 eius
3136 3846 3442 3907 paterentur
3467 3839 3625 3895 credis
3656 3841 3725 3893 in-

2149 3925 2363 3996 iuriam.
2388 3926 2464 3982 De
2493 3942 2595 3998 qua
2646 3943 2704 3983 re
2754 3943 2859 3983 non
2886 3928 3187 4000 disputabo,
3216 3931 3338 4001 quia
3381 3932 3595 4003 longum
3633 3941 3717 3995 est,

2150 4029 2328 4073 utrum
2361 4020 2443 4075 vel
2473 4020 2721 4075 dominus
2743 4022 2864 4092 iure
2894 4038 3004 4077 suae
3028 4024 3307 4095 potestatis
3333 4032 3479 4081 recte
3517 4025 3593 4081 sic
3621 4035 3721 4078 uta-

2153 4120 2237 4165 tur
2267 4112 2318 4166 in
2348 4129 2527 4181 servo,
2548 4122 2832 4170 utservum
2858 4129 3013 4169 suum
3041 4115 3170 4171 credi
3196 4115 3355 4171 faciat
3378 4106 3718 4182 innocentem,

2150 4223 2218 4261 ne
2259 4208 2461 4263 amicus
2501 4207 2617 4277 eius
2649 4207 2808 4262 etiam
2840 4209 2953 4279 ipse
2992 4208 3249 4264 innocens
3288 4209 3342 4263 in
3378 4209 3538 4265 domo
3566 4211 3671 4280 eius
3696 4225 3722 4262 a

2148 4300 2396 4355 violentis
2446 4300 2704 4371 improbis
2753 4301 2985 4372 vapulet.
3026 4299 3132 4357 Sed
3184 4311 3332 4358 certe
3378 4302 3545 4358 David
3592 4301 3721 4357 nullo

2147 4392 2310 4448 modo
2340 4402 2486 4448 recte
2514 4392 2708 4448 dicitur
2728 4395 2909 4465 iurare
2938 4394 3185 4451 debuisse
3212 4409 3270 4450 se
3300 4410 3419 4452 esse
3450 4396 3718 4461 facturum,

2146 4484 2286 4554 quod
2328 4493 2514 4556 postea
2556 4496 2807 4542 cerneret
2856 4503 2915 4543 se
2964 4486 3140 4544 facere
3190 4503 3298 4543 non
3342 4488 3557 4547 debere.
3584 4488 3719 4546 Unde

2145 4587 2353 4633 constat
2379 4579 2519 4650 quod
2549 4592 2652 4634 non
2680 4580 2859 4636 omnia
2889 4597 3010 4653 quae
3039 4596 3067 4635 a
3094 4583 3294 4639 sanctis
3314 4584 3398 4637 vel
3421 4583 3579 4654 iustis
3608 4582 3720 4636 viris

2144 4670 2369 4742 legimus
2420 4671 2593 4740 facta,
2637 4671 2929 4728 transferre
2979 4673 3237 4730 debemus
3284 4674 3337 4729 in
3387 4689 3595 4741 mores;
3636 4671 3718 4729 sed

2144 4760 2303 4821 etiam
2327 4765 2452 4820 hinc
2471 4766 2677 4821 discere
2699 4783 2857 4838 quam
2888 4767 2995 4823 late
3023 4776 3221 4839 pateat,
3245 4778 3298 4822 et
3319 4768 3386 4823 ad
3411 4784 3546 4839 quos
3568 4780 3719 4837 usque

2141 4857 2419 4928 perveniat
2445 4858 2587 4929 quod
2616 4857 2907 4929 Apostolus
2934 4860 3043 4915 ait:
3071 4858 3300 4925 Fratres,
3328 4871 3374 4914 et
3399 4862 3445 4915 si
3475 4868 3717 4932 prteoccu-

2140 4960 2287 5022 potus
2328 4953 2480 5023 fuerit
2510 4953 2659 5007 homo
2688 4953 2740 5007 in
2774 4954 2943 5023 aliquo
2971 4952 3173 5022 delicto,
3203 4971 3289 5009 vos
3321 4956 3408 5026 qui
3445 4954 3717 5026 spiritualct

2139 5045 2279 5111 estis,
2317 5045 2549 5100 instruite
2588 5047 2879 5113 huiusmodi
2907 5048 2961 5101 in
2985 5048 3167 5119 spiritu
3194 5047 3435 5116 lenitatis,
3471 5047 3717 5103 intendens

2139 5146 2186 5191 te
2220 5138 2406 5207 ipsum,
2440 5156 2501 5192 ne
2524 5148 2571 5192 et
2602 5148 2654 5192 tu
2683 5141 2881 5194 tenteris
2914 5142 2931 5211 (
2959 5139 3128 5194 Galal.
3154 5157 3226 5208 Vl,
3256 5141 3279 5194 1
3313 5138 3354 5212 ).
3388 5142 3697 5210 Ρτίῡοορυρίι

2138 5230 2310 5285 tiones
2358 5229 2499 5285 enim
2554 5240 2680 5286 sunt
2738 5232 2853 5287 ista:
2901 5232 2953 5286 in
2997 5233 3190 5302 quibus
3232 5232 3573 5305 delinquitur,
3601 5232 3715 5285 dum

2136 5322 2262 5395 quid
2292 5322 2591 5379 faciendum
2631 5325 2701 5380 sit
2728 5332 2820 5380 aut
2848 5324 2915 5380 ad
2944 5324 3131 5381 horam
3162 5340 3266 5382 non
3296 5327 3527 5391 videtur,
3555 5334 3640 5381 aut
3666 5332 3712 5376 et

2135 5416 2225 5487 qui
2276 5416 2467 5471 viderit
2512 5416 2774 5482 vincitur;
2807 5424 2867 5472 ut
2904 5416 3108 5473 scilicet
3148 5415 3239 5471 ﬁat
3280 5428 3576 5488 peccatum,
3601 5427 3709 5470 eum

2134 5509 2221 5565 vel
2250 5509 2378 5565 latet
2409 5510 2626 5576 veritas,
2652 5509 2732 5564 vel
2762 5509 3034 5581 compellit
3060 5509 3364 5565 inﬁrmitas.

2206 5603 2429 5659 CAPUT
2462 5605 2529 5657 Χ.
2574 5634 2647 5644 --
2672 5604 2762 5659 25.
2806 5603 3057 5675 Exempla
3083 5620 3174 5673 pro
3223 5604 3482 5658 mendacio
3511 5600 3705 5671 (ptwsita

2133 5697 2185 5751 in
2214 5697 2492 5765 Scripturis
2533 5696 2881 5767 expendenda.
2922 5694 3076 5750 Aliud
3114 5686 3186 5750 est
3230 5697 3481 5750 occultare
3541 5693 3706 5747 verita.

2138 5797 2253 5853 tem,
2282 5788 2422 5841 aliud
2451 5792 2678 5859 proferre
2714 5788 3049 5842 mendacium.
3076 5788 3327 5841 Abraham
3374 5801 3418 5842 ct
3448 5788 3587 5842 Isaac
3623 5784 3702 5837 de»

2201 5902 2217 5935 ³
2252 5903 2323 5952 sic
2344 5911 2443 5951 Αω.
2472 5910 2524 5955 et
2547 5910 2651 5955 Mss.
2677 5908 2733 5953 At
2755 5908 2828 5954 Er.
2857 5909 2909 5955 et
2930 5907 3061 5965 l.ov.,
3084 5901 3251 5966 nutqis.
