3930 6368
156 356 257 416 553

165 472 425 545 {cuduntur
445 478 479 516 a
534 454 838 517 mendacio.
876 448 1099 504 Factum
1114 440 1275 498 Jacob
1298 453 1399 493 non
1420 450 1525 492 esse
1554 432 1762 487 menda-

165 524 309 623 i't'uu.
332 561 425 616 Tro
430 557 484 629 pi
501 570 612 608 non
629 560 751 607 sunt
767 542 1053 602 mendacia.
1076 536 1133 592 Μ
1137 534 1401 605 elaphora.
1421 528 1538 583 Anti
1542 524 1761 598 phrasis.

164 617 315 727 7:;in
358 654 411 707 in
430 617 755 716 'Scriptttris
780 653 955 711 gratare.
985 633 1047 689 In
1070 627 1321 685 omnibus
1359 629 1535 678 autem
1562 617 1766 674 actibus

164 712 354 807 nosiris
398 742 649 801 maxime
692 735 856 792 etiam
895 731 1067 786 bonos
1115 722 1329 779 turbant
1368 712 1767 786 compensativa

164 851 416 915 peccata;
448 837 527 890 ita
556 840 621 888 ut
647 844 747 887 nec
773 831 993 899 peccata
1040 817 1435 879 existimentur,
1464 811 1509 867 si
1539 808 1772 864 habeant

174 902 301 993 tales
322 945 522 989 ausas
548 932 776 998 propter
805 934 938 992 quas
963 916 1125 981 ﬁant,
1153 920 1209 968 et
1232 911 1285 966 in
1311 907 1503 979 quibus
1526 902 1772 958 videatur

177 1028 374 1102 peccari
616 1020 662 1075 si
688 1032 801 1075 non
822 1014 975 1069 ﬁant.
1006 1010 1072 1066 Et
1094 1004 1361 1079 prmeipue
1386 999 1455 1056 de
1480 994 1774 1054 mendaciis

177 1097 269 1180 hoc
295 1123 348 1177 in
374 1116 671 1174 hominum
707 1108 964 1180 opinione
990 1097 1305 1174 praevaluit,
1335 1102 1395 1150 ut
1421 1100 1635 1164 peccata
1665 1102 1774 1142 non

176 1222 419 1288 putentur
447 1210 543 1264 illa
588 1202 872 1261 mendacia
895 1241 913 1268 ,
947 1194 1189 1267 quinimo
1229 1197 1283 1245 et
1312 1194 1459 1243 recte
1494 1182 1630 1239 facta
1658 1194 1778 1235 esse

179 1269 482 1367 “credantur,
509 1296 733 1369 quando
760 1293 990 1365 quisque
1027 1300 1123 1356 pro
1154 1282 1270 1353 ejus
1312 1278 1399 1335 cui
1430 1274 1539 1330 falli
1565 1269 1781 1341 erpedit

182 1399 403 1456 utilitate
456 1366 762 1453 mentitur,
792 1392 884 1438 aut
909 1396 977 1437 ne
1019 1378 1139 1433 aliis
1168 1379 1359 1430 noceat
1384 1368 1473 1440 qui
1504 1366 1797 1421 nociturus.

180 1492 404 1557 videtur,
436 1485 551 1542 nisi
592 1476 893 1538 mendaciis
920 1472 1169 1530 evitetur.
1207 1465 1289 1523 Ad
1321 1464 1435 1518 lucc
1478 1456 1784 1515 mendacio-

180 1600 291 1641 rum
317 1551 527 1652 genera
579 1567 923 1630 defendenda
943 1607 957 1632 ,
984 1563 1211 1636 plurima
1251 1558 1319 1613 de
1348 1551 1635 1624 Scriptnris
1664 1564 1786 1603 san-

178 1682 272 1733 ctis
296 1644 589 1742 suffragari
633 1672 893 1735 putantur
922 1654 1183 1725 exempla.
1212 1650 1333 1706 Non
1354 1653 1530 1702 autem
1560 1644 1663 1697 hoc
1706 1646 1790 1695 est

180 1769 453 1826 occultam
472 1735 793 1821 veritatem,
826 1750 973 1825 quod
1018 1755 1102 1804 est
1150 1742 1390 1816 proferre
1428 1735 1786 1793 mendacium.

181 1861 438 1932 Qmmvis
464 1857 614 1913 enim
657 1849 839 1907 omnis
881 1845 976 1917 qui
998 1841 1252 1899 mentitur
1279 1836 1408 1892 velit
1446 1833 1623 1889 celare
1648 1826 1791 1899 quod

180 1968 374 2010 verum
399 1958 488 2005 est
511 1990 527 2013 ,
555 1959 667 2000 non
705 1950 884 1996 tamen
927 1934 1105 1991 omnis
1147 1931 1239 2001 qui
1267 1928 1380 1983 vult
1414 1923 1556 1995 quod
1602 1934 1792 1976 verum

186 2052 276 2099 est
302 2041 495 2097 celare
518 2033 789 2091 mentitur.
817 2030 1142 2095 Plerumque
1187 2020 1329 2076 enim
1356 2031 1481 2072 vera
1507 2029 1611 2068 non
1643 2026 1797 2067 men-

194 2134 393 2191 tiendo
415 2129 715 2187 occulimus
733 2166 747 2190 ,
768 2122 854 2179 sed
881 2118 1133 2176 tacendo.
1164 2114 1347 2183 Neque
1369 2111 1511 2167 enim
1542 2105 1799 2163 mentitus

196 2235 289 2286 est
319 2224 625 2287 Dominus,
655 2219 739 2275 ubi
762 2219 867 2273 ait:
902 2213 1078 2269 Multa
1104 2212 1261 2266 habeo
1304 2208 1441 2262 vobis
1479 2206 1678 2265 dicere,
1709 2199 1801 2256 sed

195 2338 301 2377 non
331 2316 551 2391 potestis
598 2314 688 2369 illa
715 2319 915 2382 portare
944 2306 1096 2360 modo
1125 2302 1316 2374 (Joau.
1352 2315 1442 2354 xvr
1461 2340 1477 2366 ,
1502 2295 1569 2352 12
1588 2293 1630 2367 ).
1662 2292 1803 2348 Vera

187 2412 359 2469 tacuit
379 2452 398 2479 ,
422 2422 537 2464 non
568 2406 701 2462 falsa
728 2404 936 2459 locutus
964 2408 1083 2463 est;
1115 2397 1311 2467 quibus
1336 2392 1475 2448 veris
1521 2386 1803 2445 audiendis

188 2522 281 2564 eos
313 2505 506 2561 minus
532 2500 765 2557 idoneos
789 2495 1065 2567 judicavit.
1097 2491 1252 2560 Quod
1299 2488 1344 2544 si
1391 2487 1471 2543 eis
1498 2486 1603 2541 hoc
1629 2486 1805 2554 ipsum

192 2617 297 2656 non
343 2586 693 2659 indicasset,
721 2590 777 2646 id
818 2597 936 2655 est,
965 2600 1073 2641 non
1119 2598 1215 2639 eos
1243 2595 1403 2651 posse
1448 2586 1662 2649 portare
1688 2588 1810 2644 quae

189 2693 371 2749 dicere
402 2687 623 2752 noluit,
657 2680 954 2738 occultaret
976 2675 1193 2747 quidem
1229 2668 1574 2727 nihilominus
1608 2663 1811 2736 aliquid

193 2786 461 2850 veritatis,
474 2779 577 2837 sed
598 2792 766 2849 posse
790 2775 893 2830 hoc
910 2780 1057 2827 recte
1074 2768 1192 2823 ﬁeri
1220 2765 1440 2821 forsitan
1456 2760 1809 2825 nesciremus,

201 2888 426 2934 annon
476 2880 635 2928 tanto
666 2869 1009 2923 ﬁrmaremur
1047 2857 1316 2926 exemplo.
1358 2854 1506 2911 Unde
1534 2851 1623 2922 qui
1666 2865 1813 2905 asse-

201 2979 334 3027 runt
359 2963 660 3037 aliquando
704 2973 828 3016 esse
860 2950 1230 3011 mentiendum
1251 2991 1264 3011 .
1299 2962 1405 3002 non
1432 2942 1815 3001 convenienter

203 3063 647 3118 commemorant
699 3048 972 3106 Abraham
1016 3045 1117 3098 hoc
1145 3040 1338 3096 fecisse
1363 3038 1429 3092 de
1453 3036 1586 3092 Sara
1611 3076 1625 3102 ,
1657 3048 1816 3104 quam

210 3168 461 3213 sororem
488 3163 650 3206 suam
687 3143 845 3200 dixit.
872 3139 988 3195 Non
1036 3136 1179 3191 enim
1219 3133 1385 3197 dixit,
1414 3128 1528 3184 Non
1573 3138 1654 3183 cst
1686 3140 1819 3181 uxor

214 3262 369 3312 mea;
389 3242 487 3300 sed
508 3240 649 3296 dixit
672 3278 690 3303 ,
715 3236 877 3291 Soror
902 3246 1015 3285 mea
1045 3236 1117 3282 est
1145 3243 1162 3281 :
1188 3223 1330 3296 quod
1356 3231 1473 3277 erat
1500 3236 1687 3276 revera
1710 3227 1819 3273 tam

213 3338 521 3412 propinqua
544 3343 770 3403 genere,
792 3334 850 3381 ut
876 3337 1030 3379 soror
1047 3335 1156 3374 non
1182 3314 1508 3372 mendaciter
1531 3312 1818 3367 diceretur.

213 3406 376 3503 Quod
425 3406 483 3485 et
534 3434 720 3497 postea
745 3421 858 3491 jam
902 3415 1005 3473 sibi
1056 3414 1123 3469 ab
1171 3413 1262 3466 illo
1293 3410 1382 3479 qui
1421 3406 1723 3462 abduxerat
1761 3418 1825 3459 ca

223 3494 442 3581 reddita
484 3494 862 3576 confirmavit,
906 3504 1239 3577 respondens
1288 3501 1361 3556 illi
1412 3509 1462 3554 et
1505 3499 1724 3563 dicens,
1756 3494 1826 3550 Et

232 3634 350 3674 Uere
371 3630 514 3671 soror
539 3628 643 3667 mea
671 3619 742 3664 est
768 3607 831 3661 de
850 3612 993 3676 patre
1012 3643 1026 3669 ,
1054 3616 1157 3654 non
1182 3597 1244 3651 de
1268 3603 1425 3649 matre
1456 3591 1605 3662 (Gen.
1629 3604 1701 3644 xx
1727 3631 1741 3656 ,
1767 3588 1825 3657 2,

233 3713 332 3783 ιε)
366 3727 381 3764 :
412 3709 519 3762 hoc
541 3714 620 3760 est
662 3702 728 3757 de
768 3708 995 3769 paterno
1031 3706 1262 3763 genere,
1312 3701 1417 3741 non
1459 3685 1525 3740 de
1564 3692 1824 3737 materno.

232 3774 451 3875 Aliquid
472 3813 601 3869 ergo
616 3795 731 3850 veri
759 3790 945 3855 tacuit,
965 3802 1071 3842 non
1098 3783 1213 3839 falsi
1228 3778 1423 3850 aliquid
1441 3777 1593 3843 dixit,
1618 3774 1831 3846 quando

237 3870 400 3956 tacuit
426 3908 676 3959 uxorem,
702 3889 839 3945 dixit
876 3897 1139 3941 sororem.
1173 3878 1287 3933 lloc
1310 3884 1367 3933 et
1386 3875 1529 3930 ﬁlius
1558 3873 1674 3943 ejus
1707 3870 1834 3927 fecit

241 3990 387 4047 Isaac
418 4009 433 4045 :
461 3992 661 4044 namet
687 3983 861 4053 ipsum
880 3976 1126 4032 novimus
1152 3969 1501 4042 propinquam
1528 3980 1679 4020 suam
1708 3976 1835 4015 conv

253 4084 422 4155 iugem
468 4081 642 4137 fuisse
697 4073 947 4131 sortitum
996 4065 1302 4138 (Idam,
1326 4062 1358 4115 '7
1378 4101 1392 4125 ,
1423 4070 1470 4113 et
1513 4053 1688 4128 xxtv).
1721 4053 1836 4108 Non

254 4149 337 4233 es;
358 4189 482 4247 ergo
508 4166 852 4228 mendacium
873 4176 998 4218 eum
1028 4155 1235 4214 silendo
1261 4149 1606 4209 absconditur
1630 4160 1833 4211 verum,

253 4270 346 4327 sed
372 4282 495 4324 cum
522 4258 795 4333 loquendo
811 4253 1076 4328 promitur
1101 4248 1317 4305 falsum.
1540 4268 1544 4297 ;
1756 4284 1763 4289 .

318 4363 412 4417 2L
435 4357 605 4416 Iacob
627 4361 809 4410 autem
850 4346 994 4419 quod
1019 4351 1192 4399 matre
1225 4339 1352 4396 fecit
1379 4344 1597 4400 auctore
1615 4375 1638 4401 ,
1663 4340 1721 4388 ut
1752 4347 1843 4403 pa-

259 4451 601 4511 tretn'faliere
618 4446 891 4503 videretur
910 4482 926 4509 ,
952 4438 1002 4495 si
1027 4436 1311 4507 diligenter
1338 4440 1393 4487 et
1418 4430 1642 4485 ﬁdeliter
1671 4435 1845 4481 atteni-

260 4553 438 4618 datnr,
466 4560 577 4602 non
606 4549 707 4599 est
732 4534 1072 4595 mendacium
1092 4572 1107 4600 ,
1150 4528 1246 4585 sed
1278 4524 1611 4598 mysterium.
1647 4520 1775 4588 Qua:
1802 4519 1847 4573 si

263 4612 541 4699 mendacia
567 4633 1084 4696 dixerimus,omnes
1104 4622 1267 4678 etiam
1284 4616 1550 4691 parabolae
1573 4629 1636 4669 ac
1664 4612 1847 4683 ﬁgura:

267 4728 735 4806 signiﬁandamm
773 4728 1230 4794 quarumcumque
1279 4725 1481 4775 rerum,
1513 4721 1630 4778 qua:
1657 4719 1762 4760 non
1786 4702 1851 4771 ad

269 4797 652 4900 prbpt'ieutem
676 4812 1012 4889 accipienda:
1063 4816 1223 4874 sunt,
1253 4804 1349 4861 sed
1374 4804 1428 4859 in
1474 4801 1554 4857 eis
1605 4797 1750 4853 aliud
1786 4811 1855 4855 ex

270 4888 383 4977 ino'
402 4928 488 4976 est
508 4911 936 4985 intelligendum,
956 4905 1199 4961 dicentur
1221 4913 1343 4957 esse
1372 4892 1646 4951 mendacia
1674 4910 1686 4945 ε
1714 4888 1858 4959 quod

272 5015 407 5070 absit
429 5011 674 5069 omnino.
703 5004 839 5061 Nam
862 5000 955 5072 qui
980 4998 1084 5054 hoc
1107 5000 1284 5066 putat,
1319 4989 1533 5059 tropicis
1564 4986 1723 5042 etiam
1753 4996 1859 5037 tam

273 5108 456 5162 multis
495 5088 857 5159 locationibus
897 5090 1145 5148 omnibus
1184 5092 1360 5157 potest
1389 5082 1525 5138 hanc
1574 5080 1863 5148 importare

275 5197 622 5263 calumniam;
642 5194 717 5248 ita
742 5198 801 5247 ut
828 5197 884 5245 et
909 5188 1025 5258 ipsa
1053 5197 1171 5253 quae
1198 5176 1493 5250 appellatur
1518 5170 1827 5241 metaphora
1846 5210 1859 5233 ,

268 5292 382 5347 hoc
408 5299 494 5347 est
517 5288 589 5344 de
610 5261 672 5342 re
698 5283 916 5356 propria
937 5278 1005 5334 ad
1032 5291 1148 5333 rem
1173 5288 1282 5329 non
1303 5268 1573 5341 prOpriam
1598 5264 1745 5321 verbi
1781 5261 1869 5317 ali-

280 5400 435 5454 cujus
461 5354 721 5451 usurpata
749 5370 1051 5435 translatio,
1087 5365 1259 5438 possit
1276 5364 1379 5419 ista
1420 5360 1630 5416 ratione
1654 5354 1870 5411 menda-

282 5488 421 5533 ctmu
447 5469 767 5543 nuncupari.
795 5467 933 5523 Cum
952 5464 1098 5519 enim
1117 5460 1343 5515 dicimus
1364 5454 1624 5511 ﬂuctuare
1642 5456 1870 5520 segetes,

285 5580 559 5641 gemmare
589 5540 732 5617 vites
753 5602 771 5628 ,
803 5556 1049 5614 ﬂoridam
1096 5554 1428 5624 juventutem
1449 5588 1463 5614 ,
1490 5545 1698 5600 niveam
1727 5540 1874 5611 cani-

288 5637 437 5725 tiem;
464 5656 655 5729 procul
680 5651 845 5709 dubio
870 5650 1063 5704 ﬂuctus
1082 5687 1096 5712 ,
1128 5656 1387 5715 gemmas,
1419 5639 1627 5705 ﬁerem,
1660 5637 1834 5691 nivem
1860 5678 1875 5703 ,

291 5755 411 5827 quia
443 5753 499 5807 in
537 5750 623 5805 his
650 5747 813 5803 rebus
836 5758 945 5799 non
975 5739 1296 5803 invenimus,
1327 5735 1380 5789 in
1408 5747 1537 5803 quas
1577 5732 1690 5786 haec
1716 5730 1882 5785 verba

287 5825 511 5915 aliunde
553 5836 1059 5917 transtulimut,_ab
1082 5834 1198 5916 istis
1224 5827 1494 5889 mendacia
1538 5825 1881 5919 putabuntur.

1592 315 1801 403 LIBER)
1839 312 2037 371 UNUS.

1878 429 1945 515 Et
1977 435 2123 499 petra
2162 426 2401 483 Christus
2432 426 2633 501 (lCor.
2659 442 2713 495 χ,
2735 426 2825 499 Ii),
2858 435 2912 482 et
2953 442 3046 483 eor
3082 427 3347 500 lapideum
3374 426 3469 482 Ju-

1878 522 2113 578 dzcorum
2144 519 2685 605 (Ezccli.xx.\'v1,26)
2712 522 2871 577 :item
2897 518 2979 578 leo
3008 518 3249 577 Christus
3279 521 3465 595 (Apoc.

1879 632 1930 681 v,
1964 616 2048 686 5),
2081 624 2133 670 ct
2162 615 2249 670 leo
2276 614 2517 669 diabolus
2546 611 2599 686 (l
2630 612 2769 669 Pctr.
2800 630 2851 676 v,
2880 613 2955 683 8),
2980 623 3034 669 et
3060 614 3465 670 innumerabilia

1881 709 2004 795 talia
2031 707 2271 762 dicentur
2312 721 2432 762 esse
2462 703 2757 760 mendacia.
2789 702 2927 771 Quid
2953 704 3093 775 quod
3122 705 3235 760 [nec
3262 705 3467 776 tropica

1884 802 2083 857 locutio
2106 816 2274 872 usque
2312 800 2378 856 ad
2408 814 2525 856 eam
2557 798 2796 870 pervenit
2820 840 2835 864 ,
2863 814 2981 869 qua:
3009 798 3303 869 appellatur
3332 798 3472 851 auti-

1882 895 2089 966 phrasis
2117 936 2131 962 ,
2166 904 2221 949 ut
2246 894 2450 949 dicatur
2475 891 2745 948 abundare
2782 891 2925 962 quod
2968 906 3075 946 non
3123 901 3236 959 est,
3266 891 3485 946 dicatur

1885 987 2039 1049 dulce
2090 987 2231 1059 quod
2287 985 2498 1043 acidum
2540 995 2658 1052 est;
2707 983 2858 1039 lucus
2902 981 3044 1053 quod
3102 998 3204 1037 non
3258 982 3473 1049 luceat,

1885 1080 2065 1137 Parca:
2090 1078 2231 1153 quod
2254 1094 2360 1135 non
2390 1087 2627 1151 parcant.
2657 1075 2810 1133 Unde
2840 1074 2969 1131 illud
2994 1083 3075 1130 est
3100 1075 3155 1130 in
3186 1074 3476 1144 Scripturis

1886 1175 2118 1243 sanctis,
2154 1172 2212 1228 Si
2242 1189 2341 1227 non
2380 1173 2429 1226 in
2460 1171 2638 1241 faciem
2666 1169 2967 1225 benedixerit
2998 1168 3084 1222 tibi
3119 1166 3240 1238 (Job
3267 1182 3343 1233 ιι,
3371 1166 3424 1236 5)
3461 1182 3476 1217 :

1890 1266 2029 1337 quod
2060 1262 2303 1320 diabolus
2349 1264 2422 1320 ait
2466 1262 2691 1318 Domino
2717 1261 2783 1317 de
2826 1269 3010 1317 sancto
3036 1258 3169 1326 Job,
3201 1266 3255 1314 et
3279 1256 3481 1313 intelli-

1890 1359 2050 1433 gitur,
2083 1356 2426 1414 Maledixerit.
2469 1356 2583 1422 Quo
2615 1354 2778 1411 verbo
2808 1364 2861 1409 et
2880 1353 3143 1409 Nabuthei
3174 1352 3352 1406 ﬁctum
3374 1352 3482 1406 cri-

1892 1468 2014 1507 men
2058 1466 2088 1505 a
2141 1448 2586 1505 calumniantibus
2630 1446 2957 1503 noniinatum
3011 1453 3111 1500 est.
3142 1445 3351 1500 Dictum
3400 1450 3484 1498 est

1894 1545 2037 1603 enim
2077 1544 2217 1615 quod
2271 1541 2599 1599 benedixerit
2642 1540 2752 1611 regi
2784 1537 2872 1613 (lll
2899 1539 3025 1609 Reg.
3059 1554 3149 1593 xxx
3173 1580 3188 1605 ,
3219 1538 3344 1608 i3);
3382 1536 3486 1590 hoc

1896 1645 2011 1703 est,
2053 1634 2410 1692 maledixerit.
2461 1633 2524 1687 lli
2565 1645 2750 1686 omnes
2794 1630 2938 1684 modi
2974 1630 3299 1685 locutionum
3329 1642 3489 1682 mene

1900 1730 2045 1787 dacia
2068 1728 2409 1801 putabuntur,
2444 1726 2488 1780 si
2519 1723 2715 1781 locutio
2736 1723 2819 1779 vel
2844 1721 2984 1777 actio
3012 1721 3233 1792 ﬁgurata
3259 1721 3314 1775 in
3338 1734 3489 1775 men-

1899 1823 2053 1880 dacio
2105 1820 2462 1892 deputabitur.
2516 1817 2571 1872 Si
2613 1824 2791 1871 autem
2842 1830 2950 1870 non
2992 1824 3075 1869 est
3116 1813 3492 1883 mendacium,

1901 1915 2113 1987 quando
2152 1913 2214 1969 ad
2245 1910 2649 1982 intelligentiam
2683 1906 2924 1965 veritatis
2947 1905 3089 1961 aliud
3117 1921 3183 1960 cx
3204 1904 3307 1958 alio
3327 1903 3492 1974 signi.

1903 2009 2116 2065 ﬁcantia
2145 2006 2481 2071 referuntur;
2512 2002 2747 2075 profecto
2780 2019 2883 2055 non
2911 2000 3085 2056 solum
3116 1999 3177 2054 id
3199 1997 3341 2071 quod
3367 1982 3496 2052 fecit

1905 2113 1996 2158 aut
2019 2099 2331 2156 dixitJacob
2357 2098 2490 2169 patri
2514 2104 2573 2151 ut
2594 2094 3019 2159 benediceretur,
3042 2092 3138 2149 sed
3166 2106 3338 2162 neque
3367 2089 3498 2145 illud

1907 2195 2047 2268 quod
2072 2192 2267 2263 Joseph
2284 2191 2430 2247 velut
2449 2188 2728 2246 illudcndis
2746 2187 2951 2242 loeutus
2970 2194 3052 2241 est
3073 2184 3322 2238 fratribus
3338 2182 3497 2253 (Gen.

1909 2288 2085 2361 XLII),
2114 2303 2284 2358 neque
2318 2284 2459 2356 quod
2488 2281 2649 2339 David
2690 2279 2959 2336 simulavit
2992 2277 3251 2333 insaniam
3283 2274 3338 2347 (Ι
3366 2275 3501 2346 Reg.

1912 2401 2011 2442 λιιι
2036 2426 2051 2453 ,
2080 2381 2192 2454 15),
2223 2396 2325 2435 nec
2354 2386 2548 2435 cretera
2577 2373 2899 2446 bujusmodi,
2920 2369 3196 2427 mendacia
3218 2368 3507 2440 judicanda

1912 2485 2071 2542 Slllll,
2117 2472 2215 2530 sed
2262 2470 2557 2527 locutiones
2585 2467 2932 2535 actionesque
2960 2460 3285 2534 prophetica:
3328 2460 3395 2514 ad
3440 2474 3507 2529 ea

1914 2584 2031 2639 quae
2055 2581 2180 2623 vera
2207 2572 2330 2620 sunt
2354 2560 2701 2632 intelligenda,
2724 2555 3037 2614 referendae.
3068 2555 3200 2622 Quae
3222 2561 3506 2623 propterea

1917 2660 2155 2731 ﬁguratis
2194 2657 2339 2714 velut
2381 2654 2660 2710 amictibus
2709 2652 3050 2722 obteguntur,
3078 2656 3138 2703 ut
3180 2660 3394 2702 sensum
3422 2645 3513 2716 pie

1917 2752 2206 2825 quaerentis
2248 2756 2568 2818 exerceant,
2613 2754 2666 2802 et
2704 2761 2772 2801 ne
2816 2742 2956 2799 nuda
2989 2756 3053 2797 ac
3092 2748 3337 2811 prompta
3375 2737 3513 2801 vile-

1919 2854 2089 2901 scant.
2137 2842 2389 2911 Quamvis
2417 2853 2534 2911 quae
2571 2837 2691 2893 aliis
2720 2835 2852 2892 locis
2897 2840 3081 2904 aperte
3124 2846 3188 2886 ac
3234 2828 3516 2885 manifesto

1920 2936 2061 2993 dicta
2087 2935 2368 2990 didicimus
2388 2974 2405 2999 ,
2432 2946 2553 2985 eum
2582 2944 2646 2985 ea
2675 2930 2784 2997 ipsa
2810 2926 2878 2983 de
2916 2923 3110 2981 abditis
3136 2929 3415 2988 eruuntur,
3460 2921 3519 2977 in

1924 3038 2109 3085 nostra
2147 3025 2375 3097 quodam
2408 3023 2568 3079 modo
2610 3019 2913 3091 cognitione
2940 3024 3304 3082 renovantur,
3332 3022 3390 3070 et
3430 3027 3521 3073 reg-

1926 3130 2116 3177 novata
2144 3120 2476 3174 dulcescunt.
2504 3114 2626 3169 Nec
2665 3111 2970 3168 invidentur
2997 3107 3348 3171 discentibus,
3375 3102 3521 3175 quod

1928 3215 2013 3270 his
2041 3213 2214 3269 modis
2260 3212 2612 3265 obscurantur
2639 3225 2651 3261 :
2683 3206 2778 3261 sed
2824 3201 3267 3261 commendantur
3309 3199 3521 3269 magis,

1929 3318 1988 3365 ut
2015 3307 2166 3378 quasi
2215 3305 2482 3359 subtracta
2535 3298 2907 3355 desiderentur
2952 3294 3262 3360 ardentius,
3292 3301 3349 3349 ct
3374 3292 3524 3347 inve-

1932 3402 2147 3458 niantur
2183 3396 2480 3453 desiderata
2517 3390 2819 3463 jucundius.
2847 3389 3049 3443 Tamen
3084 3400 3232 3453 vera,
3260 3400 3367 3440 non
3394 3383 3526 3439 falsa

1933 3496 2202 3558 dicuntur;
2234 3490 2485 3562 quoniam
2511 3502 2635 3543 vera
2658 3529 2672 3552 ,
2704 3499 2807 3539 non
2840 3483 2971 3539 falsa
3013 3480 3399 3553 significantur,
3429 3492 3529 3533 seu

1934 3588 2102 3642 verbo
2129 3601 2222 3640 seu
2250 3584 2388 3638 facto
2416 3600 2428 3635 :
2452 3596 2571 3651 quae
2592 3577 2955 3649 significantur
2988 3573 3130 3630 enim
3150 3613 3164 3638 ,
3192 3573 3374 3642 utique
3412 3571 3528 3639 ipsa

1937 3679 2203 3735 dicuntur.
2239 3677 2500 3731 Putantur
2525 3680 2699 3727 autem
2729 3668 3025 3733 mendacia,
3060 3665 3313 3737 quoniam
3335 3679 3440 3718 non
3463 3676 3527 3716 ea

1938 3788 2057 3843 qua:
2079 3784 2201 3825 vera
2216 3770 2231 3801 ¹
2253 3767 2637 3839 signiﬁcantur,
2651 3762 2789 3818 dicta
2812 3760 3172 3830 intelliguntur
3190 3775 3203 3822 ;
3218 3756 3313 3812 sed
3333 3770 3393 3811 ea
3411 3770 3529 3824 quc

1940 3862 2072 3916 falsa
2093 3868 2246 3924 sunt,
2284 3858 2423 3913 dicta
2450 3852 2902 3911 cssecreduntur.
2935 3850 3049 3905 Hoc
3075 3857 3131 3904 ut
3155 3847 3414 3917 exemplis
3441 3844 3534 3899 ﬁat

1942 3955 2151 4026 planius
2174 3995 2189 4020 ,
2222 3951 2449 4022 idipsum
2480 3948 2623 4021 quod
2652 3946 2815 4003 Jaeob
2839 3945 2963 4000 fecit
2983 3984 2998 4011 ,
3026 3940 3261 3997 attende.
3295 3936 3532 3994 Haedinis

1940 4060 2090 4107 certe
2116 4047 2342 4118 pellibus
2366 4027 2601 4099 membra
2627 4041 2861 4096 contexit
2888 4057 2901 4092 :
2929 4038 2975 4091 si
2999 4051 3213 4091 causam
3238 4033 3535 4104 proximam

1944 4145 2277 4215 requiramus
2298 4180 2311 4206 ,
2354 4138 2630 4193 mentitum
2672 4134 3005 4205 putabimus;
3032 4129 3136 4184 hoc
3161 4128 3301 4183 enim
3330 4126 3449 4181 fecit
3480 4132 3540 4178 ut

1947 4244 2224 4308 putaretur
2250 4246 2369 4288 esse
2395 4231 2483 4300 qui
2510 4243 2615 4284 non
2647 4236 2761 4283 erat
2791 4245 2804 4279 :
2837 4226 2883 4280 si
2907 4231 3085 4278 autem
3112 4222 3213 4276 hoc
3252 4219 3447 4274 factum
3469 4216 3540 4271 ad

1949 4328 2079 4387 illud
2112 4333 2328 4399 propter
2354 4322 2495 4394 quod
2541 4318 2944 4392 signiﬁcandum
2989 4327 3173 4369 revera
3219 4312 3411 4365 factum
3455 4316 3539 4363 est

1951 4422 2245 4485 referatur;
2284 4430 2380 4487 per
2406 4414 2642 4471 haedinas
2666 4411 2831 4482 pelles
2857 4415 3069 4478 peccata
3091 4447 3106 4473 ,
3140 4418 3234 4474 per
3261 4416 3383 4456 eum
3411 4412 3535 4456 vero

1953 4516 2046 4586 qui
2074 4515 2151 4569 eis
2174 4527 2235 4567 se
2273 4510 2514 4580 operuit,
2546 4506 2634 4561 ille
2661 4503 2989 4575 signiﬁcatus
3025 4506 3109 4553 est
3138 4496 3226 4567 qui
3255 4508 3361 4550 non
3409 4506 3503 4547 sua
3523 4535 3536 4558 ,

1955 4584 2050 4662 sed
2098 4603 2269 4659 aliena
2316 4610 2533 4671 peccata
2574 4595 2823 4667 portavit.
2859 4592 3030 4646 Verax
3072 4602 3203 4659 ergo
3228 4584 3540 4657 signiﬁcatis

1958 4699 2106 4756 nullo
2144 4694 2305 4750 modo
2351 4689 2684 4747 mendacium
2726 4694 2874 4742 recte
2898 4681 3001 4738 dici
3030 4689 3225 4751 potest.
3258 4676 3328 4733 Ut
3366 4683 3543 4730 autem

1960 4795 2014 4849 in
2043 4792 2199 4856 facto,
2224 4790 2295 4843 ita
2324 4796 2378 4843 et
2418 4786 2469 4839 in
2498 4783 2683 4838 verbo.
2711 4779 2843 4834 Nam
2866 4790 2987 4832 cum
3016 4774 3067 4829 ei
3110 4782 3261 4843 pater
3284 4768 3545 4833 dixisset,

1966 4885 2092 4951 Quis
2118 4900 2168 4938 es
2194 4892 2244 4936 tu
2265 4925 2278 4950 ,
2317 4880 2393 4950 [iii
2414 4879 2438 4932 ?
2462 4878 2551 4932 ille
2588 4871 2893 4944 respondit,
2924 4867 3035 4941 Ego
3061 4883 3172 4922 sum
3196 4864 3330 4919 Esau
3356 4862 3548 4933 primo-

1967 4978 2161 5050 genitus
2190 4984 2302 5029 tuus
2332 4972 2483 5042 (Gen.
2510 4962 2658 5023 xxvii
2683 5009 2696 5033 ,
2732 4964 2945 5034 16-19).
2981 4963 3093 5016 Hoc
3131 4959 3175 5013 si
3204 4956 3466 5012 referatur
3486 4953 3554 5007 ad

1970 5068 2103 5124 duos
2140 5066 2254 5120 illos
2284 5063 2526 5134 geminos
2547 5104 2561 5128 ,
2589 5057 2924 5114 mendacium
2951 5051 3217 5107 videbitur
3249 5066 3261 5101 :
3293 5047 3337 5102 si
3376 5054 3557 5100 autem

1970 5162 2037 5217 ad
2066 5160 2193 5215 illud
2230 5168 2442 5229 pmpter
2477 5154 2616 5227 quod
2643 5148 3046 5223 signiﬁcandum
3089 5146 3185 5199 ista
3212 5149 3358 5211 gesta
3386 5139 3558 5192 dieta-

1974 5271 2077 5327 que
2102 5253 2399 5323 conscripta
2422 5258 2574 5315 sunt,
2604 5249 2691 5303 ille
2730 5252 2811 5300 est
2853 5244 2939 5297 hic
2956 5235 3331 5308 intelligendus
3362 5233 3413 5286 in
3441 5246 3563 5287 eor-

1976 5324 2105 5421 pore
2154 5361 2283 5411 suo,
2329 5342 2469 5414 quod
2504 5349 2586 5398 est
2611 5339 2726 5410 ejus
2764 5334 3020 5399 Ecclesia,
3051 5330 3139 5402 qui
3169 5328 3237 5383 de
3262 5326 3361 5380 hac
3393 5340 3452 5379 re
3481 5324 3563 5376 lo—

1980 5455 2149 5511 quens
2178 5439 2250 5493 ait
2276 5480 2290 5504 ,
2321 5412 2446 5490 Cum
2471 5434 2691 5488 videritis
2720 5429 3003 5491 Abraham,
3035 5435 3079 5478 et
3112 5423 3280 5483 Isaac,
3314 5426 3360 5469 et
3382 5412 3565 5476 Jacob,
3642 5480 3645 5485 ~

1984 5543 2029 5588 et
2049 5542 2218 5587 omnes
2254 5530 2532 5598 Prophetas
2556 5529 2607 5579 in
2635 5540 2786 5597 regno
2820 5521 2944 5583 Dei,
2978 5534 3062 5571 vos
3086 5524 3253 5568 autem
3282 5508 3463 5577 expelli
3487 5506 3570 5572 [oc
3650 5536 3653 5538 -

1986 5644 2088 5681 ras.
2125 5624 2191 5679 Et
2215 5625 2405 5677 venient
2426 5622 2486 5674 ab
2517 5621 2702 5673 oriente
2727 5626 2770 5669 ct
2797 5614 3050 5669 occidente
3079 5617 3125 5661 et
3150 5603 3382 5673 aquilone
3410 5609 3453 5653 et
3480 5614 3573 5649 au-

1990 5728 2127 5785 atro,"
2145 5728 2189 5772 et
2215 5717 2499 5769 accumbcnt
2530 5714 2579 5764 in
2603 5727 2752 5780 regno
2798 5708 2887 5759 1)οἱ
2916 5722 2932 5758 :
2960 5713 3005 5759 et
3034 5716 3145 5758 ecce
3178 5706 3297 5753 sunt
3322 5692 3580 5751 novissimi

2063 5834 2081 5865 ι
2115 5829 2217 5883 Sola
2242 5828 2388 5880 editio
2408 5833 2537 5888 Lov.,
2562 5834 2689 5873 uere.
