3844 6482
439 516 527 586 qui
553 519 693 568 erant
717 507 896 580 primi,
923 515 970 563 et
993 512 1112 561 sunt
1131 503 1283 575 primi
1305 503 1391 575 qui
1415 513 1557 558 erant
1574 503 1829 559 novissimi
1862 501 2009 576 (Luc.

437 625 534 670 xui
557 648 571 673 ,
593 602 803 671 28-30).
831 599 917 658 Sic
961 598 1102 654 enim
1149 595 1378 667 quodam
1416 595 1574 652 modo
1602 597 1775 650 minor
1801 595 2016 665 majoris

437 699 717 768 primatum
746 693 907 746 frater
929 689 1146 746 abstulit
1171 699 1330 759 atque
1355 688 1408 744 in
1443 703 1501 744 se
1527 689 1793 743 transtulit
1812 687 2008 744 fratris.

434 787 568 842 Cum
598 785 754 856 igitur
782 791 887 837 tam
936 796 1062 837 vera
1097 787 1308 850 tamque
1339 777 1699 849 signiﬁcentur
1724 779 2011 847 veraciter,

433 876 558 945 quid
574 876 658 928 hic
671 873 828 928 debet
845 871 1014 942 putari
1030 870 1224 925 factum
1239 870 1503 925 dictumve
1516 869 1871 926 mendaciter?
1885 869 2014 924 Cum

429 943 576 1021 enim
597 981 715 1036 quae
732 963 1114 1035 significantur,
1132 976 1237 1017 non
1253 961 1434 1030 utique
1451 977 1552 1016 non
1568 969 1690 1016 sunt
1703 962 1754 1015 in
1770 961 2012 1026 veritate,

431 1057 525 1111 sed
550 1066 671 1111 sunt
697 1070 787 1110 seu
809 1053 1096 1124 praeterita,
1124 1067 1218 1108 seu
1237 1053 1643 1123 praisentia,seu
1669 1051 1870 1117 futura;
1890 1066 2016 1122 pro-

432 1148 520 1203 aul
541 1148 700 1203 dubio
728 1161 847 1202 vera
875 1144 1184 1216 signiﬁcatio
1209 1154 1313 1213 est,
1332 1143 1636 1214 nullumque
1657 1145 2011 1200 mendacium.

433 1234 540 1296 Sed
571 1241 726 1295 uiiuis
747 1239 958 1308 longum
1003 1237 1167 1294 estin
1207 1237 1305 1292 hac
1353 1235 1735 1307 signiﬁcatione
1777 1235 2011 1306 prophe-

433 1331 538 1386 tiea
593 1331 865 1386 enucleate
907 1338 1096 1385 cuncta
1127 1329 1338 1395 rimari,
1368 1328 1420 1382 in
1446 1328 1635 1398 quibus
1659 1328 1886 1398 palmam
1921 1343 2015 1384 ve-

432 1422 564 1476 ritas
593 1422 781 1487 habet,
812 1421 932 1491 quia
971 1428 1030 1475 ut
1071 1418 1417 1490 signiﬁcando
1466 1419 1815 1490 praenuntiata
1855 1428 2009 1486 sunt,

433 1510 506 1568 ita
557 1513 928 1582 consequendo
962 1513 1312 1568 claruerunt.-

504 1603 730 1660 CAPUT
768 1604 857 1663 ΧΙ.
881 1603 1066 1659 -Ξᾶ
1103 1602 1383 1673 Triparlita
1412 1605 1543 1658 ratio
1587 1604 1878 1676 disputandi
1915 1605 2012 1658 ad-

431 1710 606 1749 versus
625 1712 710 1750 eos
728 1696 813 1765 qui
839 1695 1128 1766 Scriptores
1149 1694 1345 1750 divinas
1359 1695 1632 1750 mendaciis
1652 1695 1754 1750 suis
1778 1695 2014 1752 adhibere

431 1796 674 1857 patronus
701 1787 892 1841 volunt.
919 1786 1101 1858 Neque
1121 1785 1174 1841 id
1202 1787 1304 1842 isto
1330 1801 1574 1842 sermone
1599 1787 1842 1858 suscepi,
1871 1787 2013 1858 quod

423 1877 500 1931 ad
531 1886 582 1932 te
619 1879 786 1948 magis
814 1879 1074 1947 pertinet,
1116 1877 1203 1949 qui
1231 1877 1750 1932 Priscillianistarum
1780 1878 2010 1934 latebras

429 1971 720 2040 aperuisti,
763 1979 1014 2041 quantum
1048 1971 1114 2025 ad
1159 1985 1342 2026 eorum
1388 1971 1575 2026 attinet
1609 1971 1852 2042 dogmata
1875 1971 2007 2026 falsa

427 2067 594 2130 atque
617 2076 884 2130 perversa;
910 2077 976 2117 ne
999 2061 1070 2117 ita
1099 2062 1410 2134 investigata
1427 2061 1701 2118 videantur
1736 2065 1885 2135 quasi
1917 2064 2013 2119 do-

427 2149 600 2205 ccnda
625 2151 854 2217 fuerint,
885 2161 938 2207 et
980 2167 1088 2207 non
1113 2153 1495 2223 redarguenda.
1535 2153 1697 2224 Magis
1731 2169 1857 2225 ergo
1887 2155 1901 2185 ¹
1929 2153 2008 2210 fac

426 2251 491 2298 ut
515 2251 807 2313 expugnata
840 2243 1051 2314 jaceant
1073 2287 1088 2312 ,
1115 2261 1234 2315 quae
1261 2245 1426 2300 fecisti
1458 2254 1513 2299 ut
1534 2244 1736 2315 prodita
1759 2255 1970 2315 pateant
1994 2265 2006 2300 :

425 2351 500 2393 ne
543 2336 668 2393 dum
694 2336 934 2392 volumus
970 2337 1037 2393 ad
1079 2338 1379 2409 indaginem
1420 2337 1694 2392 hominum
1742 2337 2010 2393 fallacium

425 2427 744 2499 pervenire,
777 2428 918 2496 ipsas
956 2426 1213 2484 falsitates
1253 2430 1488 2484 sinamus
1513 2438 1760 2499 tanquam
1791 2430 2008 2498 insupe-

419 2519 625 2576 rabiles
657 2533 1001 2589 permanere;
1030 2535 1150 2574 cum
1175 2521 1349 2590 potius
1376 2520 1659 2575 debeamus
1683 2531 1733 2576 et
1763 2520 1815 2575 in
1844 2520 2011 2576 laten-

421 2611 562 2666 tium
605 2609 852 2666 cordibus
899 2609 1174 2665 destruere
1213 2608 1501 2674 falsitates,
1543 2626 1699 2680 quam
1741 2610 2008 2682 parcendo

417 2702 744 2760 falsitatibus
772 2702 1014 2759 invenire
1040 2700 1272 2756 fallaces.
1291 2701 1456 2757 Porro
1485 2701 1625 2757 inter
1649 2701 1737 2757 illa
1760 2703 2006 2774 dogmata

416 2810 612 2852 reorum
633 2837 649 2864 ,
680 2810 798 2866 quae
827 2793 1178 2850 subvertenda
1218 2802 1371 2862 sunt,
1401 2794 1559 2849 etiam
1591 2795 1692 2849 hoc
1715 2804 1798 2850 est
1826 2795 2005 2865 utique

421 2886 571 2957 quod
607 2886 998 2956 dogmatizant,
1025 2885 1093 2940 ad
1135 2884 1501 2941 occultandam
1542 2885 1848 2957 religionem
1874 2885 2005 2942 reli-

419 2977 605 3046 giosos
629 2977 825 3032 debere
868 2975 1114 3044 mentiri,
1150 2976 1203 3030 in
1233 2984 1432 3031 tantum
1475 2984 1534 3031 ut
1575 2991 1680 3031 non
1722 2977 1893 3032 solum
1939 2976 2006 3032 de

416 3067 544 3124 aliis
572 3067 733 3124 rebus
751 3069 819 3122 ad
842 3066 1135 3122 doctrinam
1166 3067 1437 3138 religionis
1455 3082 1561 3123 non
1591 3067 1999 3138 pertinentibus,

415 3157 521 3215 sed
549 3157 616 3213 de
644 3159 756 3227 ipsa
785 3174 995 3230 quoque
1019 3158 1270 3228 religione
1300 3157 1658 3214 mentiendum
1685 3159 1789 3226 sit,
1815 3175 1881 3216 ne
1911 3175 2002 3230 pa-

413 3255 595 3304 tescat
621 3249 836 3316 alienis;
865 3258 923 3304 ut
949 3249 1190 3306 videlicet
1222 3249 1493 3320 negandus
1520 3251 1588 3304 sit
1615 3251 1875 3316 Christus,
1899 3265 2004 3322 quo

419 3338 594 3410 possit
618 3340 756 3395 inter
794 3339 1037 3396 inimicos
1083 3355 1208 3396 suos
1237 3341 1401 3396 latere
1437 3339 1774 3397 christianos.
1829 3343 2002 3398 Etiam

419 3429 564 3498 hoc,
593 3432 813 3488 obsecro
855 3440 946 3500 te,
973 3432 1164 3504 dogma
1205 3432 1422 3502 impium
1469 3432 1832 3503 nefariumque
1872 3433 2002 3489 sub-

419 3531 591 3591 verte,
623 3533 840 3594 propter
883 3524 1025 3594 quod
1079 3521 1421 3578 astruendum
1463 3532 1891 3593 argumentantcs
1933 3523 2000 3580 de

419 3613 710 3682 Scripturis
734 3614 989 3684 colligunt
1015 3613 1316 3668 testimonia
1334 3652 1348 3678 ,
1377 3612 1572 3682 quibus
1595 3612 1873 3668 videantur
1894 3629 1998 3670 non

418 3704 598 3758 solum
624 3704 942 3772 ignoscenda
969 3704 1053 3758 vel
1082 3703 1352 3760 toleranda
1370 3744 1386 3770 ,
1409 3718 1591 3759 verum
1615 3713 1670 3760 et
1690 3705 1998 3762 honoranda

421 3793 719 3849 mendacia.
750 3794 830 3848 Ad
853 3802 906 3848 te
931 3793 1088 3863 igitur
1117 3794 1382 3863 pertinet,
1408 3803 1605 3848 sectam
1633 3794 1998 3852 detestabilem

422 3901 548 3940 cum
577 3885 796 3952 refellis,
815 3885 892 3939 sic
917 3885 1221 3955 accipienda
1244 3892 1541 3940 monstrare
1567 3885 1666 3941 ista
1699 3888 1996 3946 testimonia

419 3980 836 4050 Scripturarum,
866 3989 923 4035 ut
948 3980 1028 4036 vel
1056 3980 1248 4037 doceas
1283 3996 1391 4036 non
1439 3996 1557 4038 esse
1591 3999 1710 4054 qua:
1750 3994 1998 4056 putantur

418 4086 544 4127 esse
584 4071 857 4126 mendacia
876 4113 891 4139 ,
921 4072 1054 4128 sieo
1073 4072 1232 4128 modo
1257 4072 1642 4144 intelligantur,
1671 4091 1776 4147 quo
1799 4077 1998 4135 intelli-

419 4166 592 4232 genda
631 4170 782 4228 sunt;
816 4161 902 4217 vel
936 4162 1187 4219 imitanda
1212 4178 1319 4219 non
1345 4178 1464 4220 esse
1503 4166 1662 4221 etiam
1687 4183 1805 4238 qua:
1829 4171 1999 4226 mani-

420 4257 616 4312 festum
638 4266 720 4313 cst
747 4272 867 4316 esse
885 4259 1194 4329 mendacia;
1223 4263 1304 4318 vel
1342 4272 1488 4320 certe
1508 4263 1576 4320 ad
1607 4275 1902 4324 extremum
1929 4269 1997 4323 de

417 4347 507 4405 his
535 4350 724 4406 saltem
756 4351 918 4409 rebus
964 4367 1082 4424 quae
1105 4353 1173 4409 ad
1201 4353 1494 4411 doctrinam
1533 4357 1804 4428 religionis
1831 4360 1988 4429 perti-

413 4447 551 4497 nent
572 4482 586 4507 ,
615 4441 762 4498 nullo
789 4442 949 4499 modo
981 4458 1111 4519 Iesse
1153 4445 1538 4502 mentiendum.
1583 4447 1669 4503 Sic
1695 4449 1836 4504 enim
1871 4465 1998 4506 vere

417 4529 661 4588 funditus
688 4542 1018 4604 evertuntur,
1047 4535 1172 4591 dum
1224 4537 1482 4593 evertitur
1519 4537 1608 4594 ubi
1632 4538 1991 4596 delitescunt:

414 4632 477 4678 ut
497 4639 562 4678 eo
591 4626 705 4694 ipso
728 4626 948 4683 minime
992 4628 1231 4684 sectandi
1263 4637 1318 4684 et
1343 4630 1571 4686 maxime
1604 4632 1827 4687 cavendi
1851 4632 1995 4701 judi-

417 4723 628 4782 centur,
656 4731 762 4784 quo
785 4732 845 4772 se
881 4718 950 4772 ad
984 4719 1348 4774 occultandam
1375 4721 1623 4776 haeresim
1652 4735 1800 4777 suam
1831 4723 1995 4792 profi-

418 4812 601 4860 tentur
623 4820 744 4861 esse
791 4808 1094 4864 mendaces.
1123 4807 1236 4864 Hoc
1259 4810 1312 4864 in
1345 4811 1424 4866 eis
1449 4820 1531 4866 est
1559 4812 1800 4881 primitus
1827 4813 1995 4883 cipu-

415 4895 707 4966 gnandum,
752 4896 855 4952 hoc
899 4913 1084 4953 eorum
1125 4899 1271 4954 velut
1305 4899 1558 4956 idoneum
1609 4903 1994 4960 munimentum

413 4985 654 5041 veritatis
679 4986 871 5042 ictibus
886 4987 1177 5044 feriendum
1203 4999 1360 5060 atque
1385 4991 1754 5062 dejiciendum.
1787 4992 1896 5049 Nec
1915 4994 1994 5052 eis

415 5092 576 5148 quam
602 5092 708 5133 non
733 5075 1034 5144 habebant,
1066 5079 1167 5134 alia
1203 5080 1403 5136 latebra
1438 5097 1543 5152 quo
1568 5082 1874 5154 confugiant
1911 5094 1994 5140 est

418 5167 704 5238 prmbcnda
727 5184 738 5220 :
764 5169 892 5226 ut'si
921 5167 1056 5224 forte
1083 5169 1151 5224 ab
1180 5169 1260 5226 his
1284 5171 1579 5240 produntur
1601 5215 1616 5241 ,
1646 5189 1779 5243 quos
1817 5177 1992 5232 conati

415 5261 615 5315 fuerint
637 5260 893 5316 seducere
908 5300 923 5326 ,
950 5275 1047 5316 nec
1065 5261 1358 5333 potuerint,
1391 5263 1598 5332 dicant,
1624 5264 1849 5321 Tentare
1875 5266 1994 5324 illos

416 5351 715 5415 voluimus,
743 5352 990 5422 quoniam
1019 5353 1303 5422 prudentes
1326 5356 1570 5411 catholici
1590 5356 1887 5414 docuerunt
1923 5361 1991 5416 ad

414 5441 764 5498 inveniendus
818 5442 1095 5500 haereticos
1145 5443 1198 5499 id
1226 5459 1343 5500 esse
1385 5445 1701 5503 faciendum.
1741 5447 1848 5505 Sed
1895 5451 1994 5506 ali-

415 5544 614 5605 quanto
639 5533 1059 5592 commendatius
1084 5545 1294 5606 oportet
1313 5545 1368 5591 ut
1391 5536 1583 5606 dicam,
1612 5553 1708 5595 cur
1735 5540 1835 5596 ista
1860 5541 1992 5598 mihi

419 5625 664 5682 videatur
689 5626 946 5697 tripartita
971 5628 1109 5683 ratio
1145 5628 1449 5698 disputandi
1487 5629 1741 5687 adversus
1781 5648 1884 5689 cos-
1900 5636 1990 5705 qui

415 5725 668 5793 patronus
693 5719 980 5776 mendaciis
1001 5720 1112 5777 suis
1136 5721 1320 5777 volunt
1339 5720 1590 5779 adhibere
1614 5723 1817 5780 divinas
1845 5725 1990 5782 Scri-

481 5849 498 5882 ι
533 5851 814 5906 sorbontcus
835 5859 942 5921 Ms,
957 5859 1002 5907 et
1023 5868 1114 5911 non
1134 5858 1288 5924 magis
1309 5857 1659 5923 redarguenda.
1679 5868 1818 5926 Ergo,
1843 5871 1939 5916 etc.

1420 386 1691 447 CONTRA
1735 381 2153 456 MENDACIUM,
2193 385 2252 443 S.
2287 383 2647 444 AllGUSTlNl

2121 511 2339 573 pturas:
2371 512 2430 558 ut
2453 502 2598 572 prius
2625 501 2964 560 ostendamus
2982 502 3236 560 nonnulla
3263 519 3380 576 qua:
3397 507 3474 565 ibi
3503 519 3714 581 putan.

2120 603 2205 650 tur
2228 611 2345 652 esse
2368 596 2669 663 mendacia,
2700 611 2804 651 non
2851 611 2969 653 esse
2997 597 3137 669 quod
3164 608 3446 670 putantur,
3472 603 3520 658 si
3551 615 3710 664 recte

2119 685 2504 756 intelligantur;
2530 687 2749 755 deinde,
2775 689 2821 742 si
2849 703 2950 759 qua
2991 690 3064 745 ibi
3096 691 3370 747 mendacia
3408 695 3706 753 manifesta

2118 785 2267 844 sunt,
2300 777 2550 834 imitanda
2579 793 2684 834 non
2730 794 2887 844 esse;
2919 781 3074 836 tertio
3093 821 3108 850 ,
3137 791 3324 838 contra
3367 800 3561 842 omnes
3584 802 3711 842 om-

2117 869 2261 925 nium
2288 870 2590 940 opiniones,
2619 870 2811 940 quibus
2849 871 3053 927 videtur
3071 872 3139 928 ad
3169 874 3268 928 viri
3310 873 3438 929 boni
3458 876 3705 933 ofﬁcium

2118 963 2383 1030 pertinere
2409 961 2688 1032 aliquando
2716 963 2960 1031 mentiri,
2989 965 3136 1019 omni
3171 965 3332 1021 modo
3362 969 3659 1024 tenendum
3688 1010 3706 1038 ,

2118 1052 2171 1108 in
2207 1053 2444 1108 doctrina
2473 1056 2737 1126 religionis
2762 1057 2909 1113 nullo
2945 1058 3104 1114 modo
3145 1073 3266 1115 esse
3303 1062 3705 1118 mentiendum.

2117 1143 2242 1200 llaec
2266 1147 2405 1201 enim
2431 1148 2526 1203 tria
2557 1148 2648 1204 tibi
2670 1150 2688 1182 ¹
2717 1151 3048 1222 exsequenda
3073 1152 3233 1222 paulo
3260 1163 3386 1226 ante
3425 1170 3712 1214 comman

2117 1236 2235 1292 davi
2257 1279 2272 1305 ,
2299 1248 2352 1294 et
2374 1241 2600 1310 quodam
2627 1242 2784 1297 modo
2808 1243 3029 1314 iujunxi.

2189 1331 2411 1388 CAPUT
2451 1333 2565 1388 ΧΙΙ.
2594 1365 2663 1374 —-
2685 1334 2774 1391 26.
2804 1334 3053 1409 Exempla
3080 1341 3350 1394 mentiendi
3373 1345 3613 1412 quaedam
3639 1360 3706 1399 es:

2116 1423 2355 1480 veteribus
2393 1425 2672 1496 Scripturis
2708 1445 2819 1483 vere
2857 1429 3012 1496 talia,
3052 1448 3114 1485 cx
3143 1430 3292 1487 Novo
3317 1445 3486 1488 autem
3513 1434 3701 1490 Tma-

2115 1525 2280 1570 mcnto
2310 1517 2451 1571 nulla
2479 1519 2714 1588 proferri.
2748 1520 3019 1575 Simulalio
3055 1521 3198 1578 Petri
3235 1533 3281 1578 et
3307 1524 3559 1580 Bamaba
3587 1544 3695 1581 me-

2113 1607 2211 1662 rito
2252 1610 2552 1678 reprehensa
2592 1628 2622 1664 a
2670 1610 2858 1667 Paulo.
2906 1612 3026 1668 Non
3074 1616 3380 1672 mendaciter
3423 1619 3700 1674 observata:

2113 1715 2147 1753 a
2175 1697 2341 1754 Paulo
2374 1701 2524 1772 Legi:
2559 1704 2791 1774 quwdam
2828 1707 3152 1761 cau'emonire.
3185 1706 3383 1763 Paulus
3417 1726 3520 1763 non
3552 1727 3697 1765 men-

2115 1791 2302 1859 tiendo,
2331 1792 2419 1847 sed
2443 1795 2789 1863 compatiendo
2816 1797 3044 1852 omnibus
3067 1798 3236 1852 omnia
3261 1802 3448 1870 factus.
3476 1799 3696 1855 Menda-

2115 1881 2246 1934 cium
2273 1881 2394 1952 quid
2419 1885 2502 1936 sit.
2534 1884 2613 1938 Ad
2651 1885 2978 1942 ostendenda
3013 1902 3142 1959 ergo
3169 1888 3416 1959 quietiam
3443 1906 3568 1960 qum
3592 1908 3691 1962 pu-

2114 1980 2292 2028 tantur
2317 1976 2368 2030 in
2394 1975 2678 2046 Scripturis
2703 1992 2822 2034 esse
2847 1979 3143 2048 mendacia,
3173 1995 3278 2035 non
3308 1996 3371 2036 ea
3401 1997 3526 2039 esse
3552 1984 3684 2053 quod

2113 2076 2394 2136 putantur,
2423 2069 2469 2123 si
2507 2078 2650 2125 recte
2686 2070 3074 2141 intelligantur;
3119 2086 3224 2127 non
3264 2073 3356 2128 tibi
3386 2088 3580 2144 parum
3605 2073 3689 2128 ad—

2113 2173 2298 2214 versus
2327 2159 2457 2215 istos
2482 2161 2657 2217 valere
2679 2162 2940 2232 videatur,
2969 2163 3114 2234 quod
3137 2179 3242 2220 non
3271 2165 3339 2221 de
3361 2168 3692 2236 apostolicis,

2113 2249 2207 2306 sed
2249 2251 2315 2306 de
2355 2252 2675 2322 propheticis
2709 2254 2925 2311 Litteris
2961 2257 3235 2314 inveniunt
3272 2259 3416 2315 velut
3447 2263 3695 2333 exempla

2112 2345 2421 2400 mentiendi.
2450 2346 2542 2401 llla
2565 2347 2759 2418 quippe
2779 2349 2956 2403 omnia
2981 2365 3098 2420 qua:
3123 2353 3436 2408 nominatim
3456 2368 3694 2410 comme-

2111 2445 2321 2490 morant
2348 2437 2432 2491 ubi
2459 2438 2528 2492 sit
2550 2439 2771 2510 quisque
2795 2442 3077 2508 mentitus,
3105 2443 3158 2497 in
3187 2443 3268 2500 eis
3296 2444 3473 2500 Libris
3507 2446 3689 2516 legun-

2113 2536 2226 2596 tur,
2257 2530 2311 2584 in
2347 2531 2538 2601 quibus
2575 2547 2682 2588 non
2710 2534 2880 2588 solum
2910 2534 3080 2604 dicta,
3125 2551 3310 2592 verum
3349 2538 3516 2592 etiam
3563 2538 3692 2594 facta

2109 2625 2275 2680 multa
2301 2626 2520 2697 ﬁgurata
2543 2631 2842 2699 conscripta
2868 2639 2991 2685 sunt
3009 2633 3052 2698 ',
3077 2631 3201 2702 quia
3224 2641 3278 2688 et
3301 2632 3530 2703 ﬁgurate
3551 2643 3692 2705 gesta

2109 2726 2254 2775 sunt.
2281 2719 2336 2774 ln
2359 2719 2538 2791 ﬁguris
2556 2731 2733 2778 autem
2758 2723 2898 2793 quod
2920 2723 3063 2780 velut
3079 2725 3416 2780 mendacium
3433 2725 3454 2757 ³
3473 2725 3687 2791 dicitur,

2107 2807 2246 2864 bene
2282 2808 2605 2866 intellectum
2646 2827 2830 2869 verum
2868 2814 3152 2870 invenitur.
3183 2815 3426 2886 Apostoli
3463 2830 3603 2871 vero
3640 2816 3690 2872 in

2108 2904 2361 2974 Epistolis
2389 2904 2498 2959 suis
2536 2904 2690 2959 aliter
2725 2905 2884 2961 loculi
2923 2915 3077 2973 sunt,
3105 2905 3363 2977 aliterque
3399 2908 3694 2978 conscripti

2107 2997 2272 3053 Actus
2290 2996 2688 3067 Apostolorum,
2709 2996 2821 3067 jam
2836 2997 3079 3053 videlicet
3098 2998 3331 3053 revelato
3346 2998 3694 3056 Testamento

2105 3086 2275 3155 Novo,
2297 3086 2439 3156 quod
2461 3086 2564 3142 illis
2584 3087 2769 3156 figuris
2788 3086 3113 3158 propheticis
3133 3087 3425 3143 velabatur.
3447 3089 3694 3162 Denique

2105 3178 2162 3235 in
2187 3187 2264 3234 tot
2289 3177 2540 3247 Epistolis
2566 3178 2870 3247 apostolicis
2892 3220 2907 3246 ,
2945 3188 3103 3250 atque
3141 3179 3194 3234 in
3223 3180 3339 3250 ipso
3364 3189 3473 3235 tam
3498 3184 3691 3252 grandi

2104 3275 2242 3334 libro
2266 3279 2316 3334 in
2341 3294 2444 3350 quo
2466 3287 2613 3336 actus
2636 3295 2820 3335 eorum
2849 3279 3104 3335 canonica
3131 3282 3352 3336 veritate
3375 3293 3687 3349 narrantur,

2104 3384 2210 3424 non
2236 3369 2503 3425 invenitur
2528 3371 2646 3426 talis
2669 3371 2859 3442 aliquis
2884 3372 3168 3440 mentiens,
3193 3381 3251 3428 ut
3275 3373 3342 3429 de
3364 3373 3455 3430 illo
3475 3375 3552 3431 ab
3570 3376 3692 3432 istis

2103 3460 2170 3514 ad
2198 3459 2484 3516 mentiendi
2513 3461 2779 3516 licentiam
2807 3471 3135 3532 proponatur
3157 3465 3466 3533 exemplum.
3493 3464 3683 3530 Quan-

2102 3548 2387 3620 doquidem
2414 3551 2500 3606 illa
2533 3551 2671 3606 Petri
2702 3560 2757 3607 et
2783 3552 3036 3608 Barnabtc
3063 3554 3330 3610 simulatio
3352 3569 3451 3624 qua
3471 3553 3685 3612 Gentes

2097 3641 2370 3714 judaizare
2397 3644 2674 3714 cogebant,
2705 3645 2896 3700 merito
2920 3646 3241 3716 reprehensa
3265 3657 3420 3718 atque
3439 3656 3687 3704 correcta

2101 3742 2184 3789 est
2201 3775 2216 3800 ,
2246 3743 2300 3789 et
2326 3749 2395 3790 ne
2421 3743 2546 3790 tunc
2573 3744 2817 3803 noceret,
2847 3745 2994 3793 etne
3018 3738 3245 3808 posteris
3272 3738 3338 3793 ad
3363 3737 3687 3796 imitandum

2101 3827 2321 3881 valeret.
2346 3825 2478 3881 Cum
2503 3827 2644 3882 enim
2669 3827 2890 3884 vidisset
2911 3829 3181 3899 apostolus
3203 3829 3398 3885 Paulus
3422 3832 3555 3900 quia
3582 3846 3685 3888 non

2099 3927 2245 3974 recte
2273 3919 2640 3990 ingrediuntur
2664 3921 2732 3976 ad
2755 3922 3029 3978 veritatem
3052 3922 3338 3994 Evangelii,
3365 3923 3504 3979 dixit
3526 3925 3686 3981 Petro

2099 4026 2279 4068 coram
2306 4013 2550 4071 omnibus
2581 4031 2596 4069 :
2624 4015 2687 4070 Si
2715 4024 2770 4069 tu
2801 4031 2916 4069 cum
2949 4017 3020 4071 sis
3056 4016 3302 4084 Judazus,
3343 4016 3620 4074 (inutiliter
3642 4027 3685 4073 et

2100 4121 2202 4160 non
2247 4103 2462 4162 Judaice
2510 4107 2668 4173 vivis;
2719 4108 2967 4175 quenwdo
3011 4108 3193 4165 Gentes
3233 4110 3372 4179 cogis
3414 4111 3686 4179 iudaizare

2101 4198 2294 4271 (Galat.
2318 4215 2375 4265 ιι,
2400 4199 2486 4266 l3,
2518 4199 2648 4269 14)?
2675 4199 2730 4255 Id
2755 4208 2931 4256 autem
2959 4201 3102 4272 quod
3127 4200 3244 4272 ipse
3266 4200 3412 4268 fecit,
3443 4212 3502 4256 ut
3527 4217 3688 4274 quas-

2099 4291 2223 4348 dam
2272 4292 2671 4350 observationes
2723 4293 2984 4365 legitimas
3029 4294 3240 4365 judaica
3292 4295 3688 4351 consuetudine

2099 4385 2378 4442 retinendo
2403 4396 2455 4442 et
2477 4385 2682 4458 agendo
2706 4400 2812 4442 non
2837 4401 2897 4443 se
2923 4387 3191 4443 inimicum
3215 4386 3343 4458 Legi
3368 4386 3688 4457 Prophetis-

2098 4491 2204 4548 que
2225 4485 2564 4544 monstraret,
2595 4478 2732 4534 absit
2757 4487 2817 4533 ut
2843 4478 3172 4535 mendaciter
3195 4494 3317 4535 eum
3347 4479 3550 4536 fecisse
3573 4495 3688 4537 cre-

2099 4567 2305 4625 damus.
2333 4568 2409 4624 De
2430 4568 2531 4624 hac
2552 4570 2746 4640 quippe
2770 4584 2829 4626 re
2849 4570 2980 4626 satis
3004 4577 3088 4626 est
3111 4571 3225 4642 ejus
3246 4581 3369 4629 nota
3385 4573 3684 4639 sententia,

2099 4675 2202 4732 qua
2229 4659 2399 4715 fuerat
2425 4660 2790 4730 constitutum,
2819 4676 2919 4718 nec
2941 4661 3156 4720 Iudaeos
3179 4664 3268 4735 qui
3293 4673 3420 4720 tunc
3443 4665 3503 4720 in
3531 4665 3688 4722 Chri-

2098 4764 2238 4812 smm
2263 4756 2550 4813 credebant
2571 4756 2932 4828 prohibendos
2959 4773 3077 4814 esse
3105 4774 3137 4814 a
3162 4759 3399 4830 paternis
3430 4761 3683 4816 traditio-

2099 4846 2274 4914 nibus,
2297 4861 2397 4903 nec
2416 4847 2482 4902 ad
2505 4861 2598 4904 eas
2616 4848 2855 4905 Gentiles
2873 4865 2993 4905 cum
3013 4849 3296 4906 Christiani
3324 4851 3542 4920 ﬁerent,
3567 4867 3683 4907 esse

2097 4938 2364 5009 cogendos
2393 4956 2406 4993 :
2435 4948 2494 4994 ut
2519 4939 2608 4995 illa
2635 4950 2962 4998 sacramenta
2990 4957 3110 5012 qua:
3137 4941 3387 4999 divinitus
3412 4953 3682 5014 praecepta

2097 5044 2216 5087 esse
2244 5040 2544 5101 constaret,
2581 5048 2688 5089 non
2728 5041 2975 5104 tanquam
3013 5035 3289 5106 sacrilegia
3325 5035 3682 5106 ingerentur;

2097 5136 2197 5178 nec
2221 5131 2396 5179 tamen
2422 5125 2832 5195 putarentur_sic
2860 5126 3156 5182 necessaria
3180 5126 3290 5198 jam
3315 5125 3463 5182 Novo
3483 5127 3682 5184 Testa~

2097 5223 2280 5272 mento
2307 5219 2562 5286 revelato,
2596 5227 2844 5289 tanquam
2873 5219 2988 5275 sine
3014 5218 3080 5275 iis
3108 5219 3423 5289 quicumque
3451 5233 3684 5276 conver-

2098 5314 2339 5363 terentur
2361 5309 2429 5364 ad
2456 5309 2621 5366 Deum
2644 5310 2776 5366 salvi
2799 5324 2918 5366 esse
2947 5325 3053 5366 non
3083 5319 3317 5380 possent.
3340 5309 3510 5366 Erant
3535 5311 3686 5367 enim

2096 5398 2186 5469 qui
2215 5397 2316 5455 hoc
2339 5401 2595 5470 putabant
2616 5410 2775 5472 atque
2798 5401 3176 5472 praedicabant,
3197 5401 3441 5472 quamvis
3455 5401 3578 5471 jam
3597 5416 3684 5457 re-

2096 5500 2252 5562 cepto
2279 5492 2474 5548 Christi
2494 5491 2800 5564 Evangelia,
2829 5502 2886 5549 et
2911 5493 2987 5550 eis
3014 5493 3260 5549 simulate
3291 5501 3685 5549 consenserant

2094 5583 2284 5642 Petrus
2309 5593 2364 5643 et
2387 5584 2690 5652 Barnabas;
2728 5583 2954 5656 ideoque
2983 5585 3242 5657 cogebant
3269 5584 3469 5644 Gentes
3492 5584 3682 5656 judai-

2159 5743 2176 5776 ¹
2209 5750 2338 5804 l.ov.,
2368 5745 2463 5795 tria
2585 5746 2670 5794 Alii
2694 5747 2902 5804 mdices,
2927 5745 3029 5796 tibi.
3694 5777 3705 5806 ,
3741 5725 3756 5745 ’

2158 5807 2179 5870 ξ
2212 5813 2311 5854 Duo
2333 5815 2458 5867 Mss,
2487 5804 2692 5870 figurate
2716 5809 2980 5870 cmzscriptu
3004 5813 3138 5870 siml.
3642 5819 3645 5824 ·

2159 5867 2181 5901 ³
2212 5877 2313 5919 Am.
2336 5875 2411 5922 Er.
2439 5867 2496 5920 et
2513 5867 2680 5932 plures
2701 5879 2828 5932 Mss,
2854 5867 2976 5925 rem
2998 5869 3239 5922 mendica.
3421 5905 3520 5934 .,,,._
3578 5929 3607 5943 _.
3627 5929 3644 5940 ⁴
