3930 6368
150 381 254 444 65⁸1

155 514 295 559 lare.
313 493 369 552 Id
385 500 501 552 erat
517 489 674 549 enim
695 501 912 562 cogere,
932 485 1012 544 sic
1031 498 1094 544 ea
1111 484 1411 544 necessaria
1429 482 1746 557 praedicare,

154 600 393 662 tanquam
432 593 491 643 et
517 593 749 656 recepto
777 577 1067 652 Evangelio
1110 578 1258 635 nulla
1303 577 1420 634 sine
1460 576 1565 632 illis
1603 576 1750 632 salus

149 681 368 740 essetin
393 677 643 735 Christo.
676 675 794 732 Hoc
818 687 972 730 error
998 669 1348 743 quorumdam
1377 668 1615 740 putabat,
1647 669 1747 723 hoe

149 776 304 831 timor
323 770 474 829 Petri
495 768 809 833 simulabat,
834 765 941 822 hoc
959 765 1187 821 libertas
1199 763 1350 819 Pauli
1374 760 1746 834 redargucbat.

154 864 302 933 Quod
327 877 458 933 ergo
487 861 603 929 ait,
637 855 885 914 Omnibus
914 856 1085 912 omnia
1122 858 1289 927 factus
1325 869 1466 920 sum,
1497 863 1552 908 ut
1579 868 1750 909 omnes

162 956 536 1023 ηδτ-ἱμερτῆς
567 947 946 1021 compatiendo
985 947 1040 1004 id
1077 948 1234 1014 fecit,
1272 961 1379 1002 non
1417 944 1748 1003 mentiendo.

163 1048 239 1103 Fit
270 1046 414 1102 enim
454 1044 691 1116 quisque
735 1051 987 1113 tanquam
1029 1039 1121 1095 ille
1169 1038 1255 1095 cui
1291 1037 1404 1094 vult
1445 1037 1746 1103 subvenire,

158 1139 359 1210 quando
390 1148 543 1193 tanta
571 1133 939 1192 misericordia
967 1131 1242 1199 subvenit,
1275 1139 1471 1202 quanta
1497 1129 1596 1186 sibi
1621 1129 1750 1185 sub-

157 1233 317 1288 veniri
343 1231 533 1296 vellet,
561 1229 609 1284 si
634 1237 780 1285 esset
809 1227 923 1298 ipse
951 1229 1006 1281 in
1030 1224 1219 1282 eadem
1247 1223 1462 1280 miseria
1488 1222 1749 1279 constitu—

158 1333 258 1381 tus.
288 1323 473 1394 Itaque
499 1322 564 1378 ﬁt
595 1331 847 1392 tanquam
875 1319 986 1388 ille,
1015 1333 1120 1374 non
1145 1318 1268 1388 quia
1295 1315 1427 1372 fallit
1454 1317 1624 1383 illum,
1655 1315 1749 1372 sed

159 1418 269 1489 quia
293 1432 352 1472 se
380 1416 588 1487 cogitat
625 1416 765 1471 sicut
802 1415 973 1469 illum.
1006 1412 1158 1469 Unde
1185 1411 1315 1469 illud
1343 1420 1425 1466 est
1465 1411 1582 1481 ejus
1617 1424 1750 1482 apo-

154 1511 267 1566 stoli
288 1551 302 1576 ,
331 1507 483 1579 quod
519 1508 635 1578 jam
673 1521 833 1576 supra
874 1503 1289 1560 commemoravi
1320 1521 1332 1556 :
1361 1501 1569 1556 Fratres
1589 1542 1603 1568 ,
1631 1512 1677 1555 ct
1707 1502 1751 1556 si

155 1609 537 1673 praeoccupatus
561 1599 716 1670 fuerit
740 1598 891 1652 homo
917 1596 969 1651 in
993 1595 1160 1666 aliqua
1188 1593 1393 1660 delicto,
1419 1607 1507 1647 vos
1531 1593 1616 1662 qui
1644 1592 1752 1662 spi-

153 1698 354 1752 ritualcs
393 1697 516 1751 estis
535 1738 549 1762 ,
580 1695 816 1749 instruile
842 1692 1133 1764 lmjusmodi
1171 1690 1225 1746 in
1253 1691 1433 1762 spiritu
1462 1697 1751 1743 mansuetu—

150 1791 298 1857 dinis,
317 1789 591 1844 intendens
611 1797 659 1842 te
685 1789 873 1859 ipsum,
893 1803 954 1841 ne
977 1797 1021 1841 et
1048 1797 1102 1840 tu
1129 1785 1330 1839 tenteris
1359 1782 1556 1853 (Galot.
1580 1795 1649 1849 νι,
1671 1781 1746 1852 1).

151 1880 278 1939 Nam
305 1882 354 1937 si
383 1890 675 1952 propterea
705 1879 827 1950 quia
856 1878 1024 1945 dixit,
1059 1875 1250 1932 Factus
1279 1892 1390 1932 sum
1416 1874 1611 1930 Judteis
1634 1882 1749 1929 tan-

149 1992 308 2046 quam
336 1973 559 2028 Jndteus
581 2016 595 2040 ,
622 1983 667 2028 ct
694 1973 754 2028 iis
781 1972 868 2043 qui
896 1971 988 2028 sub
1017 1969 1150 2041 Lege
1179 1977 1321 2023 erant
1341 2011 1356 2037 ,
1385 1977 1623 2038 tanquam
1660 1967 1751 2022 sub

155 2067 297 2136 Lege
330 2065 379 2136 (ι
402 2064 527 2119 Cor.
555 2080 627 2131 ιι,
644 2062 858 2134 20—22);
887 2061 1008 2117 ideo
1032 2059 1297 2132 putandus
1323 2068 1406 2114 est
1425 2056 1752 2114 mendaciter

156 2157 482 2227 Suscepissc
512 2154 668 2225 Legis
695 2153 876 2208 veteris
911 2160 1244 2208 sacramenta
1273 2168 1286 2205 :
1318 2149 1501 2206 debuit
1527 2156 1582 2204 et
1609 2147 1750 2204 Gen-

155 2251 298 2306 tium
330 2247 689 2304 idololatrian:
716 2247 900 2303 eodem
929 2245 1090 2302 modo
1116 2243 1426 2301 mentiendo
1455 2240 1747 2313 suscipere,

150 2343 279 2414 quia
311 2340 450 2396 dixit
475 2342 636 2396 etiam
663 2340 727 2396 iis
753 2340 843 2410 qui
873 2341 990 2396 sine
1012 2340 1153 2410 Lege
1179 2348 1332 2395 erant
1357 2346 1608 2409 tanquam
1634 2337 1752 2394 sine

144 2434 290 2505 Lege
313 2447 378 2487 se
403 2431 633 2499 factum,
658 2441 716 2486 ut
742 2446 838 2487 eos
864 2430 1200 2486 lucrifaceret
1228 2446 1242 2484 :
1272 2429 1414 2501 quod
1437 2429 1620 2500 utique
1644 2443 1752 2484 non

144 2526 289 2580 fecit.
310 2523 438 2578 Non
464 2523 615 2580 enim
643 2522 837 2577 alicubi
863 2522 1182 2578 sacriﬁcavit
1205 2520 1379 2589 idolis,
1402 2529 1492 2575 aut
1512 2519 1753 2576 adoravit

143 2622 228 2678 illa
257 2621 561 2691 ﬁgmenta;
604 2632 671 2673 ac
697 2632 805 2673 non
835 2617 1010 2688 potius
1055 2615 1220 2671 libere
1263 2626 1511 2686 tanquam
1551 2622 1752 2684 martyr

143 2711 342 2767 Christi
383 2708 716 2766 detestanda
760 2717 815 2763 ct
853 2707 1066 2762 vitanda
1109 2706 1440 2762 monstravit.
1483 2705 1558 2760 De
1596 2705 1752 2761 nullis

143 2804 305 2875 igitur
349 2801 675 2874 apostolicis
717 2800 926 2856 actibus
967 2800 1080 2856 sive
1119 2800 1456 2856 sermonibus
1500 2800 1586 2855 isti
1625 2813 1750 2870 pro-

149 2899 331 2953 ferunt
367 2894 632 2951 imitanda
677 2893 926 2964 exempla
965 2891 1277 2949 mentiendi.
1323 2892 1398 2947 De
1426 2891 1752 2962 propheticis

153 3003 290 3059 ergo
326 2987 475 3042 iactis
512 3001 624 3042 seu
645 2985 808 3042 dictis
834 2984 957 3041 ideo
981 2984 1082 3040 sibi
1110 2982 1358 3039 videntur
1384 2982 1584 3039 habere
1610 2982 1752 3052 quod

152 3079 468 3151 proferant,
511 3079 638 3149 quia
687 3078 884 3147 ﬁguras
925 3075 1359 3147 praenuntiativas
1402 3083 1591 3144 putant
1632 3087 1754 3130 esse

155 3173 470 3240 mendacia,
514 3187 583 3228 eo
623 3170 772 3241 quod
812 3169 1102 3226 mendaciis
1140 3169 1247 3224 sint
1281 3167 1564 3236 aliquando
1601 3165 1751 3221 simi-

152 3267 225 3324 lia
247 3267 350 3338 (α).
378 3266 485 3323 Sed
525 3281 653 3321 cum
694 3264 1001 3321 referuntur
1040 3262 1107 3319 ad
1146 3277 1238 3318 cas
1264 3277 1352 3317 res
1379 3271 1594 3333 propter
1621 3274 1754 3332 quas

150 3359 540 3430 signiﬁcandas
569 3358 643 3412 ita
672 3356 812 3411 facta
841 3355 928 3412 vel
955 3355 1097 3411 dicta
1125 3363 1247 3409 sunt
1266 3394 1281 3420 ,
1313 3353 1651 3422 reperiuntur
1677 3352 1753 3406 si-

151 3452 533 3523 gniﬁcationes
554 3464 675 3506 esse
696 3463 936 3515 veraces,
961 3463 1024 3503 ac
1049 3463 1144 3518 per
1167 3446 1267 3502 hoc
1290 3445 1438 3500 nullo
1460 3445 1616 3500 modo
1637 3458 1756 3501 esse

158 3542 465 3598 mendacia.
507 3539 837 3597 Mendacium
885 3548 969 3594 est
1015 3539 1211 3610 quippe
1260 3537 1391 3591 falsa
1438 3535 1754 3606 signiﬁcatio

161 3652 293 3693 cum
329 3635 593 3690 voluntate
630 3632 870 3689 fallendi.
901 3631 1016 3687 Non
1055 3641 1139 3688 est
1175 3639 1351 3686 autem
1393 3628 1528 3682 falsa
1557 3625 1755 3698 signiﬁ-

156 3725 341 3793 catio,
371 3725 464 3780 ubi
505 3724 600 3779 etsi
637 3723 782 3779 aliud
820 3738 888 3778 ex
928 3722 1033 3777 alio
1058 3721 1418 3792 signiﬁcatur,
1451 3733 1634 3774 verum
1672 3725 1755 3772 est

159 3827 341 3874 tamen
367 3817 512 3889 quod
537 3815 885 3888 signiﬁcatur,
914 3814 959 3869 si
988 3822 1136 3870 recte
1165 3811 1506 3882 intelligatur.

229 3912 457 3969 CAPUT
483 3909 626 3967 XIII.
650 3939 720 3950 ——
744 3909 833 3964 27.
859 3907 1210 3962 Discutiuntur
1229 3907 1341 3960 loca
1363 3904 1623 3975 Evangelii
1643 3917 1755 3974 qua!

168 4005 396 4059 uidentur
422 4003 740 4075 patrocinari
763 4001 1046 4056 mendacio.
1074 3999 1303 4057 Christus
1329 3998 1543 4069 ﬁgurate
1567 3997 1756 4051 nescire

171 4110 230 4149 se
269 4095 407 4163 ﬁnxit
443 4097 582 4165 quod
625 4094 831 4149 sciebat.
872 4091 1006 4146 Item
1046 4091 1334 4162 prophetica
1371 4097 1417 4144 et
1455 4089 1668 4160 ﬁgurate
1702 4104 1756 4144 ac

171 4187 321 4256 ﬁnxit
345 4188 543 4260 longius
578 4189 674 4241 ire.
707 4185 843 4241 Sunt
878 4183 1122 4256 quaedam
1161 4181 1422 4252 ejusmodi
1450 4180 1610 4237 etiam
1635 4180 1753 4236 Sal-

170 4282 367 4337 vator-is
392 4282 445 4336 in
471 4279 784 4351 Evangelio,
814 4279 941 4348 quia
966 4285 1022 4332 et
1044 4277 1159 4346 ipsc
1184 4274 1442 4331 Dominus
1461 4272 1756 4343 Pr0pbeta-

171 4388 290 4428 rum
323 4371 590 4442 Propheta
627 4385 752 4427 esse
778 4369 1027 4442 dignatus
1054 4375 1155 4424 est.
1187 4366 1334 4422 Talia
1363 4373 1488 4420 sunt
1516 4365 1634 4431 illa,
1665 4362 1754 4420 ubi

175 4461 245 4519 de
261 4464 483 4521 muliere
501 4477 623 4535 quae
639 4462 844 4520 ﬂuxum
869 4460 1142 4533 sanguinis
1166 4457 1480 4530 patiebatur,
1507 4457 1602 4525 ait,
1629 4456 1755 4524 Quls

175 4574 254 4612 nte
279 4559 436 4630 tetigit
462 4556 739 4629 (Luc.’vm
757 4597 772 4620 ,
800 4555 892 4626 45)
911 4556 935 4610 ?
955 4563 1013 4611 et
1034 4554 1103 4610 de
1124 4553 1358 4619 Lazaro,
1395 4551 1491 4608 Ubi
1518 4549 1754 4622 posuistis

177 4665 286 4704 ann
314 4648 496 4721 (Joan.
524 4664 618 4716 ιιι,
658 4647 786 4718 34)?
826 4647 914 4704 Sic
951 4646 1147 4717 quippe
1188 4643 1562 4714 interrogavit,
1606 4641 1755 4712 quasi

183 4741 420 4797 nesciens
455 4741 599 4813 quod
640 4740 824 4812 utique
861 4739 1082 4795 sciebat.
1111 4738 1190 4793 Ae
1217 4751 1310 4807 per
1337 4735 1438 4791 hoc
1466 4733 1673 4790 nescire
1695 4748 1757 4790 se

185 4831 357 4900 ﬁnxit,
386 4845 445 4890 ut
472 4832 670 4905 aliquid
695 4831 839 4888 aliud
864 4831 955 4886 illa
982 4831 1128 4887 velut
1154 4828 1446 4900 ignorantia
1475 4841 1570 4883 sua
1595 4826 1754 4898 signi-

182 4925 359 4983 ﬁcaret
385 4944 400 4981 :
426 4942 548 4998 qua:
589 4925 908 4997 signiﬁcatio
949 4923 1200 4996 quoniam
1237 4937 1398 4978 verax
1426 4930 1574 4988 erat,
1604 4934 1756 4975 men-

183 5016 384 5074 dacium
407 5018 650 5092 profecto
675 5033 781 5074 non
810 5026 944 5073 erat.
985 5016 1094 5072 Eos
1118 5029 1345 5087 namque
1369 5012 1756 5084 signiﬁcabant,

181 5107 285 5166 sive
311 5110 400 5166 illa
428 5111 631 5166 ﬂuxum
665 5108 938 5180 sanguinis
977 5107 1215 5178 patiens,
1256 5106 1369 5163 sive
1405 5106 1492 5162 ille
1519 5113 1761 5161 mortuus

184 5201 554 5270 quatriduanus
574 5242 590 5269 ,
619 5215 755 5273 quos
779 5201 940 5257 etiam
971 5200 1062 5270 qui
1089 5207 1278 5255 cuneta
1307 5198 1508 5255 sciebat
1530 5199 1759 5269 quodam

183 5292 336 5348 odo
377 5291 672 5349 nesciebat.
715 5291 849 5347 Nam
897 5299 951 5346 et
992 5291 1080 5346 illa
1117 5298 1304 5363 typum
1342 5289 1560 5360 gerebat
1591 5289 1762 5360 plebis

181 5380 457 5451 Gentium,
486 5383 631 5440 unde
658 5383 932 5454 pmmissa
972 5381 1145 5438 fuerat
1174 5381 1451 5453 prophetia
1472 5422 1488 5448 ,
1531 5380 1762 5449 Populus

182 5489 322 5543 quan
354 5492 457 5530 non
491 5474 740 5546 cognovi,
778 5472 979 5528 servivit
1015 5470 1140 5526 mihi
1183 5471 1353 5544 (Psal.
1381 5487 1521 5538 xvtt,
1549 5471 1640 5541 45)
1670 5487 1683 5523 :
1710 5479 1764 5527 ct

183 5563 409 5625 laurus
431 5575 674 5625 motus
696 5582 728 5622 ει
747 5566 1048 5623 viventibus
1070 5574 1322 5638 tanquam
1345 5565 1416 5620 ibi
1437 5564 1648 5636 iacebat
1670 5579 1765 5634 per

179 5660 587 5733 signiﬁeativam
621 5657 1055 5726 similitudinem,
1097 5656 1189 5714 ubi
1225 5657 1318 5714 ille
1352 5655 1504 5728 cujus
1531 5671 1632 5712 vox
1660 5663 1762 5723 est,

234 5820 310 5880 (α)
333 5816 796 5882 ιιοςιρηιοεωίιυω
819 5849 834 5880 ,
872 5827 927 5867 co
966 5814 1092 5880 quod
1129 5811 1392 5878 mendaciis
1445 5812 1537 5868 sint
1600 5811 1766 5877 aliqua

177 5877 607 5935 “1.....-
819 5877 1155 5880 ,-κ
1338 5877 1595 5916 κ

1584 367 1792 430 LIBER
1827 367 2048 432 UNUS.’
2371 357 2405 399 ί)
2487 314 2498 325 ’

1855 485 2125 583 {reiectus
2145 505 2254 546 sum
2274 507 2310 548 τι
2325 492 2455 564 {acie
2475 495 2736 552 oculorum
2755 506 2954 556 tuorum
2975 476 3146 576 (Psal.
3166 521 3291 576 xxx,
3311 509 3408 583 25)
3421 551 3438 568 .

1857 579 1928 636 Et
1962 580 2084 638 ideo
2121 593 2372 656 tanquam
2413 587 2706 644 nesciretur
2746 605 2779 645 a
2823 590 3070 664 Christo,
3108 606 3162 653 et
3196 599 3284 654 illa
3316 579 3437 671 quin

1856 671 2012 729 fuerit
2030 714 2046 741 ,
2074 683 2129 731 et
2152 675 2254 732 istc
2281 677 2367 732 ubi
2397 679 2602 749 positus
2627 680 2816 749 fuerit,
2845 686 3020 742 verbis
3059 688 3438 761 interrogantis

1855 774 1939 822 cst
1964 767 2270 837 ﬁguratum,
2305 779 2358 825 ct
2393 783 2554 828 omne
2591 771 2811 829 vitatum
2847 778 3022 833 veraci
3050 779 3436 852 signiﬁcatione

1854 857 2210 914 mendacium.

1925 949 2015 1005 28.
2047 950 2181 1007 llinc
2217 961 2298 1008 est
2335 955 2492 1010 etiam
2531 955 2660 1011 illud
2699 959 2840 1028 quod
2879 965 3307 1020 commcmorasti
3344 979 3436 1022 eos

1853 1040 2052 1110 dicere,
2082 1044 2360 1100 Dominum
2386 1045 2587 1114 Jcsum,
2617 1060 2958 1122 posteaquam
2987 1055 3298 1121 resurrexit,
3324 1072 3436 1111 am-

1854 1135 2068 1192 bulasse
2096 1137 2147 1191 in
2173 1132 2365 1194 itinere
2405 1153 2527 1194 cum
2569 1141 2772 1198 duobus
2809 1143 3114 1214 discipulis;
3143 1154 3192 1201 et
3226 1147 3437 1217 propin-

1854 1229 2138 1299 quantibus
2166 1231 2242 1286 eis
2270 1232 2488 1288 castello
2514 1248 2620 1304 quo
2645 1234 2819 1303 ibant,
2851 1235 3001 1291 illum
3029 1236 3235 1307 longius
3262 1253 3321 1294 sc
3358 1238 3438 1296 ire

1856 1320 2074 1378 ﬁnxisse
2105 1341 2117 1378 :
2148 1322 2234 1378 ubi
2272 1324 2588 1395 evangelista
2627 1326 2836 1394 dicens,
2866 1326 2990 1399 Ipse
3015 1338 3182 1383 autem
3209 1345 3262 1383 se
3289 1329 3438 1399 ﬁnxit

1856 1413 2053 1485 longius
2083 1415 2154 1468 ire
2183 1414 2330 1484 (Luc.
2354 1431 2503 1481 χειν,
2532 1415 2654 1490 28);
2686 1419 2847 1474 etiam
2875 1418 3048 1490 ipsum
3077 1420 3296 1476 verbum
3337 1435 3435 1490 po-

1856 1507 1994 1575 suit,
2024 1524 2129 1578 quo
2159 1509 2440 1566 mendaces
2468 1511 2689 1566 nimium
2727 1513 3090 1578 delectantur,
3128 1522 3185 1568 ut
3217 1512 3438 1584 impune

1855 1600 2178 1656 mentiantur
2203 1619 2214 1654 :
2239 1604 2386 1672 quasi
2409 1603 2741 1659 mendacium
2767 1605 2836 1660 sit
2860 1620 3017 1662 omne
3036 1606 3180 1677 quod
3201 1605 3435 1677 ﬁngitur,

1854 1709 1975 1748 cum
2017 1695 2275 1751 veraciter
2316 1697 2457 1752 aliud
2502 1711 2568 1752 ex
2609 1697 2713 1753 alio
2758 1698 3084 1768 signiﬁcandi
3127 1715 3285 1755 causa
3329 1709 3436 1756 tam

1854 1789 2020 1843 multa
2045 1787 2325 1859 ﬁngantur.
2357 1790 2413 1846 Si
2437 1805 2562 1860 ergo
2591 1790 2722 1846 nihil
2747 1790 2889 1847 aliud
2913 1791 3264 1863 signiﬁcasset
3281 1791 3438 1848 Jcsus

1856 1879 1908 1936 in
1949 1895 2014 1936 eo
2052 1882 2192 1951 quod
2233 1883 2438 1953 longius
2481 1883 2558 1938 ire
2595 1896 2655 1938 se
2687 1883 2866 1952 ﬁnxit,
2899 1884 3089 1940 merito
3113 1884 3437 1954 judicaretur

1855 1986 1973 2026 esse
1993 1971 2325 2027 mendacium
2351 1990 2364 2027 :
2388 1989 2548 2043 porro
2573 1982 2748 2029 autem
2779 1973 2824 2028 si
2853 1974 2990 2030 bene
3017 1974 3357 2046 intelligatur,
3383 1983 3439 2031 et

1854 2065 1921 2120 ad
1950 2065 2003 2120 id
2033 2065 2170 2135 quod
2196 2065 2364 2121 voluit
2386 2066 2686 2136 signiﬁcare
2715 2065 2995 2133 referatur,
3029 2068 3294 2123 invenitur
3315 2082 3439 2124 esse

1856 2156 2187 2228 mysterium.
2212 2157 2456 2228 Alioquin
2476 2167 2634 2214 erunt
2654 2168 2844 2214 cuneta
2865 2159 3159 2226 mendacia,
3183 2176 3300 2229 qua:
3322 2166 3439 2229 pru-

1855 2258 1974 2321 ptcr
1999 2250 2281 2321 quamdam
2310 2265 2489 2305 rerum
2520 2249 2984 2321 signiﬁcandarum
3015 2250 3435 2318 similitudinem,

1854 2356 1978 2398 cum
1999 2351 2144 2412 gesta
2166 2355 2270 2396 non
2291 2341 2416 2410 sint,
2437 2351 2685 2412 tanquam
2701 2350 2850 2412 gesta
2869 2349 3168 2396 narrantur.
3185 2340 3341 2398 Unde
3357 2350 3440 2397 cst

1856 2433 1944 2490 illa
1973 2434 2040 2489 dc
2065 2433 2272 2490 duobus
2296 2434 2450 2489 unius
2475 2433 2708 2489 hominis
2733 2433 2875 2504 ﬁliis,
2908 2436 3110 2504 majore
3133 2435 3221 2504 qui
3247 2435 3440 2490 mansit

1854 2527 1993 2598 apud
2018 2537 2224 2598 patrem
2254 2542 2428 2595 suum,
2463 2534 2517 2582 et
2544 2527 2749 2582 minore
2775 2528 2866 2598 qui
2894 2527 3050 2598 longe
3077 2527 3441 2597 peregrinatus

1855 2632 1958 2689 est,
1995 2631 2098 2678 tam
2128 2621 2331 2694 prolixa
2360 2622 2594 2677 narratio
2621 2620 2734 2692 (Id.
2764 2636 2858 2689 xv,
2885 2621 3102 2690 11-52).
3131 2621 3187 2676 lu
3217 2636 3322 2693 quo
3351 2637 3441 2692 ge-

1854 2730 1984 2771 nere
2007 2714 2236 2786 ﬁngendi
2265 2713 2498 2770 humana
2525 2715 2683 2769 etiam
2716 2713 2851 2768 facta
2880 2712 2959 2768 vel
2987 2712 3130 2768 dicta
3158 2713 3440 2768 irrationa-

1857 2805 1997 2861 libus
2022 2805 2376 2861 animantibus
2405 2816 2460 2861 et
2488 2804 2650 2861 rebus
2677 2818 2838 2860 sensu
2866 2803 3168 2860 carentibus
3198 2804 3442 2861 homines

1854 2897 2192 2964 addiderunt,
2218 2905 2278 2952 ut
2300 2896 2560 2968 ejusmodi
2586 2897 2721 2952 ﬁctis
2742 2895 3150 2962 narrationibus,
3173 2897 3267 2950 sed
3291 2910 3442 2952 vera.

1855 2992 2006 3047 cibus
2051 2990 2556 3062 signiﬁcationibus,
2607 2991 2748 3060 quod
2784 2990 2982 3046 vellent
3022 2988 3440 3044 commendatius

1857 3083 2180 3139 intimarent.
2230 3083 2337 3138 Nec
2382 3082 2522 3152 apud
2554 3092 2815 3137 auctores
2858 3089 3062 3135 tantum
3105 3080 3440 3134 smeularium

1857 3177 2184 3242 litterarum,
2217 3185 2275 3230 ut
2302 3175 2442 3245 apud
2471 3174 2768 3240 lloratium,
2800 3188 2919 3228 mus
2943 3173 3177 3243 loquitur
3203 3173 3360 3239 muri,
3389 3181 3440 3227 ct

1857 3268 2083 3322 mustela
2111 3265 2438 3336 vulpecula),
2471 3273 2527 3318 ut
2568 3280 2662 3334 per
2702 3264 3057 3318 narrationem
3088 3263 3262 3317 ﬁctam
3292 3262 3357 3316 ad
3390 3262 3440 3317 id

1857 3359 1998 3431 quod
2024 3359 2215 3428 agitur,
2247 3373 2372 3413 vera
2399 3357 2713 3429 signiﬁcatio
2737 3357 2998 3412 referatur
3030 3354 3239 3428 (Horat.
3269 3355 3438 3412 Serm.

1859 3451 1946 3505 lib.
1970 3450 2023 3516 Ξ,
2052 3460 2149 3506 sat.
2173 3450 2241 3516 6;
2273 3459 2315 3503 et
2344 3449 2508 3520 Epist.
2537 3448 2624 3502 lib.
2648 3449 2702 3515 l,
2729 3449 2874 3516 epist.
2899 3446 2988 3519 7);
3017 3446 3157 3502 unde
3184 3456 3237 3502 et
3256 3445 3442 3515 AESOpi

1859 3544 1990 3600 tales
2018 3543 2223 3599 fabulas
2248 3542 2318 3598 ad
2344 3558 2468 3598 cum
2499 3541 2657 3597 ﬁnem
2684 3541 2899 3608 relatas,
2929 3540 3108 3596 nullus
3133 3549 3241 3596 tam.
3267 3540 3444 3596 incru-

1857 3635 1997 3690 ditus
2034 3633 2165 3702 fuit,
2197 3633 2287 3705 qui
2315 3642 2524 3704 putaret
2559 3632 2872 3703 appellanda
2912 3630 3182 3686 mendacia
3217 3650 3231 3686 :
3263 3631 3356 3687 sed
3387 3632 3442 3688 in

1858 3725 2073 3781 Litteris
2100 3739 2314 3796 quoque
2341 3725 2540 3792 sacris,
2573 3725 2708 3780 sicut
2747 3723 2799 3778 in
2841 3723 3000 3778 Libro
3027 3723 3269 3778 Judicum
3301 3723 3440 3794 ligna

1856 3818 1956 3876 sibi
1989 3833 2165 3891 regem
2195 3818 2506 3890 requirunt,
2537 3827 2592 3873 ct
2629 3817 2913 3887 loquuntur
2948 3816 3016 3871 ad
3042 3816 3212 3873 oleam
3234 3857 3249 3883 ,
3281 3824 3335 3870 ct
3374 3815 3443 3871 ad

1857 3913 2051 3977 ﬁcum,
2081 3920 2137 3968 ct
2170 3910 2240 3966 ad
2277 3911 2460 3977 vitem,
2501 3919 2556 3966 et
2592 3909 2659 3964 ad
2698 3909 2886 3964 rubum
2926 3907 3119 3980 (Judic.
3150 3923 3233 3974 ιιι,
3263 3906 3440 3981 8-15).

1857 4002 2008 4072 Quod
2032 4003 2214 4073 utique
2239 4010 2404 4057 totum
2426 4001 2660 4072 ﬁngitur,
2686 4010 2742 4056 ut
2761 3999 2828 4055 ad
2853 4015 2966 4054 rem
2991 4015 3110 4070 qua:
3131 3998 3440 4067 intenditur,

1857 4097 1977 4151 ﬁcta
2002 4095 2215 4167 quidem
2247 4094 2572 4161 narratione,
2599 4108 2706 4148 non
2736 4091 2977 4148 mendaci
3004 4100 3204 4159 tamen,
3233 4090 3328 4147 sed
3353 4107 3443 4146 vc-

1857 4188 1966 4244 raci
1989 4185 2373 4258 signiﬁcatione
2394 4184 2658 4240 veniatur.
2689 4183 2813 4239 llaec
2838 4181 2950 4238 dixi
2979 4193 3193 4252 preptcr
3222 4181 3275 4236 id
3301 4183 3444 4252 quod

1857 4279 2111 4349 scriptum
2139 4286 2222 4333 est
2249 4276 2315 4332 de
2339 4275 2464 4332 Iesu
2485 4316 2501 4343 ,
2528 4275 2596 4329 Et
2620 4277 2726 4346 ipse
2753 4291 2807 4328 se
2833 4273 2978 4344 ﬁnxit
3002 4274 3201 4344 longius
3227 4275 3301 4328 ire
3331 4289 3348 4328 :
3372 4289 3444 4332 ne

1855 4373 2136 4443 quisquam
2163 4383 2235 4425 ex
2263 4367 2367 4423 hoc
2396 4367 2579 4433 verbo,
2610 4366 2748 4421 sicut
2775 4364 3208 4431 Priscillianistte,
3237 4365 3442 4420 licittun

1857 4463 2042 4519 volens
2081 4460 2282 4516 habere
2322 4458 2689 4526 mendacium,
2733 4457 2950 4526 insuper
2986 4456 3145 4510 etiam
3168 4453 3442 4512 Christum

1857 4555 2146 4614 contendat
2167 4553 2331 4610 fuisse
2348 4551 2648 4608 mentitum.
2671 4549 2920 4620 Quisquis
2939 4556 3116 4604 autem
3142 4548 3254 4604 vult
3279 4546 3440 4604 intel-

1859 4651 2023 4723 ligere
2053 4647 2181 4704 illud
2209 4645 2454 4717 lingendo
2482 4643 2610 4716 quid
2639 4641 3020 4714 przeﬁgurarit,
3045 4639 3282 4697 attendat
3313 4639 3442 4711 quid

1857 4745 2064 4819 agendo
2109 4741 2412 4815 perfecerit.
2441 4739 2673 4810 Longius
2702 4751 2930 4808 namque
2963 4745 3148 4804 postea
3176 4732 3444 4804 proiectus

1857 4854 2020 4912 super
2063 4848 2250 4894 omnes
2291 4835 2488 4898 cretes,
2516 4847 2623 4886 non
2667 4839 2846 4885 tamen
2885 4827 3119 4883 deseruit
3156 4825 3445 4898 discipulos

1861 4947 2005 4989 suos.
2035 4929 2258 5002 PrOpter
2282 4927 2384 4982 hoc
2408 4922 2814 4996 signiﬁcandum
2841 4921 3077 4976 futurum
3096 4918 3348 4975 divinitus
3367 4917 3445 4974 fa-

1862 5034 2026 5093 ctum,
2056 5023 2123 5080 ad
2152 5035 2388 5094 praesens
2413 5017 2543 5075 illud
2569 5025 2652 5073 est
2683 5015 2988 5072 humanitus
3013 5014 3212 5069 ﬁctum.
3233 5012 3301 5068 Et
3323 5011 3447 5070 ideo

1862 5113 2178 5188 signiﬁcatio
2215 5127 2374 5169 verax
2415 5110 2466 5165 in
2506 5109 2597 5164 illa
2633 5116 2718 5163 est
2746 5107 2957 5163 lictionc
2986 5105 3297 5176 prmmissa,
3322 5103 3447 5173 quia

1865 5210 1919 5265 in
1939 5208 2039 5264 hac
2063 5204 2390 5279 profectione
2410 5201 2556 5258 illius
2579 5208 2663 5256 est
2685 5197 3084 5269 signiﬁcationis
3108 5193 3301 5250 veritas
3321 5192 3448 5248 sub-

1864 5310 2067 5360 secuta.
2096 5298 2193 5354 Ille
2218 5297 2379 5368 igitur
2402 5291 2692 5350 contendat
2713 5289 2982 5346 Christum
3015 5285 3292 5342 mentitum
3327 5298 3452 5342 esse

1867 5397 2146 5471 ﬁngendo,
2175 5393 2266 5468 qui
2294 5399 2453 5464 negat
2487 5404 2610 5448 eum
2638 5385 2781 5462 quod
2807 5381 3124 5457 signiﬁcavit
3146 5379 3452 5452 implevisse

1866 5490 2164 5640 ¹³⁰ιέῗξὶῗῗίτ
2193 5579 2333 5637 xw.
2365 5608 2438 5622 —
2469 5577 2560 5633 29.
2592 5573 2844 5645 Εωαηρια
2868 5571 3149 5643 Scriptum
3171 5565 3378 5630 παθη
3407 5563 3456 5622 ³ί

1867 5692 1981 5751 qua:
2005 5677 2074 5731 ibi
2098 5683 2370 5730 narrantur
2399 5670 2657 5726 hominum
2684 5666 2963 5729 mendacia,
2997 5678 3097 5716 non
3123 5673 3228 5713 esse
3251 5657 3455 5713 imitan-

1869 5749 1959 5825 tia.
1989 5767 2057 5824 Ut
2077 5784 2177 5821 non
2197 5763 2442 5820 imitanda
2461 5760 2612 5817 Iuda:
2632 5755 2917 5828 fornicatio,
2940 5754 3013 5808 ita
3033 5767 3120 5806 nec
3140 5749 3459 5804 mendacium

1836 5885 1838 5887 ν
1875 5863 2120 5950 ᾘωηιαν.
2145 5859 2282 5930 Quia
2309 5865 2440 5931 ergo
2465 5867 2574 5916 non
2600 5849 2877 5918 inveniunt
2908 5843 3195 5912 mendaces
3219 5838 3460 5904 lucrm
