3810 6504
483 488 534 544 in
565 481 890 543 Testamenti
914 478 1044 537 Novi
1071 477 1262 536 litteris
1289 476 1543 535 imitanda
1571 477 1815 554 exempla
1840 470 2064 530 menda-

480 555 569 646 cii,
599 576 992 648 copiosissimos
1030 588 1090 629 se
1127 585 1246 629 esse
1283 571 1590 630 existimant
1616 570 1669 625 in
1697 569 1798 625 hac
1826 567 2064 638 disputa-

428 661 433 668 ’
482 673 648 737 tione,
676 684 781 741 qua
819 669 1103 745 opinantur
1139 681 1260 723 esse
1298 663 1694 732 mentiendum,
1729 678 1848 719 cum
1878 661 1944 716 de
1970 676 2064 716 ve-

479 763 678 821 teribus
704 760 1027 832 prapheticis
1056 759 1259 827 Libris,
1289 759 1411 830 quia
1451 772 1555 813 non
1597 756 1668 812 ibi
1707 762 1925 826 apparet
1963 753 2063 810 nisi

476 854 895 925 intelligentibus
917 853 1098 925 paucis
1119 866 1222 923 quo
1244 852 1538 907 referantur
1558 848 1900 921 significativa
1922 847 2060 903 dicta

475 947 561 1020 vel
590 948 724 1004 facta
750 947 979 1015 veracia,
1007 947 1170 1002 multa
1195 945 1294 1004 sibi
1322 945 1566 1000 videntur
1591 943 1829 1000 invenire
1852 958 1915 998 ac
1940 955 2062 1013 pro-

473 1039 617 1096 ferre
636 1039 932 1095 mendacia.
949 1038 1054 1095 Sed
1077 1038 1272 1095 habere
1293 1038 1568 1108 cupientes
1590 1036 1781 1108 quibus
1801 1049 1860 1091 se
1883 1045 2061 1102 tueane

474 1139 561 1188 tur
589 1133 734 1189 velut
760 1132 1010 1189 imitanda
1037 1133 1280 1204 exempla
1319 1131 1570 1198 fallendi,
1598 1145 1656 1186 se
1681 1130 1824 1201 ipsos
1851 1129 2055 1198 fallunt,

472 1236 528 1284 et
553 1228 806 1285 mentitur
831 1243 1015 1284 eorum
1043 1228 1288 1299 iniquitas
1314 1227 1412 1282 sibi
1442 1224 1612 1300 (Psal.
1635 1240 1790 1292 xxvi,
1815 1222 1924 1296 12).
1948 1222 2058 1278 Illa:

473 1327 650 1376 autem
677 1335 948 1390 personae,
975 1335 1108 1391 quas
1136 1318 1458 1374 credendum
1488 1318 1558 1373 ibi
1584 1332 1688 1373 non
1715 1325 1800 1372 est
1823 1315 2056 1387 prophe-

474 1421 588 1469 tare
613 1414 875 1479 voluisse,
917 1415 963 1469 si
1003 1412 1129 1485 quid
1167 1411 1404 1468 faciendo
1430 1410 1514 1467 vel
1542 1408 1767 1466 dicendo
1793 1407 2057 1474 finxerunt

471 1507 744 1568 voluntate
768 1505 1014 1573 fallendi;
1041 1505 1283 1578 quamvis
1308 1520 1372 1560 ex
1397 1505 1527 1574 ipsis
1549 1517 1759 1573 quoque
1788 1501 1936 1555 factis
1960 1515 2054 1555 (ξιιμ

472 1614 589 1656 rum
617 1599 732 1656 sive
759 1599 915 1656 dictis
949 1599 1146 1670 aliquid
1188 1597 1553 1670 prephcticum
1589 1595 1757 1666 possit
1794 1591 2052 1668 exsculpi,

469 1705 565 1761 per
585 1691 724 1748 illius
745 1693 1179 1762 omnipotentiam
1204 1691 1629 1763 praeseminatum
1652 1696 1808 1758 atque
1829 1685 2055 1755 disposi-

470 1794 602 1854 tum,
631 1785 722 1856 qui
745 1787 879 1842 bene
905 1789 980 1842 uti
1003 1788 1150 1842 novit
1177 1787 1336 1842 etiam
1364 1783 1517 1839 malis
1542 1783 1848 1848 hominum;
1873 1789 2053 1837 tamen

468 1887 722 1950 quantum
760 1880 827 1934 ad
865 1880 1006 1950 ipsas
1039 1879 1256 1944 attinet,
1289 1880 1404 1933 sine
1443 1876 1773 1932 dubitatione
1817 1876 2053 1931 mentitae

467 1981 610 2026 sunt.
637 1971 742 2027 Sed
768 1987 876 2026 non
908 1971 1026 2028 ideo
1065 1971 1260 2028 debent
1286 1969 1536 2026 imitanda
1567 1967 1888 2037 existimari,
1931 1968 2052 2039 quia

466 2065 521 2120 in
550 2067 630 2122 eis
659 2067 995 2137 reperiuntur
1017 2066 1192 2122 Libtis
1229 2067 1318 2137 qui
1356 2064 1524 2120 sancti
1565 2073 1619 2120 et
1655 2063 1819 2118 divini
1860 2063 2052 2119 merito

464 2161 822 2216 nominantur.
849 2161 1058 2216 Habent
1099 2161 1240 2216 enim
1279 2159 1576 2230 conscripta
1615 2167 1670 2215 et
1706 2158 1846 2213 mala
1873 2157 2049 2214 homi.

463 2265 590 2306 num
615 2259 670 2306 et
691 2252 867 2318 bona;
895 2252 982 2307 illa
1007 2251 1219 2308 vitanda
1238 2293 1252 2320 ,
1283 2252 1382 2308 ista
1409 2251 1659 2308 sectanda
1684 2267 1700 2306 :
1729 2259 1782 2308 et
1804 2249 2050 2321 quatdam

461 2343 535 2399 ita
566 2345 735 2415 posita
759 2355 820 2401 ut
842 2346 911 2402 de
936 2347 1038 2402 illis
1067 2347 1225 2402 etiam
1255 2349 1456 2417 prolata
1487 2349 1556 2402 sit
1577 2346 1834 2402 sententia
1853 2387 1866 2411 ,
1896 2361 2046 2416 qure—

460 2435 584 2492 dam
610 2452 736 2494 vero
761 2439 920 2494 tacito
947 2439 1018 2494 ibi
1037 2439 1238 2509 judicio
1264 2440 1418 2495 nobis
1439 2440 1720 2508 iudicanda
1748 2439 2044 2509 permissa;

460 2532 712 2602 quoniam
741 2549 846 2588 non
875 2534 1050 2590 solum
1081 2551 1179 2590 nos
1210 2535 1398 2590 nutriri
1427 2534 1718 2590 manifestis
1739 2575 1752 2602 ,
1784 2549 1967 2590 verum
1992 2543 2047 2592 et

458 2629 694 2684 exerceri
721 2628 1001 2698 oportebat
1034 2629 1293 2685 obscuris.

460 2751 466 2759 -
530 2721 619 2778 30.
649 2721 758 2777 Cur
782 2731 960 2777 autem
991 2721 1076 2777 isti
1114 2721 1424 2778 imitandam
1451 2723 1550 2778 sibi
1583 2722 1814 2779 Thamar
1857 2723 2044 2780 existi-

456 2824 606 2870 mant
629 2817 968 2872 mentientem
993 2857 1008 2882 ,
1039 2825 1094 2872 et
1126 2816 1440 2872 imitandum
1483 2817 1673 2872 Judam
1717 2833 1822 2872 non
1853 2817 2040 2872 existi-

457 2908 977 2965 ntantfornicantcm
1013 2909 1164 2983 (Gen.
1212 2926 1413 2966 xxxvm
1442 2952 1456 2976 ,
1503 2911 1740 2982 14-18)?
1780 2912 1855 2967 lbi
1895 2912 2040 2967 enim

455 3009 741 3072 utrumque
763 3001 1038 3073 legerunt:
1069 3012 1124 3058 et
1148 3003 1280 3058 nihil
1309 3003 1498 3059 horum
1519 3003 1794 3074 Scriptura
1816 3003 1903 3059 illa
1925 3004 2040 3060 sive

454 3096 725 3166 culpavit,
771 3098 883 3153 sive
918 3097 1186 3165 laudavit;
1221 3098 1313 3154 sed
1345 3099 1709 3154 tantummodo
1755 3109 2040 3169 utrumque

453 3189 707 3257 narravit,
733 3199 786 3246 et
806 3189 1149 3260 judicandum
1177 3192 1331 3248 nobis
1353 3201 1636 3262 utrumque
1668 3192 1870 3247 dimisit
1898 3211 1910 3247 :
1943 3191 2039 3248 sed

452 3282 648 3337 mirum
678 3282 723 3338 si
749 3281 946 3353 aliquid
976 3283 1164 3338 horum
1191 3284 1505 3340 imitandum
1532 3285 1750 3355 impune
1776 3285 2036 3356 permisit.

452 3372 606 3444 Quod
634 3374 775 3429 enim
811 3371 1042 3430 Thamar
1079 3390 1184 3431 non
1223 3377 1598 3432 merelricandi
1639 3376 1859 3431 libidine
1887 3417 1901 3441 ,
1943 3375 2037 3430 sed

450 3468 786 3538 concipiendi
813 3469 1086 3525 voluntate
1110 3471 1329 3526 mentita
1353 3470 1443 3538 sit,
1475 3469 1738 3524 novimus.
1766 3469 1959 3524 Verum
1983 3475 2038 3523 et

450 3561 749 3629 fornicatio,
774 3562 981 3616 etiamsi
1005 3562 1154 3618 Judm
1177 3565 1298 3619 talis
1317 3578 1425 3617 non
1447 3563 1567 3630 fuit,
1593 3570 1771 3634 potest
1795 3577 1914 3618 esse
1938 3578 2037 3617 cu-

445 3653 678 3723 iuspiam
698 3671 800 3724 qua
824 3655 981 3709 faciat
1008 3665 1064 3710 ttt
1085 3656 1246 3712 homo
1267 3657 1540 3725 liberetur,
1564 3657 1702 3712 sicut
1722 3657 2035 3712 illiusmen-

450 3743 660 3798 dacium
687 3743 866 3799 fuitut
891 3746 1051 3801 homo
1078 3749 1450 3818 conciperetur
1469 3766 1480 3800 :
1499 3749 1755 3819 numquid
1783 3759 2034 3819 propter-

449 3850 514 3891 ea
567 3836 726 3892 etiam
761 3835 1126 3892 fornicandnm
1155 3849 1271 3906 est,
1319 3841 1363 3893 si
1393 3850 1611 3910 propter
1649 3841 1780 3896 illud
1819 3853 2036 3912 putatur

449 3927 614 3983 fuisse
647 3929 1052 3984 mentiendum?
1092 3930 1205 3985 Non
1250 3932 1318 3987 de
1347 3934 1462 3987 solo
1503 3933 1679 4004 itaque
1716 3935 1992 3990 mendacio
2018 3977 2032 4001 ,

448 4023 544 4077 sed
573 4021 640 4077 de
666 4022 915 4096 omnibus
941 4025 1189 4094 operibus
1210 4025 1483 4080 hominum
1512 4026 1564 4081 in
1585 4027 1778 4097 quibus
1803 4029 2037 4084 existunt

447 4116 594 4172 velut
619 4118 1013 4187 compensativa
1038 4126 1276 4189 peccata,
1305 4119 1749 4176 considerandum
1771 4130 1853 4178 est
1875 4137 2033 4192 quam

443 4207 766 4265 Sententiam
792 4208 1032 4280 proferre
1056 4209 1348 4268 debeamus
1372 4230 1385 4279 ;
1414 4229 1480 4268 ne
1506 4213 1807 4284 aperiamus
1832 4214 2034 4270 aditum

443 4317 554 4358 non
584 4311 789 4360 tantum
819 4304 998 4376 parvis
1037 4305 1335 4378 quibusque
1362 4307 1594 4378 peccatis
1613 4349 1628 4375 ,
1658 4323 1842 4365 verum
1873 4309 2033 4364 etiam

443 4397 737 4454 sceleribus
764 4401 990 4468 cunctis,
1016 4401 1330 4473 nullumque
1358 4410 1632 4458 remaneat
1668 4401 1896 4470 facinus,
1937 4401 2033 4458 lla-

443 4489 651 4560 gilium,
677 4493 1034 4565 sacrilegium,
1068 4494 1118 4548 in
1147 4511 1252 4566 quo
1277 4511 1435 4550 causa
1461 4512 1564 4550 non
1598 4496 1764 4566 possit
1797 4495 2032 4552 existere

444 4597 548 4649 qua
568 4593 712 4638 recte
737 4584 978 4641 videatur
997 4602 1116 4642 esse
1137 4587 1455 4654 faciendum,
1479 4588 1888 4660 universamque
1909 4589 2031 4642 vitae

444 4673 765 4742 probitatem
793 4678 972 4746 opinio
1002 4679 1101 4732 ista
1130 4679 1421 4735 subvertet.

441 4775 446 4784 ‘
511 4762 740 4819 CAPUT
777 4765 894 4820 XV.
922 4798 993 4808 ——
1022 4768 1111 4824 Si.
1153 4769 1478 4824 Mendacium
1519 4787 1717 4842 semper
1753 4788 1858 4827 esse
1895 4773 2032 4842 inju-

439 4865 575 4909 stam
596 4896 612 4925 ,
641 4873 754 4910 cum
781 4859 845 4913 sit
872 4870 1128 4929 peccatum
1156 4872 1202 4916 et
1241 4865 1437 4918 veritati
1470 4866 1798 4920 contrarium.
1831 4865 1898 4921 In
1929 4866 2034 4920 He-

440 4948 589 5004 brteis
641 4950 980 5008 obstetricibus
1006 4965 1053 5009 et
1083 4955 1138 5010 in
1164 4957 1308 5013 Raab
1334 4974 1434 5012 non
1455 4971 1772 5014 remnnerata
1798 4962 2026 5032 fallacia,

439 5041 530 5095 Sed
557 5043 915 5100 benevolentia.
962 5046 1103 5102 Nihil
1137 5057 1312 5106 autem
1352 5051 1668 5121 judicandus
1702 5062 1785 5108 est
1813 5055 1990 5110 dicere
2011 5098 2024 5121 ,

439 5133 528 5203 qui
560 5134 692 5189 dicit
717 5135 892 5207 aliqua
919 5137 1062 5209 justa
1089 5155 1209 5196 esse
1235 5143 1533 5211 mendacia,
1564 5145 1664 5199 nisi
1687 5146 1859 5217 aliqua
1883 5147 2024 5216 justa

436 5240 557 5282 esse
595 5239 810 5298 peccata
837 5273 851 5297 ,
889 5247 951 5286 ac
980 5247 1074 5302 per
1104 5234 1203 5290 hoc
1228 5235 1403 5306 aliqua
1426 5235 1568 5307 justa
1599 5253 1716 5294 esse
1746 5255 1864 5311 quae
1889 5241 2027 5311 inju-

435 5327 517 5374 sta
545 5329 671 5376 sunt
700 5339 712 5375 :
742 5338 848 5393 quo
873 5324 999 5395 quid
1029 5325 1310 5384 absurdius
1337 5327 1438 5384 dici
1469 5333 1679 5400 potest?
1705 5331 1857 5388 Unde
1882 5335 2024 5388 enim

429 5421 516 5470 est
545 5421 846 5483 peccatum,
877 5417 980 5472 nisi
1008 5421 1130 5490 quia
1163 5419 1385 5490 justitiae
1423 5425 1748 5480 contrarium
1786 5426 1913 5481 est?
1942 5427 2027 5481 Di-

435 5515 626 5564 cantur
656 5525 784 5581 ergo
807 5511 910 5566 alia
938 5528 1146 5584 magna,
1173 5515 1275 5570 alia
1298 5532 1459 5586 parva
1484 5533 1603 5574 esse
1629 5529 1874 5588 peccata;
1899 5521 2022 5591 quia

425 5613 616 5656 verum
641 5611 740 5667 est,
772 5619 872 5659 nec
897 5605 1305 5663 auscultandum
1337 5609 1531 5667 Stoicis
1560 5614 1647 5681 qui
1675 5614 1849 5666 omnia
1874 5615 2021 5683 paria

433 5705 553 5746 csse
574 5696 903 5752 contendunt
928 5716 941 5751 :
966 5697 1148 5756 dicere
1170 5709 1350 5758 autem
1372 5704 1614 5773 qtuedam
1638 5705 1850 5776 injusta,
1877 5721 2023 5778 qure-

419 5781 551 5838 ‘dam
579 5786 716 5853 iusta
758 5805 877 5847 esse
903 5803 1142 5863 peccata,
1188 5797 1314 5868 quid
1358 5807 1439 5852 est
1477 5799 1620 5853 aliud
1648 5815 1803 5871 quam
1848 5800 2023 5854 dicere

423 5873 692 5944 quasdam
730 5895 850 5939 esse
889 5881 1147 5956 injustas,
1193 5889 1448 5964 quasdam
1473 5891 1644 5963 justas
1671 5894 2024 5966 iniquitates?

1501 6169 1536 6183 πυ

2076 266 2262 280 .v--

1511 357 1783 418 CONTRA
1822 350 2239 442 MENDAGIUM,
2269 357 2328 414 S.
2368 358 2734 420 AUGUSTINI

2174 489 2294 531 cum
2324 476 2467 534 dicat
2491 482 2762 552 apostolus
2786 482 3046 563 Joannes,
3077 485 3252 544 Omnis
3281 488 3374 560 qui
3409 489 3538 562 facit
3573 509 3745 565 pecca-

2169 580 2294 636 tum,
2327 572 2447 642 [aeit
2471 583 2516 628 et
2554 576 2904 646 iniquitatem;
2945 588 2990 634 et
3024 590 3278 652 peccatum
3317 585 3562 656 iniquitas
3589 596 3662 644 est
3705 588 3746 664 (Ι

2165 664 2319 720 Joan.
2344 683 2430 736 ιιι,
2459 668 2516 742 4)
2539 670 2562 723 ?
2603 670 2714 726 Non
2737 688 2865 744 ergo
2888 682 3062 745 potest
3080 677 3283 747 justum
3304 693 3425 736 esse
3445 691 3733 758 peccatum,

2167 759 2266 828 nisi
2299 776 2419 846 cum
2465 766 2666 834 peccati
2701 781 2898 848 nomen
2934 769 2988 823 in
3013 771 3116 825 alia
3144 787 3204 828 re
3233 773 3482 844 ponimus
3503 814 3521 847 _,
3564 776 3620 832 in
3648 793 3739 848 qua

2164 853 2392 924 quisque
2417 870 2521 912 non
2561 867 2765 928 peccat,
2801 859 2896 916 sed
2920 869 3011 916 aut
3033 862 3156 917 facit
3182 864 3384 935 aliquid
3409 876 3505 922 aut
3545 869 3734 939 patitur

2164 959 2262 1014 pro
2302 955 2538 1014 peccato.
2571 947 2704 1005 Nam
2748 959 2804 1006 et
2843 952 3102 1010 sacrificia
3129 969 3227 1024 pro
3259 958 3497 1027 peccatis
3527 971 3733 1029 peccata

2163 1036 2424 1107 appellata
2453 1048 2617 1108 sunt,
2659 1051 2714 1098 et
2751 1058 2924 1113 parum
2951 1055 3303 1116 peccatorum
3341 1049 3600 1106 dicuntur
3638 1053 3733 1107 ali-

2163 1132 2375 1203 quando
2397 1145 2631 1204 peccata.
2656 1137 2780 1195 llaec
2795 1140 2950 1210 plane
2969 1150 3190 1212 possunt
3217 1142 3442 1216 intelligi
3456 1144 3604 1216 iusta
3627 1161 3734 1217 pee-

2162 1235 2300 1292 cata,
2319 1243 2439 1284 cum
2456 1227 2599 1299 justa
2620 1230 2868 1288 dicuntur
2887 1234 3166 1304 sacrificia,
3191 1238 3275 1294 vel
3295 1238 3434 1309 iusta
3459 1241 3734 1311 supplicia.

2161 1316 2236 1372 Ea
2269 1333 2396 1375 vero
2428 1335 2545 1391 quae
2571 1332 2754 1378 contra
2783 1324 2953 1396 legem
2994 1326 3089 1382 Dei
3119 1327 3287 1396 fiunt,
3316 1328 3458 1399 justa
3487 1345 3616 1387 esse
3641 1348 3732 1390 non

2162 1419 2402 1480 possunt.
2432 1413 2640 1470 Dictum
2657 1426 2739 1472 est
2764 1424 2940 1474 autem
2968 1419 3097 1488 Deo,
3122 1419 3231 1476 Lex
3255 1431 3341 1481 tua
3363 1423 3551 1478 veritas
3574 1423 3733 1495 (Psat.

2159 1519 2357 1575 cxvm,
2387 1505 2534 1580 142).
2565 1509 2642 1566 Ac
2666 1524 2760 1580 per
2797 1509 2902 1568 hoc
2927 1513 3071 1584 quod
3098 1522 3182 1570 est
3204 1523 3391 1571 contra
3428 1517 3728 1584 veritatem,

2155 1598 2358 1668 justum
2377 1614 2496 1656 esse
2516 1616 2624 1657 non
2647 1612 2842 1673 potest.
2865 1605 2995 1674 Quis
3015 1615 3194 1663 autem
3219 1607 3429 1664 dubitet
3447 1618 3634 1664 contra
3654 1625 3731 1665 ve-

2157 1689 2368 1745 ritatem
2397 1706 2516 1748 esse
2540 1695 2881 1752 mendacium
2912 1699 3115 1753 omne?
3156 1698 3368 1755 Nullum
3393 1715 3525 1772 ergo
3547 1702 3728 1773 justum

2158 1796 2276 1838 esse
2294 1787 2834 1853 potestmendacium.
2850 1789 2979 1845 Item
2998 1790 3206 1847 cuinon
3222 1792 3425 1849 elareat
3439 1808 3506 1850 ex
3524 1795 3727 1852 veritate

2157 1891 2278 1933 esse
2303 1893 2462 1934 omne
2491 1879 2630 1949 quod
2651 1878 2856 1952 justum
2885 1883 3009 1956 est?
3032 1883 3241 1940 Clamat
3261 1893 3446 1941 autem
3467 1885 3724 1958 Joannes,

2160 1966 2322 2023 Omne
2347 1970 2666 2026 mendacium
2691 1989 2792 2027 non
2819 1982 2893 2029 est
2921 1990 2986 2029 ea:
3016 1975 3222 2030 veritate
3261 1974 3310 2048 (Ι
3334 1974 3496 2032 Joan.
3529 1993 3597 2044 ιι,
3618 1978 3721 2050 21).

2155 2062 2326 2120 Omne
2363 2079 2490 2136 ergo
2517 2065 2853 2122 mendacium
2891 2082 2999 2124 non
3037 2075 3121 2124 est
3141 2069 3366 2140 justum.
3405 2069 3720 2141 Quapropter

2154 2158 2366 2228 quando
2393 2159 2545 2215 nobis
2571 2159 2638 2216 de
2676 2158 2965 2232 Scripturis
2992 2162 3188 2219 sanctis
3216 2163 3516 2220 mentiendi
3545 2178 3721 2235 prepo-

2153 2257 2351 2304 nuntur
2394 2251 2665 2322 exempla,
2707 2261 2799 2308 aut
2835 2253 3112 2309 mendacia
3152 2269 3262 2311 non
3299 2264 3459 2324 sunt,
3505 2258 3608 2312 sed
3641 2273 3721 2328 pu-

2154 2353 2334 2402 tantur
2371 2361 2490 2402 esse
2533 2347 2658 2407 dum
2701 2363 2808 2405 non
2846 2349 3250 2421 intelliguntur;
3272 2359 3366 2406 aut
3387 2351 3435 2406 si
3458 2350 3722 2410 mendacia

2151 2446 2294 2504 sunt,
2319 2438 2572 2495 imitanda
2596 2455 2704 2496 non
2725 2449 2883 2510 sunt,
2907 2443 3029 2514 quia
3049 2443 3190 2514 justa
3213 2458 3334 2499 esse
3354 2458 3464 2499 non
3485 2453 3718 2516 possunt.

2220 2529 2308 2586 52.
2339 2529 2446 2586 Sed
2472 2531 2615 2601 quod
2643 2533 2898 2603 scriptum
2930 2543 3012 2589 est
3033 2533 3171 2592 bene
3197 2535 3366 2591 Deum
3398 2534 3598 2592 fecisse
3616 2549 3721 2591 cina

2149 2622 2389 2679 Hebraeis
2417 2623 2796 2681 obstetricibus
2821 2623 3013 2699 (Exod.
3046 2641 3097 2694 ι,
3128 2627 3327 2699 17-20),
3357 2634 3417 2684 et
3442 2643 3572 2684 cum
3597 2627 3722 2683 Raab

2147 2716 2514 2774 Jerichuntina
2541 2718 2824 2776 meretrice
2851 2718 3032 2790 (Iosue
3059 2736 3096 2775 ιι
3123 2730 3171 2775 et
3195 2735 3249 2776 vr
3266 2761 3283 2790 ,
3310 2718 3405 2792 25)
3434 2759 3451 2788 ,
3477 2736 3593 2777 non
3618 2719 3719 2775 ideo

2148 2808 2344 2864 factum
2373 2819 2456 2866 est
2481 2811 2603 2881 quia
2632 2811 2868 2867 mentita:
2892 2820 3055 2880 sunt,
3096 2812 3194 2870 sed
3222 2813 3346 2884 quia
3389 2813 3446 2868 in
3488 2811 3718 2870 homines

2146 2901 2242 2958 Dei
2265 2901 2640 2960 misericordes
2666 2903 2900 2961 fuerunt.
2925 2903 3042 2970 Non
3069 2913 3151 2962 est
3175 2905 3357 2977 itaque
3377 2905 3435 2962 in
3455 2905 3541 2964 eis
3562 2921 3721 2963 remu-

2145 3004 2330 3052 nerata
2357 2995 2564 3054 fallacia
2580 3039 2595 3065 ,
2624 2997 2718 3054 sed
2743 2998 3145 3066 benevolentia;
3170 2999 3476 3070 benignitas
3501 3000 3720 3069 mentis,

2143 3103 2252 3145 non
2297 3088 2548 3161 iniquitas
2583 3091 2911 3148 mentientis.
2955 3091 3105 3149 Sicut
3129 3094 3273 3149 enim
3303 3092 3502 3150 mirum
3543 3095 3721 3151 absur-

2143 3181 2378 3254 dumque
2405 3197 2513 3239 non
2537 3193 2682 3240 esset
2705 3185 2752 3241 si
2777 3184 2883 3250 alio
2908 3186 3055 3256 prius
3083 3195 3321 3256 tempore
3345 3188 3640 3245 commissa
3660 3187 3722 3244 ab

2143 3272 2224 3332 eis
2267 3275 2441 3346 aliqua
2469 3291 2634 3348 opera
2658 3277 2798 3332 mala
2828 3277 2970 3333 Deus
2997 3287 3216 3349 propter
3243 3279 3540 3349 posteriora
3569 3293 3719 3351 opera

2143 3369 2282 3424 bona
2307 3367 2466 3424 vellet
2492 3369 2797 3440 ignoscere;
2841 3369 2916 3425 ita
2959 3369 3261 3427 mirandum
3302 3386 3410 3427 non
3455 3380 3544 3428 est
3585 3371 3723 3441 quod

2142 3475 2253 3516 uno
2296 3468 2541 3531 tempore
2570 3461 2625 3516 in
2650 3476 2756 3516 una
2798 3475 2959 3516 causa
2997 3461 3140 3517 Deus
3183 3470 3454 3532 utrumque
3495 3463 3723 3532 conspi—

2139 3553 2310 3620 ciens,
2335 3553 2388 3609 id
2408 3562 2511 3619 est,
2543 3551 2742 3609 factum
2765 3552 3211 3624 misericorditer,
3241 3553 3536 3624 factumque
3559 3551 3729 3608 lalla-

2139 3645 2294 3711 citer,
2323 3654 2379 3702 et
2404 3647 2604 3702 bonum
2630 3647 3022 3714 remuneravit,
3053 3655 3109 3702 et
3135 3655 3355 3718 propter
3383 3646 3485 3702 hoc
3522 3646 3725 3702 bonum

2140 3737 2342 3792 malum
2384 3737 2513 3792 illud
2539 3737 2760 3808 ignovit.
2804 3737 2863 3794 Si
2897 3739 3041 3795 enim
3085 3746 3301 3808 peccata
3346 3753 3464 3808 quae
3503 3748 3728 3810 propter

2141 3829 2317 3885 carnis
2347 3830 2838 3900 concupiscentiam
2858 3871 2873 3898 ,
2904 3844 3012 3886 non
3043 3838 3258 3900 propter
3300 3830 3724 3887 misericordiam

2139 3926 2311 3993 fiunt,
2351 3933 2570 3996 prOpter
2607 3927 2906 3997 posteriora
2943 3939 3107 3996 Opera
3143 3924 3536 3981 misericordia:
3561 3924 3723 3980 dimit-

2140 4028 2359 4086 tuntur;
2393 4035 2488 4074 cur
2530 4035 2637 4074 non
2680 4022 2870 4076 merito
2912 4018 3296 4078 misericordiae
3339 4018 3716 4086 dimittuntur,

2137 4129 2259 4186 quae
2285 4114 2680 4186 propteripsam
2691 4112 3112 4171 misericordiam
3128 4111 3542 4170 committuntur
3561 4113 3583 4168 ’ὲ
3604 4111 3728 4167 Gra-

2138 4206 2256 4263 vius
2282 4215 2367 4263 est
2389 4207 2533 4263 enim
2561 4214 2841 4278 peccatum
2867 4205 3011 4277 quod
3040 4204 3219 4265 animo
3245 4203 3494 4262 nocentis
3514 4244 3535 4272 ,
3577 4215 3726 4274 quam

2139 4299 2281 4368 quod
2310 4301 2490 4356 animo
2514 4299 2878 4356 subvenientis
2899 4299 3148 4356 efficitur.
3176 4305 3255 4354 Ac
3282 4313 3378 4368 per
3399 4296 3512 4353 hoc
3540 4297 3589 4352 si
3611 4294 3727 4352 illud

2137 4395 2350 4451 deletur
2374 4399 2536 4466 opere
2567 4393 2945 4450 misericordiae
2972 4399 3161 4463 postea
3187 4391 3565 4460 subsequente
3582 4430 3600 4456 ,
3643 4401 3732 4443 cur

2139 4486 2244 4542 hoc
2277 4487 2420 4558 quod
2442 4495 2526 4542 est
2549 4488 2737 4554 levius,
2780 4501 2887 4542 non
2919 4485 3128 4542 deletur
3156 4484 3272 4555 ipsa
3299 4482 3543 4537 hominis
3568 4481 3728 4537 misc-

2135 4581 2386 4649 ricordia,
2420 4590 2477 4636 et
2501 4581 2837 4651 prmcedente
2865 4588 2925 4635 ut
2951 4587 3167 4650 peccet,
3204 4586 3260 4635 et
3288 4575 3592 4635 comitante
3615 4589 3733 4630 cum

2137 4673 2360 4745 peccat?
2388 4671 2462 4728 Ita
2489 4673 2704 4743 quidem
2738 4671 2903 4728 videri
2931 4679 3106 4742 potest
3139 4688 3152 4725 :
3186 4677 3568 4726 verumtamen
3597 4665 3734 4728 aliud

2131 4775 2219 4823 est
2246 4765 2423 4822 dicere
2442 4807 2456 4831 ,
2490 4765 2720 4822 Peccare
2741 4763 2960 4835 quidem
2989 4777 3096 4818 non
3117 4761 3299 4829 debui,
3320 4760 3417 4816 sed
3439 4775 3618 4831 opera
3639 4760 3733 4814 mi-

2135 4860 2440 4916 serlcor‘diae
2465 4859 2674 4927 faciam,
2697 4860 2888 4930 quibus
2913 4859 3120 4914 doleam
3146 4856 3291 4927 quod
3318 4864 3444 4912 ante
3469 4854 3697 4926 peccavi
3721 4870 3734 4918 ;

2135 4960 2191 5011 et
2214 4954 2356 5010 aliud
2386 4963 2468 5009 est
2495 4954 2676 5009 dicere
2695 4996 2710 5019 ,
2745 4955 2974 5009 Peccare
2999 4952 3194 5016 debeo,
3222 4952 3346 5022 quia
3373 4965 3480 5008 non
3520 4964 3738 5022 possunt

2133 5046 2290 5101 aliter
2317 5047 2576 5102 misereri.
2607 5045 2764 5101 Aliud
2803 5053 2905 5112 est,
2935 5045 3184 5114 inquam,
3214 5042 3391 5098 dicere
3415 5084 3430 5109 ,
3459 5041 3608 5109 Quia
3633 5041 3740 5110 jam

2126 5139 2490 5210 peccavimus,
2522 5139 2956 5203 hcnefaciamus;
2987 5145 3042 5192 et
3066 5135 3210 5191 aliud
3239 5143 3322 5191 est
3354 5135 3562 5200 dicere,
3616 5134 3744 5189 Pec-

2133 5246 2337 5299 cemus,
2367 5243 2422 5286 ut
2455 5232 2864 5286 benefaciamus.
2894 5229 2969 5285 lbi
2998 5229 3211 5293 dicitur,
3243 5227 3528 5284 Faciamus
3575 5227 3742 5290 bona,

2121 5327 2255 5398 ‘quia
2281 5328 2500 5382 fecimus
2522 5328 2658 5381 mala
2690 5344 2702 5382 :
2733 5325 2821 5380 hic
2849 5333 3051 5392 autem,
3080 5323 3356 5378 Faciamus
3381 5323 3551 5391 mala,
3584 5334 3646 5378 ut
3677 5339 3747 5376 ee-

2133 5421 2274 5476 m‘ant
2304 5421 2432 5475 bona
2471 5419 2645 5492 (Rom.
2670 5433 2726 5473 nt
2748 5460 2762 5486 ,
2796 5417 2876 5490 8).
2911 5420 2989 5474 Ac
3018 5433 3114 5489 per
3141 5418 3243 5473 hoc
3270 5417 3344 5473 ibi
3361 5415 3743 5473 exhauriet-uda

2117 5524 2214 5571 est
2235 5515 2437 5569 sentina
2467 5512 2689 5584 peccati,
2713 5512 2800 5567 hic
2817 5511 3052 5567 cavenda
3075 5520 3159 5568 est
3177 5511 3417 5567 doctrina
3451 5509 3743 5581 peccandi.

2127 5633 2129 5635 ί
2205 5609 2293 5664 53.
2347 5608 2535 5661 Restat
2589 5605 2768 5675 itaque
2816 5613 2875 5659 ut
2927 5603 3292 5674 intelligamus
3335 5603 3440 5658 illis
3487 5601 3746 5656 mulieri-

2118 5706 2260 5771 bus,
2301 5704 2397 5757 vel
2429 5703 2484 5756 in
2523 5701 2773 5771 Egypto,
2816 5699 2898 5754 vel
2944 5699 2996 5753 in
3040 5698 3259 5753 Jericho
3286 5738 3301 5764 ,
3347 5711 3444 5766 pro
3481 5696 3749 5752 humani-

2135 5808 2239 5852 tate
2288 5805 2341 5850 et
2376 5793 2738 5849 misericordia
2775 5791 3036 5847 redditam
3074 5789 3240 5845 fuisse
3279 5787 3594 5844 mercedem
3644 5790 3748 5841 uti-

2135 5907 2240 5964 que
2291 5886 2657 5958 temporalcm,
2694 5900 2812 5957 quae
2845 5881 3058 5956 quidem
3104 5887 3160 5938 et
3195 5881 3310 5953 ipsa
3329 5888 3614 5958 aeternum
3645 5880 3750 5940 ali-
