3930 6368
156 362 247 420 αι
1583 342 1785 399 unua
1828 340 2021 399 usus.

161 479 280 552 quid
303 477 453 535 etiam
479 472 599 531 illis
626 471 995 531 nescientibus
1020 469 1328 542 prophetica
1356 466 1751 540 signiﬁcatione

157 574 408 645 ﬁguram.
449 567 659 626 Utrum
698 576 877 624 autem
919 567 989 623 sit
1013 564 1296 636 aliquando
1334 563 1418 619 vel
1449 578 1544 633 pro
1572 563 1750 632 cujus-

107 707 116 740 .
152 680 299 737 quam
323 663 498 720 salute
519 661 917 726 mentiendum,
949 674 1070 717 cum
1094 657 1318 730 quaestio
1339 656 1409 713 sit
1430 657 1484 711 in
1515 671 1616 727 qua
1641 655 1750 712 dis-

154 758 393 814 solvenda
415 756 589 814 etiam
630 753 930 812 doctissimi
968 752 1260 824 fatigantur
1283 793 1298 819 ,
1339 749 1494 806 valde
1537 749 1748 805 illarum

156 851 584 908 muliercularum
615 850 671 904 in
697 847 807 905 iliis
845 848 1056 920 populis
1098 845 1504 902 constitutarum
1547 853 1598 900 et
1643 842 1747 899 illis

162 945 379 1001 moribus
406 953 751 1000 assuetamm
778 940 1071 998 excedebat
1099 941 1337 996 modum.
1384 939 1568 1010 Itaque
1613 938 1750 992 hanc

162 1051 327 1093 earum
354 1035 745 1108 ignorantiam,
777 1034 917 1090 sicut
936 1034 1160 1088 aliarum
1184 1047 1364 1088 rerum
1393 1047 1524 1102 quas
1549 1029 1757 1103 pariter

163 1129 478 1196 neséebant,
501 1129 604 1185 sed
629 1128 860 1185 scienda:
886 1134 1010 1184 sunt
1030 1142 1057 1180 ο
1083 1127 1201 1180 ﬁliis
1225 1139 1332 1180 non
1357 1123 1516 1195 hujus
1545 1122 1759 1189 saeculi,

161 1222 427 1278 sedfuturi
453 1262 470 1288 ,
501 1221 601 1277 Dei
646 1220 906 1293 patientia
949 1218 1288 1274 sustinebat:
1323 1217 1411 1288 qui
1456 1224 1630 1272 tamen
1670 1217 1748 1272 eis

163 1335 252 1391 pro
273 1319 604 1390 benignitate
627 1319 884 1383 humana,
909 1331 1066 1388 quam
1093 1313 1303 1370 famulis
1328 1313 1445 1384 ejus
1475 1313 1749 1384 impende-

164 1421 304 1479 rant,
343 1411 599 1483 quamvis
627 1409 848 1467 caeleste
878 1407 1076 1478 aliquid
1108 1405 1459 1478 signiﬁcantia
1484 1448 1499 1474 ,
1531 1405 1748 1475 praemia

155 1515 354 1561 terrena
388 1502 674 1559 reddebat.
709 1501 779 1556 Et
813 1500 964 1557 Raab
1005 1500 1216 1571 quidem
1255 1515 1320 1555 ex
1362 1498 1577 1554 Jericho
1615 1499 1750 1554 libe-

153 1607 277 1665 rata,
309 1597 363 1650 in
391 1593 496 1652 Dei
521 1593 788 1665 populum
814 1593 1095 1649 transitum
1127 1591 1251 1647 fecit
1279 1634 1293 1658 ,
1333 1591 1423 1646 ubi
1460 1590 1746 1661 proﬁciens

154 1695 322 1757 posset
365 1686 436 1742 ad
477 1697 681 1741 aeterna
721 1693 776 1741 et
813 1684 1137 1740 immortalia
1165 1698 1391 1739 munera
1433 1683 1742 1754 pervenire,

149 1795 259 1850 qua:
287 1781 443 1835 nullo
471 1787 601 1835 sunt
628 1777 919 1850 quaerenda
946 1777 1244 1833 mendacio.

211 1871 449 1928 CAPUT
483 1871 628 1927 XVI.
654 1901 724 1911 —
751 1870 898 1927 Sitne
922 1870 1039 1924 boni
1060 1869 1276 1924 hominis
1300 1868 1577 1942 aliquando
1617 1885 1750 1923 men-

152 1964 228 2017 tiri
258 1979 358 2034 pro
391 1963 605 2017 alterius
633 1963 807 2017 salute.
835 1961 985 2017 Tunc
1013 1973 1191 2017 tamen
1220 1961 1431 2032 quando
1457 1959 1587 2016 illud
1615 1975 1748 2032 opus

152 2057 362 2112 bonum
392 2064 453 2110 et
473 2070 579 2126 pro
604 2069 713 2110 sua:
732 2057 845 2111 vita:
872 2055 1180 2110 conditione
1205 2054 1468 2110 laudabile
1496 2053 1748 2110 lsraclitis

149 2147 600 2219 exploratoribus
630 2147 887 2218 przestitit,
920 2147 1157 2202 nondum
1204 2155 1320 2203 erat
1359 2147 1480 2201 talis
1509 2155 1566 2201 ut
1595 2147 1660 2202 ab
1685 2161 1748 2203 ea

147 2240 485 2312 exigeretur,
533 2239 618 2296 Sit
656 2241 707 2293 in
746 2256 828 2294 ore
875 2250 1078 2309 uestro,
1130 2239 1244 2306 Est,
1295 2249 1403 2305 est;
1455 2239 1597 2308 Non,
1647 2256 1748 2296 non

143 2332 362 2402 (Matt/1.
401 2347 469 2400 v,
498 2332 614 2403 57).
644 2331 966 2389 Obstetrices
1009 2340 1186 2389 autem
1223 2333 1327 2388 illa:
1353 2319 1594 2404 quamvis
1636 2335 1746 2390 lle—

141 2427 297 2481 brzete
317 2469 333 2491 ,
367 2427 416 2481 si
450 2425 750 2481 secundum
781 2440 994 2482 carnem
1021 2427 1391 2483 tantummodo
1418 2437 1707 2497 sapuerunt
1728 2470 1744 2496 ,

137 2520 262 2591 quid
296 2531 391 2576 aut
421 2528 690 2592 quantum
731 2529 816 2576 est
855 2521 995 2591 quod
1025 2521 1101 2576 eis
1143 2520 1344 2591 profuit
1387 2522 1747 2576 remuneratio

138 2614 474 2684 temporalis,
505 2613 633 2685 quia
657 2612 903 2669 fecerunt
929 2614 1026 2668 sibi
1053 2613 1261 2679 domos,
1289 2613 1390 2667 nisi
1416 2613 1748 2684 proﬁciendo

140 2707 499 2777 pertinuerint
545 2706 614 2760 ad
659 2721 780 2761 eam
822 2706 1038 2762 domum
1065 2706 1131 2763 de
1170 2721 1273 2778 qua
1317 2705 1424 2762 Deo
1464 2716 1745 2774 cantatur,

140 2797 288 2853 Beati
319 2801 406 2869 qui
432 2799 668 2854 habitant
709 2800 764 2854 in
804 2800 952 2854 domo
983 2809 1104 2866 tua;
1132 2800 1188 2854 in
1225 2799 1409 2854 secula
1447 2800 1749 2854 seculorum

143 2893 431 2947 laudabunt
455 2903 498 2946 te
523 2891 702 2963 (Psal.
727 2908 960 2958 LXXXIII,
993 2893 1088 2964 5)?
1118 2893 1338 2949 Multum
1366 2901 1543 2949 autem
1573 2892 1748 2950 faten-

145 2985 282 3040 dum
310 2996 394 3040 est
411 2987 773 3058 propinquare
794 2986 1036 3056 justitite,
1061 2995 1113 3042 et
1137 2989 1379 3058 quamvis
1400 3003 1459 3043 re
1480 2988 1593 3058 ipsa
1617 3005 1751 3043 non-

145 3078 313 3145 dum,
343 3078 450 3148 jam
475 3089 650 3134 tamen
685 3093 782 3150 spe
813 3088 972 3149 atque
1001 3079 1180 3134 indole
1209 3080 1446 3135 animum
1473 3095 1593 3136 esse
1632 3080 1748 3134 lau-

146 3169 412 3237 dandum,
445 3171 531 3240 qui
563 3184 837 3241 nunquam
868 3171 969 3226 nisi
1001 3170 1101 3227 hac
1129 3172 1427 3227 intentione
1455 3173 1745 3240 mentitur,

146 3277 253 3334 qua
281 3263 394 3318 vult
432 3262 700 3334 prodesse
726 3263 883 3318 alicui
907 3305 922 3331 ,
954 3279 1151 3319 nocere
1179 3271 1357 3320 autem
1389 3265 1608 3321 nemini.
1643 3265 1750 3323 Sed

144 3369 245 3410 nos
266 3371 391 3411 cum
416 3355 711 3426 quaerimus
737 3355 875 3411 sitne
894 3355 1018 3410 boui
1040 3355 1271 3411 hominis
1299 3357 1582 3429 aliquando
1603 3375 1751 3414 men-

145 3450 241 3504 tiri
260 3491 278 3516 ,
317 3465 431 3504 non
454 3449 523 3504 de
547 3448 767 3503 homine
794 3449 1081 3519 quaerimus
1109 3448 1283 3504 adhuc
1313 3449 1379 3504 ad
1423 3447 1710 3522 {Egyptum
1733 3493 1748 3519 ,

151 3539 249 3594 vel
287 3539 359 3594 ad
397 3539 637 3605 Jericho,
683 3540 767 3595 vel
806 3540 872 3596 ad
901 3540 1249 3612 Babyloniam
1294 3541 1624 3612 pertinente,
1665 3543 1751 3599 vel

153 3633 343 3689 adhuc
373 3632 442 3688 ad
474 3633 634 3704 ipsam
661 3633 961 3689 Jerusalem
992 3629 1272 3698 terrenam,
1303 3651 1420 3704 qure
1442 3635 1606 3690 servit
1630 3651 1751 3690 cum

154 3726 285 3781 ﬁliis
311 3726 462 3791 suis;
502 3724 596 3781 sed
622 3726 688 3782 de
712 3727 828 3781 cive
863 3725 1006 3780 illius
1033 3726 1259 3781 civitatis
1288 3743 1404 3797 qua:
1431 3743 1640 3782 sursum
1671 3737 1752 3784 est

159 3821 327 3875 libera
357 3830 531 3876 mater
562 3829 743 3876 nostra
776 3828 976 3876 aeterna
1009 3820 1063 3875 in
1094 3821 1243 3876 caelis
1283 3819 1476 3894 (Galat.
1510 3838 1561 3876 ιν
1583 3864 1596 3888 ,
1647 3821 1749 3890 25,

163 3913 281 3982 ‘26).
311 3913 376 3967 Et
406 3912 761 3983 respondetur
787 3912 1148 3983 quaerentibus
1177 3912 1333 3967 nobis
1367 3932 1380 3968 :
1412 3913 1573 3967 Omne
1610 3931 1750 3968 men-

169 4003 370 4057 dacium
386 4021 482 4058 non
521 4013 595 4060 est
629 4022 691 4060 ea:
717 4006 941 4062 veritate.
970 4003 1088 4059 Filii
1118 4015 1291 4060 autem
1317 4005 1455 4062 illius
1483 4005 1711 4062 civitatis
1734 4049 1748 4075 ,

169 4097 266 4151 ﬁlii
296 4109 409 4152 sunt
440 4100 620 4170 utique
659 4098 917 4164 veritatis.
969 4099 1099 4169 Ejus
1144 4099 1370 4154 civitatis
1409 4100 1500 4154 ﬁlii
1532 4109 1655 4155 sunt
1688 4100 1754 4156 de

170 4190 360 4260 quibus
395 4195 654 4264 scriptum
693 4201 802 4258 est,
837 4191 902 4246 In
931 4209 1015 4247 ore
1045 4209 1215 4247 eorum
1241 4210 1341 4247 non
1389 4202 1460 4247 est
1501 4194 1755 4248 inventum

172 4285 483 4340 mendacium
508 4287 693 4360 (Apoc.
722 4302 815 4340 xtv
838 4329 853 4356 ,
885 4286 941 4358 5)
971 4304 984 4339 :
1019 4287 1134 4358 ejus
1159 4287 1387 4344 civitatis
1415 4287 1550 4346 ﬁlius
1580 4297 1662 4344 est
1688 4287 1756 4344 de

174 4390 280 4445 quo
303 4377 424 4432 item
449 4379 706 4449 scriptum
732 4387 833 4445 est,
865 4376 1084 4433 Verbum
1113 4379 1389 4452 suscipiens
1418 4383 1558 4452 [ilius
1587 4400 1618 4435 a
1644 4399 1756 4453 per-

181 4467 359 4522 dtione
387 4470 530 4541 longe
556 4469 712 4524 aberit
739 4487 758 4524 :
784 4471 1034 4543 excipiens
1060 4480 1227 4525 autem
1256 4473 1448 4544 excepit
1476 4473 1606 4528 illud
1630 4469 1769 4541 sibi,

184 4567 228 4610 et
255 4562 378 4614 nihil
403 4561 523 4632 fulsi
547 4579 607 4616 ea:
637 4564 745 4634 ejus
775 4579 859 4617 ore
887 4563 1110 4634 procedit
1137 4563 1314 4635 (Prov.
1345 4581 1496 4634 χχιχ,
1519 4565 1635 4639 27).
1665 4566 1757 4622 His

188 4650 299 4706 ﬁliis
331 4667 575 4724 superate
607 4653 902 4710 Jerusalem
945 4663 998 4710 et
1045 4663 1240 4710 s‘anctze
1279 4655 1505 4711 civitatis
1545 4665 1758 4712 :eterna:

189 4742 231 4795 si
265 4746 465 4814 quando
487 4755 548 4801 ut
584 4735 888 4801 hominibus
929 4746 1139 4818 obrepit
1165 4729 1560 4819 qualecumque
1605 4763 1758 4801 meu-

191 4831 382 4892 dacium
406 4880 423 4908 ,
461 4849 690 4910 poscunt
721 4826 993 4895 humiliter
1021 4841 1262 4910 veniam,
1297 4857 1401 4896 non
1447 4841 1569 4898 inde
1611 4859 1758 4914 qua:-

192 4935 301 4981 runt
327 4928 542 5000 insuper
567 4931 810 5001 gloriam.

253 5019 468 5078 CAPUT
507 5019 670 5080 XVII.
699 5055 770 5063 —
793 5023 882 5079 5i.
927 5024 1225 5081 Obstetrices
1262 5024 1492 5081 Helmrm
1529 5037 1574 5080 et
1618 5026 1758 5081 Raab

193 5127 298 5166 nam
324 5117 552 5186 fecissent
579 5117 778 5185 melius,
802 5117 1019 5173 nolendo
1046 5120 1264 5172 mentiri.
1300 5119 1497 5191 Regula
1524 5119 1591 5174 ad
1611 5113 1778 5189 quam

195 5206 445 5277 redigenda
471 5224 584 5279 qua:
611 5223 675 5262 ex
701 5208 980 5281 Scripturis
1010 5213 1338 5280 proferuntur
1364 5212 1492 5265 velut
1533 5212 1762 5281 exempla

198 5300 466 5354 muniendi.
491 5299 600 5356 Sed
631 5299 770 5356 dicet
795 5300 986 5371 aliquis
1017 5320 1030 5356 :
1062 5299 1275 5372 Ergone
1312 5302 1628 5358 obstetrices
1659 5303 1761 5358 illm

200 5397 330 5460 atque
357 5387 509 5447 Raab
531 5391 723 5447 melius
745 5391 1016 5461 fecissent,
1045 5394 1091 5448 si
1122 5395 1316 5449 nullam
1341 5395 1758 5452 misericordiam

202 5483 582 5550 praestitissent,
634 5483 867 5540 nolendo
896 5486 1151 5542 mentiri?
1196 5487 1307 5544 [mo
1337 5502 1468 5544 vero
1498 5488 1602 5544 illae
1647 5505 1763 5543 mu-

205 5567 335 5631 lieres
366 5576 628 5645 Hebae-a2,
660 5577 708 5633 si
733 5586 916 5634 essent
941 5579 1074 5635 tales
1105 5579 1170 5636 de
1203 5581 1448 5653 qualibus
1473 5581 1762 5652 quaerimus

204 5676 352 5723 turum
378 5671 446 5725 sit
472 5671 553 5726 eis
575 5670 865 5743 aliquando
891 5668 1274 5739 mentiendum,
1307 5690 1404 5730 nec
1425 5676 1620 5745 aliquid
1646 5677 1762 5730 falsi

201 5755 430 5826 dicerent,
462 5771 516 5818 et
540 5763 687 5819 foeda
712 5766 1006 5820 ministeria
1031 5765 1096 5822 de
1116 5766 1352 5837 parvulis
1373 5768 1673 5823 occidendis
1701 5769 1763 5822 li-

199 5849 403 5914 berrime
431 5867 769 5916 mensorem.
806 5857 933 5926 Sed,
977 5860 1182 5931 inquies
1207 5901 1222 5929 ,
1256 5859 1383 5930 ipsa:
1408 5853 1762 5919 morerentur.

3337 349 3446 414 5η

1856 463 1926 519 At
1951 463 2070 520 vide
2097 463 2222 534 quid
2248 471 2518 535 sequatur.
2549 465 2880 524 Morerentur
2907 469 3048 526 enim
3079 471 3312 529 caelestis
3339 475 3447 531 ba-‘

1853 557 2123 613 bitatiouis
2152 559 2634 629 incomparabiliter
2658 562 2914 632 ampliore
2954 565 3229 634 mercede,
3263 583 3426 639 quam

1853 650 2042 707 domus
2063 651 2165 709 illae
2185 667 2316 724 quas
2336 653 2433 709 sibi
2457 651 2694 709 fecerunt
2715 654 2770 710 in
2798 664 2936 711 terra
2957 672 3075 714 esse
3101 671 3387 730 potuerunt
3417 679 3432 716 :

1853 758 2190 805 morerentur
2218 749 2408 804 tutum
2435 750 2486 804 in
2517 760 2714 806 aeterna
2745 750 3029 819 felicitate,
3056 764 3278 810 mortem
3309 772 3442 826 per~'

1853 855 2024 912 pessa:
2053 857 2148 912 pro
2176 842 2606 898 iuuocentissima
2637 844 2878 900 veritate.
2929 845 3064 912 Quid
3095 847 3180 900 illa
3209 848 3261 901 in
3291 847 3438 903 Jeri-

1853 932 1997 990 cho?
2025 935 2279 1006 numquid
2305 934 2405 990 hoc
2431 937 2648 1005 posset?
2673 936 2861 993 Nonne
2887 936 2932 992 si
2958 947 3258 1008 qmerentcs
3289 940 3434 996 cives

1852 1027 2157 1084 mentiendo
2184 1043 2289 1084 non
2317 1028 2560 1098 falleret,
2608 1045 2793 1085 verum
2825 1029 3050 1086 dicendo
3076 1031 3307 1088 latentes
3333 1031 3448 1087 hoe

1853 1123 2016 1192 spites
2035 1122 2320 1193 proderet?
2341 1124 2420 1178 An
2445 1134 2624 1194 posset
2645 1125 3091 1196 interrogantibus
3115 1123 3196 1199 (ιι)
3223 1125 3402 1182 dicere
3421 1142 3449 1181 τι

1853 1212 1974 1271 Scio
2004 1215 2093 1272 ubi
2122 1225 2273 1284 sunt;
2307 1217 2399 1272 sed
2421 1218 2586 1272 Deum
2615 1219 2796 1284 timeo,
2821 1233 2927 1273 non
2953 1234 3046 1274 eos
3067 1219 3276 1290 prodo?
3301 1218 3438 1274 Pos-

1853 1317 1936 1363 set
1963 1308 2060 1364 hoc
2090 1309 2301 1379 quidem
2328 1309 2508 1365 dicere
2527 1353 2540 1378 ,
2574 1311 2616 1365 si
2641 1310 2750 1381 jam
2777 1320 2918 1366 esset
2947 1325 3070 1367 vera
3099 1309 3353 1367 lsraclitis
3384 1311 3438 1367 in

1853 1417 1956 1472 qua
1981 1401 2131 1458 dolus
2156 1419 2263 1457 non
2295 1413 2435 1458 esset
2479 1402 2655 1478 (Joan.
2687 1420 2741 1471 1,
2779 1405 2869 1477 47)
2905 1424 2916 1460 :
2952 1406 3090 1477 quod
3119 1405 3293 1462 futura
3323 1413 3448 1463 erat“

1853 1511 1951 1566 per
1991 1496 2410 1552 misericordiam
2456 1497 2548 1552 Dei
2597 1497 2860 1553 transiens
2900 1497 2966 1553 ad
3009 1499 3275 1555 civitatem
3320 1498 3435 1554 Dei.

1853 1589 2051 1646 Verum
2083 1591 2157 1646 illi
2186 1591 2288 1647 hoc
2307 1591 2508 1658 audito,
2535 1591 2762 1662 inquies,
2797 1592 2940 1646 illam
2966 1593 3312 1663 perimcrcnt,
3335 1592 3451 1647 do-‘

1855 1698 2001 1739 mum
2027 1692 2408 1740 scrutarentur.
2451 1683 2556 1739 Sed
2584 1681 2837 1755 numquid
2868 1699 3202 1754 consequens
3231 1692 3348 1740 erat
3381 1691 3442 1740 ut

1855 1776 1972 1831 illos
1999 1777 2157 1831 etiam
2197 1791 2328 1846 quos
2373 1775 2654 1847 diligenter
2692 1776 3052 1832 occultaverat
3090 1776 3442 1833 invenirent?

1854 1873 2208 1943 Prospexerat
2231 1873 2372 1927 enim
2400 1874 2706 1929 cautissima
2742 1874 2968 1944 mulier,
3011 1883 3065 1930 et
3107 1874 3178 1930 ibi
3215 1886 3308 1930 eos
3336 1889 3438 1946 po-

1853 1973 2032 2021 suerat
2061 1965 2148 2020 ubi
2180 1965 2343 2020 latere
2371 1967 2686 2036 potuissent,
2712 1967 2919 2022 etiamsi
2945 1967 2990 2021 ei
3022 1967 3296 2022 mentienti
3320 1981 3439 2024 erce

1854 2057 2021 2112 ditum
2049 2072 2154 2111 non
2183 2055 2388 2112 fuisset.
2421 2056 2495 2111 lta
2526 2067 2579 2112 et
2605 2058 2690 2112 illa
2719 2101 2734 2125 ,
2763 2059 2808 2112 si
2837 2067 3009 2113 tamen
3041 2073 3070 2112 a
3100 2060 3209 2113 suis
3233 2058 3441 2114 civibus

1855 2158 1996 2204 esset
2025 2148 2199 2204 occisa
2231 2163 2326 2218 pro
2349 2149 2728 2204 misericordiae
2758 2164 2918 2220 opere
2942 2191 2956 2214 ,
2989 2149 3150 2205 vitam
3197 2151 3351 2206 istam
3377 2150 3454 2204 ﬁ-'

1854 2242 2102 2298 nicndam
2137 2243 2152 2274 ί
2182 2242 2415 2312 pretiosa
2445 2243 2498 2296 in
2528 2251 2816 2312 conspectu
2847 2241 3058 2298 Domini
3089 2250 3260 2298 morte
3291 2243 3424 2296 ﬁnis-

1855 2344 1937 2391 set
1957 2334 2130 2404 (Psal.
2158 2349 2274 2401 cxv,
2304 2335 2417 2406 15),
2442 2342 2495 2390 et
2517 2351 2641 2406 erga
2664 2336 2784 2390 illos
2805 2336 2920 2404 ejus
2939 2335 3257 2392 beneficium
3283 2337 3453 2394 imaue

1854 2443 1960 2482 non
1986 2427 2192 2482 fuisset.
2221 2427 2357 2493 Sed,
2393 2429 2618 2497 inquies,
2650 2428 2798 2498 quid,
2829 2431 2873 2484 si
2905 2439 2958 2484 et
2985 2428 3051 2483 ad
3082 2430 3232 2484 illum
3263 2428 3457 2486 lucum

1855 2517 1948 2577 ubi
1978 2537 2068 2577 eos
2094 2522 2478 2588 occultaverat,
2509 2523 2543 2577 ii
2583 2539 2612 2576 a
2643 2523 2832 2593 quibus
2863 2524 3271 2595 quaerebantur,
3313 2515 3458 2598 per?

1856 2614 2142 2670 scrutando
2162 2615 2338 2669 omnia
2364 2616 2763 2685 pervenissent?
2791 2617 2896 2673 isto
2919 2617 3080 2673 modo
3101 2618 3204 2676 dici
3227 2628 3403 2689 potest
3426 2616 3457 2674 ε’

1857 2707 2014 2778 Quid,
2048 2710 2092 2763 si
2117 2710 2326 2765 mulieri
2355 2706 2626 2766 vilissima:
2657 2720 2815 2782 atque
2845 2713 3189 2783 turpissimm,
3221 2730 3325 2771 non
3358 2731 3448 2772 so-
3529 2743 3536 2748 -

1857 2803 1968 2857 lum
1990 2803 2287 2869 mentienti,
2311 2819 2498 2858 verum
2524 2803 2682 2858 etiam
2715 2804 2976 2874 pejeranti
2998 2806 3218 2862 credere
3249 2809 3449 2864 noluis-

1857 2893 2018 2949 sent?
2046 2893 2248 2964 Nempc
2277 2895 2433 2950 etiam
2471 2897 2549 2952 sic
2577 2907 2929 2954 consecutura
2961 2897 3170 2955 fuerant
3205 2917 3322 2972 qua:
3367 2903 3435 2956 ti-

1857 2987 2055 3042 mendo
2095 2988 2314 3042 mentita
2358 2998 2457 3044 est.
2501 2990 2568 3044 Et
2606 2991 2690 3044 ubi
2732 2991 2980 3063 ponimus
3012 2993 3343 3050 voluntatem
3387 3009 3451 3051 ac

1858 3085 2180 3146 potestatem
2218 3079 2307 3132 Dei
2329 3081 2352 3131 ’ἶ
2380 3081 2459 3133 An
2496 3079 2631 3134 forte
2661 3097 2766 3135 non
2794 3090 3039 3151 poterat,
3080 3093 3134 3139 et
3161 3085 3310 3140 illam
3351 3101 3451 3141 nec

1856 3170 2063 3226 civibus
2085 3171 2194 3226 suis
2219 3171 2564 3226 mentientem
2590 3188 2688 3227 nec
2713 3173 2956 3229 homines
2985 3176 3076 3231 Dci
3109 3159 3453 3246 prodentem,

1858 3273 1912 3319 ct
1938 3263 2057 3318 illos
2087 3278 2214 3320 suos
2243 3265 2309 3320 ab
2336 3265 2480 3320 omni
2503 3266 2740 3327 pernicie
2768 3266 3078 3322 custodire?
3105 3269 3146 3322 Α
3172 3285 3278 3340 quo
3305 3265 3456 3326 enim'

1858 3361 1913 3410 et
1939 3361 2059 3425 post
2084 3355 2321 3410 mulieris
2351 3355 2687 3411 mendacium
2714 3357 2964 3418 eustoditi
2993 3370 3136 3425 sunt,
3166 3359 3234 3415 ab
3260 3376 3325 3416 co
3356 3378 3451 3432 po-

1861 3453 2096 3511 tueruut,
2132 3447 2232 3501 etsi
2264 3445 2352 3500 illa
2381 3447 2601 3502 tuentita
2626 3463 2732 3502 non
2767 3444 2929 3516 esset,
2960 3450 3140 3520 utique
3168 3447 3458 3507 custodiril

1860 3538 1969 3592 Nisi
1998 3538 2132 3594 forte
2163 3539 2313 3594 obliti
2343 3556 2527 3595 sumus
2555 3540 2655 3595 hoc
2684 3541 2845 3598 fuisse
2872 3543 2924 3597 in
2953 3539 3198 3601 Sodomis
3229 3525 3460 3614 factum;

1861 3629 1950 3685 ubi
1981 3631 2200 3685 masculi
2226 3632 2277 3684 in
2304 3633 2570 3687 masculos
2595 3632 2819 3688 nefanda
2848 3634 3065 3690 libidine
3092 3637 3325 3701 accensi,
3351 3632 3459 3710 nec:

1860 3725 2053 3783 OStium
2082 3725 2271 3780 domus
2298 3726 2349 3779 in
2377 3742 2478 3797 qua
2510 3735 2665 3783 erant
2689 3743 2823 3797 quos
2853 3729 3181 3800 quaerebant,
3212 3731 3453 3786 invenire

1861 3827 2147 3888 potuerunt
2171 3837 2184 3883 ;
2215 3822 2425 3890 quando
2453 3821 2533 3874 vir
2556 3821 2734 3891 justus
2765 3823 2815 3876 in
2847 3839 3007 3878 causa
3035 3825 3252 3879 ou'mino
3279 3827 3460 3900 simil:

1861 3911 1986 3965 lima
2007 3927 2105 3982 pro
2126 3913 2234 3967 suis
2262 3912 2557 3981 hospitibus
2585 3915 2799 3969 mentiri
2829 3916 3019 3984 noluit,
3048 3933 3184 3987 quos
3210 3933 3332 3972 esse
3357 3934 3452 3971 an-

1859 4005 2009 4074 gelos
2035 4005 2326 4070 nesciebat,
2360 4012 2414 4059 et
2442 4005 2547 4058 vim
2574 4014 2745 4061 morte
2776 4002 3014 4077 pejorem
3047 4025 3114 4065 ne
3145 3991 3458 4079 paterentur

1864 4096 2102 4150 timebat.
2134 4097 2202 4150 Et
2226 4103 2371 4151 certe
2398 4105 2604 4165 poterat
2631 4098 2756 4152 talia
2799 4100 3128 4169 re5ponderc
3170 4103 3456 4170 quaerenti-

1860 4190 1995 4257 bus,
2047 4189 2220 4259 qualia
2268 4188 2322 4243 in
2356 4187 2572 4244 Iericho
2618 4191 2809 4245 mulier
2854 4191 2940 4244 illa
2985 4193 3277 4262 respondit.
3322 4193 3455 4248 Nam

1861 4297 2083 4354 prorsus
2111 4282 2354 4336 similiter
2375 4289 2428 4337 et
2457 4279 2531 4336 illi
2561 4282 2940 4353 interrogando
2967 4285 3313 4354 qtucsierunt.
3344 4262 3465 4340 Sed;

1863 4375 2024 4430 homo
2047 4373 2220 4444 justus
2250 4374 2419 4428 noluit
2453 4389 2551 4445 pro
2576 4375 2889 4446 corporibus
2915 4373 3180 4446 hospitum
3221 4376 3466 4433 animam‘

1863 4483 2014 4524 suam
2041 4483 2139 4524 suo
2174 4466 2451 4523 mendacio
2478 4468 2753 4535 maculari,
2787 4483 2885 4538 pro
2913 4467 3106 4538 quibus
3131 4467 3297 4522 voluit
3331 4463 3462 4523 cor;

1865 4579 1994 4634 pora
2022 4562 2251 4618 ﬁliarum
2291 4561 2480 4617 alien:e
2517 4561 2752 4616 libidinis
2793 4562 3071 4632 iniquitate
3111 4562 3217 4616 vim
3248 4563 3456 4633 perpeti

1867 4657 2021 4729 (Gen.
2051 4673 2144 4711 xnt
2171 4699 2185 4724 ,
2216 4652 2388 4728 5-H).
2420 4653 2601 4709 Faciat
2643 4669 2770 4725 ergo
2795 4653 2959 4708 homo
3002 4653 3162 4710 etiam
3195 4667 3294 4725 pro
3326 4639 3466 4710 tem-I

1866 4749 2032 4820 porali
2071 4749 2347 4802 hominum
2391 4747 2560 4802 salute
2598 4747 2740 4818 quod
2771 4756 2989 4818 potest:
3019 4762 3141 4802 cum
3172 4754 3351 4803 autem
3392 4749 3463 4805 ad

1867 4841 2010 4896 hunc
2037 4841 2316 4895 articulum
2337 4849 2554 4894 ventum
2581 4838 2760 4906 fuerit,
2791 4850 2850 4895 ut
2877 4839 2965 4893 tali
2996 4839 3151 4895 saluti
3177 4835 3466 4897 consulere
3556 4886 3561 4890 .

1868 4935 1967 4990 nisi
1999 4916 2268 5004 peccando
2298 4949 2403 4987 non
2434 4935 2632 5003 possit,
2675 4932 2785 5002 jam
2827 4947 2886 4987 se
2915 4932 3186 4989 existimet
3216 4949 3321 4988 non
3359 4931 3462 4986 ha~

1867 5026 1994 5081 bere
2023 5024 2146 5096 quid
2174 5022 2352 5090 faciat,
2382 5023 2593 5093 quando
2618 5022 2666 5076 id
2695 5023 2957 5094 reliquum
2983 5038 3102 5079 esse
3128 5025 3464 5096 perspexerit

1868 5114 2005 5186 quod
2039 5130 2142 5168 non
2171 5123 2314 5168 recte
2346 5113 2521 5168 faciat.
2555 5111 2786 5169 Proinde
2818 5113 2965 5168 Raab
2994 5114 3048 5167 in
3078 5102 3313 5180 Jericho,
3337 5114 3464 5182 quia

1867 5207 2179 5278 peregrinos
2225 5205 2468 5260 homines
2514 5205 2610 5259 Dei
2649 5205 2884 5275 suscepit
2923 5203 3199 5275 hospitio,
3241 5205 3362 5276 quia
3404 5204 3464 5262 in

1868 5302 2053 5355 eOrum
2075 5298 2415 5368 susceptione
2436 5297 2733 5368 periclitata
2750 5306 2850 5364 est,
2867 5297 2990 5367 quia
3009 5298 3061 5352 in
3083 5311 3270 5351 eorum
3289 5296 3462 5352 Deum

1868 5391 2114 5458 credidit,
2139 5390 2258 5462 quia
2276 5391 2557 5460 diligenter
2577 5405 2670 5445 eos
2693 5389 2784 5445 ubi
2808 5390 2977 5460 potuit
2997 5390 3308 5456 occultavit,
3335 5389 3459 5458 quia

1870 5502 1965 5557 per
1985 5489 2138 5542 aliam
2157 5489 2294 5542 viam
2317 5485 2587 5542 remeandi
2601 5485 2880 5540 consilium
2905 5483 3269 5539 ﬁdelissimum
3285 5480 3468 5554 dedit,
3520 5532 3540 5564 ἶ,

1870 5584 2028 5639 etiam
2061 5597 2305 5654 superare
2331 5581 2630 5638 Jerusalem
2657 5580 2860 5636 civibus
2901 5575 3155 5632 imitanda
3183 5567 3470 5656 laudetura

1937 5812 1956 5873 ιγ
1991 5809 2173 5871 Aliquot
2194 5816 2321 5873 Mss,
2346 5810 2546 5873 [etiamin
2901 5863 2910 5873 ι
3087 5857 3090 5860 ,
3141 5847 3148 5853 .
3181 5862 3207 5873 Α

1937 5872 2007 5932 (u)
2034 5861 2167 5920 t-‘drte
2192 5861 2474 5932 legendum,
2499 5881 2561 5918 an
2592 5879 2683 5917 non
2706 5873 2861 5929 posset
2894 5861 3313 5931 interrogantibus.
