3930 6368
489 403 597 464 5’15

487 520 640 590 Quod
665 525 842 572 autem
871 510 1094 569 mentita
1122 519 1225 580 est,
1255 507 1466 566 etiamsi
1493 504 1692 576 aliquid
1733 502 1806 558 ibi
1837 499 2071 572 prophe-

491 616 654 670 ticum
680 608 1039 678 intelligenter
1063 603 1351 677 exponitur
1374 643 1389 670 ,
1422 617 1529 656 non
1554 609 1733 654 tamen
1760 593 2074 651 imitandum

490 705 759 773 sapienter
800 698 1113 770 proponitur
1147 695 1434 767 :quamvis
1462 695 1604 748 Deus
1645 692 1735 746 illa
1773 691 1912 746 bona
1954 703 2072 744 mc—

488 794 821 852 morabiliter
847 790 1189 847 honoraverit
1212 829 1227 857 ,
1257 787 1358 844 hoc
1385 787 1586 843 malum
1610 785 1900 841 clementer
1919 781 2075 854 igno-

490 888 647 944 verit.

561 981 653 1036 55.
680 978 809 1046 Quae
849 991 973 1033 cum
1002 975 1075 1031 ita
1103 975 1232 1042 sint,
1274 973 1524 1045 quoniam
1550 971 1710 1026 nimis
1736 969 1951 1040 longum
1995 976 2078 1024 est

488 1071 668 1131 omnia
699 1079 1044 1141 pertractare,
1067 1083 1185 1139 quae
1210 1067 1264 1120 in
1289 1065 1377 1121 illa
1407 1063 1564 1120 Libra
1595 1061 1808 1117 Dictinii
1836 1069 1961 1115 sunt
1985 1075 2079 1130 po-

490 1167 592 1224 sita
616 1163 760 1219 velut
803 1161 1057 1218 imitanda
1086 1158 1328 1229 exempla
1357 1154 1645 1212 mentiendi
1677 1173 1690 1207 :
1739 1153 1808 1208 ad
1836 1153 1972 1207 hanc
1992 1168 2078 1206 re-

491 1259 670 1332 gulam
700 1255 831 1311 mihi
856 1254 1104 1310 videnlur
1140 1269 1248 1308 non
1269 1251 1442 1307 solum
1463 1248 1586 1316 ista,
1616 1262 1802 1304 verum
1845 1245 2007 1301 etiam
2032 1244 2078 1299 si

494 1366 601 1424 qua
632 1356 759 1405 sunt
787 1347 910 1402 talia
935 1345 1242 1418 redigenda,
1271 1354 1330 1398 ιιι
1365 1353 1456 1398 aut
1480 1341 1624 1411 quod
1653 1354 1773 1396 esse
1817 1337 2075 1403 creditur,

493 1441 808 1508 ostendatur
834 1455 942 1495 non
959 1453 1075 1494 esse
1098 1435 1466 1501 mendacium;
1496 1434 1610 1489 sive
1640 1432 1728 1487 ubi
1753 1440 1953 1487 tacetur
1985 1445 2076 1484 ve-

495 1549 634 1601 rum,
665 1547 763 1588 nec
806 1531 1000 1587 dicitur
1045 1529 1231 1584 falsum
1261 1544 1277 1594 ;
1305 1526 1418 1582 sive
1449 1525 1539 1581 ubi
1573 1522 1887 1595 signiﬁcatio
1914 1536 2076 1575 verax

493 1625 638 1681 aliud
659 1641 724 1680 ex
751 1624 853 1680 alio
880 1623 994 1677 vult
1014 1620 1252 1692 intelligi,
1272 1618 1414 1689 quod
1433 1631 1600 1689 genus
1628 1617 1972 1686 ﬁguratorum
1997 1611 2079 1666 vel

492 1717 758 1772 dictormn
781 1715 864 1769 vel
895 1713 1156 1769 factorum
1203 1709 1437 1766 abundat
1477 1709 1531 1764 in
1561 1705 1883 1778 propheticis
1911 1703 2078 1758 Litte-

498 1809 574 1865 ris
603 1827 615 1862 :
645 1818 738 1863 aut
756 1822 875 1878 quae
900 1805 1286 1860 convincuntur
1306 1815 1427 1856 esse
1476 1797 1772 1862 mendacia,
1821 1810 1927 1850 non
1962 1809 2080 1850 esse

498 1899 755 1956 imitanda
784 1904 1169 1963 monstrentur,
1197 1903 1251 1949 et
1279 1894 1322 1948 si
1349 1907 1450 1962 qua
1481 1890 1634 1947 nobis
1652 1900 1711 1944 ut
1734 1889 1835 1944 alia
1866 1897 2081 1958 peccata

501 1988 888 2059 subrepserint,
921 2002 1027 2041 non
1048 1985 1127 2040 eis
1162 1981 1494 2039 tribuendam
1517 1981 1802 2052 justitiam,
1842 1979 1938 2035 sed
1986 1995 2082 2035 ve-

495 2081 639 2137 niant
665 2077 1056 2150 postulandum.
1105 2075 1218 2129 Iloc
1256 2074 1472 2144 quidem
1503 2073 1632 2128 mihi
1669 2071 1874 2127 videtur
1898 2089 1912 2138 ;
1937 2080 1991 2126 ct
2013 2069 2080 2126 ad

493 2176 650 2231 istam
667 2171 985 2228 sententiam
1006 2184 1092 2224 me
1108 2167 1354 2238 superius
1383 2166 1650 2236 disputata
1667 2165 2013 2236 compellunt.

563 2264 788 2322 CAPUT
828 2261 1013 2318 XVIII.
1046 2261 1224 2318 ~56.
1253 2261 1334 2314 An
1360 2260 1699 2315 mentiendum
1741 2269 1792 2313 ut
1823 2275 1959 2329 a'gro
2002 2274 2082 2312 cc-

495 2361 644 2427 ωιτη,
667 2357 799 2428 quod
824 2358 870 2410 ei
891 2365 1099 2410 mortem
1125 2350 1347 2420 a/ierret.
1379 2351 1501 2407 Non
1529 2352 1804 2406 timendum
1827 2367 1888 2405 nc
1915 2351 2080 2405 ltomio

492 2453 611 2508 cida
658 2450 854 2503 dicatur
881 2447 1084 2500 veritas.
1136 2444 1394 2500 Permissa
1423 2443 1684 2497 mendacio
1731 2441 1784 2496 in
1815 2442 2072 2513 proposito

494 2560 637 2611 casu,
665 2557 818 2610 quam
858 2539 1057 2609 diﬂicilc
1081 2537 1355 2591 mendaciis
1390 2537 1516 2606 lines
1543 2536 1768 2606 ﬁguntur
1806 2551 1868 2588 ne
1889 2549 2082 2588 succre-

494 2643 639 2691 scant
680 2649 834 2703 usque
874 2631 940 2684 ad
967 2630 1191 2701 perjuria
1224 2639 1272 2684 et
1320 2628 1676 2701 blasp/cemias.
1706 2628 1863 2682 Acute
1907 2635 2084 2682 contra

496 2726 746 2785 mendacii
775 2724 1025 2780 doctores.
1067 2722 1260 2777 Verum
1313 2722 1436 2791 quia
1482 2721 1728 2777 homines
1780 2735 1984 2786 sumus,
2030 2731 2086 2776 et

497 2822 638 2878 inter
681 2819 923 2874 homines
959 2816 1207 2884 vivimus,
1239 2816 1513 2886 fateorque
1564 2831 1649 2871 me
1694 2814 1931 2870 nondqu
1961 2828 2084 2870 esse

497 2914 553 2970 in
579 2928 765 2970 eorum
782 2924 1005 2966 numero
1024 2923 1160 2981 quos
1175 2923 1292 2964 com
1299 2907 1573 2978 pensativa
1590 2915 1804 2978 peccata
1824 2922 1934 2962 non
1967 2913 2080 2960 tur-

496 3005 628 3061 bant
653 3020 670 3070 ;
701 3018 845 3073 saepe
868 3017 957 3058 me
977 3001 1031 3056 in
1058 3000 1218 3056 rebus
1239 2998 1483 3055 humanis
1498 2999 1660 3054 vincit
1683 3013 1873 3054 sensus
1897 2997 2079 3054 huma-

497 3112 624 3166 nus,
654 3111 753 3151 nec
782 3095 1033 3151 resistere
1057 3092 1210 3149 valeo
1236 3109 1358 3148 cum
1378 3093 1509 3147 mihi
1533 3091 1726 3152 dicitur
1751 3110 1765 3147 :
1792 3093 1930 3148 Ecce
1952 3107 2080 3165 gra-

499 3189 552 3244 vi
578 3189 766 3244 morbo
808 3187 1140 3258 periclitatur
1173 3195 1424 3257 aegrotus,
1453 3185 1604 3257 cujus
1633 3186 1744 3256 jam
1772 3187 1918 3242 vires
1935 3188 2078 3243 ferre

499 3296 607 3337 non
635 3280 858 3352 possint,
878 3280 922 3335 si
947 3280 997 3335 ei
1022 3287 1266 3334 mortuus
1287 3278 1477 3334 unicus
1499 3288 1554 3334 et
1576 3279 1919 3335 charissimus
1946 3279 2086 3334 ﬁlius

499 3375 807 3441 nuntietur;
838 3389 869 3429 a
909 3383 964 3429 te
986 3373 1178 3444 quierit
1216 3389 1284 3427 an
1316 3373 1477 3439 vivat,
1508 3387 1669 3442 quem
1717 3371 1874 3425 vitam
1901 3371 2085 3426 ﬁnisse

497 3476 559 3524 tu
586 3467 764 3536 nosti;
793 3465 919 3538 quid
965 3465 1336 3536 respondebis,
1381 3465 1592 3535 quando
1645 3463 1902 3534 quidquid
1944 3463 2087 3520 aliud

499 3558 702 3617 dixeris
736 3569 933 3630 praeter
978 3577 1138 3615 unum
1187 3559 1253 3614 de
1285 3557 1489 3623 tribus;
1520 3567 1632 3623 aut,
1679 3557 1918 3611 Mortuus
1969 3565 2086 3622 est;

501 3663 614 3720 aut,
644 3653 809 3720 vivit;
835 3661 947 3720 aut,
1006 3653 1225 3718 nescio;
1256 3651 1388 3706 nihil
1433 3650 1575 3707 aliud
1601 3648 1771 3705 credit
1814 3649 1904 3704 ille
1929 3663 2091 3720 quam

500 3754 772 3802 mortuum
798 3743 974 3815 ;quod
1019 3753 1072 3800 te
1107 3743 1350 3812 intelligit
1385 3742 1573 3796 timere
1620 3741 1824 3808 dicere,
1848 3750 1901 3796 et
1946 3742 2089 3797 nolle

503 3838 756 3896 mentiri?
779 3837 1132 3891 'l‘antumdem
1160 3835 1318 3902 valet,
1369 3832 1577 3887 etiamsi
1615 3832 1761 3887 omni
1809 3831 1970 3888 modo
2003 3842 2084 3888 ta-

500 3932 696 3987 cueris.
729 3930 808 3985 Ex
829 3929 932 3985 illis
959 3938 1136 3984 autem
1168 3927 1336 3982 tribus
1361 3925 1464 3980 duo
1490 3923 1777 3992 falsasunt,
1808 3925 1983 3992 Vivit;
2014 3936 2086 3994 et,

503 4025 719 4091 nescio;
747 4038 847 4079 nec
871 4023 1042 4077 abste
1070 4019 1176 4075 diei
1220 4027 1444 4090 possunt
1473 4017 1575 4072 nisi
1600 4018 1929 4073 mentiendo.
1956 4018 2089 4075 Illud

502 4127 679 4172 autem
708 4131 870 4170 unum
897 4129 1104 4180 verum,
1125 4112 1177 4168 id
1206 4120 1309 4180 est,
1329 4120 1599 4166 mortuum
1625 4125 1768 4178 esse,
1789 4111 1835 4166 si
1864 4111 2080 4181 dixeris,

502 4216 560 4264 et
583 4206 875 4278 perturbati
912 4206 1143 4261 hominis
1189 4219 1335 4260 mors
1361 4203 1522 4258 fuerit
1572 4203 1881 4271 subsecuta,
1909 4204 2006 4260 abs
2035 4215 2086 4262 te

503 4298 713 4356 occisus
741 4313 861 4355 esse
903 4298 1236 4355 clamabitur.
1266 4296 1332 4351 Et
1359 4295 1480 4366 quis
1494 4293 1630 4351 ferat
1655 4295 1902 4352 homines
1923 4311 2086 4367 exag-

501 4399 750 4464 gerantes
766 4399 1023 4463 quantum
1043 4389 1114 4445 sit
1129 4389 1253 4444 mali
1281 4385 1496 4442 salubre
1521 4385 1858 4442 mendacium
1884 4385 2088 4442 devita-

501 4485 569 4553 ri,
598 4493 651 4542 et
675 4483 996 4540 homicidam
1034 4482 1180 4553 diligi
1216 4482 1493 4536 veritatem
1520 4479 1543 4532 ?
1569 4477 1788 4535 Moveor
1815 4477 1897 4532 his
1927 4495 2091 4550 oppo-

503 4577 621 4633 sitis
646 4577 1014 4642 vehementer,
1044 4575 1139 4629 sed
1157 4574 1351 4628 mirum
1381 4571 1425 4627 si
1457 4570 1619 4627 etiam
1636 4571 1924 4642 sapienter.
1951 4572 2086 4627 Cum

501 4668 647 4724 enim
690 4681 1018 4737 proposuero
1063 4676 1186 4718 ante
1214 4665 1630 4734 qualescumque
1677 4665 1863 4720 oculos
1911 4663 2089 4720 cordis

502 4757 609 4817 mei
635 4757 1018 4829 intelligibilem
1048 4756 1188 4810 illius
1218 4754 1683 4824 pulchritudinem,
1713 4755 1781 4812 de
1805 4755 1956 4826 cujus
1983 4774 2078 4814 ore

500 4849 624 4906 falsi
648 4849 779 4904 nihil
825 4845 1065 4919 procedit
1091 4863 1106 4912 ;
1137 4847 1378 4917 quamvis
1403 4845 1493 4901 ubi
1519 4844 1730 4903 radians
1760 4848 1929 4918 magis
1969 4865 2086 4905 ma-

500 4943 690 5014 gisque
717 4941 964 4997 clarescit
1013 4938 1234 5006 veritas,
1287 4937 1356 4994 ibi
1410 4927 1672 5008 palpitans
1732 4954 1853 4995 mea
1901 4956 2088 4998 rever-

500 5034 720 5090 beratur
762 5029 1041 5088 inﬁrmitas
1071 5049 1084 5085 ι
1114 5038 1291 5086 tamen
1345 5029 1422 5085 sic
1476 5043 1660 5086 amore
1701 5033 1831 5087 tanti
1881 5032 2091 5090 decoris

503 5125 792 5194 accendor,
813 5133 871 5180 ut
884 5134 1073 5180 cuncta
1085 5138 1204 5194 qua:
1220 5123 1343 5179 inde
1353 5124 1944 5182 mercvocanthumaua
1963 5141 2088 5184 con-

500 5227 758 5275 temnam.
782 5215 888 5274 Sed
907 5217 1131 5271 multum
1158 5225 1241 5272 est
1266 5224 1324 5270 ut
1367 5215 1548 5272 istein
1594 5224 1799 5272 tantum
1825 5234 2084 5290 persevc-

503 5322 589 5368 ret
613 5310 853 5378 allectus,
881 5325 952 5364 ne
997 5310 1051 5363 in
1080 5307 1375 5365 tcntatioue
1402 5307 1544 5365 desit
1593 5309 1834 5366 effectus.
1865 5312 1975 5368 Nec
1999 5329 2086 5370 me

501 5414 684 5461 movet
723 5403 1173 5473 contemplantem
1223 5402 1544 5459 luminosum
1587 5403 1786 5460 bonum
1810 5445 1826 5472 ,
1891 5406 1947 5461 iu
1983 5423 2087 5477 quo

503 5496 768 5555 mendacii
821 5496 1055 5554 tenebrae
1096 5496 1258 5554 nullae
1307 5505 1451 5565 sunt,
1492 5498 1634 5568 quod
1680 5499 1832 5558 nobis
1880 5504 2089 5560 mentiri

502 5591 809 5650 uolentibus
835 5599 889 5648 et
917 5591 1223 5649 hominibus
1249 5607 1382 5648 vero
1409 5591 1592 5648 audito
1620 5595 1967 5652 morientibus
1995 5597 2090 5650 bo-

505 5690 702 5746 mieida
753 5687 948 5745 dicitur
997 5687 1214 5744 veritas.
1264 5689 1528 5759 Numquid
1571 5690 1788 5744 enimsi
1842 5699 2086 5759 stuprum

504 5789 724 5852 expetat
749 5782 1033 5853 impudica,
1057 5793 1112 5839 et
1139 5792 1190 5838 te
1218 5797 1322 5838 non
1350 5783 1736 5850 consentiente,
1761 5797 1905 5840 srevo
1930 5797 2087 5838 amo-

507 5885 572 5934 re
597 5873 902 5948 perturbata
945 5873 1226 5946 moriatur,
1280 5873 1545 5933 homicida
1571 5875 1674 5933 erit
1725 5882 1778 5932 et
1826 5875 2092 5936 castitas?

1543 388 1813 446 CONTRA
1851 378 2273 449 MENDACIUM,
2314 378 2371 436 S.
2404 377 2767 435 AUGUSTINI

3667 382 3780 443 5“

2184 497 2268 553 An
2293 512 2420 553 vero
2462 497 2584 566 quia
2631 496 2876 568 legimus,
2905 494 3089 551 Christi
3144 495 3306 550 bonus
3331 495 3459 552 odor
3492 509 3679 554 sumus
3722 499 3773 554 in

2183 590 2317 644 omni
2344 590 2472 656 loco,
2498 599 2545 643 et
2571 589 2624 643 in
2653 589 2714 642 iis
2740 589 2826 662 qui
2853 589 2978 644 salvi
3008 590 3158 660 ﬁunt,
3175 598 3224 644 et
3247 589 3300 643 in
3324 589 3385 646 iis
3409 591 3496 662 qui
3519 603 3778 662 pereunt;

2183 684 2298 738 aliis
2323 683 2525 752 quidem
2552 683 2683 738 odor
2701 683 2814 738 vitae
2840 684 2894 738 in
2911 683 3087 751 vitam,
3119 683 3236 739 aliis
3254 693 3422 740 autem
3442 684 3576 739 odor
3595 687 3776 742 mortis

2182 777 2237 830 in
2255 786 2465 831 mortem
2488 793 2508 843 ,'
2547 777 2708 834 etiam
2724 776 2944 832 odorem
2963 775 3158 832 Christi
3186 777 3653 846 pronuntiabimus
3674 776 3774 834 I10-

2183 866 2467 922 micidam?
2491 866 2598 924 Sed
2617 867 2740 938 quia
2769 865 3015 923 homines
3039 881 3246 934 sumus,
3275 875 3330 924 et
3371 881 3470 923 nos
3497 867 3558 923 in
3585 868 3773 939 hujus-

2183 958 2333 1014 modi
2376 959 2758 1030 qumstionibus
2788 970 2842 1015 et
2892 959 3408 1016 contradictionibus
3451 960 3772 1032 plerumque

2185 1062 2400 1123 superat
2423 1062 2515 1108 ant
2539 1051 2722 1123 fatigat
2761 1067 2952 1108 sensus
2977 1052 3265 1120 humanus,
3294 1052 3416 1109 ideo
3445 1068 3575 1109 mox
3601 1063 3660 1110 et
3686 1054 3776 1112 illa

2183 1143 2427 1214 subjecit,
2452 1141 2522 1196 Et
2541 1143 2608 1196 ad
2632 1146 2739 1198 Ita’c
2765 1143 2877 1215 quis
2905 1142 3115 1199 idoneus
3138 1143 3206 1215 (Il
3229 1141 3348 1198 Cor.
3381 1160 3440 1211 ιι,
3467 1145 3538 1200 15
3563 1155 3611 1200 ct
3642 1146 3776 1215 Ib")?

2258 1236 2344 1292 37.
2374 1235 2490 1290 lluc
2534 1235 2758 1302 accedit,
2789 1235 2880 1291 ubi
2929 1235 3286 1292 miserabilius
3321 1236 3635 1307 ejulaudutn
3668 1247 3772 1306 est,

2184 1327 2327 1400 quod
2359 1328 2404 1383 si
2430 1328 2850 1383 concesserimus
2893 1343 2991 1399 pro
3022 1328 3194 1384 salute
3220 1328 3364 1384 illius
3385 1329 3519 1400 aegri
3559 1329 3632 1386 de
3664 1331 3772 1387 vita

2186 1421 2280 1475 lilii
2293 1421 2407 1491 ejus
2423 1421 2583 1477 fuisse
2599 1421 2982 1492 mentiendum,
2999 1421 3072 1478 ita
3095 1421 3345 1492 paulatim
3364 1422 3775 1494 minutatiqu

2185 1512 2476 1568 succrescit
2503 1512 2606 1569 hoc
2627 1513 2848 1582 malum,
2872 1521 2931 1570 et
2955 1513 3205 1571 brevibus
3227 1514 3532 1570 accessibus
3559 1516 3630 1570 ad
3657 1525 3771 1571 tan-

2187 1614 2297 1660 tum
2312 1619 2559 1661 acervum
2574 1606 2974 1662 mendaciorum
2988 1607 3371 1663 sceleratorum
3385 1608 3587 1664 sensim
3601 1609 3773 1664 subin-

2185 1698 2373 1754 trando
2395 1699 2720 1770 perducitur,
2737 1707 3078 1770 utnunquam
3093 1699 3262 1771 possit
3283 1700 3491 1771 penitus
3514 1701 3769 1768 inveniri,

2186 1793 2276 1847 ubi
2323 1802 2482 1848 tantae
2542 1793 2680 1863 pesti
2729 1808 2826 1864 per
2871 1793 3092 1850 minima
3161 1793 3523 1850 additamenta
3571 1795 3626 1850 in
3671 1796 3765 1850 im-

2185 1900 2432 1942 mensum
2477 1886 2866 1941 convalescenti
2918 1887 3088 1957 possit
3129 1887 3338 1942 obsisti.
3387 1885 3542 1943 Unde
3587 1890 3768 1957 provi-

2185 1976 2495 2032 dentissime
2544 1977 2798 2046 scriptum
2845 1987 2962 2033 est:
2994 1978 3092 2045 Qui
3112 1978 3310 2032 modica
3337 1979 3552 2049 spernit,
3582 1979 3768 2049 paula-

2188 2069 2278 2124 tim
2329 2067 2510 2122 decidit
2540 2066 2740 2138 (Eccli.
2773 2084 2885 2137 XIX,
2909 2069 2936 2123 I
2969 2070 3009 2139 ).
3055 2069 3190 2138 Quid
3211 2110 3227 2137 ,
3278 2069 3421 2140 quod
3447 2069 3572 2123 vitae
3611 2067 3767 2138 hujus

2188 2161 2318 2216 tales
2333 2168 2620 2228 amatores,
2645 2169 2702 2216 ut
2730 2175 2848 2216 eam
2879 2176 2986 2216 non
3015 2161 3261 2217 dubitent
3287 2175 3602 2233 praeponere
3628 2163 3764 2217 veri-

2188 2254 2387 2323 tati,ne
2407 2253 2567 2309 homo
2586 2253 2865 2321 moriatur,
2909 2253 3018 2310 imo
3043 2262 3102 2308 nt
3120 2251 3284 2310 homo
3309 2253 3632 2326 quandoque
3663 2269 3770 2310 mo-

2187 2349 2386 2404 riturus
2437 2348 2708 2418 aliquanto
2729 2347 2900 2404 serius
2943 2346 3222 2414 moriatur,
3251 2361 3360 2402 non
3385 2355 3592 2402 tantum
3613 2363 3766 2403 mea-

2190 2441 2298 2508 tiri,
2331 2440 2425 2496 sed
2454 2441 2614 2496 etiam
2642 2440 2884 2510 pejerare
2931 2454 3028 2494 nos
3055 2439 3278 2506 volunt;
3321 2447 3380 2493 ut
3434 2437 3682 2494 videlicet
3706 2455 3772 2496 ne

2188 2535 2460 2606 aliquanto
2485 2534 2643 2590 citius
2672 2541 2907 2588 transeat
2953 2547 3085 2588 vana
3111 2531 3256 2588 salus
3293 2533 3550 2600 hominis,
3578 2548 3768 2589 nomen

2189 2624 2398 2681 Domini
2429 2625 2524 2681 Dei
2561 2624 2732 2682 nostri
2759 2624 3080 2694 accipiamus
3121 2624 3176 2679 in
3216 2623 3457 2681 vanum?
3486 2624 3558 2680 Et
3573 2635 3703 2680 sunt
3723 2626 3772 2681 in

2188 2718 2268 2775 eis
2305 2718 2468 2785 docti,
2498 2717 2590 2789 qui
2631 2719 2792 2774 etiam
2829 2717 3038 2787 regulas
3078 2719 3241 2788 ligant
3279 2716 3523 2786 ﬁnesque
3574 2719 3770 2773 consti-

2189 2820 2358 2878 tuant,
2383 2810 2596 2882 quando
2622 2809 2834 2876 debeat,
2866 2808 3078 2880 quando
3107 2823 3212 2865 non
3225 2810 3418 2866 debeat
3445 2812 3699 2881 pejerari.
3735 2811 3772 2868 0

2178 2903 2280 2978 ,ubi
2297 2903 2447 2967 estis,
2470 2901 2644 2957 fontes
2665 2901 3021 2972 lacrymarum
3045 2901 3067 2956 '2
3094 2901 3164 2956 Et
3189 2900 3318 2972 quid
3343 2899 3604 2957 faciemus
3629 2902 3654 2956 ‘2
3678 2919 3775 2974 quo

2190 2993 2427 3050 ibimus?
2457 2993 2545 3049 ubi
2568 3009 2667 3049 nos
2688 2993 3073 3049 occultabimus
3093 2993 3160 3050 ab
3185 2993 3263 3048 ira
3288 2993 3551 3061 veritatis,
3595 2994 3646 3050 si
3673 3011 3770 3050 non

2189 3086 2365 3144 solum
2390 3086 2706 3157 negligimus
2742 3100 2933 3142 cavere
2960 3084 3258 3151 mendacia,
3289 3083 3383 3140 sed
3407 3085 3674 3141 audemus
3704 3087 3772 3141 in-

2192 3194 2354 3250 super
2397 3178 2589 3235 docere
2616 3176 2888 3249 perjuria?
2919 3175 3161 3231 Viderint
3185 3175 3329 3232 enim
3357 3185 3670 3232 assertores
3691 3175 3774 3232 dc-

2192 3272 2535 3342 fensoresque
2583 3268 2843 3325 mendacii
2866 3269 3020 3338 quale
3045 3283 3213 3338 genus
3242 3268 3326 3324 vel
3359 3268 3538 3339 qualia
3582 3284 3774 3340 genera

2191 3362 2484 3420 mentiendi
2510 3361 2911 3432 eosjustiﬁcarc
2928 3359 3194 3416 delectet:
3225 3361 3414 3416 saltem
3456 3361 3511 3415 in
3537 3361 3638 3417 Dei
3664 3362 3775 3417 cul-

2193 3464 2251 3510 tu
2292 3452 2586 3510 concedant
2631 3467 2741 3507 non
2767 3466 2886 3508 esse
2913 3450 3276 3506 mentiendum
3307 3467 3323 3518 ;
3349 3450 3538 3507 saltem
3580 3465 3710 3506 sese
3738 3467 3770 3507 ι

2195 3545 2440 3617 perjuriis
2460 3543 2913 3614 blasphemiisque
2948 3541 3258 3598 contineant
3285 3556 3303 3607 ;
3349 3541 3538 3596 saltem
3562 3539 3654 3596 ubi
3682 3540 3777 3596 Dei

2194 3653 2409 3705 nomen,
2435 3635 2524 3691 ubi
2546 3636 2688 3691 Deus
2733 3633 2904 3702 testis,
2935 3633 3025 3690 ubi
3067 3634 3159 3689 Dei
3185 3641 3581 3689 sacramentum
3607 3632 3773 3686 inter-

2195 3729 2427 3800 ponitur,
2459 3729 2547 3784 ubi
2564 3728 2630 3783 de
2651 3727 2832 3783 divina
2856 3727 3111 3798 religione
3151 3741 3331 3782 sermo
3373 3725 3642 3797 promitur
3664 3727 3775 3782 sive

2193 3821 2515 3888 conseritur,
2539 3834 2700 3875 nemo
2743 3819 3052 3884 mentiatur,
3077 3834 3236 3874 nemo
3263 3817 3462 3886 laudet,
3488 3833 3654 3873 nemo
3674 3817 3773 3872 do-

2195 3922 2314 3968 ceat
2343 3921 2397 3968 et
2441 3910 2736 3983 praecipiat,
2783 3926 2941 3965 nemo
2983 3911 3187 3980 justum
3215 3909 3357 3964 dicat
3383 3922 3506 3965 esse
3554 3910 3777 3965 menda-

2193 4007 2335 4062 cium
2371 4022 2384 4060 :
2424 4005 2491 4060 de
2512 4003 2720 4059 caeteris
2740 4001 3139 4058 mendaciorum
3175 4001 3462 4072 generibus
3489 4001 3661 4073 eligat
3682 4002 3780 4057 sibi

2194 4098 2338 4171 quod
2365 4107 2514 4169 putat
2557 4111 2679 4154 esse
2708 4096 3044 4152 mitissimum
3086 4103 3246 4166 atque
3282 4094 3779 4151 innocentissimum

2195 4191 2698 4262 mentiendigenus,
2749 4191 2835 4247 cui
2880 4192 3054 4262 placet
3076 4204 3196 4247 esse
3241 4189 3640 4245 mentiendum.
3674 4190 3782 4246 Hoc

2196 4286 2328 4353 scio,
2357 4283 2500 4356 quod
2526 4285 2688 4340 etiam
2733 4283 2824 4354 qui
2850 4281 3007 4339 docet
3049 4289 3300 4353 oportere
3325 4281 3564 4349 mentiri,
3599 4296 3780 4338 verum

2195 4379 2390 4435 docere
2412 4393 2474 4435 se
2513 4377 2626 4432 vult
2653 4376 2839 4433 videri.
2868 4375 3001 4431 Nam
3031 4376 3076 4432 si
3102 4375 3295 4432 falsum
3317 4384 3399 4432 est
3426 4375 3574 4446 quod
3600 4376 3780 4442 docet,

2195 4472 2314 4543 quis
2334 4471 2478 4527 falsa:
2503 4470 2632 4526 velit
2669 4469 2884 4525 studere
2911 4469 3188 4538 doctrinae,
3211 4469 3301 4527 ubi
3329 4478 3384 4526 et
3401 4470 3535 4526 fallit
3552 4470 3778 4539 docens,

2193 4575 2249 4622 et
2267 4565 2466 4621 fallitur
2496 4564 2746 4620 discens?
2771 4565 2826 4621 Si
2854 4575 3032 4620 autem
3072 4576 3131 4620 ut
3157 4565 3390 4638 aliquem
3429 4568 3605 4637 possit
3627 4567 3778 4623 inve-

2197 4663 2311 4718 nire
2335 4659 2672 4731 discipulum,
2721 4658 2916 4715 docere
2958 4675 3017 4716 se
3057 4661 3252 4717 asserit
3277 4675 3486 4727 verum,
3515 4676 3645 4716 cum
3672 4662 3773 4716 do-

2194 4762 2316 4809 ceat
2355 4768 2473 4810 esse
2521 4752 2920 4820 mentiendum;
2958 4753 3225 4825 quomodo
3255 4754 3356 4810 erit
3393 4754 3524 4810 ilind
3540 4771 3610 4812 ex
3635 4757 3780 4812 veri-

2195 4857 2303 4905 tate
2329 4847 2679 4916 mendacium,
2709 4847 2914 4905 Joanne
2941 4849 3195 4919 Apostolo
3241 4848 3589 4915 reclamante,
3618 4849 3783 4905 Omne

2195 4940 2512 4995 mendacium
2535 4956 2636 4995 non
2656 4949 2728 4995 est
2740 4955 2805 4995 ea;
2823 4940 3027 4994 veritate
3048 4940 3088 5011 (Ι
3116 4938 3274 4995 Joan.
3297 4956 3357 5007 ιι,
3386 4939 3477 5012 21)
3498 4941 3522 4996 2
3547 4940 3668 4998 Non
3688 4952 3772 4997 est

2193 5047 2321 5104 ergo
2345 5048 2553 5102 verum,
2599 5032 2882 5104 aliquando
2932 5046 3052 5090 esse
3104 5032 3468 5090 mentiendum
3501 5051 3514 5086 :
3544 5033 3776 5105 etquod

2194 5141 2305 5181 non
2336 5133 2638 5192 estverum,
2664 5125 2864 5180 nemini
2892 5135 2974 5180 est
2999 5125 3218 5181 omnino
3244 5123 3600 5181 suadendum.

2263 5218 2490 5275 CAPUT
2528 5218 2670 5274 XIX.
2697 5249 2769 5260 —-—-
2793 5218 2881 5275 58.
2929 5217 2996 5274 Ut
3039 5219 3339 5288 periclitanti
3366 5218 3697 5274 subveniatur
3737 5221 3786 5276 si

2195 5330 2296 5369 non
2337 5311 2750 5368 committendum
2772 5320 3019 5383 stuprum,
3043 5312 3215 5365 itanec
3235 5311 3539 5382 loquendum
3565 5317 3784 5370 mendu-

2194 5407 2346 5460 cium.
2375 5405 2434 5460 Si
2459 5404 2629 5475 aliqua
2651 5404 2799 5459 modo
2825 5403 3180 5475 permittuntur
3223 5405 3504 5472 mendacia,
3551 5418 3782 5462 uteturu-

2195 5498 2316 5552 dum
2333 5513 2396 5551 ne
2415 5513 2569 5567 usque
2589 5496 2657 5550 ad
2684 5497 2910 5568 perjuria
2932 5506 2978 5551 et
2998 5495 3337 5568 blasphemia:
3353 5499 3757 5570 progrediantur

2196 5590 2437 5662 Pejor-are
2459 5599 2507 5644 ct
2529 5589 2873 5662 blaspltentari
2898 5605 3005 5660 qua
3029 5589 3228 5645 ratione
3247 5589 3512 5658 differant.
3540 5591 3648 5648 Sed
3667 5595 3783 5664 agit

2195 5693 2374 5754 partes
2397 5697 2520 5738 suas
2540 5681 2834 5745 inﬁrmitas.
2863 5689 3148 5738 etcansam
3163 5681 3524 5740 invincibilem
3546 5683 3781 5741 faventio

2196 5777 2294 5832 bus
2321 5778 2490 5832 turbis
2513 5792 2574 5833 se
2611 5777 2813 5833 habere
2859 5785 3174 5846 proclamat.
3229 5775 3326 5835 Ubi
3351 5779 3696 5848 contradicit,
3720 5792 3780 5835 et

2196 5871 2324 5932 dicit
2348 5889 2361 5928 ;
2389 5872 2664 5944 Quomoda
2711 5869 2859 5946 apud
2895 5871 3170 5948 homines,
3193 5875 3284 5950 qui
3311 5876 3500 5950 procul
3527 5875 3689 5935 dubio
3731 5877 3784 5936 si
