3930 6368
166 366 259 426 545

168 503 416 560 falluntur,
447 494 779 548 avertuntur
813 499 844 541 a
870 478 1108 557 pernicie
1145 479 1229 538 vel
1278 478 1454 536 aliena
1496 476 1584 534 vel
1612 490 1732 544 sua,

169 585 570 667 periclitantibus
610 579 928 640 subvenitur
962 575 1290 644 hominibus,
1341 573 1515 667 sines
1545 569 1738 626 huma-

166 663 252 741 nus
267 682 328 739 ad
351 675 728 736 mentiendum
766 687 874 728 non
907 670 1127 726 inclinet
1143 666 1402 724 allectus?
1447 663 1506 721 Si
1529 669 1740 734 patien-

165 791 236 835 ter
259 789 340 831 me
376 771 569 828 audiat
604 767 762 825 turba
792 761 1150 827 mortalitatis,
1183 757 1336 816 turba
1384 753 1744 824 inﬁrmitatis,

167 865 482 942 respondebo
528 859 734 932 aliquid
760 872 864 931 pro
909 855 1120 926 negotio
1140 851 1402 909 veritatis.
1428 848 1588 905 Certe
1632 847 1745 918 pia,

175 978 313 1029 vera,
368 967 562 1018 sancta
603 954 824 1012 castitas
877 964 983 1006 non
1014 948 1117 1004 nisi
1160 961 1227 1002 ex
1252 943 1479 1002 veritate
1505 951 1589 998 est
1622 957 1636 996 :
1689 947 1748 997 et

171 1054 391 1129 quisquis
434 1050 701 1107 adversus
728 1060 850 1102 eam
895 1041 1039 1110 facit,
1058 1037 1300 1112 profecto
1320 1036 1581 1093 adversus
1607 1031 1749 1129 veri-

174 1122 314 1203 tatem
340 1143 492 1200 facit.
517 1141 630 1197 Cur
668 1151 799 1208 ergo
820 1143 874 1192 ct
901 1133 947 1188 si
977 1146 1083 1188 non
1125 1129 1294 1202 possit
1337 1127 1493 1184 aliter
1533 1122 1746 1196 pericli-

172 1239 382 1295 tantibus
402 1231 708 1297 subveniri,
733 1243 840 1284 non
866 1225 1142 1282 committo
1157 1231 1423 1292 stuprum,
1453 1216 1594 1288 quod
1618 1214 1742 1271 ideo

173 1340 247 1388 est
267 1326 598 1385 contrarium
617 1320 851 1385 veritati,
877 1318 999 1389 quia
1019 1314 1344 1372 contrarium
1368 1319 1451 1367 est
1470 1306 1702 1364 castitati
1730 1321 1744 1372 ;

177 1429 286 1479 etut
313 1414 749 1491 periclitantibus
775 1409 1139 1473 subveniatur,
1172 1407 1363 1476 loquor
1387 1399 1748 1491 mendacium,

172 1512 299 1586 quod
315 1489 429 1584 ipsi
475 1505 820 1581 apertissime
845 1510 930 1559 est
970 1497 1294 1557 contrarium
1320 1493 1573 1552 veritati?
1613 1489 1751 1586 Quid

173 1580 260 1663 nos
281 1580 491 1661 tantum
517 1580 823 1672 promeruit
843 1595 863 1627 ¹
888 1591 1125 1658 castitas,
1168 1597 1226 1646 et
1250 1586 1480 1644 oll‘endit
1507 1580 1752 1640 veritas?

172 1713 285 1755 cum
297 1695 558 1753 omnisex
579 1689 810 1747 veritate
827 1687 899 1742 sit
915 1685 1152 1750 castitas,
1182 1688 1240 1738 et
1261 1681 1331 1736 sit
1354 1691 1462 1734 non
1487 1674 1750 1747 corporis,

173 1790 261 1847 sed
300 1786 504 1844 mentis
548 1784 770 1844 castitas
805 1779 1022 1843 veritas,
1049 1784 1209 1846 atque
1254 1770 1310 1828 in
1352 1780 1531 1827 mente
1555 1768 1758 1824 habitet

173 1883 324 1937 etiam
350 1877 600 1949 corporis
634 1873 918 1930 castitas'.
953 1869 1251 1932 Postremo,
1313 1862 1456 1935 quod
1506 1869 1562 1918 et
1598 1859 1757 1931 paulo

172 1982 294 2029 ante
311 1970 429 2026 dixi
447 1979 503 2026 et
526 1969 720 2025 iterum
761 1965 908 2027 dico,
949 1959 1189 2033 quisquis
1217 1957 1349 2014 mihi
1397 1970 1494 2028 pro
1536 1967 1760 2025 persua-

177 2064 362 2121 dendo
380 2071 439 2119 et
461 2058 786 2116 defendendo
817 2056 928 2112 ullo
966 2044 1246 2109 mendacio
1267 2047 1606 2114 contradicit,
1632 2043 1759 2118 quid

181 2159 338 2225 dicit,
365 2157 412 2210 si
438 2169 626 2210 verum
638 2167 739 2208 non
775 2149 933 2206 dicit?
959 2147 1017 2202 Si
1046 2154 1222 2204 autem
1249 2151 1532 2216 propterea
1557 2149 1640 2197 est
1667 2155 1763 2194 au-

183 2249 415 2306 diendus
444 2247 692 2318 quoniam
712 2257 888 2298 verum
928 2241 1077 2307 dicit,
1103 2236 1370 2311 quomodo
1400 2250 1485 2292 me
1527 2233 1642 2288 vult
1679 2231 1762 2288 fa-

176 2355 304 2397 cere
332 2353 522 2395 verum
569 2335 788 2392 dicendo
835 2330 1189 2388 mendacem?
1229 2325 1508 2396 Quomodo
1545 2322 1764 2381 menda-

168 2433 307 2489 cium
337 2440 624 2502 patronam
647 2427 747 2484 sibi
786 2423 1005 2481 adhibct
1030 2422 1308 2478 veritatem
1333 2420 1358 2475 ?
1387 2421 1470 2474 An
1515 2416 1766 2473 adversa-

167 2527 246 2584 rio
273 2540 372 2580 suo
418 2523 611 2589 vincit,
636 2529 754 2576 uta
791 2533 851 2574 se
897 2517 1012 2588 ipsa
1054 2515 1298 2570 vincatur
1326 2509 1398 2565 3?
1445 2509 1577 2578 Quis
1627 2508 1765 2564 hanc

167 2615 556 2673 absurditatem
585 2611 768 2669 ferat?
829 2608 985 2665 Nullo
1005 2622 1131 2677 ergo
1151 2605 1312 2661 modo
1341 2602 1649 2667 dixerimus,
1672 2614 1769 2658 eos

165 2709 252 2781 qui
270 2714 530 2765 asserunt
570 2702 862 2776 aliquando
885 2715 1005 2758 esse
1025 2696 1414 2762 mentiendum,
1438 2694 1491 2751 id
1514 2708 1767 2750 asseren-

169 2800 240 2856 do
275 2814 396 2856 esse
437 2810 709 2862 veraces;
759 2809 848 2861 ne,
899 2790 1041 2864 quod
1085 2798 1168 2847 est
1213 2787 1653 2845 absurdissimum
1713 2791 1772 2840 et

174 2890 546 2948 stultissimum
573 2886 823 2953 credere,
867 2883 1063 2940 veritas
1083 2895 1180 2938 nos
1229 2879 1419 2936 doceat
1456 2891 1578 2934 esse
1603 2890 1766 2931 men-

176 2981 358 3037 dares.
385 2979 552 3051 Quale
582 2988 670 3035 est
696 2977 864 3042 enim,
901 2981 959 3030 ut
1007 2987 1128 3030 esse
1173 2968 1582 3027 adulterandum
1610 2980 1770 3023 nemo

178 3073 404 3130 discata
431 3069 706 3137 castitate,
763 3069 931 3124 Deum
976 3062 1354 3121 oll‘cndendum
1408 3075 1569 3117 nemo
1604 3058 1773 3116 discat

179 3181 212 3220 a
234 3167 446 3236 pietate,
467 3164 722 3234 cuiquam
762 3157 1064 3217 nocendum
1089 3171 1249 3212 nemo
1277 3154 1447 3210 discat
1476 3169 1507 3208 a
1531 3151 1773 3222 benigni-

182 3266 313 3323 tate,
331 3264 530 3314 etesse
558 3252 927 3311 mentiendum
953 3250 1220 3307 discamus
1240 3263 1272 3304 a
1299 3246 1564 3303 veritate?
1595 3245 1770 3300 Porro

174 3353 220 3407 si
249 3352 356 3407 hoc
391 3366 502 3406 non
531 3348 693 3405 docet
715 3347 934 3412 veritas,
963 3359 1068 3400 non
1098 3351 1181 3400 est
1218 3356 1407 3398 verum
1441 3357 1455 3394 :
1488 3339 1532 3394 si
1559 3353 1667 3394 non
1689 3343 1776 3393 est

171 3457 364 3500 verum
388 3484 407 3510 ,
448 3456 559 3497 non
588 3447 673 3496 est
691 3437 1002 3495 discendum
1033 3453 1047 3489 :
1091 3434 1138 3491 si
1183 3449 1290 3490 non
1318 3440 1403 3490 est
1440 3429 1772 3510 discendum,

183 3551 461 3608 nunquam
487 3545 570 3593 est
597 3534 759 3607 igitur
780 3529 1170 3588 mentiendum.
1675 3590 1686 3603 ί

261 3628 355 3685 39.
386 3627 490 3685 Sed
533 3631 865 3700 perfectorum
891 3633 990 3692 est,
1020 3623 1094 3678 ait
1146 3620 1358 3690 aliquis,
1401 3617 1595 3674 solidus
1639 3616 1777 3672 cibus

182 3721 210 3793 ζ
238 3719 406 3776 Hebr.
433 3735 489 3786 v,
521 3717 652 3791 14).
675 3717 840 3773 Multa
869 3715 1011 3772 enim
1037 3711 1332 3770 secundum
1375 3709 1584 3780 veniam
1631 3707 1777 3763 rela-

180 3819 384 3867 xantur
410 3809 725 3877 inﬁrmitati,
753 3805 994 3879 quamvis
1019 3802 1396 3860 sincerissima:
1444 3812 1778 3870 nequaquam

182 3901 683 3974 placcant‘veritati.
709 3900 863 3956 Dicat
897 3898 1000 3954 hoc
1016 3895 1257 3968 quisquis
1289 3910 1396 3950 non
1441 3892 1632 3948 metuit
1659 3905 1780 3961 qua:

190 3997 570 4068 consequentia
598 3993 883 4052 metuenda
910 3999 1060 4058 sunt,
1111 3989 1155 4044 si
1183 3987 1380 4044 fuerint
1415 3985 1594 4057 aliquo
1621 3983 1782 4039 modo

201 4088 371 4160 aliqua
431 4089 698 4160 permissa
748 4083 1045 4141 mendacia.
1099 4079 1258 4136 Nullo
1295 4077 1456 4134 modo
1503 4085 1680 4131 tamen
1725 4074 1781 4128 in

194 4190 396 4238 tantum
420 4189 546 4238 sunt
568 4177 922 4252 permittenda
950 4171 1336 4235 conscendere,
1360 4178 1419 4226 ut
1447 4168 1514 4224 ad
1551 4166 1781 4240 periuria

189 4275 660 4347 blasphemiasque
720 4270 1030 4344 perveniant
1068 4285 1083 4323 :
1130 4280 1230 4323 nec
1273 4264 1505 4334 aliquam
1567 4275 1781 4316 causam

186 4382 416 4438 prorsus
442 4373 658 4438 oportet
675 4362 913 4429 obtendi,
935 4375 1032 4417 cur
1052 4357 1243 4415 debeat
1268 4353 1514 4427 peierari,
1537 4351 1621 4408 vel
1641 4349 1783 4422 quod

190 4467 275 4515 est
314 4457 722 4525 cxsecrabilius,
749 4468 845 4511 cur
869 4453 1014 4510 Deus
1039 4449 1232 4507 debeat
1256 4443 1636 4516 blaspliemari.
1664 4440 1780 4496 Non

191 4553 336 4608 enim
375 4553 498 4624 quia
519 4566 616 4622 per
656 4547 992 4605 mendacium
1019 4542 1420 4614 blasphematur
1443 4537 1487 4607 ’⁸,
1517 4537 1637 4593 ideo
1666 4550 1772 4591 non

193 4645 622 4716 blasphematur.
669 4643 856 4698 Potest
899 4639 1096 4711 quippe
1139 4637 1242 4692 hoc
1285 4632 1447 4690 modo
1484 4631 1590 4687 dici
1615 4671 1632 4697 ,
1674 4644 1782 4684 non

194 4741 449 4810 peierati,
477 4739 601 4811 quia
629 4752 726 4808 per
777 4731 1115 4791 mendacium
1143 4729 1436 4801 peieratur.
1470 4723 1604 4794 Quis
1644 4722 1787 4778 enim

195 4845 290 4902 per
316 4833 602 4890 veritatem
653 4828 823 4900 possit
852 4841 972 4883 esse
1025 4820 1306 4895 periurus?
1334 4818 1424 4880 Sic
1464 4816 1625 4873 etiam
1651 4815 1672 4848 ⁸
1695 4829 1790 4885 per

192 4924 482 4980 veritatem
507 4921 685 4979 nullus
731 4926 910 4990 potest
960 4929 1081 4973 esse
1124 4911 1492 4984 blasphemus.
1523 4907 1662 4964 Sane
1689 4905 1792 4962 mi-

193 5013 303 5068 tius
335 5013 532 5071 falsum
575 5012 740 5084 iurat,
767 5009 858 5082 qui
910 5006 1100 5063 falsum
1134 5005 1305 5062 nescit
1349 5015 1490 5077 esse,
1524 5007 1580 5055 et
1601 5011 1790 5054 verum

193 5117 355 5176 putat
377 5122 500 5164 esse
537 5105 677 5178 quod
713 5103 899 5175 iurat:
939 5101 1080 5156 sicut
1123 5107 1180 5156 et
1206 5095 1399 5154 Saulus
1437 5091 1792 5151 excusabilius

192 5199 610 5272 Haspbemavit,
630 5198 751 5270 quia
777 5196 1026 5268 ignorans
1047 5191 1173 5248 fecit
1199 5190 1217 5264 (
1241 5189 1259 5244 l
1283 5189 1416 5244 Tim.
1435 5202 1477 5253 ι,
1510 5186 1579 5242 15
1597 5183 1638 5258 ).
1667 5181 1796 5239 ideo

190 5303 384 5351 autem
419 5293 574 5365 peius
622 5300 705 5348 est
745 5288 1117 5360 blasphemare
1145 5299 1303 5355 quam
1348 5281 1611 5353 peierare,
1661 5290 1794 5348 quo-

260 5431 282 5463 ι
318 5429 474 5482 aditi:
495 5425 620 5492 Quid
636 5423 768 5492 apud
789 5434 876 5476 nos
894 5425 1080 5475 tantum
1106 5415 1413 5485 promeruit?
1436 5417 1598 5478 Abest,
1641 5413 1792 5483 apud,

191 5501 225 5545 .
411 5559 523 5605 las.
549 5559 607 5606 At
625 5550 764 5611 editi,
802 5545 976 5611 mentis
1012 5543 1224 5611 certans,
1257 5540 1526 5609 veritasque
1557 5541 1610 5595 in
1638 5545 1795 5595 mente

198 5614 402 5676 litim.
425 5616 553 5680 sicut
741 5608 1180 5680 WPOTiScaStittp.
1274 5666 1286 5678 .

266 5680 292 5712 ³
323 5673 431 5730 sola
452 5679 564 5730 fere
587 5677 738 5727 editio
758 5673 892 5733 Lota,
915 5677 1022 5722 uta
1041 5684 1093 5735 se
1116 5673 1220 5735 ipso
1237 5673 1471 5735 vincatur.

265 5741 294 5774 ⁸
323 5749 430 5792 Am.
455 5748 510 5792 et
535 5747 669 5798 tam,
693 5735 808 5801 quia
829 5731 918 5799 per
951 5731 1271 5801 metutacitttn
1289 5744 1383 5801 non
1421 5731 1796 5801 blasphematur.

199 5805 357 5858 Abest
376 5807 473 5856 hoc
493 5804 619 5863 loco,
640 5795 755 5858 non,
777 5811 808 5849 a
830 5795 941 5863 μεθ.
967 5803 1023 5849 et
1040 5798 1103 5849 ab
1123 5802 1221 5858 Er.,
1242 5795 1492 5859 debetque
1509 5795 1702 5848 abesse.

263 5870 289 5914 ο
319 5875 391 5923 tta
410 5875 523 5920 use.
552 5860 612 5919 At
631 5864 774 5927 editi,
795 5860 841 5915 si
859 5861 1019 5915 etimit.

1570 332 1774 402 LIBER
1810 331 2009 398 UNUS.

3316 348 3426 410 5‘6

1847 475 1991 532 niam
2010 474 2296 546 pejerando
2324 477 2468 535 falsae
2509 480 2588 538 rei
2613 479 2892 540 adhibetur
2911 482 3064 542 testis
3111 483 3272 554 Deus,
3302 485 3419 544 bla-

1850 567 2176 639 Sphemando
2205 578 2380 668 autem
2421 571 2486 668 de
2510 571 2626 644 ipso
2647 571 2781 630 falsa
2807 574 3053 633 dicuntur
3078 577 3210 634 Deo.
3245 579 3421 636 Tanto
3487 598 3512 668 ι

1849 667 1932 716 est
1950 667 2124 716 autem
2167 662 2390 734 quisque
2419 663 2824 722 inexcusabilior
2846 668 2864 700 ¹
2892 668 3004 726 sive
3030 670 3277 742 periurus
3305 671 3422 728 sive
3487 662 3501 736 ξ

1848 750 2207 824 blasphemus,
2238 764 2437 827 quanto
2457 758 2623 830 magis
2638 774 2700 814 ea
2721 775 2839 830 quae
2865 761 3151 832 peierando
3181 763 3264 818 vel
3308 763 3427 818 bla-
3492 754 3497 811 Ῐ

1851 843 2178 915 Spbemando
2197 859 2458 915 asserunt,
2475 849 2602 905 falsa
2619 861 2882 907 noverunt
2899 868 3020 910 esse
3039 855 3119 910 vel
3139 855 3430 911 credunt’.
3490 833 3496 843 ⁸

1851 935 2102 1007 Quisquis
2131 938 2304 1010 itaque
2332 939 2462 997 dicit
2495 957 2591 1011 pro
2615 943 2965 1013 periclitantis
2993 943 3224 1000 hominis
3247 947 3425 1004 salute

1852 1032 2132 1102 temporali
2155 1033 2242 1088 vel
2267 1033 2374 1090 vita
2411 1049 2530 1091 esse
2581 1036 2970 1103 mentiendum,
3024 1038 3182 1092 nimis
3209 1039 3324 1110 ipse
3365 1039 3433 1096 ab

1855 1118 2044 1178 itinere
2071 1123 2332 1178 exorbitat
2368 1132 2584 1181 aeternae
2604 1126 2790 1183 salutis
2815 1135 2874 1183 et
2907 1128 3050 1198 vitae,
3075 1128 3122 1185 si
3145 1129 3274 1184 dicit
3297 1129 3349 1184 in
3371 1143 3436 1186 ea

1854 1226 2014 1267 causa
2061 1214 2220 1270 etiam
2246 1215 2530 1286 iurandum
2576 1233 2673 1289 per
2701 1218 2894 1290 Deum,
2943 1221 3030 1278 vel
3075 1221 3237 1277 etiam
3289 1221 3435 1278 blas-

1857 1300 2209 1380 phemandu‘m
2254 1306 2441 1361 Deum.
3391 1341 3396 1348 -

1926 1393 2153 1452 CAPUT
2191 1396 2309 1452 XX.
2330 1428 2402 1439 —
2424 1399 2515 1456 40.
2559 1401 2638 1457 Αη
2662 1404 2837 1460 saltent
2863 1421 2956 1476 pro
3001 1413 3188 1462 (eterna
3217 1406 3435 1464 hominis

1857 1487 2019 1543 salute
2065 1490 2421 1546 mentiendum.
2473 1491 2541 1548 In
2581 1495 2758 1551 salutis
2806 1506 3008 1554 aeterna:
3033 1499 3276 1571 periculo,
3305 1500 3434 1554 sicut

1859 1595 1961 1636 non
2006 1581 2147 1636 debet
2204 1585 2396 1639 homini
2435 1586 2692 1642 subveniri
2717 1605 2806 1659 per
2832 1598 3086 1662 stuprum,
3137 1593 3210 1647 ita
3235 1610 3325 1648 nec
3355 1609 3445 1662 per

1859 1675 2194 1743 mendacium,
2249 1677 2386 1748 quod
2429 1694 2541 1735 uere
2575 1690 2831 1751 peccatum
2859 1692 2952 1739 est.
3007 1684 3112 1740 Sed
3160 1685 3444 1756 aliquando

1860 1763 2015 1821 nobis
2042 1765 2210 1837 ipsius
2234 1782 2447 1839 quoque
2488 1771 2676 1828 salutis
2698 1780 2916 1830 aeternae
2940 1774 3232 1845 periculum
3278 1789 3449 1846 opp0¢

1861 1855 2022 1925 nitur,
2055 1856 2198 1928 quod
2242 1868 2427 1916 nostro
2474 1861 2772 1928 mendacio,
2824 1864 2868 1919 si
2916 1864 3070 1920 aliter
3109 1879 3215 1921 non
3247 1876 3448 1936 potest.

1862 1949 2234 2020 depellendum
2282 1967 2402 2009 esse
2439 1955 2696 2010 clamatur
2723 1972 2736 2010 :
2760 1956 2908 2012 velut
2949 1957 2995 2013 si
3036 1958 3315 2028 quisquam
3355 1959 3448 2013 ba-

1864 2039 2143 2109 ptizandus
2162 2042 2217 2096 in
2243 2050 2505 2112 potestate
2531 2044 2601 2099 sit
2633 2044 2916 2115 impiorum
2965 2055 3125 2116 atque
3153 2046 3446 2102 inﬁdelium

1864 2131 2202 2199 constitutus,
2233 2133 2299 2188 ad
2326 2149 2482 2204 quem
2513 2136 2776 2205 perveniri
2803 2152 2908 2192 non
2940 2139 3108 2207 possit
3150 2148 3209 2194 ut
3238 2139 3450 2195 lavacro

1867 2225 2282 2296 regenerationis
2307 2227 2570 2294 abluatur,
2603 2228 2704 2284 nisi
2733 2228 2969 2301 deceptis
3012 2231 3319 2287 mentiendo
3353 2247 3452 2288 cu-

1868 2315 2129 2372 stodibus.
2161 2317 2245 2371 Ab
2272 2316 2376 2372 hoc
2399 2317 2814 2375 invidiosissime
2838 2319 2858 2351 ³
2883 2320 3140 2388 clamore,
3169 2337 3272 2390 quo
3298 2324 3448 2393 cogi-

1870 2422 1989 2462 mur
2015 2423 2120 2463 non
2150 2423 2248 2478 pro
2272 2409 2586 2479 cujusquam
2617 2410 2808 2480 opibus
2841 2411 2929 2467 vel
2955 2411 3244 2469 honoribus
3273 2414 3325 2469 in
3349 2414 3451 2471 hoc

1870 2501 2068 2557 saeculo
2091 2503 2590 2571 transcurrentibus,
2615 2518 2720 2558 non
2758 2518 2857 2574 pro
2886 2505 2999 2576 ipsa
3027 2507 3184 2576 huius
3232 2516 3448 2577 tempo-

1873 2593 1948 2648 ris
1968 2594 2094 2660 vita,
2122 2593 2216 2650 sed
2241 2610 2334 2664 pro
2361 2603 2559 2651 :cterna
2589 2595 2822 2652 hominis
2847 2597 3018 2654 salute
3066 2600 3301 2667 mentiri,
3334 2617 3440 2671 quo

1871 2684 2192 2756 confugiam,
2222 2685 2320 2740 nisi
2348 2686 2414 2742 ad
2440 2697 2510 2755 te,
2541 2686 2792 2744 Veritas?
2818 2689 2885 2744 Et
2910 2689 3039 2744 mihi
3061 2690 3158 2747 abs
3181 2699 3232 2746 te
3255 2706 3452 2761 propo-

1874 2777 2016 2832 nitur
2055 2779 2290 2834 castitas.
2341 2780 2448 2837 Cur
2473 2780 2614 2836 enim
2645 2781 2690 2837 si
2743 2781 2991 2838 custodes
3033 2783 3147 2850 isti,
3172 2794 3228 2840 ut
3257 2801 3356 2841 nos
3385 2786 3453 2840 ad

1874 2870 2246 2944 baptizandum
2263 2872 2529 2929 hominem
2547 2873 2847 2943 admittant,
2867 2876 3190 2946 stuproillici
3213 2887 3456 2948 possunt,

1876 2981 1981 3022 non
2012 2966 2232 3022 facimus
2261 2967 2526 3021 contraria
2555 2968 2806 3034 castitati,
2829 2975 2884 3024 et
2903 2968 2949 3023 si
2975 2968 3258 3025 mendacio
3278 2969 3454 3040 decipi

1875 3067 2117 3131 possunt,
2136 3058 2358 3114 facimus
2377 3060 2644 3115 contraria
2663 3060 2918 3116 veritati?
2940 3074 3063 3116 cum
3085 3063 3270 3133 procul
3296 3062 3463 3118 dubio

1877 3153 2010 3206 nulli
2037 3161 2178 3210 esset
2198 3150 2424 3208 ﬁdeliter
2448 3153 2692 3208 amabilis
2716 3154 2958 3219 castitas,
2986 3156 3031 3209 si
3058 3169 3163 3210 non
3179 3171 3296 3212 eam
3320 3171 3461 3227 pra:-

1877 3246 2080 3316 ciperet
2105 3246 2321 3302 veritas.
2346 3244 2580 3301 Proinde
2622 3255 2681 3300 ut
2726 3247 3070 3315 perveniatur
3097 3247 3162 3302 ad
3192 3249 3463 3304 hominem

1877 3337 2274 3409 baptizandum,
2326 3337 2576 3392 fallantur
2624 3337 2939 3394 mentiendo
2977 3338 3250 3408 custodes,
3282 3339 3328 3394 si
3354 3338 3463 3395 hoc

1875 3429 2026 3501 jubet
2051 3429 2268 3484 veritas.
2316 3428 2422 3484 Sed
2453 3427 2721 3499 quomodo
2769 3429 2954 3500 iubeat
2980 3429 3198 3498 veritas,
3221 3440 3279 3485 ut
3304 3432 3467 3488 homo

1878 3521 2194 3592 baptizctur,
2237 3533 2354 3576 esse
2393 3520 2776 3587 mentiendum,
2817 3517 3004 3576 si'non
3029 3520 3182 3592 jubet
3223 3525 3464 3592 castitas,

1881 3622 1940 3668 ut
1969 3613 2128 3668 homo
2170 3613 2483 3683 baptizctur,
2518 3628 2638 3669 esse
2676 3611 3051 3669 mmebandum
3079 3613 3102 3668 ?
3135 3614 3243 3669 Cur
3279 3624 3459 3673 autem

1883 3703 1987 3761 hoc
2011 3721 2117 3760 non
2139 3705 2292 3774 jubet
2317 3705 2552 3771 castitas,
2586 3705 2686 3761 nisi
2709 3706 2832 3776 quia
2859 3705 2961 3761 hoc
2987 3722 3092 3762 non
3117 3706 3275 3763 docet
3315 3709 3466 3763 veri-

1885 3801 2007 3856 tas?
2046 3800 2101 3856 Si
2127 3815 2275 3870 ergo,
2307 3799 2411 3854 nisi
2426 3797 2567 3870 quod
2598 3798 2794 3854 veritas
2815 3798 2992 3867 docet,
3039 3798 3214 3856 facere
3235 3815 3340 3855 non
3367 3799 3466 3856 de-

1885 3891 2106 3958 bemus;
2148 3907 2269 3948 cum
2316 3892 2513 3949 veritas
2559 3890 2750 3948 doceat
2793 3907 2894 3947 nec
2931 3901 3148 3962 propter
3197 3890 3470 3949 hominem

1884 3984 2258 4056 baptizandum
2313 3983 2487 4040 facere
2516 3984 2660 4055 quod
2709 3984 3035 4040 contrarium
3094 3993 3178 4041 cst
3216 3986 3470 4052 castitati,

1887 4076 2152 4146 quomodo
2181 4089 2279 4132 nos
2304 4075 2517 4132 docebit
2535 4076 2711 4131 facere
2733 4084 2948 4146 propter
2973 4075 3350 4146 baptizandum
3375 4076 3471 4132 ho-

1887 4171 2084 4225 minem
2111 4168 2251 4240 quod
2279 4168 2379 4238 ipsi
2421 4175 2504 4224 est
2527 4168 2854 4223 contrarium
2898 4168 3108 4223 veritati
3137 4168 3162 4223 ?
3187 4167 3292 4226 Sed
3330 4169 3471 4226 sicut

1887 4254 2025 4310 oculi
2046 4253 2111 4308 ad
2139 4251 2451 4308 intuendum
2467 4251 2633 4307 solem
2658 4265 2841 4322 parum
2862 4250 3022 4320 ﬁrmi,
3044 4267 3107 4307 ea
3141 4259 3316 4308 tamen
3344 4267 3467 4324 quas

1889 4361 1919 4401 a
1967 4345 2080 4401 sole
2128 4340 2499 4409 illustrantur,
2552 4343 2782 4398 libenter
2825 4343 3130 4407 intuentur;
3161 4343 3238 4398 sic
3275 4343 3472 4399 animm

1886 4438 1994 4508 iam
2021 4436 2259 4492 valentes
2292 4434 2552 4491 delectari
2607 4433 3001 4505 pulchritudine
3045 4433 3329 4500 castitatis,
3355 4447 3469 4490 non

1893 4537 2069 4585 tamen
2096 4527 2349 4584 continuo
2394 4542 2491 4598 per
2520 4541 2580 4583 se
2607 4527 2776 4597 ipsam
2807 4525 3146 4582 considerare
3193 4525 3478 4581 veritatem

1892 4622 2033 4678 unde
2054 4621 2195 4676 lucet
2220 4619 2434 4675 castitas
2475 4625 2718 4688 possunt,
2742 4626 2802 4672 ut
2827 4632 2947 4673 cum
2973 4625 3190 4672 ventum
3217 4615 3377 4673 fuerit
3402 4615 3474 4673 ad

1893 4712 2089 4784 aliquid
2109 4711 2410 4768 faciendum
2436 4709 2578 4782 quod
2608 4710 2893 4766 adversum
2923 4717 3005 4765 est
3027 4708 3259 4777 veritati,
3279 4708 3350 4764 ita
3379 4723 3473 4764 re-

1895 4805 2096 4878 fugiant
2143 4814 2198 4863 et
2242 4804 2588 4870 exhorreant,
2630 4800 3078 4874 quemadmodum
3119 4801 3389 4874 refugiunt
3424 4810 3482 4860 et

1895 4899 2203 4966 exhorreut,
2249 4899 2292 4954 si
2349 4896 2652 4954 faciendum
2705 4896 2902 4968 aliquid
2936 4902 3267 4968 proponatur
3324 4895 3476 4967 quod

1897 4991 2179 5049 adversum
2210 5000 2292 5047 est
2312 4992 2562 5048 castitati.
2587 4989 2680 5048 llle
2720 5000 2898 5047 autem
2939 4990 3081 5047 ﬁlius
3121 4989 3213 5062 qui
3257 4990 3482 5046 verbum

1897 5087 2244 5156 suscipiensa
2281 5084 2581 5156 perditione
2606 5084 2760 5154 longe
2797 5084 2988 5152 aberit,
3024 5090 3078 5139 et
3100 5083 3230 5138 nihil
3269 5082 3386 5137 falsi
3415 5097 3484 5139 ex

1899 5178 2013 5249 eius
2040 5174 2422 5248 orcprocedit(
2449 5173 2606 5230 Prov.
2634 5191 2792 5240 χιιι,
2810 5175 2880 5229 27
2908 5172 2952 5248 ),
2982 5182 3089 5229 tam
3110 5174 3209 5230 sibi
3239 5174 3483 5228 clausum

1901 5270 2136 5342 deputat,
2165 5269 2210 5324 si
2237 5268 2303 5325 ad
2333 5267 2755 5325 subveniendum
2776 5267 2976 5324 homini
3000 5283 3100 5339 per
3123 5266 3480 5334 mendacium,

1901 5378 2057 5435 quam
2088 5362 2132 5419 si
2154 5377 2250 5433 per
2273 5370 2514 5434 stuprum
2546 5362 2770 5418 transire
2785 5369 3022 5433 cogatur.
3050 5359 3117 5416 Et
3147 5360 3303 5416 Pater
3325 5375 3488 5416 exau-

1901 5455 1980 5511 dit
2007 5462 2280 5521 orantem,
2311 5462 2370 5510 ut
2392 5454 2569 5511 valeat
2609 5455 2725 5511 sine
2763 5453 3041 5511 mendacio
3079 5450 3489 5518 subvenirc,cui

1902 5547 2013 5604 vult
2029 5547 2185 5604 Pater
2206 5547 2340 5621 ipse,
2365 5547 2516 5620 cuius
2536 5547 2892 5606 inscrutabilia
2916 5544 3269 5616 suntiudicia,
3292 5543 3489 5600 subve-

1967 5665 1983 5697 ι
2021 5672 2122 5714 am.
2144 5666 2297 5725 Er._et
2318 5668 2522 5725 quatuor
2544 5659 2890 5725 Mss.,_quisquc
2911 5653 3302 5725 inexcusabilius.

1967 5729 1989 5784 ’ξ
2021 5733 2122 5775 Duo
2143 5715 2592 5785 codices'vaticani,
2616 5715 2688 5773 ret
2707 5715 3096 5785 'btaéphenmndo
3129 5717 3319 5782 asserit,
3359 5715 3488 5783 falsa

1906 5783 2085 5842 nouerit
2107 5798 2208 5836 esse
2231 5783 2305 5836 vel
2327 5785 2500 5835 credit.

1974 5856 1993 5888 δ
2027 5858 2074 5900 1n
2095 5848 2199 5901 sola
2222 5847 2437 5899 editione
2462 5855 2591 5914 t.ov.,
2621 5845 3005 5905 insidiosisdmo.
