3930 6368
184 531 389 605 Amnon
417 531 740 598 praetentum
783 515 852 576 de
895 522 1044 588 opere
1080 504 1340 585 spirituali
1364 511 1528 580 accipi
1567 507 1756 565 volunt.

160 599 483 685 'Arbitrautur
509 633 568 673 se
595 633 702 671 non
728 621 994 686 operantes
1031 607 1230 663 obedire
1258 603 1499 675 Apostolo
1520 610 1564 656 et
1586 599 1762 656 Evan-

178 721 310 793 gelia.
331 711 573 771 Jussioni
598 717 727 776 tuae,
756 711 941 762 sancte
983 701 1150 757 frater
1183 697 1383 764 Aureli,
1425 705 1570 751 tanto
1598 693 1762 750 devo-

179 789 271 870 tius
293 811 668 878 obtemperare
688 817 777 859 me
799 801 1052 874 oportuit,
1077 803 1274 867 quanto
1295 793 1462 864 magis
1486 791 1615 847 mihi
1642 789 1760 861 quis

161 921 247 965 ex
290 917 336 959 te
372 900 623 974 jusserit,
671 895 878 958 claruit.
928 889 1186 947 Dominus
1225 886 1366 944 enim
1398 893 1578 940 noster
1605 883 1762 939 Jesus

181 997 403 1056 Christus
432 991 687 1047 habitans
713 989 768 1043 in
795 983 1034 1041 interiori
1062 991 1150 1037 tuo
1176 981 1218 1045 ³,
1260 979 1460 1048 tibique
1498 975 1760 1032 sollicitu-

183 1091 338 1147 dinem
369 1094 614 1158 patcrnaa
638 1092 690 1137 et
709 1080 958 1135 fraterna:
979 1073 1250 1131 charitatis
1272 1071 1557 1142 inspirans,
1581 1076 1761 1123 utrum

179 1182 288 1238 filiis
315 1187 366 1234 et
404 1175 666 1232 fratribus
695 1171 897 1227 nostris
939 1165 1212 1222 monachis
1236 1208 1250 1233 ,
1283 1164 1374 1234 qui
1404 1162 1560 1218 beato
1597 1159 1760 1216 Paulo

179 1271 403 1344 apostolo
432 1266 657 1324 obedire
682 1263 955 1335 negligant
998 1257 1213 1325 dicenti,
1249 1255 1352 1322 Qui
1378 1272 1479 1310 non
1502 1252 1608 1308 vult
1634 1267 1758 1322 ope-

181 1342 292 1429 rari,
321 1379 419 1416 non
447 1359 720 1412 manducet
750 1353 817 1428 (ll
847 1351 1022 1407 Thess.
1054 1366 1131 1415 ιιι,
1156 1347 1265 1417 10),
1311 1343 1663 1416 permittenda
1693 1342 1763 1396 sit

181 1456 269 1513 ista
293 1452 532 1518 licentia,
562 1448 890 1504 voluntatem
931 1457 993 1497 ac
1039 1441 1270 1513 linguam
1310 1445 1452 1492 tuam
1485 1448 1762 1492 assumens

178 1545 227 1602 in
266 1560 397 1616 opus
447 1556 607 1598 suum
631 1579 646 1606 ,
680 1533 962 1609 imperavit
991 1531 1118 1588 mihi
1147 1547 1212 1586 ex
1245 1540 1295 1586 te
1314 1573 1328 1598 ,
1373 1537 1434 1585 ut
1461 1527 1586 1584 hinc
1613 1525 1680 1582 ad
1711 1533 1762 1581 te

182 1635 369 1707 aliquid
398 1634 718 1690 scriberem.
752 1627 907 1684 Adsit
932 1627 1106 1696 itaque
1134 1624 1244 1694 ipse
1274 1621 1434 1678 etiam
1465 1620 1614 1686 mihi,
1655 1632 1762 1690 quo

178 1720 240 1785 it'a
269 1741 506 1798 paream,
540 1732 599 1778 ut
622 1723 672 1777 ei
702 1735 790 1776 me
819 1732 1007 1790 parere
1032 1731 1098 1772 ex
1124 1715 1239 1786 ejus
1264 1728 1485 1770 munere
1514 1712 1627 1783 ipsa
1654 1710 1759 1766 uti-

179 1820 317 1877 litate
345 1815 604 1873 fructuosi
637 1812 836 1868 laboris
867 1810 1174 1880 intelligam.

242 1915 297 1968 2.
341 1912 585 1969 Primum
624 1922 750 1978 ergo
777 1903 1064 1960 videndum
1103 1900 1229 1973 quid
1258 1899 1433 1956 dicant
1465 1898 1606 1952 illius
1639 1910 1764 1969 pro-

179 2004 435 2061 fessionis
460 2000 702 2056 homines
728 1996 819 2068 qui
850 1994 1060 2066 operari
1086 1993 1274 2048 nolunt
1306 2009 1318 2045 :
1351 1989 1564 2057 deinde,
1597 1989 1642 2044 si
1668 2003 1762 2046 eos

185 2111 301 2153 non
329 2103 480 2150 recte
503 2089 697 2147 sentire
730 2087 1086 2143 invenerimus
1111 2125 1125 2151 ,
1157 2083 1223 2139 ad
1253 2097 1437 2139 eorum
1467 2080 1761 2136 correctio-

184 2205 316 2247 nem
357 2186 486 2259 quid
517 2183 806 2242 dicendum.
834 2180 971 2247 Non,
1021 2178 1297 2249 inquiunt,
1343 2175 1409 2231 de
1454 2174 1557 2230 hoc
1603 2189 1764 2245 opere

182 2280 473 2352 corporali,
508 2278 563 2332 in
592 2290 693 2346 quo
725 2273 804 2330 vel
830 2270 1082 2344 agricolae
1109 2269 1194 2324 vel
1236 2267 1453 2338 opiﬁces
1497 2265 1760 2333 laborant,

169 2378 428 2449 prxcepit
457 2368 749 2440 Apostolus
772 2409 787 2433 ,
816 2381 937 2423 cum
965 2363 1200 2428 diceret,
1242 2361 1340 2426 Qui
1381 2377 1479 2414 non
1508 2360 1612 2414 vult
1641 2376 1762 2429 ope-

166 2471 290 2536 rari,
314 2485 418 2522 non
447 2464 741 2519 manducet.
769 2460 951 2532 Neque
972 2457 1111 2514 enim
1131 2455 1422 2526 Evangelio
1441 2462 1624 2526 posset
1643 2467 1764 2529 esse

166 2561 493 2626 contrarius,
523 2558 618 2612 ubi
655 2556 727 2610 ait
753 2553 868 2625 ipse
899 2551 1155 2607 Dominus
1180 2567 1193 2603 :
1227 2547 1353 2601 Ideo
1381 2544 1494 2599 dico
1520 2543 1676 2609 vobis,
1703 2559 1766 2598 ne

166 2657 367 2714 solliciti
391 2653 507 2709 sitis
538 2649 727 2705 animm
754 2656 929 2702 vestrm
956 2643 1076 2716 quid
1106 2639 1435 2704 manducetis,
1466 2654 1624 2709 neque
1648 2653 1764 2690 cor-

166 2750 274 2824 pori
301 2728 466 2802 vestro
497 2742 625 2812 quid
647 2737 948 2794 induamini.
978 2733 1161 2789 Nonne
1185 2732 1355 2786 anima
1381 2731 1493 2802 plus
1519 2737 1590 2783 est
1613 2745 1766 2798 quam

170 2819 282 2898 esca
305 2882 322 2909 ,
345 2849 393 2894 et
417 2851 610 2908 corpus
637 2847 792 2903 quam
817 2825 1198 2883 vestimentum?
1234 2822 1518 2893 Couspicite
1543 2819 1766 2874 volatilia

173 2935 306 3000 ctrli,
337 2931 570 3003 quoniam
595 2944 702 2983 non
723 2932 916 2990 serunt,
944 2937 1098 2992 neque
1124 2925 1334 2985 metunt,
1364 2931 1522 2986 neque
1552 2930 1763 2986 congre-

149 3082 152 3084 γ
173 3037 300 3101 gant
321 3025 370 3080 in
395 3025 607 3088 horrea;
631 3029 680 3074 et
704 3015 862 3072 Pater
884 3022 1041 3069 vester
1065 3009 1272 3065 caelestis
1295 3007 1456 3080 pascit
1482 3005 1592 3060 illa.
1621 3003 1671 3058 Ν
1676 3021 1768 3059 on-

175 3140 243 3178 ne
274 3139 358 3176 eos
385 3119 539 3191 magis
577 3113 748 3188 pluris
788 3109 905 3166 estis
935 3105 1074 3162 illis?
1105 3103 1231 3170 Quis
1255 3109 1421 3156 autem
1450 3107 1664 3154 vestrum
1685 3113 1770 3152 co-

176 3219 347 3290 gitans
373 3221 530 3286 potest
552 3210 777 3280 adjicere
799 3202 866 3258 ad
884 3212 1127 3258 staturam
1152 3213 1296 3253 suam
1327 3194 1547 3249 cubitum
1574 3192 1768 3247 unum?

175 3284 244 3363 ὶιί
279 3307 342 3360 de
375 3284 680 3358 (vestimento
709 3295 830 3369 quid
854 3292 1056 3350 solliciti
1086 3289 1242 3345 estis?
1291 3285 1617 3343 Considerate
1660 3284 1769 3338 lilia

172 3400 303 3470 agri,
334 3393 590 3467 quomodo
615 3396 884 3445 crescunt:
907 3401 1006 3440 non
1030 3382 1278 3448 laborant,
1298 3395 1456 3451 neque
1480 3383 1634 3443 nent;
1656 3374 1770 3430 dico

173 3467 345 3543 autem
375 3485 535 3550 robis,
566 3480 806 3554 quoniam
844 3493 933 3532 nec
974 3474 1222 3531 Salomon
1247 3471 1300 3525 in
1329 3469 1466 3524 omni
1489 3467 1650 3540 gloria
1675 3482 1772 3523 sua

181 3588 450 3648 conpertus
479 3586 550 3630 est
569 3574 698 3629 sicut
728 3586 883 3624 unum
908 3584 969 3622 ea:
994 3566 1125 3621 istis.
1151 3563 1212 3620 Si
1239 3569 1407 3617 autem
1439 3560 1604 3630 fenum
1629 3559 1763 3632 agri,

178 3671 325 3744 quod
365 3669 516 3724 hodie
541 3677 606 3721 est
633 3676 677 3721 et
709 3680 821 3720 cras
866 3662 920 3716 in
956 3659 1206 3715 clibanum
1233 3655 1465 3721 mittitur,
1513 3653 1652 3707 Deus
1699 3652 1772 3708 sic

175 3766 325 3822 vestit
343 3780 368 3830 ;
389 3771 578 3836 quanto
602 3759 763 3831 magis
791 3773 878 3812 vos
904 3753 1114 3809 modica:
1140 3750 1299 3823 ﬁdei?
1326 3748 1503 3804 Nolite
1528 3764 1643 3819 ergo
1670 3745 1773 3802 sol-

180 3865 306 3919 liciti
332 3878 461 3928 esse,
491 3860 730 3925 dicentes,
761 3854 896 3922 Quid
922 3846 1353 3909 manducabimus,
1379 3853 1466 3899 aut
1492 3843 1612 3917 quid
1641 3840 1774 3896 bibe-

182 3973 316 4020 mus,
341 3965 429 4008 aut
453 3970 553 4023 quo
584 3947 904 4022 aperientur?
929 3946 1036 4000 hwc
1066 3943 1197 3998 enim
1223 3942 1390 3994 omnia
1420 3946 1588 4010 gentes
1608 3935 1773 4008 inqui-

188 4059 323 4102 runt.
357 4047 464 4102 Scit
500 4055 669 4100 autent
707 4041 862 4097 Pater
888 4050 1045 4098 vester
1075 4037 1192 4109 quia
1221 4035 1298 4088 his
1327 4031 1557 4090 onmibus
1581 4031 1774 4102 indige-

187 4141 276 4195 tis.
312 4139 529 4206 Quaerite
575 4144 746 4190 autem
791 4133 1009 4204 primum
1049 4143 1258 4199 regnum
1300 4123 1394 4178 Dei
1437 4133 1482 4176 et
1517 4121 1775 4194 justitiam

185 4233 316 4301 ejus,
347 4241 394 4284 et
422 4229 594 4284 omnia
622 4227 728 4282 [nec
767 4232 1080 4294 opponentur
1106 4219 1260 4273 vobis.
1291 4215 1463 4272 Nolite
1484 4230 1602 4286 ergo
1629 4212 1774 4268 solli-

181 4326 271 4379 citi
297 4343 408 4381 esse
429 4327 482 4379 in
502 4322 780 4378 crastinum
806 4335 823 4374 :
849 4307 1099 4372 crastinus
1119 4311 1251 4367 enim
1279 4310 1382 4364 dies
1409 4308 1656 4364 sollicitus
1683 4305 1776 4360 erit

184 4419 279 4472 sibi
308 4418 431 4489 ipsi.
481 4413 677 4486 Suﬂicit
718 4411 816 4466 diei
845 4408 1041 4463 malitia
1079 4422 1171 4460 sua
1199 4395 1410 4474 (Matth.
1445 4417 1521 4469 γι,
1556 4395 1774 4468 25-54).

186 4511 353 4578 Ecce,
390 4508 633 4580 inquiunt
657 4549 673 4576 ,
703 4504 793 4560 ubi
823 4518 921 4559 nos
950 4499 1206 4555 Dominus
1248 4495 1403 4567 jubet
1449 4493 1516 4549 de
1557 4493 1698 4549 victu
1724 4499 1779 4547 et

188 4611 506 4675 legumento
533 4608 720 4657 nostro
746 4612 865 4654 esse
895 4581 1115 4650 securos
1148 4609 1160 4646 :
1193 4581 1460 4661 Quomodo
1486 4601 1611 4657 ergo
1637 4585 1781 4656 Apo-

186 4701 360 4755 stolus
389 4697 588 4756 sentire
608 4694 863 4750 adversus
893 4689 1177 4745 Dominum
1210 4689 1411 4755 posset,
1434 4690 1492 4736 ut
1513 4694 1611 4736 nos
1639 4693 1779 4760 prte-

189 4795 400 4865 ciperct
421 4793 494 4848 ita
513 4806 635 4848 esse
659 4787 858 4845 debere
885 4781 1144 4841 sollicitos
1171 4777 1298 4857 quid
1324 4774 1705 4832 manducemus
1722 4780 1783 4857 et

188 4890 318 4959 quid
350 4889 598 4960 bibamus
624 4893 678 4942 et
701 4897 810 4956 quo
839 4879 1143 4951 operiamur
1167 4915 1182 4944 ,
1214 4882 1274 4928 ut
1314 4885 1411 4927 nos
1438 4868 1596 4925 etiam
1623 4865 1781 4940 opili-

189 4995 316 5038 αιιιι
348 4980 576 5047 artibus,
617 4975 792 5040 curis,
842 4969 1114 5027 laboribus
1139 4961 1424 5021 oneraret?
1453 4960 1784 5030 QuaprOpter

190 5073 243 5126 in
279 5088 353 5128 eo
383 5069 524 5144 quod
551 5069 645 5137 ait,
681 5066 781 5136 Qui
822 5079 924 5118 non
954 5060 1060 5118 vult
1086 5055 1311 5129 operari,
1342 5070 1444 5108 non
1482 5049 1785 5114 manducet;

188 5182 367 5238 opera
401 5140 723 5237 spiritualia,
771 5156 1055 5229 inquiunt,
1095 5151 1354 5207 debemus
1384 5144 1645 5215 .accipere
1674 5160 1688 5198 :
1720 5140 1788 5198 de

187 5233 394 5330 quibus
417 5233 523 5314 aiio
546 5256 666 5312 loco
692 5251 842 5320 dicit,
875 5244 1156 5315 Unicuique
1178 5241 1308 5297 sicut
1338 5236 1587 5315 Dominus
1614 5233 1787 5330 dedit:

187 5324 287 5426 es.
324 5351 568 5424 plantaci,
592 5346 776 5420 Apollo
802 5342 1002 5415 rigavit,
1039 5337 1126 5394 sed
1151 5335 1286 5390 Deus
1316 5332 1672 5388 incrementum
1699 5324 1791 5380 de-

191 5417 397 5516 clinet
434 5417 597 5517 paulo
630 5417 771 5511 post,
804 5432 1156 5504 Unusquisque
1181 5442 1326 5482 suam
1353 5420 1633 5479 mercedem
1657 5417 1792 5474 acci-

195 5542 305 5610 piet
343 5536 624 5596 secundum
648 5547 800 5588 suum
827 5527 1069 5583 laborem.
1111 5519 1210 5576 Dei
1237 5517 1370 5574 enim
1405 5529 1579 5570 sumus
1607 5525 1793 5581 coope-

193 5602 330 5689 rarii
345 5651 365 5700 ;
398 5633 493 5689 Dei
521 5626 835 5702 agricultura
853 5663 868 5689 ,
898 5618 995 5674 Dei
1033 5611 1304 5684 wdiﬁcatio
1331 5608 1446 5664 estis
1475 5623 1492 5661 :
1517 5602 1792 5660 secundum

197 5697 426 5802 [ratum
453 5697 576 5795 que
595 5721 719 5775 data
745 5723 818 5771 est
842 5710 966 5768 mihi
988 5751 1004 5777 ,
1036 5717 1090 5764 ut
1119 5703 1322 5775 sapiens
1351 5699 1647 5754 architectus
1675 5697 1796 5766 {une

197 5789 498 5884 iumentum
526 5811 672 5886 posui
700 5813 720 5880 (
745 5809 767 5862 ι
793 5803 911 5861 Cor.
936 5817 1013 5870 ut,
1045 5794 1215 5866 5-10)
1245 5794 1391 5848 Sicut
1419 5804 1542 5862 ergo
1568 5789 1797 5858 Aposto-

254 5950 289 6013 ,⁸
311 5944 429 6004 50h
451 5941 603 5998 editio
620 5943 761 6004 ιον..
777 5929 831 5986 in
849 5924 1066 5986 Murri
1096 5919 1286 5976 nomine
1307 5924 1403 5973 tuo.

1423 382 1440 433 Γ
1502 424 1506 428 -
1553 387 1782 453 manu
1821 383 2020 455 vrtus.

1844 507 1852 542 λ
1879 509 1962 566 lus
1987 493 2240 581 operatur
2267 494 2574 580 plantando,
2605 505 2847 582 rigando,
2876 513 3219 584 redidcando,
3247 524 3303 573 et
3321 513 3452 576 fun-

1831 677 1838 685 ι
1873 603 2179 681 damentum
2226 603 2499 674 ponendo;
2547 605 2617 658 ita
2647 606 2735 676 qui
2780 621 2884 662 non
2925 608 3041 664 vult
3077 610 3310 684 operari,
3343 625 3452 668 non

3320 397 3454 462 ’ΒΜ

1870 679 2176 751 manducet.
2205 693 2341 763 Quid
2371 695 2511 750 enim
2538 695 2754 766 prodest
2777 679 3144 755 manducando
3167 700 3456 771 spirituali-

1833 791 1838 801 ‘
1871 797 1950 846 ter
1979 790 2125 859 pasci
2149 789 2313 844 verbo
2339 789 2434 844 Dei
2459 789 2496 856 ί,
2546 789 2590 844 si
2629 806 2734 846 non
2778 789 2900 846 inde
2947 801 3196 862 operatur
3223 793 3450 850 aliorum

1836 887 1840 894 '
1869 881 2311 938 tediﬁcationem?
2341 881 2489 938 Sicut
2517 882 2588 937 illi
2621 882 2769 953 pigro
2801 897 2954 938 servo
2982 884 3107 954 quid
3135 887 3333 955 profuit
3359 897 3450 942 ac-

1868 976 2046 1047 cipere
2092 976 2378 1045 talentum,
2420 983 2473 1032 et
2518 975 2866 1044 abscondere,
2914 992 3014 1034 nec
3055 979 3261 1048 operari
3304 980 3450 1037 lucra

1867 1069 2167 1127 dominica?
2197 1073 2278 1127 An
2305 1081 2363 1126 ut
2399 1072 2447 1128 ei
2475 1071 2773 1127 auferretur
2799 1072 2853 1126 in
2885 1070 3010 1136 ﬁne,
3042 1080 3098 1128 et
3127 1074 3240 1142 ipse
3270 1073 3323 1127 in
3353 1089 3448 1128 cx-

1832 1167 1836 1172 ‘
1869 1165 2093 1220 teriorcs
2116 1164 2362 1220 tenebras
2387 1164 2683 1218 mitteretur
2703 1161 2915 1233 (Matth.
2939 1180 3066 1230 xxv,
3088 1163 3279 1236 24-50)
3297 1163 3321 1217 ?
3339 1163 3448 1230 Sic,

1869 1257 2137 1328 inquiunt,
2162 1265 2216 1312 et
2244 1269 2340 1311 nos
2365 1255 2588 1311 facimus
2616 1274 2629 1309 :
2662 1256 2884 1327 legimus
2910 1271 3031 1310 cum
3062 1254 3333 1323 fratribus,
3361 1255 3450 1325 qui

1868 1348 1935 1403 ad
1966 1363 2062 1402 nos
2091 1347 2156 1402 ab
2183 1356 2313 1402 testu
2335 1347 2516 1403 saeculi
2535 1335 2754 1403 veniunt
2775 1346 2997 1418 fatigati,
3027 1355 3084 1402 ιιι
3111 1346 3250 1417 apud
3277 1361 3372 1402 nos
3397 1346 3450 1401 in

1868 1440 2032 1496 verbo
2064 1440 2178 1505 Dei,
2203 1449 2256 1494 et
2276 1439 2331 1494 in
2359 1438 2706 1506 orationibus,
2735 1439 2977 1510 psalmis,
3005 1437 3236 1511 hymnis,
3257 1446 3312 1493 et
3334 1452 3452 1494 can-

1829 1531 1832 1536 ’
1869 1532 1988 1588 ticis
2011 1517 2368 1602 Spiritualibus
2389 1531 2742 1602 requiescant.
2767 1531 3098 1601 Alloquimur
3115 1545 3228 1598 eos,
3257 1543 3449 1585 conso-

1832 1625 1836 1634 “
1866 1623 2060 1691 lamur,
2088 1621 2453 1689 exhortamur,
2486 1620 2809 1677 tediﬂcantes
2836 1622 2886 1676 in
2915 1622 3014 1689 eis,
3037 1621 3083 1676 si
3107 1620 3234 1692 quid
3263 1635 3451 1695 eorum

1867 1717 1990 1772 vit-.e
2029 1732 2125 1787 pro
2155 1731 2252 1772 suo
2287 1715 2452 1785 gradu
2483 1713 2671 1770 deesse
2702 1713 3072 1785 perspicimus.
3115 1711 3261 1768 Talia
3289 1726 3450 1782 opera

1835 1818 1839 1821 ’
1868 1810 1916 1867 si
1947 1827 2050 1866 non
2083 1808 2399 1876 faceremus,
2429 1807 2729 1878 periculose
2754 1821 2784 1860 a
2812 1804 3037 1861 Domino
3067 1803 3318 1858 alimenta
3338 1802 3452 1872 ipsa

1867 1900 2162 1973 Spiritualia
2185 1913 2540 1954 sumeremus.
2567 1897 2678 1952 [loc
2707 1896 2848 1952 enim
2870 1893 3326 1970 dixitApostolus,
3353 1891 3453 1957 Qui

1832 2071 1835 2074 _
1866 2012 1968 2050 non
1999 1992 2103 2048 vult
2129 1992 2349 2065 operari,
2377 2007 2478 2046 non
2504 1990 2790 2043 manducet.
2825 1988 2901 2043 Ita
2931 2002 2989 2044 se
3017 1986 3104 2042 isti
3129 1973 3453 2040 arbitrantur

1867 2085 2170 2160 apostolica:
2192 2094 2247 2141 et
2266 2082 2590 2154 evangelica:
2616 2082 2984 2152 obtemperare
3006 2078 3304 2146 sementim,
3331 2092 3453 2132 cum

1868 2189 1923 2236 et
1950 2177 2296 2250 Evangelium
2323 2175 2548 2232 credunt
2595 2174 2661 2230 de
2701 2189 2806 2229 non
2833 2171 3064 2229 curanda
3095 2171 3356 2241 corporali
3399 2178 3454 2226 et

1869 2271 2148 2344 temporali
2180 2272 2300 2325 vitae
2327 2269 2484 2340 hujus
2511 2267 2799 2338 indigentia
2841 2265 3179 2336 praecepisse,
3212 2271 3265 2319 et
3304 2262 3453 2332 Apo-

1834 2433 1836 2435 _
1867 2365 2063 2422 stolam
2091 2364 2159 2420 de
2185 2363 2305 2418 cibo
2333 2370 2388 2417 et
2417 2375 2580 2430 opere
2622 2357 2885 2430 spirituali
2926 2355 3125 2413 dixisse
3148 2397 3162 2424 ,
3209 2354 3310 2422 Qui
3353 2369 3453 2409 non

1868 2458 1972 2512 vult
2003 2455 2222 2528 operari,
2253 2471 2353 2508 non
2382 2452 2670 2507 manducet.

1939 2550 2163 2606 CAPUT
2190 2549 2328 2604 ll.—
2348 2549 2401 2603 5.
2427 2543 2769 2618 Refclluntur,
2790 2542 2909 2613 quia
2927 2549 2979 2594 ut
3008 2553 3207 2595 sensum
3225 2535 3457 2609 Evange-

1836 2643 1844 2722 _'
1870 2642 1927 2698 lii
1952 2659 2013 2698 ea:
2037 2642 2150 2696 aliis
2182 2650 2226 2695 et
2248 2639 2363 2694 aliis
2394 2637 2550 2693 verbis
2573 2636 2778 2691 Domini
2807 2632 3010 2698 habent,
3037 2632 3109 2685 ita
3135 2632 3300 2686 locum
3320 2629 3457 2701 Apo-

1870 2734 1987 2789 stoli
2007 2750 2069 2787 ea:
2096 2733 2210 2786 aliis
2232 2733 2341 2803 ejus
2362 2730 2509 2784 dictis
2526 2725 2904 2799 intelligendum
2925 2739 3030 2781 esse
3050 2741 3150 2778 non
3171 2723 3454 2776 attendunt.

1870 2827 1981 2884 Nec
2009 2825 2289 2881 attendunt
2314 2824 2435 2895 quia
2462 2823 2505 2877 si
2533 2821 2665 2876 alius
2689 2819 2910 2883 diceret,
2941 2817 3219 2872 Dominum
3241 2815 3455 2886 quidem

1875 2920 1927 2976 in
1954 2916 2220 2991 parabolis
2245 2925 2298 2972 et
2326 2916 2380 2972 in
2407 2912 2842 2970 similitudinibus
2869 2911 3171 2982 loquentem
3213 2908 3280 2964 de
3319 2897 3458 2962 victu

1837 2999 1926 3070 iet
1955 2989 2262 3084 tegumento
2296 3007 2554 3079 spirituali
2598 3005 2888 3070 monuisse,
2938 3011 2996 3058 ιιι
3042 3017 3146 3056 non
3195 3001 3319 3056 inde
3354 2989 3460 3054 sint

1871 3105 2085 3164 solliciti
2114 3105 2252 3160 servi
2279 3103 2394 3174 ejus
2426 3102 2585 3172 (sicut
2603 3099 2732 3154 dicit
2755 3141 2769 3164 ,
2803 3097 2930 3152 Cum
2959 3113 3043 3151 vos
3065 3095 3364 3151 attraxerint
3389 3093 3456 3147 ad

1862 3199 2080 3272 judicia,
2111 3196 2262 3250 nolite
2289 3194 2509 3264 cogitare
2561 3190 2682 3262 quid
2721 3189 3016 3258 loquamini.
3065 3186 3282 3241 Dabitur
3328 3185 3460 3240 enim

1872 3291 2010 3346 vobis
2047 3289 2101 3343 in
2130 3287 2220 3342 illa
2244 3286 2370 3340 hora
2398 3283 2519 3355 quid
2558 3281 2833 3353 loquamini
2857 3296 2876 3334 :
2909 3296 3007 3334 non
3038 3279 3171 3333 enim
3197 3295 3296 3333 vvos
3340 3277 3460 3330 estis

1839 3377 1844 3384 ’
1872 3383 1958 3458 qui
1989 3379 2272 3453 loquimini,
2302 3378 2390 3433 sed
2422 3376 2644 3448 Spiritus
2690 3371 2862 3428 Patris
2891 3371 3068 3440 vestri,
3111 3371 3196 3442 qui
3239 3370 3459 3442 loquitur

1872 3476 1924 3532 in
1952 3475 2085 3531 vobis
2115 3472 2326 3550 [Mattlu
2360 3487 2418 3540 ι,
2448 3469 2514 3525 19
2537 3478 2579 3523 et
2600 3465 2714 3540 20].
2743 3466 2932 3522 Sermo
2957 3465 3153 3536 quippe
3186 3463 3458 3534 sapientia:

1873 3569 2166 3643 spiritualis
2185 3576 2287 3634 est,
2319 3565 2387 3622 de
2412 3579 2517 3636 quo
2538 3563 2654 3618 illos
2679 3561 2847 3616 noluit
2867 3559 3119 3630 cogitare,
3145 3558 3462 3628 promittens

1875 3663 2016 3738 quod
2044 3664 2122 3719 eis
2147 3660 2282 3717 nihil
2307 3658 2430 3714 inde
2463 3654 2703 3713 sollicitis
2721 3659 3062 3724 praestaretur
3080 3649 3123 3721 ;)
3146 3649 3459 3724 Apostolum

1875 3766 2053 3812 autem
2080 3754 2189 3826 jam
2232 3766 2381 3807 more
2409 3747 2704 3819 apostolico
2730 3743 2965 3815 apertius
3003 3741 3377 3807 disserentem,
3405 3749 3459 3795 et

1844 3914 1847 3916 _
1876 3854 2045 3924 magis
2069 3848 2286 3924 proprie
2312 3861 2468 3918 quam
2498 3843 2719 3914 ﬁgurate
2749 3840 3052 3910 loquentem
3074 3877 3089 3906 ,
3120 3835 3258 3892 sicut
3295 3833 3460 3902 multa

1876 3960 1939 4001 ac
1982 3957 2118 4014 pene
2156 3940 2333 3996 omnia
2376 3951 2494 3993 sese
2522 3933 2721 3990 habent
2752 3933 2809 3987 in
2855 3928 3106 4000 Epistolis
3131 3925 3458 3998 apostolicis,

1881 4037 2092 4110 proprie
2125 4033 2192 4089 de
2218 4044 2379 4102 opere
2407 4025 2670 4098 corporali
2709 4024 2935 4093 ciboque
2974 4020 3191 4085 dixisse,
3229 4017 3331 4084 Qui
3361 4033 3461 4071 non

1843 4171 1848 4200 ς
1878 4134 1984 4188 vult
2009 4128 2230 4200 onerari,
2255 4141 2354 4180 non
2376 4122 2678 4177 manducet:
2699 4117 3010 4174 redderetur
3031 4115 3133 4170 illis
3156 4112 3314 4169 dubia
3341 4127 3465 4168 sen-

1880 4229 2047 4286 tentia
2073 4238 2279 4288 eorum,
2313 4218 2417 4276 nisi
2443 4224 2635 4272 caetera
2655 4211 2918 4268 dominica
2936 4209 3096 4265 verba
3121 4207 3467 4264 consideran-

1881 4331 1984 4389 tes,
2007 4318 2306 4378 invenirent
2334 4309 2531 4381 aliquid
2578 4306 2720 4362 unde
2759 4304 3047 4376 probarent
3071 4317 3193 4356 eum
3231 4300 3300 4356 de
3325 4299 3466 4354 victu

1883 4424 1938 4472 et
1982 4412 2176 4469 vestitu
2223 4403 2483 4476 corporali
2525 4415 2633 4456 non
2671 4395 2948 4452 curando‘
2979 4394 3214 4448 locutum
3257 4390 3459 4455 fuisse,

1883 4521 2005 4564 cum
2043 4503 2283 4564 diceret,
2327 4493 2501 4563 Nolite
2523 4488 2724 4546 solliciti
2751 4502 2858 4542 esse
2893 4483 3014 4556 quid
3042 4479 3351 4538 manducetis
3374 4519 3391 4548 ,
3419 4487 3472 4532 et

1883 4599 2004 4673 quid
2030 4595 2226 4658 bibatis,
2258 4600 2301 4645 et
2331 4604 2428 4660 quo
2457 4581 2770 4644 vestiamini;
2797 4578 2943 4634 velut
2987 4576 3031 4630 si
3071 4574 3250 4630 animo
3277 4569 3470 4626 adver-

1849 4733 1854 4738 ι
1886 4665 2059 4749 ιρι-θυι
2100 4685 2241 4758 quod
2271 4683 2364 4749 ait,
2396 4679 2523 4734 Hac
2551 4676 2684 4733 enim
2726 4672 2895 4727 omnia
2935 4668 3118 4724 Gentes
3159 4665 3420 4736 inquirunt
3449 4679 3469 4718 :

1885 4784 1960 4842 ibi
1974 4756 2362 4838 enimﬁostcndit
2375 4771 2442 4828 de
2469 4769 2599 4841 ipsis
2615 4762 2978 4835 corporalibus
3003 4767 3057 4816 et
3083 4756 3468 4828 temporalibus

1886 4892 1948 4934 se
1972 4877 2189 4932 dixisse.
2225 4871 2300 4926 Ita
2330 4881 2456 4937 ergo
2476 4905 2489 4930 ,
2522 4863 2566 4919 si
2595 4861 2698 4916 hoc
2727 4856 2898 4914 solum
2925 4853 2993 4910 de
3027 4851 3128 4906 hac
3163 4865 3223 4907 re
3250 4848 3470 4906 dixisset

1890 4966 2196 5041 Apostolus,
2232 4961 2332 5030 Qui
2361 4974 2462 5014 non
2482 4955 2586 5011 vult
2613 4949 2846 5024 aperari,
2875 4963 2977 5002 non
3008 4942 3313 5010 manducet;
3344 4957 3470 5014 pos-

1890 5037 2012 5120 sent
2052 5060 2168 5115 tunc
2208 5055 2369 5114 verba
2416 5051 2468 5108 in
2515 5049 2672 5105 aliam
2715 5041 2920 5100 traduci
2961 5037 3280 5097 sententiam
3310 5050 3476 5093 zeum

1891 5173 2020 5217 vero
2042 5152 2226 5212 multis
2253 5148 2368 5204 aliis
2396 5143 2528 5200 locis
2555 5137 2914 5211 Epistolarum
2938 5146 3178 5198 suarum,
3205 5129 3333 5202 quid
3354 5128 3480 5184 hinc

1894 5253 2106 5318 sentiat,
2129 5241 2465 5318 apertissime
2505 5235 2728 5299 doceat;
2769 5227 3042 5300 superﬂuo
3091 5229 3383 5289 conantur,
3427 5228 3483 5276 et

1894 5346 1995 5404 sibi
2038 5313 2103 5400 et
2127 5313 2338 5396 cieteris
2376 5328 2658 5402 caliginem
2700 5322 3003 5387 obducere,
3031 5324 3090 5374 ιιι
3114 5313 3256 5388 quod
3284 5313 3484 5368 utiliter

1897 5441 1985 5499 illa
2021 5435 2252 5494 charitas
2275 5433 2459 5485 monet
2486 5438 2592 5479 non
2634 5419 2806 5476 solum
2835 5415 3014 5472 facere
3039 5411 3228 5477 nolint,
3260 5407 3354 5465 sed
3385 5421 3484 5461 nec

1898 5531 2190 5603 intelligere
2215 5523 2334 5596 ipsi,
2361 5526 2452 5576 aut
2475 5517 2543 5574 ab
2561 5515 2678 5570 aliis
2701 5508 2924 5580 intelligi
2942 5505 3128 5572 velint,
3159 5517 3268 5557 non
3290 5499 3484 5555 timen-

1887 5755 1891 5758 λ
1963 5719 1981 5751 ι
2016 5715 2090 5766 sic
2119 5719 2224 5760 Mss.
2251 5713 2308 5758 At
2329 5703 2464 5764 editi,
2491 5696 2784 5751 manducare
2808 5684 3139 5754 spiritualiter,
3164 5679 3218 5735 id
3241 5686 3329 5746 est,
3353 5692 3488 5748 pasct

1901 5779 2043 5832 verbo
2068 5773 2174 5826 Dei.
2521 5822 2534 5832 ,
2675 5821 2684 5830 ,

1966 5807 2292 5888 bvhi‘ediiione
2309 5839 2417 5877 Iov.
2443 5822 2571 5888 male
2595 5821 2824 5888 omissum
2847 5821 2942 5879 est,
2967 5809 3181 5866 curaudo
3193 5823 3212 5876 ,'
3228 5807 3362 5880 quod
3377 5820 3490 5862 vcr-

1907 5881 2258 5959 bum'in'editis
2280 5893 2385 5944 aliis
2406 5887 2584 5951 legitur
2610 5881 2731 5934 etin
2748 5885 2858 5933 Mss.
