3930 6368
516 494 600 540 tes
626 480 770 556 quod
798 479 1052 550 scriptum
1074 482 1181 546 est,
1209 474 1391 533 Noluit
1406 475 1686 548 intelligere
1703 485 1757 534 ut
1778 479 1900 534 bene
1921 486 2090 551 ageret

520 577 690 651 (Psal.
721 589 895 640 xxxv,
925 572 1005 643 ι).

587 663 809 722 CAPUT
849 662 1027 718 Ill.—
1068 663 1126 720 4.
1176 662 1334 718 Pauli
1378 670 1688 735 praeceptum
1736 662 1800 718 de
1846 662 2101 732 corporali

518 776 668 831 opere
693 775 801 814 esse
829 759 1068 829 probatur
1084 773 1148 812 ea:
1171 756 1548 812 circumstantia
1577 755 1818 810 lectionis.
1849 753 2104 826 Exemplo

513 867 605 907 suo
632 849 829 904 Paulus
856 848 1025 903 docuit
1044 846 1168 913 quid
1193 846 1501 916 praeceperit.
1535 845 1688 901 Prius
1717 860 1844 916 ergo
1871 844 2098 901 demon-

513 953 686 999 strare
707 941 962 998 debemus
987 940 1200 996 beatum
1227 938 1528 1010 apostolum
1557 937 1776 993 Paulum
1799 952 1958 1008 opera
1979 952 2101 992 cor-

514 1035 716 1106 poralia
743 1048 926 1090 servos
956 1033 1052 1088 Dei
1077 1031 1286 1104 operari
1314 1031 1569 1096 voluisse,
1601 1045 1720 1100 qua:
1748 1030 1906 1086 ﬁnem
1939 1029 2100 1086 habe-

522 1136 639 1184 rent
667 1140 911 1196 magnam
935 1125 952 1156 ¹
981 1124 1306 1195 spiritualem
1334 1121 1655 1187 mercedem,
1690 1120 1880 1176 adhoc
1905 1129 1962 1174 ut
1985 1120 2101 1188 ipso

517 1219 656 1273 victu
684 1227 738 1272 et
767 1224 1070 1288 legumento
1095 1231 1127 1271 a
1155 1215 1301 1270 nullo
1341 1213 1639 1284 indigerent
1664 1253 1680 1280 ,
1731 1210 1826 1266 sed
1856 1209 2100 1276 manibus

518 1311 628 1366 suis
659 1311 773 1365 lucc
795 1310 896 1366 sibi
926 1315 1272 1380 procurarent
1304 1323 1316 1360 :
1344 1305 1535 1362 deinde
1556 1302 1841 1360 ostendere
1869 1316 2098 1373 evange-

517 1402 619 1456 lica
659 1401 750 1457 illa
788 1407 1076 1470 praecepta,
1105 1397 1174 1454 de
1202 1397 1392 1468 quibus
1415 1395 1654 1451 nonnulli
1679 1409 1784 1449 non
1813 1394 1988 1448 solum
2017 1391 2097 1462 pi-

515 1495 725 1566 gritiam
742 1534 757 1560 ,
787 1491 883 1550 sed
908 1493 1066 1548 etiam
1091 1490 1445 1562 arrogantiam
1474 1503 1624 1544 suam
1651 1485 1862 1552 fovent,
1887 1492 2104 1557 aposto-

520 1587 619 1642 lico
638 1594 904 1658 prmcepto
916 1593 970 1640 et
984 1583 1227 1654 exemplo
1248 1599 1351 1638 non
1374 1595 1492 1637 esse
1508 1579 1793 1636 contraria.
1811 1575 2101 1634 Videamus

518 1676 696 1746 itaque
719 1676 860 1732 unde
884 1675 950 1731 ad
977 1676 1078 1731 hoc
1102 1674 1309 1730 venerit
1336 1671 1622 1741 Apostolus
1640 1712 1655 1736 ,
1683 1677 1742 1724 ut
1772 1669 2005 1733 diceret,
2039 1667 2100 1723 Si

512 1767 626 1833 quis
657 1783 756 1822 non
777 1768 882 1822 vult
915 1767 1154 1836 operari,
1186 1781 1288 1819 non
1311 1763 1616 1827 manducet;
1659 1769 1712 1816 et
1739 1760 1864 1831 quid
1908 1759 2101 1815 deinde

518 1866 774 1912 eontexat
794 1898 808 1923 ,
837 1865 896 1911 ut
922 1871 989 1911 ex
1018 1856 1132 1926 ipsa
1161 1854 1552 1909 circumstantia
1580 1851 1819 1908 lectionis
1848 1858 2101 1920 appareat

513 1948 782 2003 declarata
826 1948 1109 2004 sententia.
1142 1944 1529 2010 Denuntiamus,
1562 1943 1752 2012 inquit,
1787 1941 1944 2008 vobis,
1988 1945 2100 2013 fra-

516 2047 636 2104 tres,
665 2039 719 2092 in
744 2038 946 2093 nomine
964 2036 1170 2090 Domini
1196 2034 1352 2089 nostri
1372 2032 1496 2088 Iesu
1521 2031 1727 2099 Christi,
1757 2041 1810 2086 at
1834 2031 2101 2086 subtraha-

516 2130 702 2185 tis‘vos
745 2129 808 2183 ab
849 2127 987 2182 omni
1031 2127 1190 2196 fratre
1234 2125 1448 2194 inquiete
1473 2123 1780 2190 ambulante,
1814 2131 1859 2177 ct
1890 2139 1990 2178 non
2017 2138 2095 2177 se-

511 2221 734 2276 cundum
760 2218 1078 2273 traditionem
1099 2232 1251 2286 quam
1271 2225 1566 2285 acceperunt
1593 2232 1624 2268 a
1649 2215 1809 2269 nobis.
1833 2213 1860 2266 Ι
1868 2215 1946 2284 psi
1965 2214 2098 2268 enim

511 2311 649 2366 scitis
677 2308 924 2381 quomodo
977 2315 1205 2380 oporteat
1260 2306 1448 2360 imitari
1497 2322 1623 2372 nos;
1685 2305 1805 2376 quia
1850 2321 1951 2358 non
1991 2304 2098 2375 fui-

513 2419 624 2457 mus
650 2401 857 2474 inquieti
896 2401 1029 2456 inter
1058 2414 1162 2467 vos,
1207 2415 1364 2470 neque
1404 2415 1584 2469 panem
1621 2397 1684 2450 ab
1731 2397 1898 2466 aliquo
1940 2399 2099 2468 gratis

512 2493 925 2549 manducavimus
943 2534 958 2560 ,
987 2492 1075 2550 sed
1101 2493 1154 2546 in
1183 2492 1351 2546 labore
1375 2500 1420 2544 et
1450 2490 1744 2562 fatigatione
1769 2489 1850 2544 die
1875 2505 1934 2543 ac
1957 2498 2098 2545 nocte

511 2596 796 2658 operantes,
834 2602 895 2641 ne
917 2602 1064 2656 quem
1091 2593 1307 2640 vestrum
1331 2598 1652 2655 gravaremus
1676 2597 1695 2637 :
1724 2599 1823 2636 non
1854 2583 1970 2653 quia
1998 2598 2096 2637 non

512 2680 828 2735 habuerimus
858 2687 1182 2751 potestatem,
1209 2675 1298 2732 sed
1323 2684 1377 2729 ut
1402 2676 1728 2746 nosmetipsos
1755 2679 1971 2747 formam
1999 2674 2095 2729 da-

509 2791 678 2829 remus
703 2774 843 2828 uobis
866 2813 883 2842 ,
925 2788 1026 2843 qua
1055 2786 1145 2827 nos
1177 2769 1523 2824 imitaremini.
1563 2767 1701 2822 Nam
1730 2777 1776 2823 et
1818 2784 1930 2822 cum
1957 2766 2096 2838 apud

510 2880 600 2920 eos
628 2881 867 2928 essemus,
901 2865 996 2918 hoc
1025 2863 1161 2918 vobis
1187 2861 1621 2933 prcecipiebamus,
1650 2861 1887 2931 quoniam
1913 2861 1958 2916 si
1985 2860 2095 2930 quis

512 2972 615 3011 non
639 2956 743 3010 vult
769 2954 986 3025 operari,
1016 2970 1115 3008 non
1145 2953 1432 3008 manducet.
1461 2953 1755 3007 Audiuimus
1784 2953 1914 3006 enim
1941 2969 2095 3024 quos-

513 3046 634 3100 dam
657 3045 788 3101 inter
823 3062 908 3100 vos
934 3045 1192 3100 ambulare
1217 3045 1462 3114 inquiete,
1505 3044 1634 3098 nihil
1661 3053 1923 3114 operantes
1947 3086 1962 3110 ,
2008 3044 2096 3099 sed

516 3139 710 3194 curiose
735 3146 956 3210 agentes.
990 3135 1085 3193 His
1114 3146 1280 3191 autem
1306 3136 1391 3207 qui
1417 3135 1665 3206 ejusmodi
1686 3143 1823 3204 sunt,
1862 3136 2096 3207 praccipi-

513 3247 626 3287 mus
649 3240 697 3285 et
720 3230 1035 3286 obsecramus
1062 3230 1116 3284 in
1156 3228 1376 3283 Domino
1401 3227 1526 3283 Iesu
1556 3227 1774 3295 Christo,
1807 3236 1860 3282 ut
1887 3245 2002 3283 cum
2028 3229 2097 3284 si-

513 3323 669 3382 lentio
697 3331 961 3395 operantes
986 3337 1167 3394 panem
1193 3338 1342 3377 sttum
1378 3322 1680 3376 manducent
1709 3319 1783 3392 (ll
1807 3319 1984 3376 Thess.
2014 3336 2092 3389 tn,

561 3415 705 3485 42).
750 3412 886 3482 Quid
930 3411 997 3467 ad
1040 3411 1154 3467 haec
1181 3411 1287 3468 dici
1315 3419 1515 3482 potest,
1561 3409 1984 3482 quandoquidem
2027 3425 2095 3467 ne

510 3505 756 3576 cuiquam
799 3512 981 3574 postea
1023 3503 1207 3558 liceret
1251 3502 1353 3556 hoc
1403 3516 1502 3572 pro
1544 3501 1834 3569 voluntate,
1864 3515 1968 3556 non
1999 3515 2096 3571 pro

509 3595 768 3650 charitate
796 3593 1158 3663 interpretari,
1190 3593 1433 3662 exetnplo
1471 3606 1568 3647 suo
1595 3591 1776 3646 docuit
1802 3590 1927 3660 quid
1958 3606 2094 3661 prse-

506 3685 747 3755 ceperit?
766 3682 843 3738 llli
864 3683 1006 3739 enim
1030 3692 1279 3755 tanquam
1302 3682 1558 3753 Apostolo
1579 3682 1911 3753 prmdicatori
1929 3682 2094 3739 Evan-

506 3775 659 3846 gelii,
689 3774 843 3830 militi
866 3774 1064 3829 Christi
1087 3816 1102 3841 ,
1138 3774 1420 3845 plantatori
1447 3773 1639 3840 vinem,
1669 3773 1868 3842 pastori
1915 3777 2094 3846 gregis

508 3867 860 3922 constituerat
895 3865 1152 3922 Dominus
1171 3874 1230 3920 ut
1256 3863 1324 3920 de
1351 3862 1638 3933 Evangelio
1664 3863 1900 3930 viveret;
1927 3873 1981 3923 et
2008 3875 2090 3921 la-

508 3977 637 4018 men
665 3961 778 4033 ipse
806 3959 1132 4031 stipendium
1171 3958 1270 4014 sibi
1309 3956 1546 4012 debitum
1573 3971 1680 4012 non
1721 3957 1918 4028 exegit,
1949 3966 2008 4013 ut
2031 3972 2091 4015 se

510 4051 734 4108 formam
758 4050 912 4106 daret
928 4049 1006 4106 eis
1027 4049 1117 4119 qui
1133 4048 1344 4118 exigere
1373 4045 1605 4103 indebita
1630 4045 1948 4117 cupiebant:
1981 4047 2090 4104 sic-

508 4154 566 4201 ut
607 4144 673 4201 ad
713 4141 1017 4200 Corinthios
1075 4139 1238 4208 dicit,
1297 4139 1422 4207 Quis
1459 4139 1642 4194 militat
1683 4140 1788 4194 suis
1828 4141 2090 4212 stipendiis

507 4235 773 4307 unquam?
824 4233 948 4300 Quis
980 4231 1173 4303 plantat
1219 4231 1448 4299 vineam,
1480 4240 1526 4286 et
1562 4231 1625 4286 de
1652 4233 1818 4302 fructu
1853 4233 1960 4304 ejus
1986 4247 2090 4287 non

505 4325 645 4383 edit?
675 4325 800 4392 Quis
830 4323 988 4394 pascit
1015 4338 1216 4396 gregem
1237 4362 1252 4388 ,
1285 4331 1331 4376 et
1358 4321 1420 4376 de
1457 4321 1586 4376 lacte
1613 4323 1776 4394 gregis
1803 4339 1903 4378 non
1929 4323 2090 4395 perci-

505 4417 625 4488 pit?
652 4415 795 4486 Ergo
820 4414 963 4487 quod
1009 4413 1110 4470 sibi
1152 4413 1481 4473 debebatur.
1521 4413 1693 4469 noluit
1731 4413 2002 4484 accipere,
2031 4421 2090 4470 ut

503 4507 754 4578 exemplo
773 4505 890 4577 ejus
908 4514 1302 4572 coercerentur,
1325 4505 1414 4576 qui
1442 4504 1540 4560 sibi
1569 4520 1672 4560 non
1694 4505 1765 4559 ita
1791 4505 2051 4562 ordinatis
2064 4506 2087 4538 ¹

505 4598 560 4652 in
589 4598 825 4653 Ecclesia
864 4598 987 4652 talia
1016 4597 1201 4652 deberi
1227 4596 1640 4652 arbitrabantur.
1668 4595 1805 4663 Quid
1834 4605 1917 4651 est
1943 4598 2089 4652 enim

503 4687 648 4759 quod
689 4687 804 4743 ait:
839 4686 1019 4757 Neque
1045 4704 1225 4758 panem
1263 4688 1424 4757 gratis
1451 4687 1510 4740 ab
1547 4686 1716 4756 aliquo
1756 4686 2084 4742 manducaui-

505 4796 640 4848 mus,
665 4779 755 4834 sed
774 4779 830 4833 in
857 4779 1026 4834 labore
1049 4787 1095 4834 et
1123 4779 1417 4850 fatigatione
1441 4777 1522 4831 die
1547 4793 1606 4831 ac
1631 4785 1774 4833 nocte
1799 4787 2084 4850 operantes,

503 4887 568 4927 ne
588 4886 734 4942 quem
755 4878 972 4924 vestrum
989 4883 1308 4941 gravaremus
1329 4885 1348 4921 :
1369 4883 1470 4922 non
1497 4868 1614 4940 quia
1638 4885 1738 4924 non
1768 4869 2086 4929 habuerimus

505 4972 819 5035 potestatem,
849 4961 936 5018 sed
963 4971 1019 5016 ut
1046 4977 1136 5016 nos
1163 4961 1378 5032 formam
1404 4959 1636 5017 daremus
1659 4961 1793 5017 vobis
1809 5003 1822 5028 ,
1848 4978 1949 5033 qua
1995 4979 2087 5018 nos

502 5053 869 5111 imitaremini?
912 5049 1142 5108 Audiant
1182 5066 1309 5121 ergo
1350 5050 1542 5122 quibus
1581 5050 1683 5108 hoc
1726 5051 2000 5124 praecepit,
2031 5053 2084 5110 id

505 5157 608 5215 est,
640 5146 730 5220 qui
759 5160 865 5202 non
894 5144 1092 5202 habent
1115 5143 1251 5200 hanc
1279 5151 1596 5214 potestatem
1621 5158 1779 5215 quam
1805 5143 1895 5201 ille
1923 5143 2085 5204 habe.

506 5241 616 5308 bat,
648 5247 709 5294 ut
745 5236 1114 5294 tantummodo
1157 5235 1502 5307 spiritualiter
1542 5244 1824 5307 operantes
1864 5234 2084 5292 mandu-

501 5340 627 5388 cent
651 5346 843 5404 panem
877 5347 908 5386 a
934 5329 1198 5400 corporali
1227 5327 1411 5385 labore
1437 5328 1720 5400 gratuitum
1755 5345 1769 5382 :
1797 5338 1850 5385 et
1892 5333 2082 5401 quem-

503 5423 792 5481 admodum
821 5424 970 5491 dicit,
1004 5422 1336 5494 Prwcipirnus
1363 5430 1410 5476 et
1437 5421 1754 5476 obsecramus
1779 5422 1833 5476 in
1860 5421 2079 5492 Christo,

501 5526 560 5572 ut
586 5534 698 5574 cum
729 5518 928 5573 silentio
954 5523 1217 5586 operantes
1246 5529 1425 5586 panem
1452 5531 1597 5568 suum
1621 5514 1944 5584 manducent,
1974 5529 2080 5570 non

500 5609 774 5682 disputent
801 5618 985 5666 contra
1011 5606 1437 5664 manifestissima
1465 5605 1626 5662 verba
1652 5605 1927 5677 Apostoli;
1955 5605 2079 5675 quia

501 5701 678 5757 ethoc
714 5702 944 5772 pertinet
971 5699 1036 5754 ad
1063 5698 1326 5754 silentitun
1351 5736 1367 5762 ,
1413 5711 1533 5755 eum
1575 5712 1679 5770 quo
1723 5696 1921 5758 debent
1948 5710 2079 5767 ope-

559 5834 582 5905 s
613 5834 989 5905 “quaterent
1009 5833 1060 5885 in
1080 5846 1302 5905 magna?
1357 5895 1385 5905 _,

559 5898 584 5934 ⁸
615 5903 690 5949 Et.
713 5903 766 5947 et
784 5897 1008 5960 plerique
1030 5905 1154 5960 Mss,
1177 5897 1387 5950 ordinati

1462 358 1552 419 DE
1587 359 1812 436 OPERE
1848 355 2339 436 MONACBORUM,
2373 365 2431 424 S.
2472 364 2837 426 AUGUSTINI

2207 489 2388 538 rantes
2412 481 2735 541 manducare
2760 496 2950 554 panem
2976 496 3151 541 suum.

2271 573 2500 632 CAPUT
2536 574 2625 632 IV.
2643 604 2716 619 —-
2742 575 2983 655 5.7Pauli
3005 577 3247 634 sententia
3282 594 3347 636 eis
3371 580 3492 636 aliis
3514 583 3631 654 ejus
3659 583 3784 657 Ερξ.

2201 667 2348 722 stolis
2367 668 2651 724 declarata.
2673 669 3014 726 Enucleatius
3025 680 3201 728 autem
3217 681 3272 729 et
3283 672 3596 746 diligentius
3618 678 3782 737 adhuc

2201 759 2304 816 ista
2325 762 2486 816 verba
2506 763 2898 818 considerarem
2914 773 3070 834 atque
3085 771 3390 834 tractarem,
3411 769 3516 824 nisi
3535 769 3778 827 haberem

2201 850 2303 905 alia
2330 850 2441 907 loca
2464 850 2823 923 Epistolarum
2847 853 2963 924 ejus
2989 855 3158 910 multo
3176 856 3566 927 manifestiora,
3598 863 3780 931 quibus

2201 940 2407 997 collatis
2436 951 2492 997 et
2521 943 2622 998 ista
2650 944 2900 1015 liquidius
2929 947 3351 1016 manilestantur,
3383 959 3439 1007 et
3465 952 3512 1006 si
3537 951 3638 1006 ista
3681 969 3777 1011 non

2209 1039 2409 1098 essent,
2441 1032 2528 1088 illa
2566 1034 2894 1091 sufﬁcerent.
2934 1036 3016 1092 Ad
3042 1036 3348 1094 Corinthios
3374 1042 3517 1096 enim
3547 1043 3782 1100 scribens
3812 1085 3830 1105 ι

2205 1126 2273 1182 de
2302 1127 2402 1183 hac
2426 1129 2612 1184 eadem
2639 1144 2718 1195 re,
2751 1131 2818 1185 ita
2848 1130 3016 1186 dicit:
3047 1131 3170 1186 Non
3196 1149 3308 1188 sum
3333 1135 3498 1189 liber?
3533 1152 3639 1190 non
3680 1152 3780 1193 sua

2203 1221 2503 1290 apostolus?
2533 1219 2717 1275 Nonne
2751 1219 3006 1276 Christum
3039 1220 3217 1278 Iesum
3256 1223 3531 1280 Dominum
3557 1217 3780 1282 nostrain

2201 1313 2304 1366 vidi
2319 1313 2344 1366 Ρ
2373 1312 2558 1368 Nonne
2584 1329 2710 1382 opus
2737 1329 2904 1367 meum
2929 1331 3018 1369 vos
3042 1316 3158 1370 estis
3199 1317 3255 1370 in
3296 1315 3563 1373 Domino?
3589 1319 3652 1375 Si
3677 1322 3780 1378 aliis

2204 1418 2303 1457 non
2328 1419 2442 1457 sum
2468 1403 2746 1472 apostolus,
2773 1403 2909 1460 vobis
2930 1414 3270 1473 verumtamen
3295 1423 3427 1461 sum.
3453 1408 3777 1480 Signaculuut

2201 1495 2335 1550 enim
2364 1495 2677 1565 apostolatus
2714 1496 2811 1550 mei
2848 1512 2936 1552 vos
2963 1499 3080 1553 estis
3105 1499 3160 1553 in
3187 1499 3430 1555 Domino.
3451 1501 3585 1557 'Mea
3611 1505 3777 1573 defen-

2201 1587 2277 1640 sio
2304 1587 2372 1640 ad
2400 1604 2482 1642 eos
2513 1587 2597 1656 qui
2640 1603 2719 1641 me
2752 1587 3066 1661 interrogant
3094 1593 3201 1646 ha’c
3239 1600 3329 1646 est.
3386 1591 3650 1663 Numquid
3687 1613 3773 1651 non

2203 1676 2440 1733 habemus
2463 1681 2789 1749 potestatem‘
2823 1681 3163 1736 manducandi
3181 1691 3229 1737 et
3253 1683 3498 1738 bibendi?
3525 1684 3771 1756 Numquid

2203 1782 2302 1821 non
2333 1767 2568 1824 habemus
2612 1779 2903 1838 potestatem
2943 1788 3167 1828 sororem
3205 1773 3465 1830 mulierem
3497 1777 3770 1831 circumdu-

2202 1857 2365 1923 cendi,
2395 1859 2522 1913 sicut
2552 1868 2599 1915 et
2619 1863 2785 1917 cteteri
2809 1863 3058 1933 Apostoli,
3083 1873 3129 1918 et
3154 1868 3340 1934 fratres
3367 1864 3590 1934 Domini,
3615 1878 3667 1922 et
3687 1869 3771 1924 Ce-

2204 1949 2330 2018 phas
2374 1948 2416 2021 (l
2456 1949 2572 2006 Cor.
2609 1967 2701 2018 ix,
2747 1950 2882 2024 1-7).
2925 1953 3056 2010 Vide
3080 1954 3526 2024 quemadmodum
3555 1959 3768 2027 primum

2202 2042 2446 2098 ostendat
2469 2042 2592 2114 quid
2619 2043 2723 2100 sibi
2749 2044 2927 2111 liceat,
2949 2051 3003 2100 et
3034 2044 3154 2100 ideo
3180 2046 3337 2102 liceat
3361 2047 3484 2118 quia
3508 2051 3766 2120 apostolus

2200 2143 2301 2190 est.
2329 2133 2455 2190 Inde
2476 2135 2616 2190 enim
2644 2135 2807 2206 cmpit
2830 2153 2842 2190 :
2872 2135 2994 2191 Non
3017 2153 3129 2192 sum
3145 2138 3308 2194 liber?
3335 2154 3765 2212 nonsumaposto-

2202 2225 2321 2279 lus?
2359 2226 2425 2280 Et
2451 2225 2640 2295 probat
2677 2241 2737 2283 se
2781 2228 3081 2298 apostolum
3127 2244 3268 2299 esse,
3319 2231 3502 2288 dicens
3541 2251 3556 2289 :
3601 2233 3768 2291 Nonne

2200 2312 2452 2369 Christum
2480 2315 2657 2370 Iesum
2684 2315 2961 2372 Dominum
3006 2329 3233 2374 nostrum
3271 2321 3375 2376 vidi
3392 2323 3419 2376 Ρ
3445 2321 3632 2380 Nonne
3654 2342 3768 2395 opus

2200 2422 2363 2461 meum
2401 2423 2486 2462 vos
2513 2409 2633 2463 estis
2659 2409 2712 2464 in
2739 2407 3000 2466 Domino?
3027 2411 3144 2480 Quo
3169 2413 3396 2483 probato
3423 2417 3655 2473 ostendit
3676 2419 3767 2475 sibi

2198 2496 2359 2552 licere
2382 2497 2524 2568 quod
2551 2499 2760 2556 exteris
2787 2501 3091 2572 Apostolis;
3118 2503 3173 2560 id
3191 2513 3292 2570 est,
3322 2514 3379 2561 ut
3401 2522 3508 2562 non
3537 2520 3769 2579 operetur

2199 2587 2443 2644 manibus
2468 2589 2579 2645 suis
2599 2630 2616 2657 ,
2649 2591 2742 2647 sed
2773 2592 3150 2664 ex-Evangelio
3174 2595 3333 2664 vivat,
3367 2597 3508 2654 sicut
3531 2600 3767 2670 Dominus

2198 2679 2506 2748 constituit,
2549 2681 2691 2752 quod
2729 2683 2781 2738 in
2810 2686 3260 2756 consequentibus
3297 2691 3640 2759 apertissime
3681 2693 3764 2750 de-

2199 2774 2515 2830 monstravit
2543 2793 2559 2830 :
2591 2775 2658 2831 ad
2687 2776 2791 2832 hoc
2818 2778 2959 2834 enim
2989 2787 3046 2834 et
3071 2779 3258 2837 ﬁdeles
3299 2781 3557 2840 mulieres
3586 2783 3767 2842 haben-

2202 2873 2282 2922 tes
2310 2872 2576 2924 terrenam
2602 2867 2950 2925 substantiam
2976 2869 3122 2926 ibant
3146 2885 3266 2927 cum
3288 2873 3367 2928 eis
3384 2915 3399 2940 ,
3429 2883 3483 2930 et
3509 2875 3767 2932 ministra-

2197 2955 2326 3013 bant
2368 2958 2446 3013 eis
2498 2958 2566 3014 de
2612 2959 2910 3016 substantia
2951 2976 3082 3030 sua,
3128 2971 3187 3018 ut
3223 2963 3432 3032 nullius
3482 2965 3769 3039 indigerent

2201 3049 2390 3105 horum
2412 3065 2530 3120 qua:
2548 3051 2614 3107 ad
2637 3053 2936 3109 necessaria
2957 3054 3076 3110 vitm
3098 3054 3257 3125 hujus
3277 3057 3545 3128 pertinent
3565 3061 3607 3114 ‘.
3632 3060 3769 3128 Quod

2196 3139 2384 3197 beatus
2411 3141 2607 3216 l’aulus
2635 3142 2800 3198 licere
2821 3143 3034 3215 quidem
3062 3147 3162 3202 sibi
3187 3147 3540 3217 demonstrat,
3570 3151 3705 3208 sicut
3726 3161 3767 3208 et

2196 3235 2374 3291 caeteri
2426 3234 2668 3306 Apostoli
2711 3236 2993 3306 faciebant,
3039 3239 3135 3296 sed
3183 3255 3246 3296 ea
3291 3252 3553 3312 potestate
3597 3261 3660 3302 se
3706 3247 3765 3300 uti

2197 3327 2431 3383 noluisse
2459 3337 2642 3398 postea
2667 3339 3066 3387 commemorat.
3101 3331 3213 3390 Hoc
3237 3335 3455 3405 quidam
3479 3353 3587 3394 non
3616 3339 3766 3394 intel-

2197 3416 2440 3486 ligentes,
2487 3434 2593 3475 non
2639 3433 2862 3476 sororem
2902 3423 3202 3493 mulierem,
3248 3441 3370 3483 cum
3414 3428 3500 3485 ille
3546 3430 3767 3501 diceret,

2199 3504 2464 3579 Numquid
2508 3526 2608 3564 non
2651 3511 2888 3567 habemus
2916 3524 3212 3585 potestatem
3253 3535 3472 3575 sororem
3515 3523 3770 3578 mulierem

2196 3599 2640 3657 circumducendi?
2667 3603 2761 3658 sed
2792 3620 2998 3660 uxorem
3038 3607 3367 3679 interpretati
3394 3621 3538 3669 sunt.
3569 3613 3768 3672 Fefellit

2195 3703 2292 3746 eos
2316 3691 2461 3747 verbi
2488 3693 2649 3762 graeci
2677 3695 2996 3767 ambiguitas
3017 3738 3033 3766 ,
3063 3698 3206 3770 quod
3233 3710 3286 3756 et
3317 3717 3450 3758 uxor
3488 3713 3546 3759 et
3586 3706 3767 3762 mulier

2194 3782 2382 3840 eodem
2425 3784 2590 3840 verbo
2640 3801 2812 3855 graece
2855 3789 3071 3845 dicitur.
3101 3791 3412 3864 Quanquam
3439 3795 3544 3852 hoc
3583 3797 3656 3853 ita
3684 3814 3766 3870 po-

2193 3875 2359 3930 suerit
2379 3875 2687 3946 Apostolus,
2717 3887 2777 3934 ut
2811 3879 2920 3935 falli
2951 3897 3055 3937 non
3086 3883 3370 3942 debuerint
3400 3904 3416 3942 :
3443 3890 3565 3959 quia
3603 3906 3765 3962 neque

2192 3963 2453 4020 mulierem
2481 3969 2847 4025 tantummodo
2871 3971 2978 4040 ait,
3009 3973 3102 4028 sed
3128 3991 3351 4031 sororem
3379 3980 3644 4036 mulierem
3669 3983 3763 4052 (a);

2193 4071 2366 4129 neque
2394 4059 2645 4126 ducendi,
2667 4062 2764 4118 sed
2792 4063 3216 4123 circumducendi.
3244 4067 3625 4129 Verumtamen
3645 4075 3766 4130 alios

2192 4147 2510 4221 interpretes
2535 4166 2640 4206 non
2667 4151 2856 4208 fefellit
2876 4153 2992 4211 haec
3010 4157 3343 4230 ambiguitas,
3369 4169 3425 4220 et
3447 4165 3708 4222 mulierem
3727 4166 3764 4235 ³,

2193 4255 2299 4298 non
2324 4258 2553 4310 uxorem,
2579 4242 2910 4316 interpretati
2938 4257 3081 4305 sunt.

2262 4335 2491 4394 CAPUT
2515 4336 2584 4393 γ.
2604 4366 2674 4379 --
2697 4338 2751 4395 6.
2778 4339 3036 4408 Apostolis
3070 4347 3366 4417 permissum
3408 4352 3645 4408 mulieres
3679 4353 3764 4409 sibi

2189 4427 2530 4484 ministrantes
2603 4445 2772 4486 secum
2829 4432 3010 4490 habere
3071 4439 3296 4508 exemplo
3359 4439 3570 4497 Christi.
3619 4443 3764 4513 Quod

2189 4519 2427 4590 quisquis
2452 4527 2602 4591 putat
2629 4536 2734 4577 non
2759 4523 2997 4592 potuisse
3020 4525 3088 4580 ab
3111 4528 3376 4597 Apostolis
3405 4531 3542 4599 ﬁeri,
3570 4543 3624 4588 ut
3643 4551 3758 4591 cum

2191 4610 2271 4666 eis
2311 4619 2509 4667 sanctae
2546 4614 2968 4670 conversationis
3011 4616 3264 4674 mulieres
3290 4621 3600 4692 circuirent,
3634 4640 3762 4698 qua-

2189 4713 2418 4771 cumque
2445 4701 2790 4773 Evangelium
2816 4705 3212 4779 praedicabant,
3241 4718 3298 4766 ut
3327 4713 3406 4769 eis
3431 4713 3503 4770 de
3527 4730 3620 4771 sua
3642 4719 3762 4772 sub-

2189 4792 2380 4849 stantia
2398 4792 2760 4850 ministrarent
2778 4799 3100 4867 necessaria,
3128 4799 3476 4873 Evangelium
3500 4807 3694 4872 audiat,
3713 4815 3765 4863 et

2189 4891 2473 4955 cognoscat
2497 4885 2941 4956 quemadmodum
2969 4888 3072 4946 hoc
3096 4891 3262 4962 ipsius
3284 4893 3495 4952 Domini
3523 4900 3762 4970 exemplo

2187 4972 2466 5031 faciebant.
2483 4975 2736 5032 Dominus
2747 4979 2888 5034 enim
2901 4989 3084 5039 noster
3094 4999 3242 5041 more
3258 4989 3634 5047 misericordia:
3651 5007 3761 5046 sure

2188 5066 2565 5127 inﬁrmioribus
2589 5074 2936 5143 compellens,
2960 5091 3082 5132 cum
3101 5077 3153 5134 ei
3167 5091 3388 5151 possent
3405 5085 3590 5156 Angeli
3610 5086 3762 5141 mini-

2187 5168 2378 5228 strare,
2406 5169 2460 5216 et
2487 5161 2688 5219 loculos
2713 5163 2975 5236 habebat,
3023 5184 3131 5240 quo
3182 5172 3485 5232 mitteretur
3521 5181 3761 5248 pecunia,

2187 5265 2307 5324 qua:
2329 5253 2700 5313 conferebatur
2722 5258 2906 5330 utique
2927 5276 2958 5317 a
2982 5261 3138 5320 bonis
3182 5263 3427 5326 ﬁdelibus
3462 5286 3640 5327 eorum
3685 5275 3761 5326 vi-

2187 5347 2295 5403 ctui
2319 5349 2620 5405 necessaria
2651 5365 2665 5404 :
2694 5366 2830 5423 quos
2856 5353 3060 5412 loculos
3079 5356 3230 5415 Judae
3254 5365 3659 5428 commendavit,
3710 5375 3762 5418 ut

2187 5437 2349 5495 etiam
2373 5438 2520 5495 fures
2546 5441 2591 5495 si
2616 5442 2816 5498 evitare
2842 5459 2948 5502 non
2979 5461 3278 5520 possemus,
3325 5453 3556 5510 tolerare
3580 5455 3625 5509 in
3665 5455 3734 5509 lz‘c

2185 5529 2346 5587 elcsia
2373 5530 2718 5590 disceremus.
2750 5534 2844 5591 llle
2879 5539 3021 5593 enim
3047 5556 3105 5594 ea
3130 5557 3244 5612 quae
3268 5545 3596 5615 mittebantur,
3617 5553 3756 5601 srcut

2246 5645 2269 5720 ξ
2302 5649 2349 5720 l_n
2367 5652 2473 5696 Mss.
2497 5644 2763 5720 plerisque,
2787 5647 3059 5720 licentiam;
3079 5652 3200 5720 10m,
3225 5663 3510 5720 potestatem.

2183 5708 2476 5821 usus
2511 5708 2678 5773 ωορδ
2700 5708 2827 5773 διεδ-ν
2860 5713 2925 5764 αα
2969 5708 3279 5770 mammas"
3315 5708 3598 5787 mihi»:
3640 5735 3756 5787 rw.

2251 5833 2271 5904 ξ
2292 5830 2395 5904 sola
2409 5833 2564 5904 editio
2586 5840 2693 5885 Iov.
2716 5834 2884 5904 habet,
2907 5838 3021 5904 quia
3040 5853 3252 5904 sororem
3268 5847 3527 5904 audieret".

2249 5893 2321 5964 (α)
2351 5895 2591 5966 Λάριρέιέη
2613 5898 2819 5966 gwuaca
2838 5893 3104 5974 periageiq.
