3930 6368
1145 241 1225 252 ραι

1145 243 1192 252 ,.

1115 243 1192 272 ε,

199 329 286 388 555
930 277 957 356 .’
1067 359 1074 366 .
1194 354 1197 356 .
1541 311 1741 368 unus

1877 309 1979 368 US.

205 439 260 494 de
280 436 354 491 illo
375 432 633 503 scripturn
655 439 761 496 est,
789 428 1045 500 auferebat
1073 428 1249 502 (Joan.
1281 441 1374 491 xu,
1405 422 1481 496 ϐ).
1525 425 1590 480 Et
1631 441 1753 480 mu-

203 531 329 586 lieres
353 527 509 582 voluit
540 533 602 580 ut
626 541 689 581 se
719 524 786 578 ad
813 520 1161 593 pricparanda
1183 527 1239 574 et
1263 516 1612 573 ministranda
1656 532 1755 572 ne-

196 621 390 678 cessaria
427 625 823 688 sequerentur,
853 612 1144 669 ostendens
1173 610 1298 682 quid
1337 609 1675 680 evangelistis
1701 617 1756 664 et

194 711 416 768 ministris
446 709 545 764 Dei
575 714 832 776 tanquam
861 703 1142 768 militibus,
1173 717 1204 756 a
1245 701 1486 771 plebibus
1517 701 1609 756 Dei
1642 711 1756 755 tan-

194 819 326 874 quam
350 799 772 871 provincialibus
797 796 1120 859 deberetur;
1165 802 1220 848 ut
1258 794 1303 848 si
1343 795 1461 862 quis
1502 808 1568 848 eo
1614 791 1753 861 quod

197 894 277 950 sibi
301 891 601 955 deberetur,
630 887 706 942 uti
739 885 924 951 nollet,
965 884 1105 939 sicut
1135 884 1325 938 Paulus
1361 884 1632 952 apostolus
1658 899 1759 940 no-

195 987 292 1051 luit,
317 983 541 1054 amplius
573 980 907 1051 impenderet
933 978 1213 1041 Ecclesiae,
1241 992 1346 1032 non
1381 977 1642 1048 exigendo
1662 976 1760 1033 sti-

192 1077 413 1149 pendium
459 1074 722 1139 debitum,
765 1072 859 1128 sed
903 1071 1268 1142 quotidianum
1309 1071 1507 1125 victum
1535 1069 1602 1124 de
1645 1071 1756 1126 suis

193 1170 433 1227 laboribus
453 1165 817 1237 transigenda.
849 1164 1105 1218 Audierat
1129 1162 1274 1218 enim
1304 1161 1650 1226 stabularius,
1683 1161 1752 1216 ad

193 1278 325 1335 quem
351 1261 669 1315 vulneratus
699 1257 788 1311 ille
817 1254 1104 1326 perductus
1129 1263 1212 1308 est
1244 1270 1259 1307 :
1287 1251 1350 1306 Si
1377 1252 1496 1322 quid
1537 1251 1757 1321 amplius

195 1353 462 1424 erogaeeris,
493 1353 550 1405 in
580 1346 840 1405 redeundo
865 1345 1074 1400 reddam
1100 1345 1186 1398 tibi
1217 1341 1364 1412 (an.
1391 1359 1447 1408 ι,
1479 1342 1591 1412 55).
1631 1342 1759 1396 Am-

189 1448 307 1519 plius
344 1459 474 1516 ergo
517 1441 778 1513 erogabat
815 1437 1089 1509 apostolus
1127 1435 1347 1501 Paulus,
1396 1434 1485 1504 qui
1525 1435 1655 1496 suis,
1701 1441 1760 1487 ut

189 1538 284 1608 ipse
319 1544 563 1597 testatur,
608 1530 890 1600 stipendiis
926 1528 1188 1584 militabat
1216 1525 1259 1597 (Ι
1279 1524 1399 1581 Cor.
1430 1540 1503 1588 ut,
1537 1524 1684 1590 7-15,
1713 1531 1760 1578 et

187 1627 224 1682 ll
244 1625 354 1682 Cor.
378 1641 451 1691 st,
475 1626 558 1696 7).
591 1622 650 1678 In
676 1620 966 1690 Evangelia
993 1619 1136 1674 enim
1162 1617 1420 1687 scriptum
1443 1623 1526 1670 est
1550 1632 1564 1669 :
1595 1615 1759 1669 Dein-

187 1735 287 1788 ceps
326 1727 372 1772 et
409 1719 518 1786 ipse
547 1715 644 1770 iter
669 1712 890 1786 faciebat
919 1727 1007 1782 per
1030 1709 1254 1764 civitates
1291 1717 1338 1762 et
1376 1707 1584 1761 castella
1627 1722 1761 1778 prte-

185 1813 345 1864 dicans
392 1818 439 1862 et
481 1807 833 1878 euangelicum
857 1819 1067 1874 regnum
1094 1800 1223 1867 Dei;
1263 1811 1310 1856 et
1337 1799 1602 1854 duodecim
1645 1815 1761 1853 cum

183 1903 285 1966 illo,
332 1910 380 1954 et
430 1898 661 1952 mulieres
689 1897 873 1965 aliqua
897 1911 1011 1966 qua:
1062 1903 1204 1949 erant
1230 1901 1422 1946 curatae
1448 1908 1479 1944 a
1501 1890 1760 1960 spiritibus

184 1993 419 2064 malignis
444 2000 492 2045 et
519 1989 887 2059 infirmitatibus
916 2003 936 2043 :
968 1986 1138 2042 Maria
1163 2003 1276 2058 qua:
1305 1996 1509 2040 vocatur
1542 1984 1760 2056 Magda-

188 2088 323 2152 lene,
348 2084 410 2138 de
429 2099 531 2155 qua
554 2081 790 2136 damonia
809 2090 999 2152 septem
1025 2078 1309 2144 exierant‘,
1336 2086 1383 2132 et
1403 2076 1610 2131 Joanna
1633 2091 1763 2129 uxor

187 2176 375 2233 ωηατ
400 2175 738 2245 procuratoris
760 2172 981 2228 Herodis
1002 2214 1018 2241 ,
1045 2181 1090 2225 et
1118 2171 1380 2236 Susanna,
1413 2179 1458 2223 et
1487 2170 1603 2224 alia:
1630 2168 1764 2222 mul-

186 2279 270 2335 ιω,
296 2283 406 2338 quia
424 2265 772 2320 ministrabant
797 2266 867 2319 eis
893 2264 955 2317 de
978 2263 1303 2335 facultatibus
1325 2261 1432 2315 suis
1461 2259 1609 2329 (Luc.
1643 2273 1760 2326 vin,

177 2360 312 2430 1-5).
341 2357 455 2413 Hoc
486 2357 795 2426 exemplum
819 2354 1029 2410 Domini
1056 2353 1398 2408 imitabantur
1415 2350 1675 2420 Apostoli,
1696 2349 1763 2406 ad

175 2447 542 2519 accipiendum
589 2447 692 2502 sibi
729 2445 970 2501 debitum
1014 2445 1227 2510 cibum;
1254 2442 1320 2498 de
1359 2457 1464 2512 quo
1493 2442 1633 2497 idem
1660 2442 1767 2497 Do-

174 2542 344 2597 minus
368 2537 719 2610 apertissime
740 2537 976 2607 loquitur
1002 2549 1017 2591 :
1042 2534 1255 2598 Euntes,
1280 2534 1470 2604 inquit,
1493 2533 1768 2603 pradicate

175 2634 417 2695 dicentes,
447 2631 576 2700 quia
603 2627 1032 2700 apprOpinquauit
1073 2642 1280 2696 regnum
1309 2625 1565 2678 caelorum.
1609 2622 1768 2693 Inﬁr-

174 2740 276 2778 mos
301 2731 475 2776 curate
498 2761 515 2785 ,
549 2727 779 2773 mortuos
807 2719 1060 2782 suscitate,
1094 2714 1318 2786 leprosos
1357 2715 1596 2769 mundate
1617 2756 1632 2782 ,
1664 2714 1772 2769 dte-

179 2815 344 2868 monia
365 2813 548 2884 ejicite.
589 2809 768 2865 Gratis
791 2808 1073 2880 accepistis,
1100 2808 1256 2879 gratis
1283 2809 1417 2861 date.
1448 2806 1624 2861 Nolite
1649 2825 1769 2876 pos-

180 2907 346 2962 sidere
369 2922 565 2970 uram,
595 2920 760 2975 neque
781 2910 1068 2973 argentum,
1091 2917 1249 2969 neque
1269 2899 1530 2972 pecuniam
1552 2900 1606 2952 in
1628 2900 1770 2954 sonis

181 2997 564 3064 cestris,.neque
591 3011 772 3066 peram
798 2995 849 3046 in
873 2992 954 3046 via
976 3033 989 3056 ,
1017 3007 1175 3063 neque
1203 2991 1330 3044 duas
1371 2991 1586 3055 tunicas,
1617 3007 1774 3061 neque

181 3089 541 3153 calceamenta,
565 3104 727 3158 neque
766 3086 993 3157 virgam:
1017 3085 1200 3156 dignus
1249 3093 1322 3138 est
1351 3085 1482 3138 enim
1511 3087 1773 3154 operarius

182 3181 296 3234 cibo
317 3195 406 3232 suo
434 3176 910 3250 (Hatth.x,7-10).
939 3177 1076 3230 Ecce
1100 3176 1189 3230 ubi
1215 3176 1488 3230 constituit
1519 3176 1773 3233 Dominus

178 3270 322 3341 quod
350 3271 493 3326 idem
517 3271 799 3341 apostolus
822 3277 1224 3324 commemorat.
1246 3269 1327 3322 Ad
1358 3268 1459 3323 lioc
1478 3269 1620 3324 enim
1642 3270 1776 3325 dixit

177 3363 267 3417 illa
289 3363 471 3416 omnia
500 3377 570 3417 ne
597 3369 891 3432 portarent,
922 3371 979 3415 ut
1005 3360 1094 3415 ubi
1121 3375 1254 3430 apus
1282 3367 1444 3426 esset,
1475 3361 1542 3416 ab
1562 3362 1641 3417 eis
1680 3377 1768 3418 ac-

178 3454 428 3523 ciperent
451 3454 640 3522 quibus
669 3452 1052 3508 annuntiabant
1077 3468 1298 3523 regnum
1321 3452 1437 3507 Dei.

261 3542 490 3598 CAPUT
527 3544 614 3599 Vl.
653 3574 726 3585 —
769 3546 819 3599 7.
860 3543 938 3597 De
990 3543 1265 3616 Evangelia
1309 3545 1469 3598 viuere
1518 3561 1620 3599 non
1655 3546 1776 3600 solis

183 3633 479 3703 Apostolis,
507 3636 589 3688 sed
613 3645 656 3690 et
685 3636 800 3690 aliis
827 3651 1116 3689 concessum
1142 3653 1174 3688 a
1203 3635 1420 3690 Christo.
1439 3635 1515 3690 Ne
1538 3637 1658 3707 quis
1677 3653 1776 3692 au-

181 3735 296 3780 tem
330 3726 620 3780 arbitretur
658 3726 787 3781 solis
810 3725 1090 3781 duodecim
1117 3725 1219 3780 hoc
1248 3725 1412 3781 fuisse
1440 3741 1774 3794 concessum;

182 3815 308 3869 vide
335 3818 498 3871 etiam
526 3816 654 3887 quid
681 3817 851 3872 Lucas
877 3826 1058 3872 narret
1089 3835 1103 3872 :
1134 3815 1258 3870 Post
1283 3817 1410 3883 haec,
1441 3817 1642 3887 inquit,
1686 3817 1777 3873 de-

184 3907 402 3976 signarit
429 3905 685 3961 Dominus
713 3917 758 3962 et
783 3909 910 3962 alios
940 3908 1259 3978 septuaginta
1282 3908 1432 3974 duos,
1449 3918 1496 3962 et
1515 3909 1647 3962 misit
1663 3909 1779 3963 illos

189 3995 334 4050 binos
359 4008 472 4052 ante
499 3999 686 4067 faciem
725 4015 870 4053 suam
911 3999 964 4052 in
1001 4015 1198 4052 onmem
1237 3998 1487 4052 civitatem
1529 4007 1578 4052 et
1616 3998 1781 4052 locum

186 4102 290 4154 quo
318 4098 421 4139 erat
447 4090 555 4157 ipse
583 4077 842 4142 venturus.
874 4087 941 4142 Et
969 4088 1166 4143 dicebat
1192 4087 1295 4142 illis
1324 4103 1344 4142 :
1372 4087 1554 4142 Messis
1579 4088 1780 4155 quidem

182 4181 367 4238 multa,
403 4181 627 4249 aperarii
672 4188 840 4234 autem
884 4180 1035 4250 pauci
1075 4195 1096 4236 :
1117 4181 1306 4250 ‘rogate
1343 4196 1461 4250 ergo
1505 4179 1784 4234 Dominum

181 4271 364 4325 messis
383 4311 402 4336 ,
445 4281 496 4324 ut
522 4271 688 4325 mittat
717 4271 972 4340 aperarios
1009 4270 1064 4324 in
1106 4286 1315 4324 messem
1342 4285 1508 4324 suam.
1539 4267 1641 4335 Ite,
1672 4285 1784 4324 ecce

182 4376 278 4430 ego
322 4364 473 4416 mitto
515 4378 602 4416 nos
646 4362 775 4416 sicut
815 4378 973 4434 agnos
1006 4362 1138 4416 inter
1165 4362 1332 4432 lupos.
1367 4359 1543 4416 Nolite
1581 4371 1785 4432 portare

185 4454 476 4518 sacculum,
505 4470 663 4524 neque
686 4471 877 4524 peram,
908 4470 1065 4525 neque
1088 4453 1448 4520 calceamenta,
1471 4464 1516 4509 et
1536 4455 1784 4510 nemiuem

185 4563 276 4613 per
303 4549 448 4600 niam
471 4546 828 4602 salutas-eritis.
859 4547 926 4602 In
953 4563 1314 4618 quamcumque
1337 4546 1542 4600 domum
1566 4549 1788 4602 intrave-

183 4639 317 4704 ritis,
351 4640 576 4709 primum
614 4640 762 4694 dicite
800 4654 819 4694 :
857 4639 974 4693 Pax
1010 4640 1126 4692 huic
1161 4639 1351 4693 domui.
1380 4637 1449 4692 Et
1473 4639 1518 4694 si
1542 4639 1610 4693 ibi
1637 4641 1788 4710 fuerit

189 4730 327 4794 ﬁlius
350 4733 519 4800 pacis,
542 4731 810 4801 requiescet
830 4747 980 4802 super
998 4731 1143 4785 illum
1162 4747 1264 4800 pax
1281 4739 1442 4784 vestra
1462 4746 1481 4785 :
1500 4730 1579 4785 sin
1598 4740 1784 4798 autem,

187 4823 252 4872 ad
283 4840 379 4877 ros
412 4833 700 4877 revertetur.
729 4822 796 4877 In
820 4824 991 4878 eadem
1022 4833 1190 4877 autem
1214 4823 1364 4877 domo
1390 4831 1605 4890 manete,
1633 4823 1788 4878 eden-

186 4926 256 4970 tes
306 4929 362 4971 et
419 4919 635 4972 bibentes
662 4935 772 4988 quae
809 4917 949 4987 apud
986 4918 1101 4972 illos
1129 4925 1243 4972 sunt
1287 4931 1307 4972 :
1344 4916 1527 4988 dignus
1555 4925 1628 4970 est
1657 4917 1790 4971 enim

185 5011 466 5075 operarius
490 5012 714 5064 mercede
736 5027 828 5064 sua
857 5008 1005 5082 (Luc.
1033 5025 1066 5064 χ
1087 5051 1102 5077 ,
1136 5010 1282 5081 1-7).
1312 5008 1407 5064 Hic
1435 5018 1654 5080 apparet
1680 5024 1788 5064 non

182 5117 309 5158 esse
343 5105 438 5160 illa
462 5107 627 5175 jussa,
656 5105 750 5161 sed
775 5105 1067 5175 permissa;
1090 5113 1148 5158 ut
1166 5103 1403 5174 quisquis
1429 5102 1502 5157 uti
1527 5103 1703 5166 vellet,
1725 5116 1791 5157 eo

181 5205 444 5251 uteretur
472 5197 614 5266 quod
643 5196 740 5251 sibi
771 5197 952 5252 liceret
974 5210 1041 5251 ex
1071 5195 1278 5251 Domini
1305 5194 1714 5258 constitutione;
1743 5192 1789 5247 si

181 5289 308 5354 quis
336 5299 526 5343 autem
559 5288 637 5342 uti
662 5289 847 5354 nollet,
879 5303 983 5343 non
1011 5296 1194 5342 contra
1215 5288 1420 5357 jnssum
1444 5285 1664 5354 laceret,
1693 5284 1788 5340 sed

183 5376 246 5431 de
279 5393 396 5434 suo
413 5380 538 5448 jure
571 5379 784 5434 cederet
815 5377 1211 5434 misericordias
1236 5389 1292 5434 et
1319 5378 1631 5432 laboriosius
1655 5390 1788 5431 con-

183 5479 444 5525 versatus
472 5472 494 5502 ³
523 5469 576 5524 in
605 5469 911 5540 Evangelia,
941 5469 994 5523 in
1016 5484 1122 5538 quo
1146 5476 1200 5524 et
1223 5467 1454 5522 debitam
1485 5465 1789 5522 mercedem

183 5557 370 5616 nollet
392 5562 660 5632 accipere.
688 5561 938 5632 Alioquin
965 5570 1150 5615 contra
1177 5561 1378 5628 iussum
1419 5559 1628 5615 Domini
1665 5559 1791 5616 fecit

239 5697 260 5726 ⁸
299 5696 385 5744 sic
407 5702 515 5745 Mss.
542 5695 787 5744 editiones
804 5705 942 5752 vero,
968 5690 1205 5744 (lanionia
1225 5699 1401 5756 septem
1421 5690 1645 5755 ejecerat.

238 5759 262 5792 ³
298 5759 382 5808 Sic
405 5765 513 5808 uss.
539 5765 598 5806 At
622 5757 757 5813 editi,
784 5761 1160 5804 corwersaretur.

432 5844 668 5911 Sacr.
714 5843 993 5903 Aususr.
1039 5839 1145 5905 Vl.

2479 219 2489 260 ι
2580 238 2605 260 η.

3344 323 3452 381 554

1863 423 2168 494 Apostolus,
2195 426 2283 496 qui
2313 435 2654 498 posteaquam
2675 431 2906 488 ostendit
2931 433 3028 488 sibi
3055 433 3238 502 licere,
3261 438 3442 493 statim

1861 513 2085 585 subjecit
2110 533 2126 568 :
2155 515 2261 571 Sed
2281 527 2444 572 tamen
2473 535 2562 590 ego
2590 537 2690 574 non
2710 539 2822 576 sum
2841 540 2959 578 usus
2981 525 3076 579 hac
3103 536 3362 595 potestate.

1933 623 2158 681 CAPUT
2195 625 2306 681 VII.
2335 657 2409 669 —
2435 629 2488 684 8.
2527 627 2835 686 Potestatem
2872 650 2972 688 non
3001 640 3245 706 operandi
3273 639 3449 693 datam

1861 719 2137 791 Apostolis,
2161 739 2265 777 esse
2287 723 2668 796 intelligendam
2693 726 2755 779 de
2779 743 2929 796 opere
2952 733 3223 799 corporali.
3251 732 3356 788 Sed
3378 732 3446 787 ad

1865 812 2102 868 ordinem
2133 814 2434 884 redeamus,
2466 831 2529 871 ac
2563 825 2728 872 totum
2769 818 2939 888 ipsum
2988 820 3238 890 Epistolas
3275 825 3449 878 locum

1861 903 2142 974 diligenter
2164 906 2582 962 consideremus.
2616 906 2903 978 Numquid,
2936 910 3125 980 inquit,
3157 929 3257 966 non
3298 913 3451 968 habe-

1863 1013 1975 1050 mus
2013 997 2266 1051 licentiam
2295 999 2637 1053 manducandi
2671 1009 2719 1054 et
2763 1001 3002 1055 bibendi?
3044 1002 3304 1074 Numquid
3352 1023 3452 1058 non

1865 1087 2107 1144 habemus
2146 1090 2400 1145 licentiam
2441 1107 2664 1146 sororem
2693 1095 2955 1148 mulierem
2995 1096 3454 1152 circumducendi?

1863 1181 2032 1249 Quam
2077 1183 2340 1238 licentiam
2377 1184 2539 1250 dixit,
2571 1185 2670 1239 nisi
2706 1201 2862 1256 quam
2913 1186 3172 1241 Dominus
3202 1187 3345 1241 dedit
3373 1187 3452 1242 eis

1862 1290 1999 1345 quos
2026 1274 2093 1330 ad
2120 1275 2512 1344 praedicandum
2533 1291 2754 1347 regnum
2781 1278 3038 1333 caelorum
3062 1278 3225 1344 misit,
3244 1278 3450 1346 dicens,

1865 1365 1945 1420 Ea
1989 1382 2102 1436 quis
2146 1368 2209 1421 ab
2253 1368 2377 1437 ipsis
2404 1369 2420 1399 ⁸
2466 1377 2582 1422 sunt
2634 1369 2934 1423 manducata
2961 1387 2980 1423 :
3006 1371 3190 1441 dignus
3214 1379 3287 1423 est
3316 1371 3450 1424 enim

1863 1461 2126 1532 operarius
2159 1459 2386 1514 mercede
2435 1477 2566 1526 sua;
2605 1470 2658 1515 et
2701 1476 2761 1516 se
2809 1462 2981 1530 ipsum
3031 1477 3334 1532 proponens
3385 1460 3456 1516 ad

1863 1556 2100 1626 ejusdem
2132 1558 2409 1628 potestatis
2434 1559 2763 1628 exemplum,
2795 1560 2879 1614 cui
2912 1559 3236 1615 ﬁdelissimae
3265 1560 3456 1614 mulie-

1862 1663 1950 1702 res
1978 1648 2102 1702 talia
2123 1649 2425 1704 necessaria
2455 1648 2522 1704 de
2547 1649 2658 1703 suis
2682 1649 3017 1704 facultatibus
3041 1649 3449 1703 ministrabant?

1863 1741 2105 1810 Amplius
2135 1750 2312 1796 autem
2344 1740 2468 1795 fecit
2494 1740 2768 1812 apostolus
2813 1740 3007 1795 Paulus
3028 1781 3043 1805 ,
3075 1751 3133 1794 ut
3161 1741 3228 1795 de
3258 1756 3456 1810 coapo-

1863 1831 2014 1886 stolis
2056 1832 2169 1887 suis
2207 1831 2582 1887 documentum
2629 1831 2910 1887 adhiberet
2949 1831 3108 1900 hujus
3151 1831 3380 1885 licentia:
3422 1845 3454 1885 a

1863 1921 2091 1978 Domino
2117 1925 2415 1994 permissae.
2446 1925 2630 1994 Neque
2659 1925 2801 1979 enim
2845 1924 3242 1994 reprehendens
3270 1924 3455 1994 subje-

1864 2014 1938 2069 cit
1960 2056 1975 2080 ,
2020 2013 2168 2070 Sicut
2194 2024 2242 2068 et
2267 2015 2433 2069 caeteri
2464 2015 2713 2084 Apostoli,
2742 2024 2790 2068 et
2816 2017 2999 2086 fratres
3031 2014 3256 2078 Domini,
3285 2025 3332 2068 et
3358 2015 3455 2071 Ce-

1866 2105 2031 2174 phas;
2079 2103 2174 2160 sed
2219 2115 2278 2159 ut
2324 2104 2451 2160 hinc
2500 2104 2806 2160 ostenderet
2848 2104 2950 2159 hoc
2992 2121 3050 2159 se
3081 2106 3325 2174 accipere
3356 2121 3454 2158 no-

1867 2193 2050 2261 luisse,
2078 2195 2221 2265 quod
2245 2197 2296 2251 ei
2325 2196 2489 2252 licere
2513 2197 2756 2267 accipere
2783 2207 3099 2251 caeterorum
3122 2196 3281 2250 etiam
3303 2211 3455 2251 com-

1867 2288 2169 2343 militonum
2220 2289 2337 2358 ejus
2386 2304 2536 2344 more
2583 2288 2923 2361 probaretur.
2970 2288 3050 2342 An
3096 2305 3186 2358 ego
3226 2287 3366 2342 solus
3414 2297 3460 2342 et

1865 2379 2132 2435 Barnabas
2155 2397 2256 2435 non
2281 2382 2520 2435 habemus
2544 2389 2837 2451 potestatem
2863 2397 2963 2433 non
2996 2380 3242 2449 operandi
3259 2381 3285 2434 ?
3320 2379 3460 2434 Ecce

1867 2473 2086 2528 abstulit
2118 2488 2334 2528 omnem
2375 2472 2760 2527 dubitationem
2796 2471 2955 2526 etiam
2989 2471 3307 2525 tardissimis
3335 2485 3458 2525 cor-

1872 2563 2048 2630 dibus,
2083 2573 2140 2618 ut
2169 2564 2465 2634 intelligant
2504 2562 2571 2618 de
2599 2578 2702 2633 qua
2742 2562 3052 2631 operatione
3075 2561 3236 2617 dicat.
3264 2559 3462 2630 thuid

1871 2656 2012 2711 enim
2040 2656 2146 2722 ait,
2174 2654 2256 2708 An
2281 2671 2370 2726 ego
2395 2653 2535 2707 solus
2560 2663 2608 2706 et
2634 2651 2898 2706 Barnabas
2922 2668 3024 2705 non
3052 2650 3290 2705 habemus
3315 2659 3461 2722 pote-

1871 2756 2051 2802 statem
2082 2763 2182 2801 non
2226 2745 2470 2817 operandi
2490 2746 2516 2800 ?
2541 2745 2644 2799 nisi
2671 2744 2794 2816 quia
2824 2757 3012 2798 omnes
3040 2743 3381 2813 evangelista:
3409 2750 3466 2797 ct

1873 2838 2104 2892 ministri
2148 2837 2297 2892 verbi
2343 2836 2437 2891 Dei
2476 2835 2746 2891 habebant
2789 2844 3106 2904 potestatem
3151 2849 3182 2888 a
3238 2834 3464 2888 Domino

1874 2941 2168 3002 acceptam,
2199 2940 2254 2985 ut
2284 2945 2390 2984 non
2418 2939 2766 3000 operarentur
2788 2929 2810 2959 '
2836 2927 3083 2983 manibus
3111 2928 3242 2993 suis,
3275 2927 3368 2982 sed
3396 2942 3464 2981 ex

1875 3023 2162 3093 Evangelia
2177 3023 2438 3088 viverent,
2461 3028 2746 3089 operantes
2774 3017 3141 3073 tantummodo
3171 3017 3464 3087 spiritualia

1876 3114 1928 3169 in
1957 3113 2333 3183 praedicatione
2358 3112 2509 3181 regni
2535 3111 2790 3166 ctelorum
2813 3150 2827 3175 ,
2859 3119 2913 3166 et
2942 3108 3293 3163 aediﬁcatione
3321 3108 3467 3177 pacis

1878 3206 2151 3263 Ecclesize.
2175 3203 2359 3274 Neque
2383 3204 2524 3258 enim
2550 3201 2829 3272 quisquam
2860 3208 3036 3270 potest
3061 3201 3240 3255 dicere
3265 3200 3331 3254 de
3353 3200 3465 3268 ipsa

1877 3297 2137 3368 spirituali
2165 3296 2477 3366 Operatione
2501 3294 2702 3348 dixisse
2731 3294 3064 3362 Apostolum,
3099 3291 3178 3345 An
3206 3308 3298 3362 ego
3324 3292 3465 3344 solus

1878 3401 1923 3443 et
1949 3388 2210 3442 Barnabas
2225 3403 2325 3440 non
2344 3385 2580 3440 habemus
2598 3394 2888 3455 potestatem
2909 3401 3008 3437 non
3023 3383 3298 3453 aperandi?
3319 3382 3468 3436 Hanc

1879 3482 2020 3536 enim
2063 3488 2377 3550 patestatem
2409 3493 2512 3532 non
2541 3475 2794 3546 operandi
2825 3491 3010 3530 omnes
3051 3474 3125 3528 illi
3161 3473 3464 3530 habebant:

1878 3574 2020 3628 dicat
2051 3589 2177 3644 ergo
2207 3572 2298 3642 qui
2328 3580 2553 3626 conatur
2582 3577 2849 3638 praecepta
2889 3568 3179 3637 apostolica
3230 3567 3282 3620 in
3339 3581 3466 3621 sen-

1882 3667 2099 3721 tentiam
2142 3680 2292 3720 suam
2335 3664 2627 3732 depravare
2654 3669 2812 3730 atque
2851 3667 3183 3728 pervertere;
3215 3657 3390 3723 dicat,
3422 3657 3467 3710 si

1880 3757 2071 3823 audet,
2104 3770 2291 3811 omnes
2319 3754 2671 3823 evangelistas
2695 3767 2730 3807 a
2758 3750 2983 3805 Domino
3013 3749 3285 3818 accepisse
3312 3759 3467 3819 pote-

1881 3857 2072 3904 statem
2104 3863 2209 3901 non
2248 3843 2666 3916 evangelizandi.
2707 3843 2778 3896 At
2819 3843 2864 3897 si
2896 3842 2997 3895 hoc
3026 3840 3467 3896 absurdissimum

1883 3949 1938 3996 et
1982 3938 2377 3994 insanissimum
2416 3948 2496 3992 est
2537 3935 2716 3990 dicere
2742 3975 2756 3999 ,
2796 3949 2894 3989 cur
2931 3934 3120 3987 nolunt
3173 3932 3471 4002 intelligere

1883 4029 2025 4100 quod
2053 4029 2302 4084 omnibus
2332 4034 2528 4096 pateat,
2556 4025 2827 4094 accepisse
2853 4023 3066 4093 quidem
3094 4024 3213 4077 illos
3237 4032 3472 4092 potesta-

1886 4132 1991 4179 tem
2022 4137 2128 4177 non
2157 4119 2434 4190 operandi,
2455 4117 2550 4173 sed
2567 4131 2727 4186 opera
2744 4116 3039 4185 corporalia
3061 4114 3255 4184 quibus
3275 4117 3470 4168 victum

1884 4222 2221 4287 quaererent,
2251 4210 2374 4282 quia
2403 4210 2587 4282 dignus
2623 4217 2696 4263 est
2720 4208 2979 4280 operarius
3007 4207 3114 4260 cibo
3142 4223 3236 4261 suo
3265 4217 3310 4260 et
3339 4223 3471 4260 mer-

1885 4308 2005 4362 cede
2040 4321 2163 4372 sua,
2201 4304 2339 4358 sicut
2377 4300 2724 4371 Evangelium
2763 4300 3040 4369 loquitur?
3070 4297 3182 4352 Non
3209 4312 3337 4366 ergo
3370 4295 3472 4350 soli

1887 4398 2084 4455 Paulus
2127 4404 2182 4451 et
2224 4393 2494 4449 Barnabas
2530 4392 2792 4447 habebant
2828 4399 3146 4462 potestatem
3187 4403 3293 4443 non
3339 4403 3473 4455 ape-

1887 4490 2069 4555 randi;
2099 4487 2195 4543 sed
2218 4498 2408 4542 omnes
2435 4485 2633 4556 pariter
2671 4483 2939 4538 habebant
2969 4483 3105 4536 hanc
3135 4487 3470 4551 potestatem,

1889 4599 1992 4654 qua
2022 4581 2109 4637 isti
2137 4595 2244 4636 non
2275 4578 2594 4644 utebantur,
2626 4576 2853 4646 amplius
2894 4573 3249 4644 impendenda
3291 4572 3475 4626 Eccle-

1891 4676 2005 4740 size,
2033 4674 2168 4728 sicut
2195 4672 2251 4726 in
2279 4670 2385 4726 illis
2421 4670 2555 4726 locis
2597 4669 2688 4723 ubi
2733 4666 3207 4738 evangelizabant,
3247 4664 3476 4719 inﬁrmis

1891 4777 2186 4836 congruere
2209 4760 2536 4832 judicabant.
2579 4759 2646 4814 Et
2689 4758 2830 4826 ideo,
2875 4773 2942 4811 ne
2971 4755 3310 4826 coapostolos
3350 4770 3477 4809 suos

1893 4853 2300 4927 reprehendisse
2324 4852 2612 4917 videretur,
2646 4849 2916 4919 subjungit
2943 4857 2996 4902 et
3023 4847 3151 4902 dicit
3180 4863 3194 4902 :
3226 4846 3351 4913 Quis
3377 4846 3448 4898 mi
3459 4875 3477 4887 -

1894 4948 2005 5002 litat
2032 4947 2134 5001 suis
2159 4943 2426 5014 stipendiis
2453 4957 2672 5008 unquam
2697 4941 2722 4994 ?
2750 4939 2875 5005 Quis
2902 4940 3060 5009 pascit
3087 4954 3307 5009 gregem,
3341 4946 3389 4991 et
3416 4938 3480 4991 de

1894 5041 2022 5096 lacte
2043 5039 2206 5110 gregis
2243 5054 2343 5091 non
2373 5035 2580 5106 percipit
2599 5034 2625 5088 ?
2658 5032 2920 5102 Numquid
2935 5032 3208 5084 secundum
3227 5029 3478 5082 hominem

1894 5133 2000 5186 hinc
2024 5128 2240 5201 loquor?
2269 5128 2347 5180 Αη
2368 5125 2476 5180 Lex
2496 5143 2598 5178 non
2623 5124 2730 5178 haec
2759 5122 2916 5177 dicit?
2939 5121 3006 5175 In
3027 5123 3135 5192 lege
3157 5120 3289 5172 enim
3313 5118 3479 5188 Moysi

1895 5224 2135 5293 scriptum
2159 5230 2230 5276 est
2257 5236 2276 5276 .'
2303 5219 2429 5273 Bovi
2456 5218 2712 5272 trituranti
2746 5233 2800 5269 os
2845 5232 2946 5268 non
2975 5212 3268 5285 infrenabis.
3307 5210 3355 5263 Ν
3364 5228 3477 5263 um.

1893 5316 2015 5389 quid
2041 5315 2104 5368 de
2127 5312 2280 5367 bobus
2301 5312 2512 5382 pertinet
2532 5310 2599 5362 ad
2620 5308 2779 5362 Deum
2797 5307 2822 5362 ἲ
2838 5306 2917 5360 Αη
2937 5314 3141 5377 propter
3160 5321 3252 5357 nos
3274 5303 3477 5356 omnino

1897 5407 2061 5462 dicit?
2087 5405 2304 5475 Propter
2325 5419 2416 5456 nos
2442 5402 2572 5456 enim
2597 5401 2836 5470 scriptum
2875 5405 2968 5465 est,
2997 5397 3116 5467 quia
3138 5395 3279 5447 debet
3307 5393 3358 5444 in
3389 5406 3478 5459 spe

1961 5629 1979 5662 ί
2013 5625 2148 5688 mliti,
2177 5621 2701 5688 apudipsos.At|tss.,
2746 5615 2806 5666 ab
2847 5611 2986 5678 ipsis.
3023 5618 3188 5660 Graece
3230 5617 3326 5672 est,
3368 5609 3479 5675 par‘

1897 5688 2242 5810 umerbum,
2262 5749 2594 5811 operarentur,
2619 5742 2758 5790 abest
2779 5751 2808 5787 a
2829 5736 3078 5801 plerisque
3093 5741 3200 5784 Mss.

2831 5819 3226 5902 {Dia—ltuit.)
