3930 6368
487 298 596 356 555

485 412 578 488 qui
594 420 708 469 arat
733 427 898 479 arare,
921 418 968 466 et
998 408 1239 464 trituram
1262 408 1314 462 in
1340 423 1428 478 spe
1453 407 1646 478 fructus
1662 405 2002 476 participandi
2029 405 2068 459 ‘.

1426 285 1516 343 DE
1552 282 1780 342 OPERE
1809 279 2308 348 MONACHORUM,
2350 280 2409 336 S.
2450 280 2820 340 AUGUSTINI

3661 283 3776 345 558

2253 403 2478 463 CAPUT
2509 407 2597 462 IX.
2621 438 2692 448 —
2718 407 2804 462 lo.
2829 406 3062 477 Aper-tius
3082 417 3128 464 et
3149 409 3337 465 clarius
3362 409 3418 464 id
3437 425 3546 464 esse
3571 424 3638 464 at:
3659 421 3777 465 con-

488 508 588 566 His
615 505 792 562 verbis
835 505 964 558 satis
1010 501 1210 557 indicat
1255 499 1532 570 apostolus
1578 498 1794 562 Paulus,
1834 509 1944 552 non
1977 496 2080 553 sibi
2185 501 2518 571 sequentibus.
2548 501 2613 555 Et
2637 500 2777 555 redit
2801 511 3007 571 rursus,
3040 502 3321 574 modisque
3344 502 3598 558 omnibus
3617 499 3778 558 etiam

490 598 694 672 aliquid
740 609 1028 668 usurpasse
1063 594 1202 649 ultra
1239 591 1477 647 debitum
1520 589 1858 661 eoapostolos
1903 589 2032 644 suas
2057 629 2076 658 ,

489 694 612 764 quia
664 703 772 746 non
820 687 1180 759 operabantur
1221 684 1592 754 corporaliter,
1641 681 1783 738 mode
1813 681 2077 737 luberent

487 785 614 842 huic
642 784 764 840 vita:
793 781 1094 838 necessaria
1117 779 1162 846 ',
1190 777 1310 845 sed,
1333 777 1474 834 sicut
1499 776 1752 834 Dominus
1779 775 2073 840 constituti,

399 862 430 931 3“
486 893 556 936 ex
577 874 864 947 Evangelia
896 873 1136 928 viventes
1159 885 1360 942 panem.
1380 869 1666 940 gratuitum
1695 867 2078 925 manducarent

486 968 557 1025 ab
581 969 660 1025 eis
683 946 875 1040 quibus
893 964 1176 1036 gratuitam
1200 962 1427 1033 gratiam
1449 958 1826 1031 praedicabant.
1857 959 2075 1028 Stipen-

405 1035 407 1044 ἵ
487 1061 638 1117 dium
662 1035 805 1115 enim
831 1035 986 1112 suum
1017 1064 1266 1124 tanquam
1294 1052 1490 1110 milites
1513 1050 1878 1122 accipiebant,
1918 1059 1971 1104 et
2008 1049 2076 1105 de

412 1124 426 1165 ³
488 1151 664 1208 vinem
691 1165 786 1221 per
808 1163 904 1206 eos
925 1148 1174 1219 plantata:
1198 1143 1556 1214 fructu,.quod
1586 1157 1720 1212 opus
1749 1151 1884 1208 erat,
1908 1142 2076 1196 libere

489 1242 876 1313 decerpebant;
907 1249 962 1296 et
985 1241 1054 1294 de
1081 1239 1258 1311 gregis
1282 1253 1441 1308 quem
1474 1236 1783 1305 pascebant,
1811 1237 1948 1290 lacte
1975 1249 2069 1304 po-

490 1338 709 1403 tabant;
739 1343 796 1392 et
830 1351 902 1392 ex
939 1348 1065 1389 area
1090 1348 1248 1404 quam
1284 1329 1601 1386 triturabant
1622 1369 1642 1396 ,
1681 1327 1862 1385 cibum
1889 1342 2074 1386 sume-

489 1428 643 1486 bant.
1524 1451 1527 1454 -
1983 1475 1986 1479 λ

469 1537 476 1576 ;
560 1516 788 1575 CAPUT
819 1513 954 1572 Vlll.
992 1540 1066 1554 --
1105 1511 1158 1568 9.
1208 1509 1508 1581 Apastalum
1550 1509 1814 1578 manifeste
1850 1506 1988 1579 loqui
2013 1508 2078 1562 de

489 1629 640 1686 apere
665 1627 924 1666 manuum.
952 1608 1200 1680 Apertius
1225 1614 1401 1661 autem
1443 1613 1635 1668 Caetera
1672 1604 1941 1661 connectit
1963 1644 1998 1671 ,ι
2019 1609 2077 1658 et

489 1704 710 1760 omnino
751 1701 925 1756 aufert
965 1714 1152 1755 omnes
1178 1697 1524 1754 dubitationis
1565 1697 1833 1764 ambages.
1881 1693 1942 1750 Si
1984 1710 2077 1756 nos

488 1795 627 1851 vobis
646 1835 662 1861 ,
705 1793 901 1863 inquit,
929 1790 1216 1863 spiritualia
1250 1789 1633 1853 seminavimus,
1677 1801 1915 1858 magnum
1940 1794 2010 1840 est
2031 1785 2077 1840 si

488 1896 653 1939 vestra
691 1884 918 1938 carnalia
964 1881 1248 1936 metamus?
1284 1879 1414 1946 Quae
1453 1889 1577 1934 sunt
1608 1879 1900 1949 spiritualia
1957 1892 2076 1947 qua:

489 1975 795 2040 seminavit,
829 1972 932 2028 nisi
975 1973 1198 2027 verbum
1240 1978 1296 2025 et
1339 1968 1649 2040 mysterium
1700 1968 1721 1999 ³
1755 1967 2077 2025 sacramenti

488 2069 642 2140 regni
671 2065 964 2125 caelorum?
993 2063 1123 2133 Quae
1153 2070 1333 2118 autem
1361 2061 1595 2118 earnalia
1629 2076 1750 2131 qua:
1782 2060 1885 2115 sibi
1915 2060 2076 2114 licere

487 2175 696 2218 metere
737 2160 884 2224 dicit,
926 2157 1028 2213 nisi
1055 2157 1174 2211 haec
1203 2154 1549 2224 temporalia,
1589 2168 1708 2224 qua:
1750 2154 1874 2208 vitte
1915 2160 2077 2228 atque

485 2254 792 2324 indigentiae
812 2250 988 2306 carnis
1009 2248 1211 2304 indulta
1239 2247 1398 2302 sunt?
1425 2247 1550 2302 Huic
1569 2255 1749 2302 autem
1775 2246 1875 2301 sibi
1901 2246 2076 2302 debita

484 2359 547 2401 se
576 2345 644 2400 ab
671 2345 751 2400 eis
789 2357 898 2396 non
927 2340 1186 2410 qumsisse
1213 2353 1316 2394 nec
1343 2339 1618 2410 accepisse
1647 2337 1978 2401 manifestat,
2009 2352 2077 2392 ne

485 2435 630 2507 quod
673 2409 1113 2504 impedimentum
1151 2428 1307 2486 daret
1344 2409 1640 2499 LEvangelia
1677 2427 1898 2483 Christi.
1939 2428 2077 2495 Quid

485 2535 690 2592 restat,
718 2534 777 2581 ut
805 2523 1164 2594 intelligamus
1191 2536 1315 2578 eum
1352 2529 1631 2590 operatum
1665 2535 1787 2580 esse
1816 2520 1958 2575 unde
1995 2521 2075 2574 vi-

487 2628 636 2677 ctum
685 2616 946 2684 haberet,
996 2613 1102 2670 nisi
1142 2612 1423 2683 corporale
1451 2626 1588 2682 opus
1618 2611 1989 2682 corporalibus
2023 2619 2079 2667 et

485 2710 783 2768 visibilibus
825 2706 1071 2762 manibus
1105 2704 1252 2761 suis?
1279 2697 1415 2759 Nam
1441 2701 1487 2758 si
1515 2701 1584 2756 de
1625 2701 1888 2772 spirituali
1914 2715 2078 2771 opere

488 2803 688 2857 victum
717 2807 772 2855 et
799 2803 1162 2868 tegumentum
1205 2800 1508 2866 quaereret,
1553 2792 1608 2848 id
1649 2801 1751 2858 est,
1797 2802 1856 2848 ut
1892 2793 1961 2848 ab
1998 2792 2079 2848 eis

486 2893 608 2950 haec
649 2890 938 2962 acciperet,
981 2899 1117 2958 quos
1159 2887 1212 2942 in
1250 2881 1544 2956 Evangelia
1585 2884 1924 2952 aediﬁcabat,
1969 2899 2078 2940 non

487 2991 882 3055 consequenter
902 2981 1106 3037 diceret
1135 2997 1150 3035 ε
1181 2977 1243 3035 Si
1269 2979 1360 3034 alii
1385 2979 1644 3050 potestatis
1664 2987 1840 3033 vestra:
1865 2978 2077 3051 partici-

489 3087 636 3149 pant,
663 3093 766 3131 non
790 3076 952 3147 magis
975 3091 1066 3130 nos
1082 3073 1109 3127 .9
1131 3071 1236 3128 Sed
1261 3089 1363 3126 non
1381 3088 1552 3127 sumus
1571 3072 1652 3126 usi
1676 3071 1772 3125 hac
1801 3079 2080 3142 potestate;

488 3171 580 3230 sed
623 3169 796 3224 omnia
842 3169 1137 3230 toleramus,
1183 3180 1249 3219 ne
1291 3163 1427 3235 quod
1459 3163 1878 3233 impedimentum
1904 3164 2080 3216 demus

490 3261 769 3333 Evangelia
795 3259 1001 3314 Christi.
1031 3258 1145 3326 Qua
1175 3264 1438 3327 potestate
1468 3270 1528 3310 se
1553 3254 1683 3310 dicit
1723 3270 1831 3310 non
1884 3269 2036 3310 usum
2058 3294 2075 3321 ,

489 3354 592 3409 nisi
622 3368 780 3422 quam
813 3350 1044 3406 habebat
1085 3349 1138 3403 in
1185 3363 1280 3404 eos
1324 3363 1357 3402 a
1400 3346 1629 3401 Domino
1667 3354 1944 3415 acceptam
1969 3385 1989 3413 ,
2019 3353 2080 3400 ut

489 3462 676 3502 comm
719 3444 952 3499 carnalia
1000 3450 1247 3509 meteret,
1285 3439 1354 3495 ad
1381 3441 1580 3494 victum
1607 3439 1727 3494 vitae
1754 3438 1932 3508 hujus,
1961 3455 2081 3510 qua:

489 3541 545 3594 in
573 3552 735 3594 carne
759 3534 968 3606 agitur?
989 3535 1140 3604 cujus
1156 3531 1434 3604 potestatis
1450 3531 1737 3602 participes
1751 3539 1902 3586 erant
1917 3531 2081 3586 etiam

491 3631 603 3694 alii,
637 3629 724 3697 qui
756 3641 864 3681 non
893 3624 972 3681 eis
1002 3626 1173 3696 primo
1204 3623 1549 3694 Evangelium
1592 3622 2040 3677 annuutiuverunt
2060 3663 2078 3689 ,

492 3719 586 3775 sed
615 3718 682 3772 ad
712 3732 894 3772 eorum
923 3715 1220 3771 Ecclesium
1252 3715 1482 3784 idipsum
1513 3713 1870 3784 praedicantes
1897 3723 2080 3784 postea

493 3819 777 3868 venerunt.
807 3809 932 3866 ldeo
957 3823 1078 3864 cum
1119 3807 1378 3873 dixisset,
1408 3806 1470 3862 Si
1504 3822 1594 3860 nos
1623 3805 1759 3860 vobis
1793 3807 2082 3877 spiritantia

493 3904 846 3960 seminavimus
869 3943 884 3966 ,
927 3916 1166 3972 magnum
1190 3909 1260 3954 est
1289 3899 1333 3952 si
1354 3898 1582 3952 carnalia
1606 3909 1766 3952 vestra
1794 3900 2084 3955 metamus?

493 3993 740 4063 subjecit,
761 3991 820 4047 Si
844 3992 934 4046 alii
957 3989 1218 4063 potestatis
1242 3998 1418 4044 vestrm
1442 3989 1766 4061 participant,
1793 4007 1895 4045 non
1921 3990 2082 4061 magis

496 4089 633 4144 nos?
660 4088 724 4142 Et
750 4101 869 4142 cum
894 4085 1315 4146 demonstrasset
1337 4083 1465 4154 quid
1493 4083 1571 4138 eis
1597 4083 1876 4154 potestatis
1897 4093 2077 4140 esset:

499 4180 606 4238 Sed
634 4197 734 4235 non
761 4195 937 4236 sumus
964 4179 1044 4234 usi
1062 4219 1077 4243 ,
1106 4177 1306 4247 inquit,
1346 4178 1441 4231 hac
1474 4186 1755 4248 potestate;
1799 4178 1888 4233 sed
1915 4179 2085 4234 omnia

497 4275 770 4329 toleramus
793 4312 811 4337 ,
855 4289 918 4329 ne
955 4270 1090 4341 quod
1139 4268 1549 4340 impedimentum
1589 4270 1765 4325 densus
1809 4270 2085 4343 Evangelia

497 4364 703 4422 Christi.
734 4365 920 4421 Dicant
944 4378 1073 4434 ergo
1095 4362 1212 4430 isti,
1235 4363 1504 4432 quiomodo
1537 4363 1604 4418 de
1629 4377 1794 4432 opere
1826 4364 2084 4434 spirituali

494 4459 766 4515 carnalem
792 4460 989 4513 victum
1021 4454 1250 4512 habebat
1273 4455 1583 4525 Apostolus,
1611 4471 1735 4510 cum
1760 4468 1945 4527 aperte
1969 4458 2085 4528 ipse

494 4550 637 4606 dicat
663 4566 768 4606 non
797 4565 856 4606 se
881 4541 1039 4605 usum
1067 4563 1189 4605 esse
1216 4547 1319 4604 hac
1345 4557 1628 4620 potestate.
1657 4551 1730 4606 At
1755 4551 1800 4605 si
1827 4551 1895 4606 de
1921 4567 2085 4621 opere

499 4642 762 4711 spirituali
789 4642 1056 4696 carnalem
1093 4641 1290 4694 victum
1328 4655 1438 4695 non
1468 4640 1726 4707 habebat,
1754 4650 1922 4697 restat
1942 4651 2000 4698 ut
2017 4643 2086 4702 de

496 4745 662 4801 opere
684 4731 944 4798 corporali
971 4729 1236 4795 habuerit,
1266 4739 1321 4784 et
1345 4730 1472 4787 inde
1489 4731 1632 4788 dicat
1658 4749 1670 4786 :
1701 4732 1878 4804 Neque
1905 4751 2086 4807 panem

495 4821 657 4894 gratis
681 4821 742 4874 ab
767 4819 937 4891 aliqua
957 4821 1402 4892 manducavimus,
1443 4823 1532 4876 sed
1555 4825 1609 4877 in
1637 4822 1808 4878 labore
1831 4835 1877 4881 et
1900 4828 2086 4900 fatiga-

502 4914 639 4970 tione
662 4922 803 4968 nacte
833 4921 881 4968 et
906 4913 991 4967 die
1015 4922 1279 4982 operantes
1299 4951 1314 4977 ,
1342 4930 1405 4967 ne
1431 4930 1578 4985 quem
1603 4923 1818 4971 vestrum
1841 4935 2084 4990 gravare-

500 5021 612 5059 mus
639 5020 659 5058 :
684 5021 783 5060 nan
801 5005 921 5073 quia
945 5003 967 5036 ⁸
994 5021 1095 5059 non
1125 5003 1449 5061 habuerimus
1478 5015 1790 5076 potestatem,
1807 5011 1898 5064 sed
1912 5019 1966 5065 ut
1993 5027 2086 5068 nos

501 5101 722 5170 formam
745 5097 981 5152 daremus
1004 5095 1141 5153 vobis
1160 5113 1300 5170 ,qua
1328 5115 1420 5152 nos
1444 5098 1768 5154 imitaremini
1793 5101 1809 5171 (
1835 5099 1879 5157 ll
1916 5101 2080 5160 Thess.

499 5205 580 5257 nt,
603 5190 638 5246 8
657 5199 704 5245 et
721 5189 802 5262 9).
844 5183 1050 5257 Omnia,
1083 5189 1272 5259 inquit,
1311 5189 1602 5259 toleramus,
1627 5203 1690 5246 ns
1716 5193 1850 5263 quod
1875 5194 2107 5264 impedit

503 5292 721 5339 mentum
749 5283 926 5338 demus
951 5283 1227 5354 Evangelia
1255 5281 1460 5338 Christi.

561 5459 582 5531 1
613 5463 741 5531 te?»
762 5449 1261 5531 ετξ,ξρε,ρανίίείρίζητίί
1279 5469 1304 5531 ε.
1319 5456 1493 5531 emissa
1515 5469 1656 5531 γραεξ,
1680 5457 1888 5531 fructm;

559 5521 583 5589 ξ
615 5519 718 5589 sola
743 5517 1045 5589 editionem,
1079 5517 1205 5568 unde
1218 5517 1449 5589 haberent
1484 5518 1626 5572 victui
1642 5517 1919 5573 necessaria

560 5581 584 5616 ³
613 5581 943 5631 Cisterciensis
958 5581 1131 5638 codex,
1163 5579 1496 5632 ministerium.

558 5643 582 5674 δ
615 5645 1041 5712 Vulgataipseque
1080 5645 1370 5712 Augustinus
1413 5642 1784 5712 ferunt,_quasi,
1811 5658 1914 5710 pro,

2183 602 2343 664 atque
2365 594 2526 648 etiam
2551 593 2886 647 commendat
2906 593 3032 664 quid
3051 594 3153 649 sibi
3179 595 3356 659 liceat,
3386 604 3442 650 et
3461 601 3645 650 tamen
3673 609 3779 651 non

2180 683 2356 738 faciat.
2383 683 2624 751 Nescitis,
2655 683 2850 754 inquit,
2897 687 3133 755 quoniam
3157 687 3246 755 qui
3269 686 3324 739 in
3345 687 3530 757 templo
3561 703 3781 756 aperan-

2181 781 2286 842 tur,
2317 788 2430 846 qua:
2449 775 2512 828 de
2529 776 2718 846 templo
2736 783 2857 829 sunt
2885 777 3036 830 edunt
3054 777 3080 831 ἵ
3099 777 3186 846 qui
3237 777 3425 831 altario
3446 779 3742 832 deserviunt
3762 823 3776 845 ,

2181 869 2369 922 altario
2397 870 2798 940 compartiuntur
2847 870 2906 924 ³2
2948 869 3036 924 Sic
3079 877 3124 924 et
3164 869 3411 924 Dominus
3439 870 3696 927 ordinavit
3719 874 3779 927 iis

2180 961 2270 1028 qui
2315 959 2645 1030 Evangélium
2686 962 2987 1014 annuntiant
3013 1004 3027 1028 ,
3060 953 3122 1015 de
3153 962 3430 1030 Evangelia
3455 964 3619 1017 vivere
3643 981 3664 1017 :
3690 967 3778 1034 ego

2181 1062 2352 1107 autem
2379 1055 2572 1108 nullius
2599 1055 2778 1108 horum
2818 1069 2941 1108 usus
2983 1069 3116 1109 sum.
3167 1056 3303 1124 Quid
3346 1056 3450 1110 hoc
3495 1058 3780 1126 apertius?

2179 1146 2308 1217 quid
2333 1145 2563 1200 clarius?
2601 1146 2805 1200 Vereor
2837 1155 2910 1202 ne
2949 1149 3086 1203 forte
3113 1152 3236 1201 cum
3265 1147 3476 1204 dissero
3511 1149 3702 1204 votem
3728 1149 3779 1206 id

2183 1239 2477 1308 éXponc‘re,
2501 1241 2785 1294 obscurum
2814 1240 2903 1293 llal
2923 1241 3064 1310 quod
3094 1247 3188 1310 per
3213 1254 3274 1297 se
3301 1242 3443 1297 lucet
3465 1249 3524 1298 'et
3549 1245 3777 1299 claret’.

2178 1331 2279 1400 Qui
2307 1332 2612 1385 enim'haec
2657 1332 2815 1386 verba
2837 1339 2953 1386 non
2987 1332 3309 1404 intelligant,
3338 1343 3519 1391 autse
3548 1341 3658 1392 non
3699 1338 3778 1393 im

2150 1445 2154 1450 '
2179 1421 2422 1492 telligere
2455 1423 2697 1491 lingunt,
2717 1435 2836 1478 mea
2865 1423 3029 1478 manu
3058 1425 3233 1480 minus
3257 1427 3560 1496 intelligunt
3599 1429 3686 1483 Vel
3721 1437 3776 1484 se

2152 1515 2478 1587 intelligere
2515 1516 2838 1588 proﬁtentur
2869 1533 2886 1572 :
2915 1519 3019 1574 nisi
3059 1517 3198 1576 forte
3235 1527 3520 1591 propterea
3543 1523 3661 1578 'c'ito
3695 1525 3772 1579 in-

2179 1603 2421 1676 telligant
2466 1615 2669 1673 nostra,
2705 1611 2824 1679 quia
2861 1609 3173 1666 conceditur
3199 1613 3276 1667 eis
3310 1610 3582 1669 intellecta
3620 1614 3768 1670 deri-

2180 1699 2343 1766 dere,
2369 1700 2696 1770 de‘Apos'tdli
2726 1707 2902 1757 autem
2935 1699 3113 1759 verbis
3139 1719 3242 1759 non
3273 1705 3414 1761 idem
3438 1708 3770 1764 ‘canceditur.

2181 1789 2475 1860 Propterea
2517 1791 2606 1846 ubi
2637 1794 2792 1847 aliter
2820 1801 2881 1848 c'a
2912 1796 3200 1850 saeundum
3238 1799 3402 1851 ‘sdam
3450 1801 3768 1853 sententiam

2151 1880 2153 1883 ’
2180 1882 2536 1953 mterpret'ari'
2557 1889 2664 1938 n'on
2705 1893 2953 1954 possunt,
2989 1887 3147 1940 etiam
3179 1887 3320 1943 clara
3361 1897 3416 1944 et
3447 1889 3726 1945 manifesta
3753 1934 3768 1958 ,

2181 1973 2407 2029 obscura
2448 1983 2505 2030 et
2548 1976 2749 2030 incerta
2794 1973 2916 2031 esse
2951 1978 3308 2048 r‘eSpondent,
3348 1981 3472 2050 quia
3519 1995 3680 2049 prava
3723 1987 3772 2036 et

2183 2079 2432 2136 perversa
2481 2082 2592 2122 non
2635 2068 2853 2123 audent.
2887 2069 3093 2125 Clamat
3130 2070 3292 2124 homo
3331 2073 3468 2139 Dei,
3524 2069 3770 2128 Dontinus

2183 2159 2431 2213 ordinavit
2457 2160 2520 2213 iis
2547 2162 2633 2232 qui
2670 2159 3001 2229 Evang’e’llu‘ln
3037 2163 3369 2227 'annunllant‘,
3397 2164 3468 2218 de
3488 2161 3770 2235 "Evangelia

2181 2253 2379 2317 vivere;
2405 2263 2494 2322 ego
2523 2259 2688 2307 autem
2715 2249 2908 2309 nullius
2934 2257 3114 2310 horum
3145 2267 3267 2311 usus
3295 2263 3444 2324 sunt;
3471 2267 3529 2313 et
3554 2271 3772 2316 conatur

2181 2349 2307 2398 cura
2333 2352 2386 2399 et
2412 2347 2627 2415 sanguis
2649 2354 2794 2401 recta
2824 2347 3136 2417 depravare,
3165 2351 3347 2419 aperta
3360 2351 3670 2420 "claudere,
3695 2366 3772 2409 se-

2182 2435 2310 2489 l'ena
2352 2435 2690 2493 ohnubilare.
2720 2434 3026 2508 Spiritua‘le,
3057 2437 3250 2512 inquit,
3275 2455 3410 2513 opus
3437 2441 3694 2512 faciebat,
3723 2454 3770 2502 et

2182 2519 2306 2583 inde
2349 2529 2578 2584 vivebat.
2628 2529 2686 2584 Si
2719 2527 2790 2584 ita
2821 2537 2934 2597 est,
2965 2531 3035 2588 de
3061 2533 3353 2605 Evangelia
3390 2537 3606 2593 vivebat
3638 2556 3655 2592 :
3684 2545 3769 2594 cur

2182 2625 2310 2689 ergo
2349 2618 2515 2686 dicit,
2561 2619 2814 2677 Dominus
2838 2619 3087 2680 ordinavit
3107 2625 3172 2680 iis
3201 2628 3288 2695 qui
3319 2622 3658 2702 Evangelium
3685 2649 3771 2687 an-

2182 2711 2435 2780 nuntiant,
2459 2711 2521 2768 de
2541 2712 2819 2787 Evangelia
2845 2718 3036 2783 vivere;
3055 2735 3147 2790 ego
3175 2711 3340 2774 autem
3378 2721 3577 2778 nullius
3600 2723 3769 2778 haram

2182 2813 2304 2861 usus
2328 2803 2483 2861 sunt?
2515 2809 2620 2863 Aut
2644 2809 2698 2864 'si
2728 2815 2782 2864 'et
2821 2809 2924 2866 h‘oc
2959 2810 3129 2881 ipsum
3171 2813 3310 2882 quod
3347 2807 3434 2869 hic
3461 2813 3670 2873 dictum
3703 2825 3772 2872 est

2182 2896 2363 2961 vivere“,
2407 2892 2701 2954 secuddum
2745 2895 3075 2971 SpiritUalcm
3111 2903 3275 2958 vitam
3302 2906 3488 2959 volunt
3515 2907 3773 2977 interpre-

2183 2987 2305 3051 tari,
2335 2985 2533 3042 nullam
2563 3001 2712 3060 Spem
2737 2991 2964 3046 habebat
2993 2987 3284 3064 Apostolus
3310 2991 3374 3051 ad
3403 2984 3579 3052 Deum
3603 3000 3696 3069 qui
3716 2998 3772 3054 de

2183 3076 2479 3148 Evangelia
2522 3083 2628 3136 non
2667 3081 2903 3151 vivebat,
2951 3085 3072 3154 quia
3127 3085 3288 3155 dixit,
3336 3087 3552 3144 Nullius
3598 3090 3772 3144 horam

2181 3176 2308 3224 'ttsus
2351 3186 2481 3224 sum.
2522 3171 2861 3243 Quapropter
2905 3183 2964 3228 ut
3008 3190 3131 3244 spes
3179 3177 3252 3232 illi
3294 3184 3436 3233 Certa
3476 3191 3625 3235 esset
3662 3181 3772 3236 vius

2185 3269 2436 3330 aeternae,
2483 3261 2552 3319 de
2602 3261 2888 3335 Evangelia
2933 3265 3117 3336 utique
3172 3269 3519 3338 Spiritualiter
3564 3271 3772 3327 vivebat

2184 3351 2496 3422 Apostolus.
2528 3355 2681 3423 thd
2716 3369 2844 3426 ergo
2871 3357 2974 3424 ait,
3007 3357 3120 3430 Ego
3157 3365 3324 3415 autem
3365 3363 3557 3417 nullius
3591 3367 3774 3418 horum

2184 3457 2306 3498 usus
2330 3461 2463 3508 sum,
2495 3446 2564 3500 de
2589 3449 2694 3500 vita
2723 3448 2822 3500 ista
2847 3463 2968 3518 qure
2999 3449 3050 3502 in
3086 3459 3246 3505 carne
3282 3451 3456 3519 agitur
3476 3454 3589 3507 sine
3618 3454 3777 3508 dubi-

2186 3539 2386 3591 tatione
2409 3538 2531 3593 facit
2555 3537 2807 3611 intelligi,
2841 3541 2982 3610 quod
3023 3541 3158 3598 dixit
3184 3541 3466 3599 Dominum
3495 3547 3777 3603 ordinasse

2185 3623 2250 3683 iis
2294 3630 2382 3700 qui
2429 3629 2772 3700 Evangelium
2805 3635 3124 3690 annuntiant
3151 3636 3216 3691 de
3239 3635 3533 3708 Evangelia
3553 3640 3773 3708 vivere,

2186 3721 2361 3787 idest,
2386 3724 2547 3778 Vitam
2576 3725 2728 3779 istam
2755 3727 2837 3780 cui
2861 3741 2994 3797 opus
3027 3741 3109 3784 est
3134 3729 3274 3784 victu
3303 3739 3356 3786 et
3385 3741 3699 3802 legumento
3717 3733 3775 3788 de

2151 3879 2154 3883 ,
2186 3813 2474 3885 Evangelia
2499 3818 2828 3888 transigere;
2873 3819 3009 3875 sicut
3056 3823 3300 3893 superius
3339 3823 3406 3879 de
3444 3827 3560 3881 suis
3585 3842 3777 3897 coapo-

2188 3907 2340 3960 stolis
2379 3905 2516 3961 dixit
2545 3926 2557 3961 :
2587 3910 2728 3965 unde
2753 3909 2867 3980 ipse
2894 3911 3150 3969 Daminus
3187 3914 3259 3970 ait
3281 3957 3296 3982 ,
3328 3915 3529 3988 Dignus
3555 3928 3630 3972 est
3661 3935 3774 3989 ape-

2187 3997 2354 4052 rarias
2379 3993 2487 4052 ciba
2513 4014 2640 4067 suo;
2667 4009 2748 4064 et,
2784 3992 2967 4073 dignus
3005 4013 3076 4059 est
3106 4007 3366 4074 aperarius
3399 4008 3631 4063 mercede
3670 4025 3775 4064 sua.

2185 4083 2340 4144 Hunc
2378 4089 2555 4160 itaque
2584 4083 2762 4146 cibum
2799 4101 2852 4147 et
2888 4085 3026 4149 hanc
3065 4096 3368 4151 mercedem
3412 4100 3778 4155 sustentandze

2187 4177 2345 4250 hujus
2369 4181 2494 4236 vitae
2518 4181 2750 4237 debitam
2779 4186 3118 4255 evangelistis
3144 4185 3196 4255 ³,
3218 4187 3285 4241 ab
3303 4189 3382 4243 eis
3405 4191 3600 4259 quibus
3623 4208 3780 4246 evan-

2188 4271 2444 4344 gelizaba’t
2474 4289 2577 4328 non
2605 4276 2809 4345 accepit
2850 4268 3158 4346 Apostolus,
3190 4295 3376 4336 verum
3413 4281 3603 4338 dicens
3623 4327 3641 4352 ,
3676 4283 3778 4358 Ego

2189 4366 2354 4416 autem
2383 4363 2780 4420 nullius'hor‘um
2809 4371 2929 4422 usus
2956 4385 3088 4422 sum.

2260 4453 2485 4511 CAPUT
2513 4455 2658 4513 X.—
2682 4454 2768 4512 Η.
2794 4458 2878 4512 Ea:
2899 4452 3173 4533 Evangelia
3190 4479 3278 4517 cur
3297 4480 3400 4519 non
3421 4465 3539 4520 vivit
3558 4463 3776 4522 Paulus.

2189 4543 2258 4601 Et
2284 4543 2542 4618 sequitur,
2563 4543 2615 4604 et
2638 4541 2878 4622 adjungit
2899 4593 2914 4618 ,
2939 4568 3008 4608 ne
3032 4552 3168 4610 forte
3189 4557 3468 4626 quisquam
3492 4559 3781 4614 arbitretur

2188 4637 2313 4694 ideo
2351 4649 2472 4694 eum
2529 4653 2635 4695 non
2681 4642 2990 4711 accepisse,
3033 4646 3156 4714 quia
3213 4647 3286 4701 illi
3334 4663 3440 4702 non
3478 4649 3775 4704 dederant:

2189 4723 2314 4786 'Non
2351 4735 2517 4788 autem
2560 4734 2740 4804 scripsi
2777 4734 2884 4788 haec
2925 4744 2978 4788 ut
3015 4737 3085 4790 ita
3113 4738 3240 4807 fiant
3265 4738 3319 4792 in
3346 4756 3459 4807 me;
3490 4742 3679 4796 bonum
3711 4750 3779 4796 est

2189 4823 2316 4878 mihi
2342 4826 2503 4895 nzagis
2519 4826 2666 4892 mori,
2691 4841 2840 4896 quam
2863 4826 3080 4898 gloriam
3109 4846 3266 4883 meam
3292 4832 3559 4903 quisquam
3580 4834 3780 4887 inanem

2191 4915 2365 4987 facim.
2394 4917 2562 4985 Quam
2592 4919 2814 4988 gloriam
2833 4961 2847 4984 ,
2875 4917 2977 4975 nisi
3009 4937 3167 4992 quam
3207 4922 3407 4979 habere
3435 4927 3603 4981 voluit
3639 4925 3776 4995 apud

2192 5007 2392 5076 Deum,
2441 5011 2494 5064 in
2532 5009 2746 5066 Christo
2787 5016 3116 5082 compatiens
3168 5008 3421 5084 inﬁrmis;
3464 5019 3605 5074 sicut
3655 5035 3781 5073 mox

2189 5103 2525 5172 apertissime
2547 5103 2784 5159 dicturus
2813 5105 2933 5160 est?
2964 5105 3026 5162 Si
3057 5108 3189 5161 enim
3219 5111 3658 5181 evangelizavera,
3697 5110 3779 5164 in-

2189 5193 2322 5264 quit,
2355 5210 2454 5248 non
2483 5203 2556 5249 est
2585 5195 2707 5249 mihi
2734 5193 2897 5267 gloria
2925 5213 2944 5252 :
2970 5201 3236 5255 necessitas
3260 5203 3392 5255 enim
3424 5203 3550 5257 mihi
3573 5204 3777 5256 incarn-

2189 5283 2297 5351 ltit;
2327 5285 2377 5340 id
2402 5295 2502 5354 ρει,
2537 5286 2896 5343 sustentandae
2943 5290 3068 5345 vita:
3118 5291 3294 5361 hujus.
3364 5291 3453 5347 Vw
3499 5296 3632 5349 enim
3687 5296 3780 5350 erit

2189 5376 2333 5444 mihi,
2375 5377 2566 5449 inquit,
2595 5388 2641 5435 st
2667 5397 2767 5435 non
2788 5383 3192 5453 euangelizavero
3223 5399 3242 5438 :
3269 5383 3321 5439 id
3351 5395 3454 5454 est,
3484 5388 3626 5442 mala
3651 5403 3777 5444 meo

2252 5587 2272 5656 ξ
2302 5585 2634 5656 ςὶεῐω-οἱςιηεῑε
2652 5589 2825 5649 codex,
2845 5587 3319 5656 ramparticipantur.

2251 5649 2272 5712 ξ
2304 5655 2379 5712 Er.
2405 5659 2457 5698 et
2480 5651 2644 5712 plures
2665 5657 2790 5711 Mss,
2809 5649 3003 5702 clamat.

2251 5708 2274 5742 ³
2304 5711 2440 5771 Editi,
2467 5708 2575 5781 vitta
2596 5708 2816 5781 debitum
2829 5713 3438 5781 concesstgn‘etvmgelistis,
3462 5718 3623 5781 Abest,
3658 5731 3775 5772 cas-

2188 5783 2392 5833 eessum,
2411 5785 2440 5823 a
2464 5779 2590 5837 Mss,
2616 5781 2667 5826 et
2685 5787 2750 5828 ex
2770 5777 2845 5828 his
2867 5774 3302 5844 nonnulli'habcﬁt,
3325 5777 3540 5833 debitam
