3930 6368
193 297 282 356 557

195 429 289 471 non
305 407 710 480 evangelium,
727 409 854 481 quia
870 406 1009 462 fame
1027 406 1322 473 cruciabor,
1351 412 1407 462 et
1424 404 1562 461 unde
1584 405 1758 462 vivam

197 481 293 562 non
315 503 530 560 habebo.
563 502 706 558 Nam
736 502 994 573 sequitur,
1035 510 1088 556 et
1118 500 1242 554 dicit
1272 518 1284 554 :
1318 496 1381 556 Si
1419 502 1549 554 enim
1594 501 1763 556 volens

194 595 274 652 hoc
296 597 444 667 facio,
478 595 765 649 mercedem
793 583 967 647 habeo.
1002 591 1282 646 Valentem
1320 607 1378 646 se
1402 590 1532 663 dicit
1555 591 1758 658 facere,

187 691 225 745 si
252 689 384 742 nulla
423 688 553 742 vita:
594 685 757 756 hujus
789 681 1067 738 fulcienda:
1101 683 1421 738 necessitate
1455 682 1762 753 compulsus

186 779 321 846 facit;
371 785 428 836 et
477 779 552 834 ob
605 778 710 834 hoc
749 775 946 833 habere
1001 777 1342 844 mercedem,
1392 777 1573 848 utique
1621 777 1761 846 apud

183 873 339 929 Deum
375 872 567 942 gloriae
605 872 962 940 sempiterna.
1009 867 1074 926 Si
1111 861 1276 924 autem
1322 869 1525 934 invitus,
1568 869 1757 940 inquit,

191 968 479 1038 dispensatio
499 963 628 1020 mihi
646 963 838 1019 credita
854 973 961 1018 est:
981 947 1034 1018 id
1057 971 1157 1027 est,
1180 963 1223 1018 si
1246 963 1564 1018 necessitate
1582 970 1755 1016 trans-

188 1058 372 1128 igendze
400 1056 562 1126 hujus
592 1057 716 1110 vita:
747 1056 944 1111 invitus
965 1070 1126 1126 cogor
1147 1051 1530 1123 evangelizare,
1549 1052 1758 1122 dispen-

184 1149 297 1202 satio
331 1148 470 1209 mihi
502 1145 700 1202 credita
739 1157 814 1205 est
828 1164 848 1212 ,°
891 1153 951 1201 ut
1000 1145 1204 1201 scilicet
1245 1161 1318 1200 ex
1358 1145 1758 1216 dispensatione

185 1256 322 1305 mea,
371 1240 496 1310 quia
548 1238 862 1304 Christum,
926 1239 1048 1310 quia
1108 1239 1428 1293 veritatem1
1481 1237 1753 1308 praedico,

187 1333 411 1404 quamvis
436 1312 504 1387 ex
538 1331 844 1397 occisione,
868 1333 1108 1401 quamvis
1132 1346 1245 1387 mea
1268 1347 1535 1401 qumrens,
1564 1347 1754 1401 quam-

186 1423 256 1477 vis
293 1424 492 1477 terreni
533 1423 886 1478 emolmneuti
920 1423 1236 1477 necessitate
1278 1423 1584 1492 compulsus
1610 1465 1624 1488 ,
1667 1423 1756 1477 alii

180 1513 466 1584 proﬁciant,
491 1528 595 1584 ego
621 1523 800 1567 autem
827 1513 968 1582 apud
1011 1515 1174 1570 Deum
1217 1514 1516 1570 mercedem
1561 1515 1760 1586 glorio-

179 1621 278 1662 sam
305 1603 452 1659 illam
492 1607 984 1677 sempiternumque
1013 1623 1117 1659 non
1163 1604 1405 1660 habeam.
1443 1600 1567 1670 Ome
1595 1623 1710 1675 ergo
1733 1645 1750 1672 ,

176 1696 351 1766 inquit.
378 1713 569 1750 merces
591 1696 717 1749 mihi
745 1697 837 1750 erit
855 1697 883 1750 Ρ
911 1697 1245 1768 Interrogans
1266 1696 1398 1750 dixit
1427 1714 1440 1750 :
1475 1707 1752 1764 proltterca

174 1786 539 1855 suspendenda
562 1795 643 1840 est
661 1787 1039 1856 pronuntiatio,
1056 1787 1223 1842 donec
1242 1787 1579 1857 respondeat.
1599 1783 1751 1856 Quod

175 1889 226 1933 ut
250 1878 463 1934 facilius
491 1879 836 1950 intelligatur,
867 1888 1114 1950 tanquam
1156 1896 1256 1935 nos
1292 1896 1415 1934 eum
1458 1879 1754 1948 interroge-

171 1981 313 2036 nus,
342 1970 476 2037 Qua:
519 1986 644 2040 ergo
692 1969 782 2024 tibi
829 1987 1034 2025 merces
1063 1972 1197 2038 erit,
1229 1971 1505 2041 Apostole,
1539 1969 1751 2040 quando

175 2062 486 2118 mercedem
515 2062 667 2116 istam
702 2072 964 2117 terrenam
1003 2063 1160 2117 etiam
1208 2063 1549 2134 evangelistis
1597 2057 1752 2118 bonis

175 2149 440 2217 debitam,
456 2168 564 2207 non
581 2163 782 2224 prepter
806 2155 903 2209 hoc
923 2153 1430 2222 evangelizantibus,
1453 2154 1545 2208 sed
1571 2162 1748 2209 tamen

174 2254 595 2313 coitsequentem
619 2255 671 2299 et
695 2245 923 2300 oblatam
948 2263 1018 2302 ex
1042 2235 1251 2302 Domini
1289 2247 1624 2301 ordinatione
1661 2262 1752 2302 su-

165 2333 458 2407 mentibus,
487 2350 543 2395 tu
569 2357 674 2398 non
701 2341 933 2413 accipis?
959 2359 1076 2413 qua:
1100 2344 1350 2418 ergotibi
1374 2358 1582 2399 merces
1606 2329 1750 2398 erit?
1817 2411 1826 2415 __

161 2425 293 2490 Vide
325 2431 456 2504 quid
490 2433 813 2504 respondeat
854 2453 868 2489 :
903 2431 971 2491 Ut
995 2436 1367 2507 euangelizans,
1403 2434 1606 2506 inquit,
1643 2435 1752 2495 sine

158 2537 357 2599 sumptu
381 2544 582 2597 ponam
608 2525 972 2601 Evangelium;
998 2528 1048 2583 id
1074 2535 1177 2595 est,
1207 2539 1263 2583 ut
1294 2545 1400 2582 non
1431 2529 1503 2583 sit
1527 2528 1750 2582 creden-

159 2619 295 2675 tibus
323 2629 708 2691 sumptuosum
741 2618 1109 2689 Evangelium,
1133 2635 1200 2677 ne
1224 2627 1407 2692 putent
1426 2619 1491 2674 ad
1519 2619 1624 2675 hoc
1646 2619 1751 2674 sibi

157 2711 540 2782 evangelizari,
565 2720 623 2765 ut
647 2710 700 2764 id
726 2711 1062 2782 evangelista:
1098 2712 1248 2782 quasi
1279 2711 1510 2789 vendere
1532 2699 1751 2792 videani-

159 2811 265 2858 tur.
300 2800 369 2860 Et
409 2813 594 2858 tamen
641 2803 783 2858 redit
807 2805 964 2858 etiam
1004 2813 1161 2874 atque
1196 2806 1378 2872 etiam,
1406 2815 1465 2859 ut
1500 2805 1752 2859 ostendat

164 2893 290 2964 quid
308 2895 406 2949 sibi
423 2894 542 2965 jure
562 2894 837 2950 dominico
870 2896 1027 2950 liceat
1047 2939 1061 2962 ,
1091 2904 1147 2952 et
1175 2898 1288 2967 ipse
1315 2913 1417 2952 non
1449 2885 1604 2953 iaciat
1636 2915 1648 2952 :
1679 2895 1751 2953 Ut

165 2999 270 3037 non
294 2983 484 3050 abutar,
513 2985 718 3056 inquit,
749 2995 993 3056 potestate
1019 3004 1128 3040 mea
1156 2989 1207 3041 in
1234 2987 1532 3061 Evangelia.

242 3073 463 3131 CAPUT
487 3074 752 3130 XL—lﬁ.
771 3072 834 3130 In
852 3077 946 3129 hac
963 3094 1032 3137 re,
1054 3087 1104 3130 ut
1123 3079 1173 3131 in
1190 3076 1322 3143 aliis,
1340 3077 1534 3133 Paulus
1550 3095 1750 3134 excom-

169 3167 406 3240 passione
426 3185 477 3220 se
499 3168 720 3238 inﬁrmis
749 3169 1111 3222 accommodat.
1135 3169 1397 3234 Quomodo
1411 3172 1520 3226 sine
1547 3157 1750 3240 ﬁctione

166 3271 214 3312 et
243 3257 447 3328 fallacia
482 3263 655 3331 [actus
687 3271 759 3313 est
786 3261 930 3330 quasi
953 3261 1042 3313 sub
1069 3261 1174 3331 lege
1202 3257 1255 3314 et
1297 3264 1441 3332 quasi
1480 3264 1587 3316 sine
1618 3264 1746 3335 lege.

162 3347 327 3406 Timet
366 3369 430 3406 ne
469 3341 822 3423 Evangelium,
844 3354 886 3407 si
916 3370 977 3407 e1:
1002 3371 1058 3406 eo
1082 3355 1227 3420 vivat,
1257 3356 1428 3409 venale
1463 3365 1661 3425 putetur
1685 3356 1747 3410 ab

161 3444 404 3511 infirmis.
427 3437 544 3498 1am
582 3461 712 3499 vero
752 3447 870 3516 quia
901 3445 1187 3500 inﬁrmitati
1228 3447 1499 3502 hominum
1528 3465 1749 3520 compa-

168 3534 316 3588 tiens
339 3535 394 3588 id
422 3534 674 3606 faciebat,
705 3537 982 3607 audiamus
1015 3539 1290 3609 sequentia
1324 3558 1336 3592 :
1373 3539 1499 3594 Cum
1523 3541 1655 3593 enim
1690 3539 1754 3594 li-

173 3621 263 3679 ber
304 3626 426 3691 sint,
453 3628 632 3697 inquit,
662 3645 726 3684 ea:
755 3629 1016 3697 omnibus,
1039 3633 1261 3686 omnium
1296 3649 1372 3685 me
1394 3649 1589 3688 servum
1617 3635 1747 3705 feci,

163 3725 225 3796 stt
248 3717 428 3789 plures
451 3718 788 3790 lucrifacerent
818 3737 837 3776 :
862 3724 923 3776 iis
952 3724 1034 3792 qui
1059 3725 1149 3778 sub
1169 3722 1304 3795 Lege
1323 3733 1462 3790 sunt,
1491 3725 1638 3796 quasi
1661 3725 1751 3780 sub

163 3793 320 3879 Lege,
342 3826 461 3863 cum
492 3827 591 3864 non
628 3813 722 3865 sim
749 3813 854 3881 ipse
875 3814 968 3867 sub
993 3813 1154 3884 Lege,
1185 3793 1260 3868 uti
1278 3832 1362 3870 eos
1391 3817 1474 3885 qui
1503 3793 1594 3871 sub
1621 3815 1755 3888 Lege

168 3913 310 3954 erant
350 3904 737 3975 lucrifacerem;
776 3906 837 3959 iis
861 3907 948 3976 qui
977 3907 1083 3960 sine
1109 3905 1243 3978 Lege
1269 3917 1388 3961 sunt
1407 3947 1422 3970 ,
1462 3909 1612 3979 quasi
1645 3911 1755 3963 sine

175 3983 324 4064 Lege,
351 4014 466 4048 cum
498 3998 609 4050 sine
628 3997 736 4068 lege
763 3991 854 4050 Dei
882 4015 980 4051 non
1005 4000 1099 4051 sim
1119 4039 1134 4061 ,
1157 3999 1244 4054 sed
1271 4000 1367 4054 sint
1396 4001 1447 4052 in
1477 4002 1584 4069 lege
1607 3999 1754 4054 Chri-

175 4086 264 4146 sti,
294 4097 345 4138 ιιι
389 4089 737 4159 tun-ifaceretu
778 4106 861 4143 eos
897 4091 983 4159 qui
1011 4092 1116 4144 sine
1141 4089 1274 4162 Lege
1298 4101 1432 4145 sunt.
1464 4080 1614 4160 Quod
1649 4109 1756 4148 non

174 4175 458 4233 simulandi
481 4181 714 4233 versutia
743 4179 998 4248 faciebat,
1028 4179 1120 4236 sed
1162 4182 1520 4252 compatiendi
1547 4184 1756 4239 miseri-

171 4268 394 4332 cordia;
425 4271 476 4324 id
500 4280 610 4336 est,
644 4286 748 4324 non
775 4259 923 4341 quasi
951 4283 1006 4326 ut
1029 4287 1088 4327 se
1112 4273 1334 4342 lingeret
1356 4272 1620 4341 Judmnm,
1648 4275 1756 4331 sie-

172 4367 231 4409 ut
280 4360 521 4414 nonnulli
565 4371 901 4431 putaverunt,
930 4364 1052 4434 quia
1079 4363 1313 4434 legitima
1343 4374 1524 4421 vetera
1539 4365 1758 4423 Jeroso-

177 4448 336 4520 lymis
365 4453 667 4508 observavit
697 4455 792 4526 (a).
825 4453 969 4511 Fecit
997 4457 1138 4511 enim
1167 4457 1269 4513 hoc
1302 4460 1594 4515 secundum
1625 4462 1758 4518 libe-

178 4549 290 4596 ram
328 4551 388 4600 et
432 4541 762 4604 manifestam
793 4551 1109 4606 sententiam
1147 4565 1327 4620 suam,
1371 4553 1422 4608 in
1463 4570 1564 4625 qua
1609 4555 1757 4623 dicit,

176 4629 519 4691 Cacumcisus
559 4639 671 4707 quis
723 4651 923 4695 vocatus
972 4641 1086 4696 est?
1135 4659 1236 4697 non
1291 4644 1512 4720 adducat
1557 4663 1761 4718 pra’pu-

180 4724 342 4778 tinni'
363 4745 382 4794 ;
403 4728 453 4786 id
486 4737 567 4783 est
589 4771 605 4797 ,
640 4746 742 4783 non
770 4732 848 4786 sic
881 4731 1040 4799 vivat,
1065 4734 1212 4803 quasi
1243 4737 1562 4805 prteputium
1592 4738 1761 4792 addu-

181 4821 338 4878 xerit.
365 4831 417 4875 et
444 4807 497 4877 id
527 4822 667 4892 quod
697 4823 984 4879 nudaverat
1026 4828 1219 4881 texerit
1265 4844 1281 4883 :
1319 4830 1457 4884 sicut
1496 4830 1602 4884 alio
1643 4831 1761 4886 loco

180 4907 331 4978 dicit,
367 4911 688 4971 Circumcisio
719 4927 807 4970 tua
841 4919 1142 4989 prwputium
1185 4920 1324 4989 facta
1362 4931 1434 4976 est
1475 4921 1668 4993 (Rom.
1699 4937 1760 4990 tt,

179 4999 295 5073 25).
331 5003 634 5062 Secundum
661 5009 797 5065 hanc
824 5025 952 5081 ergo
977 5012 1294 5067 sententiam
1333 5028 1484 5070 suam
1506 5057 1522 5083 ,
1546 5032 1646 5085 qua
1677 5016 1760 5070 di-

177 5093 268 5158 cit,
302 5091 644 5154 Circumcisus
666 5101 776 5171 quis
798 5111 999 5156 vocatus
1028 5103 1143 5157 est?
1171 5120 1272 5157 non
1302 5105 1524 5160 adducat
1553 5124 1763 5178 pratpu-

178 5186 332 5240 dum.
365 5187 427 5243 In
463 5193 710 5262 prtrputio
734 5194 845 5263 quis
871 5209 1073 5248 vocatus
1103 5197 1213 5248 est?
1241 5213 1339 5250 non
1380 5199 1765 5260 circumcidatur

180 5274 222 5348 (1
251 5275 382 5335 Cor.
405 5297 498 5349 vn,
527 5283 651 5352 18);
681 5283 802 5338 fecit
841 5284 925 5337 illa
966 5300 1085 5355 quae
1127 5302 1234 5341 non
1273 5288 1687 5360 intelligentilms
1711 5301 1767 5346 et

177 5384 375 5440 parum
416 5376 808 5432 attendentihus
851 5379 1066 5434 ﬁnxisse
1111 5389 1326 5450 putatus
1373 5392 1500 5447 est;
1551 5383 1768 5441 ,ἰωὴ-υς

176 5466 329 5520 enim
345 5478 456 5521 erat
471 5469 884 5527 etcircum‘cisds
904 5485 1140 5536 vocatus;
1166 5465 1333 5529 noluit
1348 5476 1613 5533 adducere
1634 5494 1770 5548 prce-

245 5600 268 5669 ξ
303 5599 472 5651 Plu-es
487 5609 625 5669 15.,
634 5607 770 5669 qua}
781 5600 1012 5665 hilum,
1031 5616 1129 5669 qua
1145 5608 1405 5659 veritatem.

244 5662 403 5740 {qua
419 5671 473 5740 et
490 5662 711 5740 prosilire
733 5666 974 5740 loco)”,
998 5662 1296 5734 praeputium
1309 5709 1322 5734 ,
1351 5686 1380 5722 a
1397 5679 1503 5722 Mss.
1523 5674 1680 5740 abest,
1700 5677 1774 5730 uti

178 5729 286 5791 sta
299 5735 470 5791 βψω
489 5729 632 5791 textu
656 5729 881 5791 Apostoli.

243 5786 330 5851 (α)
344 5788 544 5840 Hieron.
568 5789 620 5843 in
642 5786 786 5854 epist.
824 5793 952 5843 inter
973 5794 1339 5860 Augustiaiauas
1357 5799 1445 5855 75,
1469 5801 1518 5850 tt.
1544 5801 1674 5854 9-H.

1591 288 1791 344 LIBER
1830 288 2031 347 UNUS.

3355 309 3463 374 558

1877 403 2104 474 putium,
2131 403 2184 460 id
2205 413 2306 473 est,
2324 408 2493 466 noluit
2518 410 2589 467 ita
2613 412 2792 472 vivere
2817 429 2882 472 ac
2900 418 2944 474 si
2975 419 3321 481 circumcisus
3345 441 3451 483 non

1874 495 2036 548 esset.
2061 494 2179 550 lloc
2208 498 2348 574 enim
2385 499 2496 569 jam
2545 501 2596 556 in
2649 513 2909 574 potestate
2948 508 3208 568 habebat.
3241 514 3309 570 Et
3352 517 3454 574 Sub

1861 575 2016 655 lege
2032 587 2242 658 quidem
2262 605 2367 645 non
2393 602 2510 647 erat
2531 591 2667 650 sicut
2692 598 2764 652 illi
2793 601 2878 669 qui
2895 617 3012 657 eam
3029 604 3298 663 serviliter
3318 624 3450 680 ope-

1873 679 2147 747 rabautur;
2185 683 2278 738 sed
2307 688 2554 764 tamenin
2586 690 2700 762 lege
2729 692 2821 748 Dei
2846 705 2899 750 et
2922 696 3136 755 Christi.
3163 700 3278 758 Non
3305 679 3451 762 enim

1872 767 1973 826 alia
2006 773 2092 828 lex
2130 784 2247 830 erat
2273 775 2358 833 illa
2384 789 2437 834 et
2463 781 2562 835 alia
2597 783 2682 838 lex
2714 786 2826 852 Dei,
2869 790 3006 845 sicut
3047 794 3238 862 perditi
3277 797 3448 854 Mani-

1873 859 2007 916 ehazi
2037 865 2214 920 solent
2239 866 2438 925 dicere.
2461 871 2706 942 Alioquin
2730 876 2774 930 si
2801 892 2919 932 cum
2942 881 3029 936 illa
3048 859 3207 952 iecit,
3237 886 3454 948 ﬁnxisse

1873 953 2138 1022 putandus
2161 966 2271 1021 est;
2299 959 2448 1014 tinxit
2476 971 2529 1016 et
2552 980 2812 1035 paganum
2849 980 2902 1024 et
2929 972 3242 1032 sacriﬁcavit
3273 979 3450 1048 idolis,

1874 1044 1995 1113 Quia
2013 1044 2139 1101 dicit
2161 1047 2356 1103 factum
2372 1052 2436 1105 'se
2468 1051 2632 1110 fuisse
2659 1055 2721 1110 iis
2737 1061 2824 1128 qui
2847 1061 2961 1116 sine
2984 1062 3125 1135 Lege
3153 1077 3275 1122 sunt
3299 1044 3453 1140 quasi

1872 1136 1989 1191 ‘sine
2016 1136 2176 1209 Lege.
2191 1141 2334 1209 Quos
2349 1145 2532 1215 utique
2549 1163 2650 1202 non
2670 1151 2769 1205 nisi
2785 1150 3044 1224 Gentiles,
3067 1172 3198 1228 quos
3209 1136 3450 1232 Paganos

1871 1223 2116 1300 dicimus,
2150 1231 2262 1287 vult
2287 1233 2526 1306 intelligi.
2557 1239 2712 1294 Aliud
2744 1253 2825 1296 est
2851 1259 2978 1314 ergo
3009 1223 3126 1302 esse
3157 1250 3256 1306 sub
3284 1223 3449 1324 Lege,

1870 1319 2010 1410 aliud
2034 1321 2090 1376 in
2118 1321 2277 1394 Lege,
2305 1327 2444 1382 aliud
2464 1333 2578 1385 sine
2611 1331 2769 1404 Lege.
2797 1335 2908 1391 Sub
2933 1337 3074 1410 Lege
3098 1344 3340 1400 carnales
3354 1319 3452 1402 lu;

1868 1408 1967 1464 dmi
1985 1428 1999 1467 :
2016 1413 2066 1466 in
2087 1414 2224 1486 Lege
2237 1418 2453 1499 spiritua
2463 1420 2536 1475 les
2551 1431 2604 1476 et
2628 1423 2796 1480 Judaei
2815 1437 2868 1482 et
2887 1408 3197 1499 Christiani;
3219 1437 3359 1492 unde
3376 1437 3455 1495 illi

1869 1515 2215 1586 servaverunt
2242 1498 2447 1563 morem
2469 1512 2613 1566 illum
2641 1516 2868 1584 patrium
2889 1559 2904 1586 ,
2934 1522 3028 1577 sed
3054 1498 3214 1580 onera
3237 1527 3451 1584 insolita

1867 1593 2206 1651 credentibus
2225 1597 2479 1656 Gentibus
2498 1620 2601 1658 non
2633 1606 3031 1679 imposuerunt;
3049 1624 3103 1670 et
3126 1616 3242 1672 ideo
3263 1629 3316 1674 et
3333 1620 3408 1675 illi
3430 1621 3451 1654 ⁸

1864 1684 2160 1741 cireumcisi
2178 1686 2300 1745 sunt
2331 1693 2478 1748 :sine
2499 1694 2638 1765 Lege
2651 1709 2829 1754 autem
2848 1701 3045 1759 Gentes
3069 1723 3186 1776 qua:
3216 1710 3453 1767 nondum

1865 1775 2221 1846 crediderunt,
2237 1781 2431 1860 quibus
2451 1797 2624 1850 tamen
2651 1805 2710 1845 se
2735 1794 3020 1862 Apostolus
3035 1775 3345 1870 cungruisse
3373 1813 3452 1858 te-

1863 1872 2031 1922 Statur
2059 1885 2152 1938 per
2178 1874 2574 1932 misericordem
2603 1885 3044 1952 compassionem,
3070 1907 3174 1945 non
3207 1907 3301 1962 per
3326 1910 3452 1949 ver-

1861 1956 2100 2027 sipellem
2129 1963 2545 2034 simulationem;
2581 1966 2630 2024 id
2660 1982 2761 2038 est,
2792 1968 2930 2030 ut'eo
2951 1981 3113 2034 modo
3144 1956 3451 2042 subveniret

1846 2045 2059 2103 ‘carnali
2086 2049 2271 2142 Judmo
2291 2055 2373 2109 vel
2405 2056 2637 2128 Pagano,
2667 2078 2773 2132 quo
2801 2057 2960 2121 modo
2985 2068 3086 2124 sibi
3114 2072 3249 2142 ipse,
3273 2077 3318 2128 si
3341 2076 3446 2134 hoc

1864 2143 2027 2207 esset,
2060 2129 2330 2200 subveniri
2358 2148 2614 2204 voluisset
2647 2129 2903 2222 :portans
2931 2159 3112 2229 utique
3135 2129 3321 2218 eorum
3355 2166 3444 2222 in-

1863 2223 2172 2286 ﬁrmitatem
2202 2235 2253 2288 in
2291 2239 2677 2307 campassionis
2710 2223 3092 2318 similitudine,
3116 2268 3222 2307 non
3259 2254 3448 2312 fallens

1861 2319 1914 2376 in
1942 2323 2205 2403 mendacii
2236 2326 2486 2397 ﬁctione;
2516 2333 2652 2388 sicut
2686 2338 2940 2394 continuo
2969 2346 3232 2413 sequitur,
3272 2355 3328 2403 et
3360 2350 3448 2406 di-

1857 2411 1953 2478 ‘cit,
1983 2411 2176 2470 Factus
2204 2435 2314 2472 sum
2335 2420 2550 2489 inﬁrmis
2570 2423 2824 2495 inﬁrmus,
2847 2439 2902 2483 ut
2928 2411 3157 2500 inﬁrmos
3182 2437 3449 2511 lucriface-

1860 2512 1966 2557 ‘rem
1989 2499 2160 2579 (lCor.
2192 2524 2266 2576 ix,
2301 2509 2487 2583 1-22).
2516 2511 2651 2570 Hinc
2668 2517 2808 2571 enim
2841 2499 3178 2592 loquebatur,
3210 2499 3446 2584 utetiam

1861 2597 2039 2650 omnia
2064 2597 2152 2652 illa
2174 2597 2397 2657 diceret.
2428 2601 2577 2657 Sicut
2623 2619 2751 2675 ergo
2794 2609 2936 2676 quod
2965 2609 3138 2668 factus
3179 2623 3261 2670 est
3298 2618 3449 2674 inﬁr-

1859 2689 1964 2744 mis
1985 2689 2248 2758 inﬁrmus,
2279 2710 2385 2749 non
2411 2704 2528 2751 erat
2552 2698 2924 2767 mendacium;
2954 2704 3031 2758 sic
3059 2713 3112 2760 et
3131 2718 3321 2763 csetera
3361 2711 3447 2766 illa

1860 2785 2131 2854 superius.
2169 2786 2337 2856 Quam
2368 2790 2510 2844 enim
2559 2792 2688 2847 dicit
2718 2792 3083 2852 inﬁrmitatem
3124 2815 3276 2855 suam
3318 2817 3446 2874 erga

1863 2875 2106 2932 inﬁrmos
2147 2877 2333 2947 fuisse,
2367 2881 2468 2935 nisi
2498 2885 2855 2952 compatiendi
2892 2887 3005 2953 eis,
3038 2890 3088 2944 in
3119 2899 3322 2946 tantum
3350 2903 3445 2962 ut,

1859 2985 1929 3024 ne
1953 2969 2224 3027 videretur
2250 2974 2495 3029 venditor
2524 2976 2820 3047 Evangelii,
2846 2989 2900 3034 et
2924 2983 3072 3036 verbi
3103 2984 3194 3038 Dei
3226 3001 3445 3041 cursum

1860 3049 2000 3131 apud
2031 3062 2308 3132 imperitos
2334 3065 2384 3119 in
2417 3067 2608 3120 malam
2639 3070 2996 3137 suspicionem
3035 3073 3289 3131 decidens
3338 3076 3445 3130 im-

1860 3153 2086 3222 pediret,
2112 3155 2281 3209 nollet
2312 3157 2556 3225 accipere
2595 3160 2735 3228 quod
2758 3160 2880 3229 jure
2917 3161 3185 3218 dominico
3211 3166 3448 3224 debeba-

1861 3236 1983 3297 tur?
2007 3235 2157 3311 Quod
2182 3245 2224 3298 si
2255 3245 2432 3310 vellet,
2465 3262 2566 3300 ιιοιι
2599 3249 2776 3318 utique
2805 3253 3140 3320 mentiretur,
3167 3261 3288 3326 quia
3321 3274 3451 3317 vero

1859 3331 2157 3388 debebatur
2185 3353 2197 3387 :
2227 3339 2440 3405 et,quia
2471 3338 2672 3405 noluit,
2701 3355 2804 3393 non
2835 3342 3016 3412 utique
3047 3349 3301 3400 mentitus
3341 3359 3446 3403 est.

1858 3423 2040 3496 Neque
2068 3427 2209 3481 enim
2241 3429 2372 3483 dixit
2401 3445 2505 3484 non
2547 3431 2646 3485 sibi
2677 3432 2857 3488 deberi
2885 3451 2900 3488 :
2934 3435 3025 3488 sed
3054 3437 3235 3493 deberi
3266 3449 3450 3496 osten-

1860 3515 1959 3584 dit,
1989 3527 2042 3572 et
2070 3517 2248 3574 debito
2268 3537 2325 3574 se
2352 3537 2506 3575 usum
2541 3539 2643 3575 non
2668 3537 2807 3588 esse,
2841 3541 2938 3579 nec
2962 3528 3179 3582 omnino
3209 3530 3284 3584 uti
3315 3531 3452 3588 velle

1860 3606 2134 3680 professus
2161 3622 2276 3673 est,
2310 3626 2376 3666 eo
2407 3613 2521 3682 ipso
2559 3611 2725 3667 lactus
2762 3615 3030 3681 inﬁrmus,
3055 3607 3161 3688 Quo
3193 3631 3452 3689 potestate

1862 3717 1957 3757 sua
1990 3702 2062 3756 uti
2091 3703 2290 3768 noluit;
2326 3713 2429 3758 tam
2474 3705 2807 3760 misericordi
2847 3709 3048 3764 scilicet
3085 3711 3300 3768 indutus
3321 3711 3452 3770 alle-

1862 3799 1970 3854 ctu,
2013 3801 2068 3846 ut
2107 3795 2364 3862 cogitaret
2391 3795 2837 3865 quemadmodum
2870 3814 3050 3854 secum
3080 3803 3162 3872 agi
3187 3805 3373 3868 vellet,
3405 3806 3454 3861 si

1862 3893 1918 3938 et
1949 3884 2060 3953 ipse
2100 3886 2170 3938 ita
2215 3885 2590 3955 inﬁrmaretur,
2622 3898 2678 3942 ut
2721 3899 2898 3958 posset
2931 3893 2997 3946 de
3039 3891 3143 3948 illis
3187 3911 3280 3965 per
3317 3912 3454 3967 quos

1864 3975 1963 4028 sibi
1995 3976 2333 4046 Evangeliuut
2359 3979 2756 4048 pra‘dicaretur,
2778 3983 2821 4037 si
2851 3998 2945 4038 eos
2972 3983 3175 4040 videret
3207 3999 3452 4058 sumptus

1863 4067 2127 4136 accipere.
2160 4070 2308 4138 quasi
2339 4073 2801 4125 mercimoniorum
2831 4074 3098 4130 ntmdinas
3129 4080 3409 4148 suspicari.

1871 4145 1890 4157 ”
1935 4157 2161 4214 CAPUT
2201 4159 2407 4214 Xll.—
2433 4161 2518 4217 13.
2552 4161 2882 4231 lnﬁrmorum
2928 4167 3164 4235 periculis
3206 4145 3447 4246 tremefa-

1864 4255 1973 4301 ctus
2002 4249 2136 4319 eligit
2165 4249 2424 4318 laborare,
2454 4268 2606 4320 quam
2637 4249 2701 4306 de
2729 4253 3001 4326 Evangelia
3029 4257 3209 4313 vivere.
3235 4261 3308 4313 De
3351 4261 3452 4317 hac

1866 4337 2172 4395 inﬁrmitate
2199 4356 2290 4394 sua
2318 4339 2447 4396 dicit
2475 4344 2581 4397 alio
2605 4345 2722 4399 loco
2753 4363 2766 4398 :
2792 4343 2940 4400 Facti
2969 4365 3144 4404 sumus
3173 4353 3368 4420 parvuli
3397 4355 3451 4406 in

1866 4433 2029 4487 medio
2056 4443 2290 4501 vestrum,
2311 4444 2546 4506 tanquam
2567 4438 2610 4491 si
2638 4437 2812 4493 nutrix
2829 4440 2992 4508 foveat
3011 4441 3148 4511 ﬁlios
3166 4444 3452 4500 suos.Nam

1867 4524 1983 4594 ejus
2007 4515 2404 4580 circumstantia
2433 4528 2675 4584 lectionis
2697 4529 2798 4587 hoc
2824 4531 3018 4588 indicat
3049 4551 3064 4588 :
3096 4533 3276 4604 Neque
3295 4537 3450 4606 enim,

1867 4613 2057 4686 inquit,
2086 4614 2355 4688 aliquando
2390 4618 2440 4672 in
2477 4633 2705 4676 sermone
2727 4621 3038 4678 adulationis
3076 4627 3284 4696 fuimus,
3325 4627 3457 4684 sicut

1867 4709 2038 4773 scitis;
2081 4727 2236 4780 neque
2278 4711 2328 4764 in
2360 4715 2619 4767 occasione
2647 4709 2934 4782 cupiditatis
2955 4758 2970 4780 ,
3003 4713 3139 4771 Deus
3178 4720 3313 4774 testis
3348 4731 3458 4789 est;

1868 4815 2024 4870 neque
2049 4811 2322 4871 qua'rentcs
2361 4806 2422 4857 ab
2463 4805 2744 4859 hominibus
2762 4797 2998 4878 gloriam,
3032 4827 3186 4878 neque
3225 4815 3256 4863 α
3297 4813 3452 4880 vobis,

1869 4909 2025 4964 neque
2048 4891 2109 4947 ab
2138 4895 2252 4948 aliis
2273 4911 2293 4959 ;
2319 4912 2430 4948 cum
2450 4914 2707 4966 possemus
2725 4901 2865 4955 oneri
2885 4901 3022 4956 vobis
3039 4920 3164 4969 esse,
3192 4915 3243 4957 ut
3271 4904 3461 4962 Christi

1869 4979 2098 5056 Apostoli
2127 5001 2145 5039 :
2171 4988 2257 5040 sed
2298 4989 2423 5060 {acti
2459 5005 2628 5042 sumus
2669 4991 2869 5062 parvuli
2907 4993 2962 5048 in
3011 4995 3173 5048 medio
3210 5006 3460 5064 vestrum;

1873 5087 2108 5149 tanquam
2133 5080 2178 5133 si
2201 5081 2373 5134 nutrix
2402 5083 2562 5152 foveat
2597 5083 2730 5152 ﬁlios
2765 5102 2883 5139 suos
2923 5086 2977 5157 (l
3011 5083 3183 5141 Thess.
3216 5105 3282 5156 ll,
3307 5089 3452 5159 5-7).

1873 5171 2022 5238 Quod
2049 5188 2175 5241 ergo
2201 5173 2264 5226 ad
2297 5170 2604 5229 Corinthios
2629 5174 2790 5236 dicit,
2826 5175 3024 5233 habere
3049 5193 3106 5231 se
3139 5187 3456 5247 potestatem

1873 5263 2199 5332 apostolatus
2227 5265 2342 5329 sui,
2387 5265 2525 5320 sicut
2562 5275 2616 5319 et
2655 5265 2833 5321 cmteri
2865 5265 3104 5336 Apostoli
3131 5310 3146 5334 ,
3178 5286 3276 5339 qua
3309 5281 3462 5339 pote-

1875 5361 2009 5408 state
2024 5370 2176 5408 usum
2205 5371 2261 5410 sc
2279 5371 2382 5409 non
2410 5371 2527 5410 esse
2550 5364 2806 5420 testatur;
2831 5356 2931 5412 hoc
2949 5359 3105 5413 etiam
3137 5361 3186 5414 in
3219 5362 3319 5414 isto
3342 5363 3458 5417 loco
3485 5350 3502 5420 ξ

1876 5443 1942 5496 ad
1960 5443 2462 5499 Thessalonicenses
2480 5447 2570 5507 ait.
2593 5445 2714 5500 Cum
2733 5465 2988 5518 possemus
3005 5451 3146 5502 oneri
3171 5450 3305 5504 vobis
3329 5469 3458 5517 esse,

1876 5539 1928 5586 ut
1961 5531 2146 5589 Christi
2186 5535 2416 5605 Apastoli
2452 5553 2470 5592 :
2501 5538 2791 5592 secundum
2823 5539 2961 5610 quod
2993 5541 3250 5596 Dominus
3293 5541 3420 5596 dicit
3443 5585 3459 5611 ,

1944 5748 1961 5776 ι
1989 5744 2132 5818 illiti,
2159 5758 2242 5817 nec
2268 5744 2356 5796 illi.
2385 5753 2438 5795 At
2463 5754 2564 5818 Mss.
2587 5746 2785 5802 habent,
2809 5742 2948 5818 etilti
2977 5747 3220 5814 :scilicet,
3240 5751 3467 5818 spiritua-

1882 5804 1962 5858 les
1982 5804 2129 5858 Judaei
2157 5810 2240 5872 qui
2269 5815 2526 5860 servarunt
2547 5819 2731 5858 morem
2749 5808 2972 5871 patrium.
