3930 6368
478 354 584 413 559

479 466 680 539 Dignus
703 473 773 520 est
797 461 1056 534 operarius
1084 459 1308 513 mercede
1340 473 1453 513 sua.
1490 457 1623 514 Nam
1666 458 1789 514 hinc
1823 471 1943 513 eum
1974 454 2059 508 di-

482 576 629 625 cere,
660 558 788 611 illud
822 555 1016 609 indicat
1041 552 1181 621 quod
1213 568 1371 621 supra
1394 553 1569 622 posuit
1600 571 1612 606 :
1647 552 1824 621 Neque
1851 552 1901 604 in
1923 564 2070 603 occa-

480 650 620 705 sione
642 646 932 715 cupiditatis
956 687 970 709 ,
996 642 1132 697 Deus
1171 643 1305 696 testis
1347 651 1440 698 est.
1466 642 1568 697 Per
1608 643 1707 697 hoc
1740 642 1884 699 enim
1926 638 2068 710 quod

480 739 599 810 jure
628 737 894 791 dominico
920 734 1214 789 debebatur
1241 733 1394 788 bouis
1419 735 1757 805 evangelistis
1775 776 1789 799 ,
1816 748 1917 786 non
1943 746 2067 801 pro-

483 839 602 898 pter
627 828 729 881 hoc
758 825 1273 895 evangelizantibus,
1305 824 1399 878 sed
1443 825 1803 895 quaerentibus
1846 837 2070 893 regnum

479 919 603 986 Dei,
634 927 692 971 ut
722 917 833 970 hmc
856 916 1031 971 omnia
1053 924 1448 984 apponerentur
1474 917 1549 970 eis
1568 956 1582 981 ,
1616 914 1957 969 inveniebant
1982 912 2071 965 alii

482 1011 842 1075 occasionem,
889 1009 954 1063 de
990 1009 1181 1078 quibus
1230 1007 1369 1062 idem
1397 1008 1560 1076 dicit,
1592 1006 1769 1077 Neque
1808 1007 1939 1061 enim
1988 1006 2073 1059 isti

489 1104 597 1158 Deo
619 1104 857 1164 serviunt,
890 1102 978 1155 sed
1011 1116 1102 1154 suo
1141 1100 1301 1154 ventri
1339 1098 1523 1172 (Rom.
1552 1116 1643 1154 xv:
1668 1142 1683 1166 ,
1724 1100 1836 1169 l8).
1873 1098 2075 1165 Quibus

488 1195 624 1248 hanc
649 1198 983 1248 occasionem
1001 1199 1275 1260 amputare
1297 1190 1822 1261 volebatApostolus,
1840 1187 2074 1243 utetiam

488 1284 630 1355 quod
652 1283 751 1337 sibi
791 1284 933 1352 juste
971 1281 1287 1346 debebatur,
1316 1283 1602 1337 omitteret.
1646 1284 1843 1351 Aperte
1880 1280 2077 1350 quippe

488 1375 593 1430 hoc
623 1376 733 1444 ipse
769 1372 1001 1429 ostendit
1041 1373 1094 1426 in
1123 1372 1355 1428 secunda
1392 1372 1460 1427 ad
1498 1371 1832 1437 Corinthios,
1864 1370 1932 1425 ab
1956 1370 2077 1424 aliis

488 1466 743 1521 Ecclesiis
771 1466 1041 1535 suppletas
1067 1464 1251 1519 dicens
1280 1466 1626 1520 necessitates
1666 1479 1810 1518 suas.
1847 1462 2077 1517 Venerat

489 1561 655 1623 enim,
699 1558 833 1613 sicut
880 1565 1131 1626 apparet,
1159 1555 1225 1610 ad
1258 1564 1455 1610 tantam
1495 1555 1869 1627 indigentiam,
1907 1563 1966 1608 ut
2009 1553 2077 1608 de

487 1651 791 1721 longinquis
834 1649 1088 1705 Ecclesiis
1123 1649 1172 1703 ei
1218 1648 1516 1704 necessaria
1554 1649 1923 1712 mitterentur,
1950 1645 2076 1699 dum

487 1753 667 1799 tamen
712 1744 780 1799 ab
824 1744 902 1798 eis
948 1741 1087 1812 apud
1126 1755 1260 1811 quos
1285 1742 1436 1797 erat‘
1468 1740 1600 1795 nihil
1646 1741 1751 1794 tale
1789 1739 2075 1808 acciperet.

491 1834 760 1907 Numquid
791 1844 1071 1905 peccatum,
1101 1834 1289 1903 inquit,
1319 1834 1435 1902 feci,
1460 1833 1717 1902 meipsum
1743 1830 2076 1895 humiliando,

492 1940 547 1982 ut
577 1945 663 1982 vos
706 1927 1082 1993 exaltaremini,
1126 1926 1364 1996 quoniam
1400 1926 1558 1997 gratis
1606 1924 1939 1995 Evangelium
1986 1921 2080 1977 Dei

492 2019 829 2089 evangelisavi
858 2018 1032 2071 vobis?
1053 2016 1195 2069 Alias
1224 2014 1483 2069 Ecclesias
1512 2015 1788 2084 exspoliavi
1832 2014 2083 2081 accipiens

491 2112 795 2183 stipendium
839 2110 907 2162 ad
950 2118 1165 2162 vestram
1203 2107 1657 2172 ministrationem;
1704 2115 1749 2159 et
1787 2121 1900 2159 cum
1943 2103 2083 2173 apud

488 2220 577 2259 vos
606 2205 813 2275 fuissem
830 2212 877 2255 et
900 2217 1124 2271 egerem,
1154 2200 1341 2253 nemini
1369 2202 1536 2271 gravis
1562 2199 1659 2270 fui.
1692 2196 1831 2251 Nam
1864 2197 1919 2251 id
1946 2195 2083 2265 quod

495 2296 669 2349 deerat
697 2295 820 2347 mihi
852 2293 1253 2363 adimpleverunt
1300 2294 1486 2363 fratres
1514 2291 1598 2360 qui
1625 2299 1863 2344 venerunt
1892 2306 1923 2341 a
1959 2288 2081 2342 Ma-

490 2386 720 2453 cedonia,
753 2394 798 2438 et
826 2385 879 2437 in
910 2382 1141 2436 omnibus
1169 2383 1431 2453 ingravate
1456 2397 1534 2434 me
1559 2381 1613 2433 in
1637 2380 1773 2433 vobis
1803 2378 2079 2445 custodivi,

491 2487 535 2531 et
566 2478 866 2531 custodiam.
900 2472 995 2529 Est
1016 2475 1197 2528 veritas
1223 2472 1406 2526 Christi
1436 2473 1489 2524 in
1520 2488 1624 2536 me,
1646 2470 1764 2539 quia
1789 2469 1952 2540 gloria
1976 2468 2084 2521 haec

496 2585 597 2623 non
622 2569 921 2638 infringatur
942 2567 993 2619 in
1019 2582 1096 2617 me
1120 2565 1174 2617 in
1198 2561 1484 2633 regionibus
1501 2560 1724 2613 Achaiw.
1744 2558 1946 2625 Quare?
1967 2558 2086 2627 quia

494 2677 595 2713 non
620 2676 704 2713 vos
730 2658 886 2729 diligo
906 2658 931 2709 Ρ
956 2655 1092 2708 Deus
1120 2654 1231 2707 scit.
1267 2653 1416 2720 Quod
1442 2661 1608 2704 autem
1631 2652 1762 2721 facio
1789 2658 1833 2701 et
1860 2648 2085 2717 facturus

491 2769 626 2817 sum,
660 2763 713 2805 ut
729 2758 985 2818 amputem
1011 2746 1326 2801 occasionem
1356 2761 1525 2797 eorum
1546 2743 1633 2812 qui
1655 2740 1825 2795 uolunt
1854 2739 2084 2793 occasio-

492 2859 627 2908 nem,
675 2852 730 2894 ut
780 2842 833 2894 in
865 2856 961 2907 quo
998 2836 1304 2909 gloriantur,
1353 2835 1670 2888 inveniantur
1721 2837 1851 2886 sicut
1903 2839 1949 2883 et
1993 2845 2084 2884 nos

493 2935 563 3006 (ll
586 2934 702 2989 Cor.
734 2949 808 2997 ιιι,
842 2929 1017 2999 7-12).
1049 2929 1123 2983 De
1162 2928 1259 2981 hac
1309 2926 1470 2996 igitur
1495 2923 1775 2979 occasione
1801 2937 1957 2993 quam
1999 2921 2085 2978 hic

498 3044 557 3083 se
584 3027 712 3082 dicit
737 3032 1033 3094 amputare,
1063 3022 1229 3075 voluit
1253 3019 1473 3089 intelligi
1500 3018 1641 3087 quod
1678 3017 1749 3071 ibi
1776 3016 1869 3083 ait,
1901 3013 2084 3085 Neque

494 3123 547 3175 in
569 3120 830 3175 occasione
850 3116 1161 3188 cupiditatis,
1194 3112 1326 3168 Deus
1355 3113 1492 3166 testis
1513 3120 1606 3165 est.
1634 3111 1701 3164 Et
1724 3109 1865 3180 quod
1895 3108 1979 3162 hic
1997 3107 2084 3161 di-

494 3214 587 3275 cit,
622 3211 709 3265 Me
729 3212 892 3282 ipsum
917 3205 1254 3270 humiliundo,
1286 3215 1340 3257 ut
1370 3220 1454 3257 vos
1481 3202 1830 3257 exaltaremini
1852 3216 1871 3255 :
1901 3200 2003 3255 hoc
2032 3199 2085 3253 in

493 3307 663 3377 prima
695 3304 760 3357 ad
782 3302 999 3357 eosdem
1034 3298 1361 3362 Corinthios,
1391 3296 1582 3350 Factus
1603 3313 1715 3371 sum
1754 3295 1969 3363 infirmis
2006 3294 2088 3347 in-

495 3401 706 3469 ﬁrmus;
737 3397 839 3450 hoc
869 3394 935 3449 ad
974 3391 1501 3455 Thessalonicenses,
1536 3388 1729 3442 Factus
1754 3404 1867 3440 sum
1902 3403 2087 3456 parvu-

482 3493 577 3547 lus
623 3492 674 3543 in
715 3488 878 3541 medio
917 3494 1166 3551 vestrum,
1193 3494 1435 3553 tanquam
1464 3483 1507 3535 si
1550 3481 1722 3534 nutrix
1759 3479 1922 3547 foveat
1953 3478 2087 3546 filios

494 3600 633 3638 suos.
665 3578 894 3635 Proinde
928 3575 1145 3631 attende
1173 3574 1450 3645 sequentia
1476 3590 1489 3626 :
1520 3571 1626 3638 Ita,
1660 3570 1853 3640 inquit,
1885 3569 2086 3623 deside-

496 3650 667 3728 rantes
688 3689 793 3738 vos,
818 3670 982 3741 placet
1008 3669 1263 3738 impertire
1288 3666 1425 3721 vobis
1446 3681 1549 3720 non
1570 3664 1734 3718 solum
1757 3662 2087 3732 Evangelium

495 3766 613 3834 Dei,
644 3781 813 3819 verum
837 3763 987 3816 etiam
1026 3761 1224 3813 animas
1262 3767 1463 3812 nostras
1492 3772 1513 3820 ,'
1539 3757 1781 3826 quoniam
1805 3755 2088 3808 charissimi

498 3860 640 3913 nobis
675 3856 798 3928 facti
832 3854 970 3909 estis.
1006 3850 1366 3906 Recordamini
1404 3849 1538 3901 enim
1564 3888 1577 3911 ,
1612 3849 1797 3918 fratres
1818 3886 1833 3910 ,
1868 3845 2088 3899 laborem

498 3962 723 4006 nostrum
752 3957 797 4002 et
822 3961 1133 4007 aerumnam,
1167 3953 1310 3996 nocte
1329 3950 1374 3993 et
1412 3940 1493 3994 die
1528 3946 1811 4010 operantes,
1844 3954 1907 3991 ne
1942 3953 2089 4007 quem

499 4052 713 4097 vestrum
740 4051 1064 4111 gruvaremus
1093 4033 1110 4102 (
1135 4032 1155 4086 l
1185 4031 1358 4085 Thess.
1385 4047 1441 4097 ιι,
1472 4031 1526 4094 8,
1551 4030 1633 4100 9).
1667 4029 1778 4083 Iloc
1816 4028 1958 4083 enim
2000 4043 2091 4082 su-

504 4136 681 4206 perius
710 4132 802 4194 ait,
841 4128 964 4183 Cum
1009 4140 1265 4197 possemus
1304 4121 1446 4177 oneri
1476 4122 1612 4176 vobis
1650 4137 1788 4185 esse,
1821 4131 1877 4174 ut
1905 4119 2091 4174 Christi

502 4225 752 4298 Apostoli.
777 4222 1113 4277 Inlirmorum
1143 4218 1301 4287 igitur
1327 4215 1574 4285 periculis
1597 4254 1615 4281 ,
1646 4229 1711 4268 ne
1742 4212 1891 4267 falsis
1914 4213 2090 4283 suspi-

502 4318 744 4377 cionibus
793 4313 970 4387 agitati
1018 4309 1258 4365 odissent
1299 4310 1449 4379 quasi
1495 4307 1681 4362 venale
1717 4304 2088 4375 Evangelium,

505 4427 752 4483 tauquam
780 4406 1011 4479 paternis
1035 4402 1395 4471 maternisque
1420 4400 1713 4456 visceribus
1752 4398 2093 4454 tremefactus

506 4507 607 4561 hoc
628 4503 770 4557 fecit.
796 4500 887 4555 Sic
912 4497 1074 4552 etiam
1101 4496 1154 4549 in
1178 4493 1396 4549 Actibus
1425 4490 1801 4561 Apostolorum
1839 4489 1978 4543 idem
2010 4490 2094 4543 lo-

505 4600 705 4669 quitur,
734 4609 853 4647 cum
884 4607 915 4645 a
946 4590 1125 4645 Mileto
1154 4587 1373 4641 mittens
1396 4584 1667 4653 Ephesum
1696 4590 1942 4636 vocasset
1971 4580 2097 4635 inde

508 4687 851 4758 presbyteros
878 4679 1148 4741 Ecclesiae,
1180 4675 1374 4745 quibus
1401 4674 1537 4728 inter
1554 4673 1717 4726 multa
1753 4689 1766 4723 :
1796 4672 2094 4739 Argentum,

517 4776 698 4848 inquit,
726 4781 772 4827 et
808 4785 990 4823 aurum
1014 4768 1091 4821 vel
1118 4775 1301 4819 vestem
1330 4762 1522 4817 nullius
1555 4762 1843 4832 concupiui,
1870 4761 1970 4830 ipsi
1999 4761 2098 4815 sci-

510 4872 612 4934 tis;
652 4864 891 4938 quoniam
932 4856 1304 4914 necessitatibus
1331 4853 1454 4907 meis
1493 4862 1538 4906 et
1572 4868 1745 4906 eorum
1782 4851 1865 4921 qui
1902 4868 2097 4905 mecum

512 4963 738 5031 fuerunt,
762 4955 840 5007 ha:
858 4966 1035 5004 manus
1065 4948 1344 5002 servierint.
1371 4941 1557 4998 Omnia
1583 4942 1777 4996 ostendi
1804 4943 1957 5006 vobis,
1981 4959 2099 5012 quo-

513 5052 652 5106 niam
694 5048 765 5102 sic
794 5045 1077 5099 laborantes
1119 5046 1314 5109 oportet
1348 5039 1534 5109 juvare
1562 5035 1792 5103 inﬁrmos
1813 5076 1826 5097 ,
1856 5051 2099 5090 memores

512 5146 664 5202 etiam
703 5139 963 5195 verborum
994 5133 1199 5188 Domini
1224 5131 1349 5185 Iesu
1366 5173 1379 5193 ,
1407 5130 1526 5201 quia
1550 5129 1657 5200 ipse
1696 5127 1823 5207 dixit
1852 5144 1871 5181 :
1896 5126 2100 5182 Beatius

513 5252 584 5296 est
609 5238 768 5308 magis
789 5236 911 5289 dare
936 5247 1087 5301 quam
1105 5228 1332 5299 accipere
1359 5225 1495 5297 (Act.
1526 5240 1617 5289 xx,
1639 5222 1851 5293 55-55).

587 5328 814 5385 CAPUT
852 5324 1076 5380 Xlll.—
1106 5322 1191 5375 M.
1228 5319 1374 5387 Quod
1404 5326 1509 5372 erat
1530 5334 1656 5387 opus
1682 5315 1945 5387 corporale
1972 5315 2103 5385 Apo-

517 5425 654 5481 stoli.
691 5421 860 5489 Opera
884 5418 1091 5470 honesta
1116 5413 1183 5466 ad
1218 5414 1398 5465 victum
1424 5410 1843 5478 comparandum.
1877 5409 1970 5463 llic
1994 5408 2103 5462 for-

520 5530 663 5575 tasse
708 5512 898 5583 aliquis
938 5510 1080 5563 dicat
1124 5524 1138 5560 :
1187 5504 1243 5559 Si
1285 5504 1560 5574 corporale
1604 5519 1736 5571 Opus
1785 5501 2105 5571 operabatur

522 5607 828 5681 Apostolus,
875 5600 1017 5657 unde
1054 5599 1216 5652 vitam
1247 5596 1401 5649 istam
1429 5602 1783 5657 sustentaret;
1813 5592 1953 5663 quod
1989 5598 2107 5646 erat

524 5704 697 5777 ipsum
726 5713 883 5768 opus,
912 5702 968 5750 et
994 5691 1206 5763 quando
1229 5690 1277 5744 ei
1299 5689 1522 5745 vacabat
1544 5695 1599 5743 et
1624 5686 1831 5759 operari
1859 5694 1914 5741 et
1932 5685 2107 5741 Evan-

580 5800 606 5848 ἰ
640 5809 835 5869 Quidam
860 5815 982 5867 Mss,
1001 5800 1312 5867 prcedicabat.

1424 341 1508 396 DE
1547 338 1773 397 OPERE
1811 336 2311 407 MONACHORUM,
2349 338 2407 396 S.
2449 338 2816 397 AUGUSTINI

3660 344 3761 403 560

2176 456 2370 526 gelium
2403 456 2725 526 praedicare?
2751 455 2845 511 Cui
2884 456 3183 528 respondeo
3209 457 3372 514 :Puta
3388 474 3477 515 me
3505 461 3720 515 nescire
3743 472 3761 523 ;

2176 548 2525 617 corporaliter
2554 556 2727 602 tamen
2766 560 3041 619 operatum
3071 565 3223 616 esse,
3256 560 3308 604 et
3349 550 3474 605 inde
3519 553 3576 605 in
3602 567 3763 610 carne

2176 640 2403 706 vixisse,
2437 657 2541 695 non
2590 650 2767 696 autem
2808 656 2957 696 usum
3011 651 3276 714 potestate
3300 659 3459 712 quam
3496 644 3757 702 Dominus

2178 731 2451 801 Apostolis
2502 730 2757 799 dederat,
2808 742 2865 787 ut
2911 732 3259 803 Evangelium
3330 736 3655 790 annuntians
3702 736 3768 793 de

2182 821 2469 891 Evangelio
2495 823 2715 889 viveret,
2762 839 2823 878 ea
2853 840 2971 894 qua:
3000 839 3157 895 supra
3181 824 3319 879 dicta
3351 836 3478 880 sunt
3522 827 3641 882 sine
3665 829 3764 884 ulla

2182 911 2510 968 dubitatione
2546 922 2828 970 testantur.
2881 915 3067 986 Neque
3091 917 3235 971 enim
3276 926 3368 971 aut
3400 933 3509 971 uno
3534 918 3655 973 loco
3680 928 3768 975 aut

2183 1004 2415 1061 breviter
2436 1006 2632 1062 dictum
2659 1018 2759 1073 est,
2791 1018 2847 1064 ut
2877 1011 3047 1079 possit
3070 1009 3303 1078 cujusvis
3325 1011 3638 1065 astutissimi
3661 1021 3769 1067 ter-

2180 1099 2533 1169 giversatione
2559 1100 2612 1154 in
2640 1101 2798 1155 aliam
2818 1101 3025 1157 traduci
3051 1103 3392 1173 pervertique
3420 1104 3765 1157 sententiam.

2180 1190 2314 1246 Cum
2348 1192 2503 1262 igitur
2527 1200 2685 1247 tanta:
2725 1194 3056 1249 auctoritatis
3085 1203 3194 1248 tam
3227 1194 3434 1265 magnis
3475 1203 3531 1250 et
3570 1195 3774 1251 crebris

2190 1284 2421 1338 molibus
2447 1284 2925 1340 contradicentium
2964 1294 3273 1341 conteratur
3295 1286 3623 1350 adversitas;
3649 1287 3773 1356 quid

2182 1388 2213 1427 a
2240 1390 2325 1429 me
2351 1384 2616 1444 qua-runt,
2641 1376 2721 1430 vel
2749 1376 2903 1447 quale
2928 1392 3063 1446 opus
3084 1377 3311 1431 faciebat
3346 1377 3431 1432 vel
3454 1378 3671 1449 quando
3700 1378 3774 1434 fa-

2182 1465 2393 1521 ciebat?
2422 1464 2595 1522 Uuum
2624 1468 2757 1535 scio,
2785 1468 2907 1539 quia
2930 1483 3028 1524 nec
3058 1470 3195 1525 furta
3217 1469 3465 1535 faciebat,
3500 1485 3599 1526 nec
3619 1470 3773 1525 eﬂ'ra-

2183 1564 2301 1611 ctor
2327 1566 2419 1611 aut
2452 1558 2590 1612 latro
2620 1568 2757 1625 erat,
2796 1574 2897 1615 nec
2934 1560 3136 1629 auriga,
3172 1569 3266 1615 aut
3294 1570 3541 1626 venator,
3568 1572 3663 1616 aut
3691 1562 3771 1616 hi-

2184 1649 2335 1715 strio,
2369 1664 2467 1704 nec
2496 1651 2817 1719 turpilucrus
2840 1668 2853 1704 :
2880 1650 2974 1705 sed
3001 1651 3314 1707 innocenter
3337 1661 3391 1707 et
3414 1653 3638 1708 honeste
3659 1670 3774 1723 qua:

2184 1751 2306 1811 apta
2335 1750 2459 1796 sunt
2484 1742 2730 1797 humanis
2758 1743 2941 1798 usibus
2971 1743 3326 1813 operabatur;
3352 1744 3489 1799 sicut
3533 1760 3653 1799 sese
3684 1744 3773 1799 ha-

2186 1831 2313 1887 bent
2351 1848 2513 1903 opera
2540 1833 2846 1900 fabrorum,
2872 1844 3217 1903 Structorum,
3246 1846 3512 1901 sutorum,
3546 1838 3772 1891 rustico.

2186 1938 2323 1987 rum,
2351 1931 2403 1978 et
2431 1923 2512 1977 his
2537 1924 2748 1979 similia.
2778 1923 2963 1996 Neque
2990 1926 3131 1982 enim
3162 1925 3415 1981 honestas
3447 1928 3561 1995 ipsa
3588 1942 3770 1996 reprc-

2188 2013 2390 2079 hendit,
2419 2015 2560 2085 quod
2590 2014 2935 2086 reprehendit
2960 2017 3210 2085 superbia
3235 2032 3422 2071 eorum
3448 2016 3541 2086 qui
3564 2015 3771 2072 honesti

2188 2106 2365 2161 vocari
2395 2115 2605 2173 amant,
2635 2107 2727 2163 sed
2758 2122 2877 2163 esse
2912 2122 3018 2162 non
3051 2118 3252 2163 amant.
3283 2108 3400 2163 Non
3436 2109 3598 2179 igitur
3626 2108 3773 2163 dedi-

2186 2206 2445 2268 gnaretur
2482 2198 2771 2267 Apostolus
2790 2200 2903 2255 sive
2932 2200 3258 2255 rusticanum
3284 2216 3418 2269 Opus
3440 2200 3661 2271 aliquod
3688 2216 3776 2272 ag-

2188 2286 2358 2357 gredi,
2391 2288 2503 2343 sive
2534 2289 2586 2342 in
2616 2288 2867 2358 opificum
2908 2291 3089 2346 labore
3120 2291 3343 2345 versari.
3374 2291 3476 2358 Qui
3509 2292 3657 2347 enim
3687 2292 3772 2357 ait,

2190 2379 2315 2434 Sine
2344 2379 2621 2445 offensione
2656 2392 2812 2437 estote
2846 2381 3065 2449 Iudicis,
3098 2394 3144 2437 et
3175 2382 3367 2439 Graecis
3396 2426 3410 2451 ,
3449 2394 3495 2438 et
3538 2383 3778 2439 Ecclesia

2188 2469 2287 2526 Dei
2316 2470 2358 2544 (l
2384 2470 2502 2527 Cor.
2528 2488 2585 2538 κ,
2616 2473 2729 2541 52),
2760 2489 2894 2545 quos
2914 2475 2967 2530 in
3004 2475 3105 2531 hac
3136 2491 3299 2532 causa
3331 2478 3568 2531 revereri
3601 2488 3779 2547 posset

2190 2562 2397 2633 ignoro.
2430 2564 2483 2620 Si
2511 2564 2728 2622 Judzcos
2759 2567 3020 2634 dixerint;
3051 2569 3376 2624 Patriarcha:
3401 2585 3596 2639 pecora
3625 2587 3781 2640 pave-

2189 2666 2313 2711 runt
2341 2674 2354 2710 :
2384 2659 2429 2712 si
2450 2657 2689 2726 Graecos,
2718 2675 2854 2730 quos
2882 2662 3042 2716 etiam
3066 2662 3308 2733 Paganos
3339 2663 3599 2726 dicimus;
3620 2664 3779 2719 etiam

2190 2750 2540 2821 pliilOSOphos
2573 2754 2796 2807 multum
2829 2754 2931 2808 sibi
2961 2754 3305 2810 honorabiles
3337 2764 3555 2811 sutores
3582 2758 3779 2812 habue-

2190 2849 2315 2895 runt
2343 2860 2356 2895 :
2384 2843 2428 2896 si
2455 2842 2750 2897 Ecclesiam
2784 2845 2909 2911 Dei;
2942 2844 3101 2900 homo
3130 2847 3219 2901 ille
3241 2847 3419 2916 justus
3448 2857 3504 2903 et
3534 2849 3601 2902 ad
3631 2850 3775 2905 testi-

2191 2933 2426 2987 monium
2454 2934 2749 3005 conjugalis
2788 2950 3002 3006 semper
3033 2954 3300 2993 mansura:
3326 2940 3657 3009 virginitatis
3687 2942 3783 2997 ele-

2190 3033 2335 3090 ctus,
2378 3026 2465 3080 cui
2494 3025 2815 3094 desponsata
2856 3037 2973 3082 erat
3012 3028 3163 3100 virgo
3190 3030 3374 3093 Maria,
3419 3048 3541 3100 qua:
3584 3035 3784 3103 peperit

2190 3115 2479 3182 Christum,
2509 3116 2657 3171 faber
2686 3116 2785 3173 fuit
2811 3118 3028 3188 (Matth.
3058 3137 3178 3187 xm,
3207 3122 3325 3193 55).
3355 3122 3633 3195 Quidquid
3664 3142 3783 3197 ergo

2191 3207 2383 3263 horum
2413 3224 2534 3264 cum
2574 3209 2874 3266 innocentia
2914 3222 2967 3266 et
3013 3213 3129 3267 sine
3165 3213 3351 3269 fraude
3380 3216 3635 3272 homines
3664 3235 3783 3291 ope-

2191 3311 2408 3368 rantur,
2437 3302 2635 3357 bonum
2664 3312 2766 3357 est.
2800 3303 2934 3358 Nam
2967 3316 3235 3374 praecavet
3274 3307 3377 3362 hoe
3403 3317 3458 3363 et
3500 3310 3621 3378 ipse
3652 3314 3787 3382 Apo-

2192 3394 2379 3459 stolus,
2407 3409 2475 3449 ne
2503 3396 2783 3465 quisquam
2809 3411 2875 3450 ex
2911 3397 3235 3453 necessitate
3264 3401 3636 3455 sustentanda
3672 3403 3790 3457 vitae

2192 3486 2245 3541 in
2276 3487 2414 3540 mala
2453 3502 2615 3556 opera
2656 3486 2943 3542 dilabatur.
2977 3488 3076 3556 Qui
3112 3490 3404 3559 furabatur,
3448 3491 3653 3559 inquit,
3678 3494 3789 3563 jam

2193 3595 2293 3633 non
2314 3583 2512 3649 furetur
2539 3595 2558 3632 :
2581 3579 2743 3649 magis
2766 3589 2937 3633 autem
2969 3579 3162 3633 laboret
3187 3582 3419 3636 manibus
3443 3583 3549 3635 suis
3573 3583 3786 3651 bonum,

2193 3678 2248 3721 ut
2277 3669 2455 3723 habeat
2498 3668 2632 3723 unde
2674 3669 2891 3724 tribuere
2928 3670 3011 3723 cui
3047 3686 3175 3738 opus
3210 3682 3282 3725 est
3315 3671 3533 3742 (Ephes.
3568 3690 3651 3741 Iv,
3679 3676 3786 3747 28).

2193 3759 2305 3814 Hoc
2330 3775 2458 3829 ergo
2488 3759 2853 3815 scire'suflicit
2873 3800 2888 3825 ,
2915 3761 3035 3829 quia
3066 3769 3121 3816 et
3160 3762 3214 3816 in
3246 3763 3361 3832 ipso
3387 3780 3554 3833 opere
3594 3781 3787 3837 corpo-

2193 3852 2290 3905 rali
2314 3851 2363 3905 id
2393 3851 2535 3920 quod
2561 3853 2755 3905 bonum
2781 3861 2865 3907 est
2891 3852 3211 3921 Operabatur
3239 3854 3554 3925 Apostolus.

2263 3944 2490 4001 CAPUT
2520 3944 2661 3999 XIV.
2690 3975 2763 3986 —
2788 3946 2872 4001 15.
2905 3944 3122 4011 Quando
3152 3946 3332 4002 soleret
3366 3947 3658 4019 Apostolus
3682 3968 3789 4021 ope-

2194 4038 2317 4092 ruri.
2343 4036 2711 4091 Monachorum
2733 4039 2914 4091 otium.
2938 4037 3163 4105 Quando
3188 4048 3364 4093 autem
3385 4040 3585 4096 soleret
3609 4059 3793 4113 opera-

2194 4129 2262 4195 ri,
2286 4128 2458 4194 idest,
2482 4128 2676 4197 quibus
2698 4136 2995 4197 temporum
3018 4125 3224 4199 spatiis,
3249 4144 3317 4183 ne
3337 4129 3405 4184 ab
3429 4134 3794 4201 evangelium-

2195 4220 2264 4274 do
2282 4218 2648 4288 impediretur,
2671 4218 2791 4288 quis
2812 4219 2980 4289 possit
2998 4219 3458 4288 comprehendere
3472 4222 3497 4273 ?
3514 4220 3670 4279 Sane
3684 4225 3794 4295 quia

2195 4321 2249 4366 et
2277 4311 2482 4365 diurnis
2511 4317 2565 4365 et
2586 4310 2859 4365 nocturnis
2887 4309 3033 4364 horis
3060 4310 3402 4380 operabatur,
3434 4312 3551 4383 ipse
3578 4331 3695 4370 non
3722 4326 3794 4369 ta-

2196 4405 2305 4459 cuit
2333 4402 2375 4477 (l
2397 4403 2573 4457 Thess.
2601 4419 2660 4469 ιι,
2678 4403 2733 4467 9,
2752 4412 2799 4457 et
2825 4402 2867 4457 ll
2890 4402 3066 4458 Thess.
3088 4419 3165 4471 ιιι,
3184 4404 3259 4474 8).
3284 4404 3679 4466 Verumtamen
3697 4412 3795 4475 isti,

2198 4499 2287 4569 qui
2310 4508 2560 4568 tanquam
2575 4498 2802 4553 multum
2819 4499 3078 4568 negotiosi
3106 4507 3163 4554 et
3188 4501 3431 4569 occupati
3459 4500 3531 4555 de
3558 4511 3797 4575 tempore

2199 4589 2523 4660 operationis
2545 4589 2836 4659 inquirunt,
2856 4589 2979 4660 quid
3000 4589 3197 4659 agunt?
3223 4590 3491 4661 Numquid
3512 4594 3616 4663 ipsi
3640 4595 3709 4649 ab
3725 4594 3802 4651 Jo-

2200 4683 2429 4737 rusalem
2452 4697 2546 4751 per
2566 4681 2846 4736 circuitum
2867 4696 3037 4751 usque
3056 4681 3119 4735 ad
3142 4680 3409 4753 Illyricum
3433 4692 3613 4739 terras
3635 4686 3803 4740 Evan-

2200 4777 2339 4848 gelio
2372 4775 2754 4845 repleverunt?
2782 4782 2875 4829 aut
2899 4758 3153 4845 quidquid
3178 4776 3415 4844 gentium
3446 4775 3800 4831 barbararum

2202 4868 2459 4924 remansit
2477 4866 2651 4921 adhuc
2670 4865 2974 4921 obeundum
3005 4876 3059 4921 et
3084 4866 3413 4934 implendum
3439 4865 3511 4921 de
3538 4883 3680 4938 pace
3706 4868 3803 4923 Ec-

2203 4961 2379 5016 clesia:
2408 4958 2801 5029 susceperunt?
2829 4957 3083 5013 Novimus
3112 4973 3205 5013 eos
3261 4959 3311 5013 in
3351 4960 3649 5030 quamdam
3678 4976 3802 5017 san-

2204 5060 2342 5107 ctam
2374 5052 2681 5106 societatem
2711 5050 3032 5105 otiosissime
3082 5059 3454 5120 congregatos.
3502 5051 3803 5107 Afir-audam

2205 5158 2318 5199 rem
2347 5141 2471 5197 fecit
2495 5142 2800 5212 Apostolus,
2825 5142 2915 5212 qui
2945 5156 3133 5196 revera
3157 5142 3211 5196 in
3244 5150 3387 5196 tanta
3436 5142 3805 5199 sollicitudine

2206 5234 2442 5291 omnium
2475 5234 2857 5300 Ecclesiarum,
2882 5242 2937 5288 et
2968 5242 3377 5305 propagatarum
3409 5243 3465 5289 et
3496 5251 3805 5308 propagan-

2206 5325 2413 5391 darum,
2453 5325 2519 5380 ad
2574 5324 2691 5395 ejus
2740 5340 2923 5379 curam
2974 5324 3320 5395 laboremque
3376 5327 3800 5396 pertinentium,

2208 5420 2368 5475 etiam
2412 5419 2656 5473 manibus
2698 5419 3360 5490 operabaturzpropterea
3394 5428 3572 5475 tamen
3608 5463 3625 5485 ,
3684 5436 3803 5476 eum

2209 5510 2346 5580 apud
2373 5507 2680 5564 Corinthios
2705 5517 2849 5564 esset
2875 5517 2930 5565 et
2948 5519 3131 5581 egeret
3149 5550 3165 5575 ,
3212 5511 3414 5566 nemini
3457 5511 3683 5583 quidem
3710 5527 3806 5568 eo-

2210 5617 2327 5657 rum
2341 5601 2477 5671 apud
2505 5616 2639 5671 quos
2664 5610 2797 5666 erat,
2824 5616 3000 5672 gravus
3028 5601 3156 5668 fuit;
3180 5601 3274 5657 sed
3327 5602 3487 5671 plane
3526 5603 3677 5673 quod
3733 5604 3804 5658 illi

2212 5693 2419 5755 deerat,
2461 5694 2839 5761 suppleverunt
2873 5702 3066 5753 iratres
3108 5693 3199 5768 qui
3232 5702 3493 5751 veuerunt
3526 5708 3597 5757 ex
3630 5693 3806 5757 Alaeu-

2213 5785 2368 5841 donia
2397 5784 2471 5856 (ιι
2498 5783 2615 5838 Cor.
2649 5800 2725 5852 ιι,
2748 5784 2826 5855 9).
