3930 6368
245 302 314 361 m
1084 325 1086 329 ν
1637 288 1839 352 LIBER
1875 295 2073 357 UNUS.

294 415 495 473 CAPUT
532 414 663 473 XV.
694 445 770 457 -ο
789 414 879 472 16.
897 413 1095 470 Paulus
1135 408 1431 485 praecipiens
1461 414 1665 484 operari
1692 431 1799 468 ser-

246 528 313 565 vos
332 509 429 573 Dei,
456 525 557 563 non
584 508 700 563 vult
732 518 899 563 tamen
928 522 1101 562 eorum
1146 506 1464 560 necessitates
1516 505 1682 560 minus
1710 521 1800 559 cu-

242 607 325 659 rari
345 622 374 657 a
395 603 658 671 ﬁdelibus.
680 600 855 657 Labor
896 601 1049 656 servis
1087 598 1185 653 Dei
1213 599 1470 670 eligendus
1517 600 1601 665 qui
1630 598 1801 652 animo

237 697 359 750 diem
383 703 708 757 exerceatur,
738 694 848 747 sine
874 708 998 746 cura
1019 698 1065 745 et
1087 690 1382 760 cupiditate.
1426 689 1553 744 Nam
1608 698 1661 743 et
1687 690 1800 759 ipse

236 796 420 859 νομιεῖ
448 784 721 857 ejusmodi
768 783 1119 840 necessitates
1146 789 1473 844 sanctorum,
1499 780 1588 849 qui
1610 794 1800 851 quam-

238 880 305 934 vis
342 878 614 949 praeceptis
651 876 769 947 ejus
804 876 1197 945 obtemperent,
1222 882 1279 928 ut
1300 888 1420 927 cum
1439 871 1650 926 silentio
1675 884 1804 940 ope-

243 981 382 1027 rantes
403 985 557 1025 suum
582 983 776 1039 panem
802 966 1144 1033 manducent,
1170 972 1393 1042 possunt
1421 972 1595 1019 tamen
1618 962 1802 1017 multis

244 1080 295 1120 ex
315 1063 475 1118 causis
504 1061 745 1133 indigere
770 1060 1144 1129 supplemento
1175 1057 1353 1127 aliquo
1381 1056 1564 1110 talium
1591 1064 1803 1109 susten-

245 1157 489 1217 tatiotmm,
518 1169 638 1208 cum
666 1153 892 1207 dixisset
940 1151 1061 1204 talia
1106 1149 1305 1203 docens
1337 1157 1392 1203 et
1416 1162 1749 1217 praemonens
1780 1188 1798 1215 ,

248 1247 323 1302 llis
343 1258 498 1300 autem
520 1245 609 1313 qui
635 1243 887 1314 ejusmodi
907 1251 1044 1307 sunt,
1070 1239 1390 1309 praecipimus
1418 1247 1462 1291 et
1487 1237 1801 1291 obsecramus

249 1343 291 1393 in
312 1338 503 1393 Domino
530 1337 562 1391 J
569 1353 657 1391 esu
678 1334 900 1399 Christo,
930 1342 983 1385 ut
1010 1348 1121 1384 cum
1146 1330 1343 1384 silentio
1372 1338 1633 1400 operantes
1653 1344 1800 1381 suum

258 1448 397 1502 panem
413 1430 743 1489 manducent;
773 1442 843 1480 ne
871 1425 947 1479 illi
969 1424 1058 1493 qui
1090 1422 1355 1477 habebant
1382 1421 1524 1476 unde
1554 1434 1800 1477 necessa-

255 1525 310 1577 ria
334 1523 484 1577 servis
509 1522 600 1574 Dei
631 1519 954 1588 praeberent,
975 1515 1074 1569 hac
1099 1514 1380 1570 occasione
1410 1513 1797 1584 pigrescerent,

248 1618 498 1687 providens
524 1616 778 1671 continuo
809 1612 1055 1682 subjecit,
1091 1609 1186 1666 Vos
1213 1618 1399 1675 autem,
1424 1614 1605 1681 fratres
1636 1651 1653 1675 ,
1705 1625 1801 1663 no-

242 1710 311 1762 lite
326 1709 560 1776 inﬁrmari
581 1705 946 1776 benefacientes
976 1700 1251 1775 (llThess.
1279 1717 1356 1767 ιιι,
1379 1702 1466 1767 12,
1492 1699 1607 1770 15).
1639 1700 1705 1755 Et
1734 1698 1802 1754 ad

237 1803 387 1856 Titum
412 1817 529 1857 cum
556 1801 839 1865 scriberet,
875 1797 1080 1862 dicens,
1131 1794 1321 1850 Zenam
1371 1793 1710 1865 legisperitum
1756 1800 1806 1847 et

234 1894 399 1963 Apollo
416 1894 621 1948 sollicite
644 1892 913 1962 praemitte,
940 1898 996 1942 ut
1024 1887 1151 1942 nihil
1192 1886 1296 1941 illis
1349 1887 1511 1951 desit;
1538 1894 1595 1940 ut
1623 1894 1805 1941 osten-

231 1986 375 2040 deret
398 1986 532 2039 unde
557 1985 661 2038 illis
679 1982 812 2038 nihil
838 1980 1031 2036 deesse
1054 1978 1297 2043 deberet,
1317 1979 1571 2033 continuo
1590 1977 1805 2047 subjun-

232 2078 332 2141 ιιι,
364 2074 564 2128 Discant
585 2084 742 2127 autem
768 2083 813 2127 et
841 2072 1001 2125 nostri
1020 2068 1165 2125 bonis
1190 2068 1423 2139 operibus
1474 2084 1689 2137 praeesse
1735 2068 1804 2121 ad

232 2169 540 2223 necessarios
568 2184 703 2231 usus,
733 2181 789 2220 ne
814 2167 909 2219 sint
927 2162 1231 2234 infructuosi
1279 2160 1419 2230 (Tit.
1453 2177 1528 2225 ιιι,
1564 2161 1653 2227 l5,
1688 2160 1802 2230 14).

231 2260 565 2316 Timotheum
591 2259 765 2325 etiam,
789 2273 947 2329 quem
965 2256 1094 2311 dicit
1120 2254 1587 2326 germanissimum
1617 2253 1801 2320 lilium,

223 2352 477 2423 quoniam
508 2351 706 2405 sciebat
740 2364 963 2419 corpore
1007 2346 1279 2402 infirmum
1303 2388 1319 2413 ,
1348 2346 1485 2400 sicut
1538 2343 1823 2412 ostendit,-

218 2457 446 2519 monens
467 2457 587 2497 eum
609 2456 678 2497 ne
713 2455 903 2511 aquam
929 2439 1157 2505 biberet,
1184 2437 1279 2495 sed
1304 2436 1514 2493 modico
1539 2435 1661 2491 vino
1688 2444 1805 2491 ute-

212 2543 377 2599 retur,
407 2543 623 2604 propter
647 2530 987 2586 stomachum
1014 2538 1070 2586 et
1096 2529 1404 2599 frequentes
1432 2541 1554 2582 suas
1584 2526 1808 2581 inﬁrmi-

215 2636 347 2682 tates
372 2628 391 2696 (
414 2626 431 2681 l
453 2626 588 2679 Tim.
620 2642 678 2693 v,
701 2625 831 2695 23);
853 2624 975 2694 quia
998 2623 1051 2678 in
1078 2637 1242 2693 opere
1263 2620 1528 2690 corporali
1554 2618 1806 2674 laborare

217 2734 322 2774 non
338 2728 564 2789 poterat,
592 2734 663 2772 ne
688 2717 825 2772 forte
853 2730 975 2770 cum
1002 2714 1240 2785 indigere
1263 2713 1429 2768 nollet
1448 2712 1587 2766 victu
1626 2708 1804 2782 quoti-

219 2809 375 2863 diana
396 2813 462 2865 ab
485 2810 562 2865 eis
585 2809 785 2879 quibus
818 2807 1159 2877 Evangelium
1190 2805 1522 2860 ministrabat
1547 2805 1587 2867 ί,
1628 2804 1804 2874 aliqua

228 2902 331 2957 sibi
358 2904 552 2972 negotia
576 2910 872 2973 quzereret,
891 2901 1083 2971 quibus
1105 2898 1268 2953 animi
1289 2898 1404 2967 ejus
1435 2896 1807 2968 implicaretur

230 2992 455 3047 intentio
480 2994 642 3065 (aliud
674 3002 763 3047 est
781 2992 924 3047 enim
957 3005 1183 3061 corpore
1207 2990 1451 3044 laborare
1476 2989 1653 3043 animo
1673 2986 1805 3042 libe-

230 3100 322 3149 ro,
348 3086 469 3141 sicut
484 3086 671 3156 opifex,
700 3087 747 3140 si
779 3099 886 3139 non
914 3084 985 3139 sit
1007 3082 1376 3138 fraudulentus
1394 3090 1448 3136 et
1474 3095 1667 3135 avarus
1701 3121 1715 3144 ,
1748 3086 1805 3134 et

233 3175 449 3245 privata
472 3178 538 3231 rei
555 3175 780 3239 avidus;
808 3173 953 3228 aliud
971 3181 1149 3228 autem
1180 3172 1354 3243 ipsum
1382 3171 1619 3226 animum
1646 3184 1805 3226 occu-

230 3280 363 3335 pare
385 3269 515 3322 curis
534 3264 851 3337 colligendae
877 3265 997 3320 sine
1034 3264 1277 3333 corporis
1310 3263 1487 3318 labore
1516 3261 1755 3333 pecunias
1784 3302 1801 3330 ,

225 3358 365 3412 sicut
384 3369 500 3413 sunt
520 3359 602 3414 vel
627 3357 1013 3429 negotiatores,
1044 3355 1128 3410 vel
1162 3363 1553 3425 procuratores,
1572 3353 1655 3409 vel
1676 3368 1807 3408 con-

227 3446 480 3504 ductores
500 3468 513 3504 :
537 3464 659 3503 cura
681 3447 825 3503 enim
859 3454 1116 3516 prtesunt,
1145 3459 1251 3500 non
1302 3444 1545 3506 manibus
1573 3458 1803 3514 operan-

229 3546 347 3601 tur,
366 3539 575 3609 ideoque
598 3540 774 3611 ipsum
801 3538 1039 3592 animum
1071 3544 1228 3590 svum
1270 3543 1532 3605 occupant
1576 3532 1804 3589 habendi

235 3628 653 3700 sollicitudine):
684 3627 1029 3685 Timotheum
1055 3641 1217 3696 ergo,
1245 3640 1314 3681 ne
1349 3625 1401 3679 in
1435 3624 1556 3678 talia
1608 3621 1807 3678 incide-

229 3732 341 3788 ret,
371 3725 487 3795 quia
513 3741 597 3796 per
613 3725 986 3781 inﬁrmitatem
1015 3722 1256 3793 corporis
1307 3719 1552 3775 manibus
1599 3718 1807 3788 operari

226 3830 336 3871 non
375 3829 586 3888 poterat,
614 3819 692 3874 sic
734 3818 1071 3881 exhortatur,
1118 3821 1301 3869 monet
1353 3820 1407 3866 et
1454 3810 1803 3866 consolatur:

224 3907 450 3977 Laboro,
479 3912 671 3982 inquit,
697 3911 827 3965 sicut
854 3909 1012 3963 bonus
1062 3905 1206 3960 miles
1235 3904 1421 3959 Christi
1462 3903 1609 3957 Jesu.
1641 3900 1807 3955 Nemo

226 4002 447 4057 uilitans
467 4002 566 4057 Deo
589 4003 819 4072 implicat
847 4016 902 4054 se
925 3998 1136 4069 negotiis
1161 3994 1508 4061 stecularibus,
1532 4002 1587 4046 ut
1611 3991 1808 4063 placeat

228 4096 313 4146 cui
332 4112 383 4148 se
412 4097 645 4165 probavit.
667 4093 807 4148 Nam
833 4093 918 4161 qui
948 4093 1001 4145 in
1021 4105 1181 4159 agone
1208 4087 1481 4152 contendit,
1519 4101 1619 4139 non
1659 4101 1807 4139 coro-

225 4198 384 4240 natur
410 4189 501 4243 nisi
524 4188 743 4259 legitime
759 4184 1042 4239 certaverit.
1074 4182 1170 4237 Hic
1197 4197 1265 4236 ne
1292 4182 1381 4235 ille
1415 4186 1683 4249 pateretur
1709 4193 1808 4232 ειη-

237 4282 447 4347 ειιςιίεε,
474 4282 677 4346 dicens,
703 4278 906 4333 Fodere
946 4293 1047 4330 non
1090 4292 1293 4347 possum
1318 4317 1333 4341 ,
1361 4273 1646 4327 mendicare
1689 4286 1810 4324 con-

237 4369 417 4436 fundor
468 4372 626 4441 (Luc.
662 4387 774 4436 χιιι,
808 4367 862 4436 5)
887 4385 903 4434 ;
931 4368 1193 4437 adiunxit,
1232 4365 1563 4420 Laborantem
1614 4363 1811 4434 agrico-

241 4463 334 4517 lam
358 4467 571 4535 primum
617 4472 810 4533 oportet
840 4461 902 4515 de
957 4460 1201 4531 fructibus
1249 4459 1501 4528 percipere
1548 4455 1625 4528 (11
1668 4453 1805 4508 Tim.

242 4568 292 4620 ιι,
317 4556 385 4627 6)
420 4556 752 4612 :secundum
798 4552 926 4608 illud
964 4550 1105 4623 quod
1136 4550 1200 4604 ad
1225 4549 1527 4605 Corinthios
1564 4547 1805 4616 dixerat,

246 4645 363 4711 Quis
408 4649 582 4703 militat
628 4649 736 4701 suis
767 4644 1031 4715 stipendiis
1060 4642 1322 4713 unquam?
1357 4640 1478 4706 Quis
1508 4640 1704 4710 plantat
1734 4638 1810 4692 vi-

242 4754 402 4803 ncant,
429 4750 473 4793 et
490 4740 553 4794 de
572 4742 743 4811 fructu
763 4738 875 4806 eius
894 4752 993 4789 non
1014 4734 1115 4788 edit
1131 4735 1157 4787 ἓν
1188 4733 1312 4799 Quis
1337 4733 1496 4802 pascit
1524 4747 1744 4802 gregem,
1764 4739 1811 4783 et

245 4829 297 4882 tle
320 4831 622 4903 lactegregis
648 4847 751 4885 non
779 4828 988 4900 percipit
1010 4826 1066 4899 (1
1095 4823 1213 4881 Cor.
1242 4841 1317 4889 Ix,
1346 4824 1444 4889 7)?
1468 4822 1617 4878 Fecit
1645 4824 1812 4877 itase-

246 4934 419 4979 eurum
433 4933 637 4980 castum
660 4920 1060 4990 evangelistam,
1092 4933 1196 4970 non
1215 4915 1280 4970 ad
1311 4914 1409 4969 hoc
1440 4913 1811 4983 evangelizan-

246 5021 343 5071 tem
371 5027 423 5073 ut
445 5018 695 5074 venderet
715 5012 1084 5083 Evangelium,
1109 5009 1202 5065 sed
1224 5020 1399 5062 tamen
1421 5006 1544 5061 huic
1571 5007 1697 5060 vita:
1717 5019 1812 5060 ne-

251 5112 461 5164 cessaria
489 5110 600 5165 suis
627 5109 732 5164 sibi
758 5107 1014 5162 exhibere
1057 5102 1303 5157 manibus
1358 5115 1461 5154 non
1493 5097 1757 5153 valentem
1793 5115 1809 5163 ;

243 5211 296 5253 ιιι
321 5200 629 5273 intelligeret
650 5244 667 5269 ,
692 5198 835 5271 quod
860 5196 1219 5253 necessarium
1245 5193 1344 5247 sibi
1371 5191 1610 5247 sumebat
1636 5190 1704 5244 ab
1733 5187 1813 5246 eis

243 5292 421 5362 quibus
470 5304 717 5364 tanquam
765 5286 1181 5360 provincialibus
1224 5283 1519 5351 militabat,
1576 5289 1631 5337 et
1677 5294 1816 5351 quos

251 5390 485 5455 tanquam
512 5386 725 5440 vineam
751 5366 959 5437 cultura
987 5376 1267 5435 exercebat
1294 5375 1379 5431 vel
1407 5383 1655 5445 tanquam
1687 5386 1812 5443 gre-

298 5539 475 5613 ‘ﬁm
498 5553 607 5591 σωκ
626 5537 864 5613 ξπιέίθετει
885 5544 933 5589 α
951 5534 1187 5613 ἵξομαέἒί
1222 5533 1347 5613 ξέσξὲ

238 5606 434 5668 μίξεις..
463 5595 590 5654 cum
624 5595 847 5668 indigere
881 5599 1032 5668 noll_et_
1064 5597 1190 5668 victu
1227 5595 1521 5668 quotiditmo,
1562 5603 1688 5668 etc",
1709 5596 1815 5668 qui-

235 5656 431 5726 Μαί
445 5675 612 5726 tamen
643 5656 869 5726 exc'értis
896 5663 987 5726 Aqui
1020 5656 1688 5726 habent,'cum_indiger_et_et
1709 5656 1812 5726 ηριτ

232 5723 293 5777 ια
315 5726 435 5777 victu
768 5717 829 5776 ab
858 5717 936 5776 eis
963 5722 1130 5787 quibus
1172 5717 1473 5789 Evangelium
1490 5717 1811 5775 'mim'strabal

570 5887 653 5900 *-

1383 5530 1686 5607 guotidiano,
1714 5537 1810 5606 etc.

3384 315 3490 373 562

1907 432 2026 486 gem
2057 412 2326 487 pascebat,
2358 432 2462 474 non
2492 429 2612 475 esse
2636 416 3027 480 mendicitatem
3054 460 3070 491 ,
3112 425 3206 480 sed
3250 435 3487 496 potesta-

1907 517 2036 564 tem.
3482 568 3488 573 θ

1977 601 2203 659 CAPUT
2245 603 2385 659 XVI.
2416 601 2597 662 —l7.
2622 608 2815 663 Paulus
2859 611 2963 665 vult
3014 629 3044 665 a
3093 613 3326 681 ﬁdelibus
3366 633 3492 687 sup.

1908 693 2036 763 pleri
2056 697 2367 752 necessitates
2394 713 2646 753 servorum
2690 699 2805 768 Dei,
2837 704 2922 771 qui
2943 704 3125 759 victum
3150 707 3246 760 sibi
3272 718 3485 778 propter

1906 790 2254 861 occupationes
2274 792 2350 845 vel
2371 792 2688 860 inﬁrmitates
2715 811 3012 864 comparare
3034 814 3135 851 non
3160 798 3346 853 valent.
3386 800 3493 854 bli-

1906 881 2168 936 nisterium
2182 884 2237 937 in
2266 894 2481 950 sanctos,
2512 902 2611 956 quo
2634 887 2937 958 supplentur
2984 891 3211 943 carnalia
3236 893 3297 947 iis
3316 910 3348 946 a
3379 895 3495 964 qui-

1906 971 1996 1027 bus
2014 972 2230 1028 vicissint
2262 974 2578 1047 accipiuntur
2605 977 2912 1047 spiritualia.
2944 977 3113 1033 Paulo
3163 980 3395 1036 obediant
3441 993 3490 1038 et

1906 1067 2034 1120 servi
2049 1066 2144 1121 Dei
2172 1068 2553 1135 laborando;et
2578 1070 2694 1123 boni
2733 1071 2905 1139 fideles
2954 1060 3128 1126 eorum
3170 1077 3490 1133 necessitates

1905 1158 2205 1227 supplendo:
2239 1159 2462 1229 Propter
2490 1162 2583 1215 has
2611 1161 2769 1229 igitur
2815 1164 2900 1218 vel
2939 1166 3313 1233 occupationes
3371 1183 3490 1224 ser-
3517 1174 3563 1211 t‘i

1905 1264 2093 1304 vorum
2124 1249 2238 1315 Dei,
2263 1251 2343 1305 vel
2378 1251 2709 1307 infirmitates
2750 1255 3053 1323 corporales
3102 1272 3220 1325 qua:
3270 1258 3491 1315 omnino

1905 1339 2097 1395 deesse
2124 1356 2232 1396 non
2260 1353 2501 1411 possunt,
2537 1360 2642 1397 non
2669 1346 2840 1400 solum
2892 1348 3150 1415 permittit
3204 1350 3491 1420 Apostolus

1907 1441 2209 1486 sanctorum
2238 1433 2555 1504 indigentias
2584 1437 2817 1506 suppleri
2848 1453 2875 1490 a
2909 1438 3062 1493 bonis
3091 1439 3355 1508 ﬁdelibus,
3388 1442 3483 1498 sed

1908 1522 2065 1577 etiam
2088 1524 2438 1579 saluberrime
2469 1525 2727 1580 hortatur.
2754 1528 2988 1598 Excepta
3025 1531 3167 1585 enim
3193 1531 3277 1585 illa
3327 1543 3483 1603 pote-

1907 1621 2062 1681 state,
2092 1629 2271 1683 quase
2291 1614 2419 1670 dicit
2448 1617 2561 1686 ipse
2584 1632 2685 1671 non
2713 1634 2887 1684 usum,
2918 1622 3000 1676 cui
3032 1631 3211 1678 tamen
3242 1626 3488 1681 servien-

1906 1703 2030 1759 dum
2060 1720 2178 1760 esse
2206 1721 2237 1760 a
2264 1707 2509 1784 ﬁdelibus
2540 1709 2799 1779 prmcipit,
2817 1710 3021 1779 dicens,
3045 1712 3387 1769 Communicct
3409 1718 3495 1787 qui

1908 1797 2245 1850 catecltizatur
2273 1797 2440 1865 verbo,
2463 1798 2509 1851 ei
2532 1800 2617 1865 qui
2649 1816 2702 1853 se
2732 1803 3026 1867 catechizat,
3056 1804 3108 1857 in
3137 1805 3368 1859 omnibus
3396 1806 3493 1861 bo-

1908 1888 1986 1942 nis
2016 1886 2222 1959 (Galat.
2251 1906 2322 1955 v1,
2346 1889 2403 1960 6)
2430 1906 2445 1943 :
2480 1900 2699 1961 excepta
2720 1908 2847 1963 ergo
2896 1893 2995 1948 hac
3022 1905 3306 1965 potestate,
3330 1913 3491 1968 quam

1910 1980 2059 2035 verbi
2088 1980 2459 2050 praedicatores
2486 1984 2682 2038 habere
2711 1986 2763 2039 in
2792 2000 2887 2040 eos
2916 1987 3106 2057 quibus
3158 1989 3485 2059 praedicant,

1909 2087 2052 2142 smpe
2085 2082 2328 2138 testatur,
2360 2075 2518 2129 etiam
2546 2076 2745 2130 sanctis
2788 2077 2877 2146 qui
2926 2079 3103 2132 omnia
3131 2095 3227 2134 sua
3278 2081 3494 2136 vendita

1912 2164 2328 2231 distribuerant,
2362 2166 2794 2240 etJerosolymis
2848 2168 3156 2225 habitabant
3210 2172 3261 2225 in
3308 2181 3495 2229 sancta

1911 2256 2286 2310 communiOue
2336 2257 2475 2323 vitm,
2507 2273 2611 2312 non
2644 2258 2884 2313 dicentes
2930 2260 3127 2330 aliquid
3170 2262 3442 2331 proprium
3474 2304 3492 2331 ,

1912 2347 2105 2416 quibus
2134 2356 2287 2401 erant
2310 2347 2489 2402 omnia
2517 2349 2838 2416 communia,
2857 2361 2909 2404 et
2933 2352 3109 2406 anima
3140 2363 3194 2409 et
3216 2369 3310 2407 eor
3331 2371 3494 2411 unum

1909 2437 1961 2491 in
1981 2438 2145 2492 Deum
2172 2439 2320 2507 (Act.
2348 2456 2406 2506 ιι,
2436 2439 2525 2503 44,
2550 2449 2595 2493 et
2621 2456 2695 2507 tv,
2725 2440 2818 2510 52)
2838 2456 2853 2506 ;
2877 2442 2943 2496 ab
2964 2441 3216 2498 Ecclesiis
3242 2443 3495 2501 Gentium

1910 2528 2210 2583 necessaria
2236 2528 2470 2583 conferri
2500 2530 2739 2599 praecipit
2772 2539 2827 2585 et
2870 2530 3133 2587 hortatur.
3165 2532 3293 2588 lude
3321 2543 3403 2589 est
3441 2544 3498 2591 et

1909 2619 2038 2674 illud
2063 2619 2129 2674 ad
2152 2620 2423 2676 Romanos
2456 2638 2470 2676 :
2503 2619 2657 2675 Nunc
2679 2622 2836 2693 igitur
2865 2640 3067 2694 pergam
3089 2623 3378 2681 Jerusalem
3403 2627 3497 2686 mi-

1912 2711 2127 2765 nistrare
2154 2713 2362 2767 sanctis.
2395 2712 2595 2767 Placuit
2650 2716 2782 2768 enim
2836 2714 3155 2771 Macedonia:
3198 2728 3244 2773 el
3289 2721 3498 2777 Achaia:

1909 2805 2308 2859 communionem
2331 2806 2555 2874 aliquam
2582 2806 2747 2876 facere
2768 2810 2821 2862 in
2860 2826 3107 2879 pauperes
3155 2821 3446 2866 sanctorum
3476 2853 3493 2878 ,

1908 2897 1995 2967 qui
2016 2906 2131 2951 sunt
2154 2895 2459 2952 Jerusalem.
2494 2896 2698 2952 Placuit
2727 2900 2859 2953 enint
2903 2900 3028 2966 illis,
3061 2909 3107 2954 et
3129 2901 3372 2956 debitores
3410 2918 3497 2957 eo-

1909 3009 2024 3046 rum
2051 3000 2191 3046 sunt.
2216 2990 2275 3046 St
2302 2992 2436 3045 enim
2483 2992 2833 3063 spiritualibus
2861 3010 3033 3047 eorum
3086 2996 3493 3052 communicave-

1907 3093 2028 3137 runt
2077 3083 2297 3151 Centes,
2330 3083 2504 3137 debent
2558 3094 2603 3137 et
2662 3085 2715 3138 in
2754 3087 3042 3140 carnalibus
3085 3088 3371 3144 ministrare
3420 3092 3496 3147 eis

1908 3176 1929 3246 (
1959 3176 2105 3231 Rom.
2131 3192 2224 3243 xv,
2250 3177 2306 3243 5,
2334 3176 2449 3245 27).
2483 3177 2593 3231 lloc
2621 3177 2799 3233 simile
2828 3187 2911 3234 est
2934 3179 3009 3233 illi
3032 3180 3171 3251 quod
3202 3181 3275 3236 ait
3306 3184 3374 3239 ad
3394 3181 3499 3240 Co-

1910 3266 2136 3323 rinthios
2163 3284 2179 3323 :
2207 3267 2266 3323 Si
2318 3285 2408 3323 nos
2447 3268 2583 3322 vobis
2627 3269 2915 3340 spiritualia
2967 3273 3351 3340 seminavimus,
3386 3292 3497 3330 ma-

1908 3376 2064 3431 gnum
2085 3368 2156 3413 est
2184 3359 2228 3412 si
2252 3359 2479 3413 carnalia
2504 3368 2665 3413 vestra
2695 3370 2941 3414 metamus
2978 3360 3035 3432 (Ι
3074 3359 3190 3416 Cor.
3222 3379 3306 3429 ut,
3343 3366 3402 3419 ll
3430 3363 3499 3436 )?

1909 3447 2039 3504 Item
2060 3449 2125 3503 ad
2152 3448 2457 3505 Corinthios
2486 3450 2536 3504 in
2554 3449 2787 3505 secunda
2824 3470 2836 3505 :
2872 3449 3061 3505 Notam
3092 3463 3279 3519 autem,
3300 3456 3490 3526 inquit,

1910 3542 2046 3596 vobis
2075 3542 2308 3613 facimus,
2339 3545 2542 3615 fratres,
2566 3545 2781 3614 gratiant
2814 3542 2907 3597 Dei
2932 3561 3046 3614 qute
3072 3546 3192 3599 data
3214 3557 3287 3601 est
3315 3548 3369 3603 in
3390 3547 3499 3617 Ea-

1909 3634 2073 3688 clesiis
2102 3633 2433 3702 Macedoniae,
2464 3634 2584 3705 quia
2613 3636 2667 3689 in
2692 3636 2855 3690 multa
2876 3636 3169 3706 probatione
3200 3638 3491 3695 tribulatio-

1910 3729 2043 3793 nis‘,
2067 3727 2375 3783 abundantia
2427 3730 2601 3799 gaudii
2629 3746 2803 3783 eorum
2841 3740 2885 3784 et
2930 3730 3187 3803 profunda
3218 3710 3491 3802 paupertas

1911 3836 2083 3873 eorum
2104 3819 2375 3874 abundavit
2394 3820 2447 3873 in
2472 3820 2659 3874 divitiis
2684 3820 3022 3891 simplicitatis
3040 3839 3236 3887 eorum;
3266 3826 3383 3895 quia
3407 3842 3495 3882 se-

1911 3911 2131 3964 cundum
2175 3912 2300 3965 vires
2328 3953 2341 3975 ,
2375 3912 2712 3966 testimonium
2767 3912 2999 3983 perhibeo
3025 3915 3069 3981 ²,
3099 3924 3145 3968 et
3170 3932 3329 3985 supra
3366 3918 3495 3970 vires

1912 4002 2182 4056 voluntarii
2212 4005 2437 4075 fuerunt,
2470 4020 2584 4056 cum
2613 4004 2783 4059 multis
2808 4005 3037 4074 precibus
3063 4007 3376 4063 obsecrantes
3400 4026 3493 4071 nos

1910 4097 2126 4166 gratiam
2152 4107 2199 4149 et
2225 4096 2622 4150 communionem
2649 4097 3032 4152 ntinistrationis
3061 4115 3174 4168 qua:
3196 4100 3250 4161 ﬁt
3290 4102 3343 4153 in
3376 4119 3499 4156 san-

1911 4198 2048 4241 ctos:
2077 4196 2124 4240 et
2146 4203 2244 4240 non
2270 4186 2518 4255 quomodo
2539 4188 2866 4256 speravimus,
2890 4188 2977 4240 sed
3002 4205 3055 4240 se
3095 4184 3243 4259 ipsos}
3260 4175 3498 4251 tradide-

1910 4286 2029 4330 runt
2058 4277 2273 4345 primum
2298 4276 2513 4329 Domino
2533 4317 2548 4341 ,
2576 4286 2621 4329 et
2652 4278 2793 4329 nobis
2838 4296 2925 4347 per
2946 4277 3252 4332 voluntatem
3282 4282 3399 4347 Dei,
3429 4285 3498 4347 ad

1912 4371 2283 4439 deprecandum
2309 4368 2496 4434 Titum,
2528 4378 2582 4421 ut
2607 4369 2856 4437 quomodo
2887 4372 3053 4439 εοερὶι,
3080 4373 3151 4423 sic
3182 4382 3227 4424 et
3255 4342 3498 4433 consum:

1913 4472 2011 4515 met
2040 4464 2091 4516 in
2114 4478 2198 4516 vos
2215 4463 2364 4515 etiam
2409 4464 2625 4533 gratiam
2651 4464 2822 4516 istam.
2857 4462 2962 4517 Sed
2988 4465 3242 4532 quontodo
3299 4450 3502 4536 semper

1914 4554 2222 4608 abundatis’
2263 4554 2316 4606 in
2341 4552 2569 4607 omnibus
2599 4554 2722 4622 ﬁde,
2751 4563 2795 4606 et
2823 4553 2969 4607 verbo
2996 4595 3010 4619 ,
3063 4546 3359 4621 et‘scientia
3391 4598 3405 4622 ,
3456 4570 3504 4613 ct

1915 4647 2052 4701 omni
2077 4645 2264 4706 studio,
2293 4654 2340 4698 et
2369 4661 2426 4698 ea
2454 4660 2568 4713 qua:
2600 4661 2661 4697 ea:
2687 4645 2823 4698 vobis
2853 4654 2923 4698 est
2950 4645 3000 4698 iu
3023 4663 3114 4699 nos
3141 4647 3408 4714 charitate,
3447 4658 3503 4703 ut

1914 4745 1957 4791 et
1983 4737 2035 4789 in
2062 4736 2157 4789 hac
2174 4735 2336 4806 gratia
2356 4733 2640 4788 abundctis.
2675 4732 2793 4787 Non
2825 4735 3098 4792 secundum
3118 4734 3387 4805 imperium
3422 4739 3504 4795 (li-

1915 4842 1995 4894 co,
2026 4826 2111 4880 sed
2136 4836 2339 4896 prapter
2353 4825 2570 4878 aliorum
2593 4823 2815 4878 studiunt
2845 4834 2889 4879 et
2910 4836 3084 4881 vestra:
3101 4826 3362 4882 charitatis
3384 4830 3501 4882 cha-

1914 4917 2207 4973 rissimam"
2234 4917 2470 4988 probans.
2503 4915 2657 4970 Scitis
2681 4917 2812 4975 enim
2853 4918 3067 4988 gratiam
3100 4918 3306 4974 Dontini
3337 4923 3497 4976 nostri

1913 5009 1951 5063 Ι
1954 5027 2040 5065 esu
2056 5009 2260 5073 Christi,
2288 5010 2524 5081 quoniam
2550 5019 2755 5082 propter
2769 5025 2853 5063 vos
2873 5027 2971 5078 pau
2978 5027 3065 5079 per
3076 5014 3242 5082 factus
3260 5024 3352 5076 cst,
3385 5031 3499 5071 cum

1917 5105 2053 5159 dives
2072 5112 2214 5169 esset,
2242 5112 2295 5157 ut
2320 5103 2457 5157 illius
2480 5113 2777 5173 paupertate
2796 5120 2881 5157 vos
2910 5104 3217 5158 ditaremini.
3266 5106 3334 5162 Et
3376 5122 3504 5164 cou-

1917 5197 2085 5251 silium
2108 5197 2162 5249 in
2185 5195 2278 5249 hoc
2307 5196 2372 5250 do
2396 5211 2414 5249 :
2444 5194 2539 5249 hoc
2559 5197 2689 5249 enim
2718 5195 2855 5250 vobis
2898 5196 3122 5265 prodest,
3163 5198 3247 5264 qui
3290 5213 3388 5252 non
3416 5212 3504 5252 so-

1918 5289 2023 5344 lum
2052 5288 2234 5358 facere,
2257 5287 2344 5341 sed
2371 5287 2520 5340 etiam
2566 5286 2693 5343 velle
2734 5287 2949 5357 cwpistis
2997 5287 3061 5340 ab
3106 5304 3240 5343 anno
3296 5290 3504 5361 priore;

1941 5529 1953 5541 ο
1982 5468 1999 5500 ¹
2020 5464 2246 5539 Plerique
2267 5477 2325 5515 ac
2361 5464 2577 5528 potiores
2599 5471 2724 5523 Mss.,
2750 5460 2801 5511 in
2822 5457 2973 5511 multa
2994 5458 3297 5511 tribulatione
3329 5461 3504 5524 proba.

1914 5536 2171 5665 Ψέάξιί,
2189 5587 2413 5655 perhibeo
2432 5587 2549 5640 illis.
2571 5588 2734 5646 Abest,
2750 5582 2868 5643 illis,
2892 5596 2923 5632 a
2942 5592 3047 5635 uss.
3074 5590 3125 5633 et
3141 5596 3168 5633 a
3191 5596 3350 5647 graeco
3361 5588 3508 5637 textu

1918 5651 2144 5718 Apostoli.
2191 5651 2200 5655 ’

1981 5718 2003 5781 f
2035 5714 2401 5781 vindocinepsis
2414 5718 2517 5781 M3,,
2546 5722 2691 5781 super
2724 5706 3007 5781 abundatis._

1980 5777 2005 5812 δ
2034 5783 2166 5830 Unus
2188 5784 2242 5829 et
2260 5774 2385 5827 alter
2407 5768 2582 5835 codex,
2605 5768 2850 5836 ingenium
2871 5768 3224 5825 charissimam.
