3930 6368
460 341 572 398 563

462 454 598 508 nunc
622 459 787 506 autem
813 456 859 502 et
890 445 1022 516 facta
1052 441 1290 514 perﬁcite,
1315 447 1371 492 ut
1418 433 1840 507 quemadmodum
1866 446 2039 502 prom-

468 555 582 617 ptus
607 553 678 600 est
699 541 897 600 animus
921 534 1209 597 voluntatis,
1256 532 1328 585 ita
1367 529 1428 584 sit
1474 537 1520 581 et
1572 521 1864 617 perﬁciendi
1894 536 1957 574 ea:
1989 534 2047 573 eo

467 615 602 708 quod
620 633 824 704 quisque
844 628 1008 684 habet.
1042 626 1101 681 Si
1129 624 1259 680 enim
1288 631 1547 696 promptus
1591 625 1662 672 est
1694 615 1895 708 animus
1920 655 1934 680 ,
1966 627 2049 708 stt-

469 700 691 780 cundum
720 722 772 776 id
796 721 929 793 quod
950 716 1094 772 habet
1112 713 1429 790 acceptabilis
1454 720 1546 776 est,
1566 725 1664 763 non
1687 704 1958 761 secundant
1996 700 2050 755 id

479 816 612 887 quod
633 831 733 869 non
761 811 924 867 habet.
956 809 1078 863 Non
1095 809 1226 863 enim
1247 815 1300 859 ut
1327 804 1440 858 aliis
1464 803 1526 856 sit
1556 799 1779 872 refectio,
1808 796 1944 850 vobis
1965 810 2051 848 au-

472 917 570 961 tem
600 906 852 977 angustia,
883 901 971 956 sed
992 918 1080 970 pro
1105 898 1390 968 tequalitate
1410 897 1461 948 in
1492 897 1584 947 hoc
1607 901 1848 961 tempore,
1883 898 1934 940 ut
1965 901 2050 946 ve-

477 1009 585 1054 stra
613 996 925 1052 abundantia
953 993 1016 1047 sit
1059 993 1126 1046 ad
1174 991 1378 1044 illorum
1418 985 1643 1055 inapiam
1661 1024 1675 1047 ,
1704 992 1756 1035 ut
1779 991 1823 1034 et
1850 979 2056 1036 illorum

475 1089 785 1143 abundantia
815 1088 904 1155 [iat
929 1085 981 1138 in
1014 1093 1228 1137 vestram
1261 1079 1517 1152 inopiam,
1546 1086 1600 1128 ut
1643 1075 1730 1144 ﬁat
1751 1071 2013 1144 a3qualitas
2036 1108 2051 1134 ,

475 1181 604 1234 sicut
629 1179 872 1248 scriptum
898 1184 1007 1230 est:
1034 1174 1132 1240 Qui
1155 1173 1387 1233 ntultunt,
1421 1185 1520 1223 non
1555 1165 1860 1226 abundavit;
1899 1172 1944 1215 et
1973 1159 2059 1230 qui

477 1272 751 1336 modicum,
785 1288 884 1324 nou
909 1269 1066 1337 defuit
1097 1267 1192 1320 illi.
1224 1263 1427 1318 Gratias
1474 1269 1637 1313 autem
1667 1257 1792 1319 Deo,
1842 1255 1925 1324 qui
1973 1252 2061 1306 de-

480 1362 551 1417 dit
581 1363 712 1414 ident
741 1361 963 1414 studium
1014 1375 1103 1425 pro
1126 1357 1259 1410 vobis
1283 1356 1333 1406 in
1356 1352 1503 1405 corde
1546 1349 1644 1404 Titi
1669 1366 1684 1402 :
1714 1349 1830 1420 quia
1881 1361 2060 1398 conso-

486 1458 726 1510 lationem
763 1455 962 1527 quidem
992 1451 1244 1520 suscepit;
1266 1447 1534 1501 studiosior
1564 1452 1728 1496 autem
1765 1457 1878 1495 cunt
1909 1445 2059 1501 esset,

485 1557 662 1618 sponte
683 1548 801 1600 exiit
823 1545 888 1597 ad
914 1561 1018 1596 vos.
1053 1542 1284 1595 Misimus
1305 1550 1469 1591 autem
1502 1553 1616 1589 cunt
1637 1551 1692 1587 eo
1717 1536 1941 1604 fratrem,
1972 1544 2061 1580 euo

474 1639 569 1709 jus
594 1639 704 1691 laus
734 1639 784 1690 in
817 1633 1091 1706 Evangelia
1118 1642 1187 1686 est
1211 1648 1298 1703 per
1320 1644 1490 1683 omnes
1513 1625 1786 1680 Ecclesias.
1821 1621 1940 1673 Non
1983 1633 2066 1671 so-

483 1728 587 1783 lum
613 1739 798 1794 autem,
825 1728 911 1783 sed
939 1738 986 1780 et
1017 1725 1280 1779 ordinatus
1336 1730 1408 1774 est
1462 1719 1524 1771 ab
1549 1714 1810 1770 -Ecclesiis
1833 1713 1849 1744 ¹
1903 1724 2068 1763 comes

489 1819 909 1892 peregrinationis
932 1829 1135 1880 nostrae,
1168 1830 1284 1867 cum
1315 1813 1409 1864 ltac
1429 1810 1592 1882 gratia
1619 1822 1729 1878 qua:
1756 1805 2069 1859 ministratur

488 1927 522 1964 a
552 1911 693 1964 nobis
721 1910 789 1961 ad
820 1908 1027 1966 Domini
1077 1906 1292 1979 gloriam
1319 1913 1363 1957 et
1392 1910 1679 1974 promptum
1722 1897 1946 1950 animum
1988 1909 2071 1945 ua-

489 2009 649 2056 strum
673 1999 746 2071 (ιι)
765 2017 777 2052 :
794 2001 1068 2054 decitantes
1086 1997 1201 2062 hoc,
1228 2012 1290 2049 ne
1310 1994 1418 2063 quis
1440 2009 1528 2045 nos
1547 1986 1874 2060 reprehendat
1906 1986 1954 2036 in
1978 1981 2071 2035 hac

487 2091 800 2162 plenitudine
820 2131 836 2156 ,
866 2105 979 2160 qute
1005 2089 1316 2142 ministratur
1336 2101 1367 2136 a
1392 2082 1553 2136 nobis.
1587 2079 1914 2133 Providemus
1940 2073 2073 2128 enim

485 2184 636 2252 bona,
669 2203 770 2239 non
799 2184 964 2240 solum
993 2200 1164 2236 coram
1193 2180 1315 2244 Deo,
1351 2177 1439 2232 sed
1466 2178 1616 2230 etiam
1644 2189 1816 2228 coram
1855 2167 2074 2223 homini-

487 2278 598 2331 bus.
627 2276 680 2330 ln
709 2276 793 2330 his
817 2276 992 2331 verbis
1022 2282 1262 2344 apparet,
1304 2279 1557 2342 quantum
1605 2282 1710 2320 non
1754 2265 1926 2317 solum
1973 2275 2072 2312 cu-

491 2383 605 2422 ram
638 2378 939 2421 sanctarum
972 2365 1204 2435 plebium
1229 2377 1348 2417 esse
1375 2358 1622 2422 voluerit,
1659 2355 1959 2410 ministrare
1979 2365 2074 2402 ne-

489 2461 720 2516 cessaria
749 2459 945 2512 sanctis
973 2457 1064 2510 Dei
1094 2456 1286 2520 servis,
1348 2452 1629 2506 consilium
1674 2448 1726 2500 in
1772 2446 1874 2498 hoc
1901 2442 2032 2497 dans
2055 2481 2070 2507 ,

488 2551 610 2618 quia
634 2548 737 2604 hoc
765 2548 931 2617 magis
957 2547 1083 2617 ipsis
1108 2547 1196 2614 qui
1220 2547 1322 2598 hoc
1344 2542 1604 2614 faciebant
1625 2537 1892 2608 proderat,
1916 2549 2074 2605 quam

492 2637 602 2693 illis
626 2653 748 2708 erga
783 2651 918 2707 quos
950 2636 1214 2691 faciebant
1265 2633 1403 2706 (illis
1433 2633 1575 2686 enim
1606 2628 1748 2683 aliud
1783 2626 2072 2699 proderat,

489 2730 544 2785 id
566 2740 670 2796 est,
703 2730 806 2785 hoc
831 2744 956 2798 erga
977 2743 1035 2782 se
1060 2726 1316 2796 obsequio
1354 2724 1576 2800 fratrum
1620 2736 1836 2775 suorum
1893 2724 2076 2771 sancte

494 2821 594 2885 uti,
623 2835 725 2874 nec
753 2829 970 2890 propter
1025 2817 1126 2873 hoc
1183 2816 1294 2870 Deo
1324 2814 1545 2877 servire,
1592 2827 1691 2868 nec
1737 2811 1833 2863 ista
1864 2821 2076 2861 sumere

494 2912 596 2966 nisi
623 2911 689 2966 ad
712 2909 1060 2981 supplendam
1090 2906 1484 2971 necessitatem,
1529 2918 1636 2958 non
1663 2901 1728 2956 ad
1756 2897 2074 2971 pascendam

492 3001 794 3074 pigritiam)
820 3019 831 3054 :
854 3000 947 3055 sed
973 3001 1133 3056 etiam
1162 3013 1311 3054 suam
1340 3011 1522 3052 curam
1550 2995 1738 3050 beatus
1789 2988 2078 3062 Apostolus

499 3101 700 3146 tantam
730 3093 858 3147 dicit
887 3093 940 3146 in
967 3091 1068 3146 hac
1094 3089 1514 3152 ministratione,
1542 3090 1660 3158 quae
1699 3099 1840 3139 nunc
1867 3098 1960 3154 per
1986 3081 2080 3136 Ti-

500 3192 614 3238 tum
644 3185 1122 3250 transmittebatur,
1151 3193 1206 3237 ut
1225 3181 1476 3237 comitem
1503 3176 1947 3251 peregrinationis
1965 3190 2077 3230 sua:

493 3285 713 3350 propter
757 3277 859 3331 hoc
908 3284 1290 3330 commemoret
1335 3274 1638 3328 ordinatum
1678 3271 1745 3326 ab
1788 3268 2076 3333 Ecclesiis,

495 3368 619 3420 boni
650 3368 940 3422 testimonii
962 3368 1232 3421 hominem
1265 3365 1390 3432 Dei,
1417 3365 1563 3436 cujus
1615 3364 1746 3426 laus,
1797 3361 1999 3432 inquit,
2023 3360 2078 3414 in

481 3456 774 3528 Evangelia
791 3469 862 3512 est
879 3475 967 3529 per
991 3474 1162 3512 omnes
1182 3454 1458 3511 Ecclesias.
1487 3455 1553 3509 Et
1572 3453 1637 3509 ad
1661 3454 1762 3508 hoc
1777 3451 1905 3508 dicit
1928 3451 2076 3505 illum

499 3549 800 3605 ordinatum
831 3549 1082 3604 comitem
1108 3548 1246 3613 sibi,
1279 3558 1339 3602 ut
1379 3547 1640 3602 devitaret
1686 3543 1959 3600 hominum
1990 3559 2078 3598 re-

498 3639 910 3709 prehensiones,
937 3656 1003 3694 ne
1027 3641 1145 3694 sine
1177 3639 1479 3694 testimonio
1519 3644 1824 3690 sanctorum
1877 3635 1929 3688 in
1979 3633 2083 3689 hoc

503 3732 801 3787 ministerio
820 3733 1086 3788 sociorum
1107 3774 1120 3799 ,
1147 3741 1393 3801 tanquam
1422 3729 1520 3784 sibi
1551 3729 1792 3796 accipere
1811 3765 1824 3792 ,
1851 3719 1903 3779 et
1927 3725 1980 3779 in
2006 3726 2082 3780 si-

497 3837 598 3877 nus
625 3824 792 3878 suos'
814 3831 1125 3878 convertere
1153 3822 1220 3875 ab
1244 3820 1468 3875 inﬁrmis
1494 3825 1548 3872 et
1573 3819 1748 3888 impiis
1779 3826 2080 3888 putaretur,

499 3927 622 3982 quae
671 3915 967 3984 accipiebat
1001 3914 1068 3967 ad
1111 3911 1432 3982 supplendas
1482 3911 1829 3966 necessitates
1873 3918 2085 3964 sancto-

502 4019 624 4060 rum
652 4019 749 4073 per
776 4021 835 4060 se
862 4004 1128 4060 atl‘erenda
1159 4005 1242 4060 vel
1267 4001 1628 4059 distribuenda
1655 4000 2031 4073 indigentibus.

572 4115 660 4171 18.
702 4115 768 4170 Ει
795 4116 950 4185 paulo
977 4125 1096 4186 post
1137 4114 1312 4170 dicit:
1345 4113 1484 4168 Nam
1528 4113 1590 4168 de
1633 4111 1907 4168 ministerio
1949 4114 2085 4188 quod

499 4209 561 4280 ﬁt
587 4209 640 4263 in
663 4217 878 4275 sanctos,
911 4225 972 4265 ex
995 4209 1271 4262 abundanti
1299 4217 1370 4261 est
1392 4208 1515 4262 mihi
1535 4207 1748 4264 scribere
1771 4208 1925 4268 vobis.
1959 4207 2082 4264 Scio

500 4302 634 4356 enim
675 4311 958 4374 promptum
1001 4317 1108 4356 esse
1145 4301 1371 4353 animant
1413 4309 1646 4363 vestrum,
1688 4299 1870 4369 dequo
1895 4297 2085 4370 glorior

499 4409 594 4465 pro
642 4395 775 4448 vobis
812 4392 952 4464 apud
993 4392 1339 4456 Macedonas;
1376 4393 1613 4462 quoniant
1657 4390 1852 4446 Achaia
1904 4400 2086 4461 parata

499 4495 572 4541 est
594 4486 656 4540 ab
686 4504 818 4541 anno
848 4486 1034 4557 priore,
1064 4495 1108 4540 et
1149 4501 1262 4556 qua:
1286 4501 1349 4539 ex
1393 4484 1528 4540 vobis
1569 4493 1641 4538 est
1665 4485 1922 4539 aemulatio
1961 4485 2084 4540 irri-

502 4580 622 4633 tavit
649 4579 838 4649 plures.
898 4577 1131 4632 Misimus
1171 4587 1338 4632 autem
1366 4580 1566 4647 fratres,
1611 4593 1672 4630 ne
1709 4577 1872 4646 gloria
1912 4590 2084 4632 nostra

500 4684 654 4738 quam
691 4668 928 4722 habemus
971 4669 1023 4724 in
1061 4668 1196 4720 vobis
1219 4708 1235 4735 ,
1280 4677 1544 4722 evacuatur
1581 4669 1634 4724 in
1676 4667 1772 4722 hac
1815 4675 1974 4736 parte,
2009 4675 2081 4734 ut,

500 4760 631 4813 sicut
666 4759 772 4812 dixi
793 4800 806 4824 ,
854 4759 1019 4830 parati
1047 4759 1152 4812 sitis
1181 4774 1199 4812 :
1228 4774 1290 4813 ne
1319 4775 1432 4812 cum
1461 4760 1680 4814 venerint
1725 4773 1920 4814 mecum
1966 4758 2084 4813 Μα-

483 4852 734 4924 βεάοηεε,
763 4859 809 4905 ει
833 4851 1105 4906 invenerint
1133 4866 1218 4906 vos
1255 4852 1553 4922 imparatos,
1579 4851 1949 4921 confundantur
1972 4868 2079 4920 nos,

501 4954 558 4998 ut
582 4960 683 4998 non
704 4944 869 4998 dicam
894 4960 1000 5012 vos,
1023 4945 1075 4997 in
1101 4943 1194 4998 hac
1222 4944 1518 5000 substantia.
1578 4943 1936 5000 Necessarium
1965 4960 2086 5017 ergo

504 5036 785 5090 existimavi
811 5053 990 5108 rogare
1014 5040 1194 5109 fratres
1213 5078 1227 5102 ,
1257 5047 1310 5092 ut
1337 5037 1622 5108 prtecedant
1649 5036 1718 5090 ad
1740 5052 1845 5102 vos,
1877 5047 1923 5092 et
1945 5053 2083 5109 prat-

504 5136 682 5200 parent
713 5130 827 5200 jam
877 5129 1070 5194 pridem
1111 5130 1466 5202 repromissam
1513 5130 1642 5184 hanc
1695 5128 2085 5186 benedictionem

503 5231 753 5288 vestram,
792 5233 847 5277 ut
889 5224 952 5278 sit
979 5234 1192 5296 parata,
1237 5223 1308 5278 sic
1346 5223 1490 5295 quasi
1529 5222 1916 5280 benedictionem
1937 5266 1952 5292 ,
1982 5242 2085 5288 non

503 5315 652 5384 quasi
697 5316 979 5370 avaritiam.
1035 5315 1150 5369 Hoc
1194 5323 1362 5368 autem
1390 5314 1412 5345 ³
1435 5353 1450 5378 ,
1503 5313 1603 5382 Qui
1646 5332 1794 5384 parce
1836 5317 2080 5387 seminat,

569 5465 1039 5554 Ἁιξῒμπέίηαειω
1059 5462 1122 5516 ab
1159 5463 1414 5528 Ecclesiis;
1436 5467 1634 5523 omisso.
1671 5475 1759 5530 est,
1786 5470 1913 5535 quod
1939 5471 2086 5524 etiam

504 5539 534 5579 ι
555 5541 717 5624 greco
738 5530 897 5602 abest.
1036 5587 1050 5602 .
1804 5530 1820 5535 '
1857 5555 1860 5560 -

617 5591 884 5642 casalensts
905 5598 1007 5650 Ms.,
1027 5601 1081 5642 sn
1102 5601 1213 5640 suos
1235 5601 1365 5642 usus.

571 5652 592 5684 ⁸
622 5656 738 5684 mliti
786 5652 872 5684 In.”
896 5660 1053 5684 mitam
1084 5651 1194 5684 Αδρη
1242 5655 1382 5684 Ahnct
1429 5651 1538 5684 Αὸρη
1585 5668 1609 5684 n
1644 5662 1732 5684 llao
1780 5662 1826 5684 ni
1859 5678 1860 5681 η

471 5697 474 5702 .
571 5652 592 5684 ⁸
622 5656 756 5712 mni,
783 5652 872 5703 hoc
895 5660 1057 5706 autem
1083 5652 1212 5707 dico.
1234 5655 1404 5720 Abest,
1427 5652 1556 5719 dico,
1584 5668 1612 5705 α
1643 5662 1752 5708 Mss.
1780 5662 1831 5710 et
1858 5667 1894 5708 ι
1925 5668 2089 5720 graeco

505 5720 646 5778 testu
666 5717 891 5778 Apostolt.

568 5772 643 5842 (a)
674 5772 833 5840 vorte,
857 5782 1082 5832 vestrum.

1425 322 1513 379 DE
1551 303 1778 379 OPERE
1807 304 2304 376 MONACHORUM,
2336 311 2392 368 S.
2434 309 2800 368 AUGUSTINI

3625 308 3741 366 566

2154 443 2302 504 parce
2322 435 2367 482 et
2396 434 2538 484 metet
2564 443 2582 490 ;
2610 432 2657 479 et
2677 405 2763 496 qui
2790 419 3000 482 seminat
3025 420 3078 478 in
3116 419 3480 492 benedictione,
3509 424 3566 480 in
3597 424 3752 485 bene-

2154 505 2369 574 dictione
2415 526 2462 574 et
2506 526 2668 572 metet.
2733 514 3080 591 Unusquisque
3123 512 3396 572 secundum
3439 517 3577 587 quod
3621 533 3752 582 pro-

2156 610 2321 682 posuit
2349 610 2516 674 corde,
2545 625 2645 663 non
2664 623 2726 662 etc
2745 607 2944 662 tristitia
2972 613 3056 662 aut
3084 622 3146 660 ea:
3173 606 3459 662 necessitate
3487 621 3509 660 :
3531 604 3756 661 hilarans

2157 703 2287 762 enim
2333 701 2559 755 datorem
2602 698 2766 772 diligit
2819 696 2980 756 Deus.
3035 695 3230 762 Potens
3271 706 3344 750 est
3387 706 3558 752 autem
3610 694 3754 750 Deus

2158 809 2351 860 onmem
2376 793 2593 863 gratiam
2621 789 2958 844 abundantem
3000 789 3166 858 facere
3193 788 3246 842 iu
3273 789 3430 857 vobis,
3474 788 3612 842 utin
3637 803 3755 842 om-

2159 886 2303 944 nibus
2329 871 2524 956 semper
2561 899 2756 938 omnem
2799 881 3143 953 suﬁ‘icietttiam
3185 879 3441 947 habentes,
3482 879 3755 936 abundetis

2161 976 2212 1030 in
2241 991 2386 1028 omne
2427 991 2551 1044 opus
2596 973 2818 1026 bonum:
2861 971 2990 1028 sicut
3018 970 3264 1039 scriptum
3314 979 3419 1031 est.
3471 968 3750 1038 Dispersit,

2163 1067 2300 1122 dedit
2334 1066 2659 1144 pauperibus,
2679 1065 2882 1134 justitia
2923 1065 3033 1136 ejus
3068 1072 3236 1118 manet
3259 1062 3313 1116 in
3335 1072 3599 1120 attentum.
3658 1061 3759 1130 Qui

2135 1151 2140 1154 ’
2165 1169 2330 1212 autem
2351 1157 2693 1212 subministrat
2722 1171 2888 1210 semen
2914 1154 3202 1219 scmiaanti,
3235 1164 3280 1207 et
3302 1170 3482 1223 panem
3504 1153 3557 1207 in
3586 1169 3758 1208 escam

2165 1248 2592 1310 subministrabit,
2631 1257 2677 1300 et
2716 1245 3071 1315 multiplicabit
3108 1245 3484 1300 seminationem
3513 1254 3752 1310 vestram,

2167 1351 2214 1394 et
2239 1341 2436 1410 augebit
2472 1349 2743 1398 crescentes
2772 1339 2940 1409 fruges
2956 1338 3172 1407 justitia:
3197 1349 3392 1405 vestrm,
3421 1349 3472 1390 ut
3501 1339 3554 1391 in
3585 1339 3754 1391 omni-

2168 1433 2258 1487 bus
2279 1435 2425 1486 ditati
2459 1434 2474 1463 ί
2501 1435 2553 1486 in
2581 1449 2776 1487 onmem
2819 1430 3220 1500 simplicitatem,
3265 1445 3379 1500 qua:
3405 1441 3651 1499 operatur
3675 1448 3760 1499 per

2169 1541 2261 1577 nos
2309 1525 2586 1594 gratiarum
2634 1524 2876 1580 actionem
2926 1519 3033 1575 Deo
3076 1537 3094 1575 :
3139 1521 3374 1594 quoniam
3425 1521 3756 1576 ministerium

2172 1622 2445 1701 [unctionis
2489 1622 2644 1692 hujus
2685 1637 2785 1674 non
2836 1619 2999 1676 solum
3056 1618 3255 1688 supplet
3303 1633 3360 1672 ca
3411 1632 3528 1688 qua:
3581 1616 3759 1676 desunt

2170 1714 2385 1780 sanctis,
2414 1714 2502 1768 sed
2531 1725 2578 1767 et
2607 1713 2865 1770 abundare
2903 1714 3025 1783 facit
3064 1730 3152 1782 per
3175 1711 3448 1770 multarum
3477 1713 3756 1783 gratiarum

2173 1807 2417 1859 actionem
2461 1804 2603 1869 Deo,
2651 1823 2741 1875 per
2786 1805 3130 1875 probationem
3177 1805 3564 1860 ministratiaais
3610 1805 3757 1874 hujus

2173 1900 2514 1971 gloriﬁcantes
2563 1898 2726 1952 Deum
2763 1899 2818 1954 in
2863 1899 3094 1967 obsequio
3134 1897 3464 1970 confessionis
3508 1908 3688 1953 vestra:
3710 1898 3757 1949 in

2174 1992 2505 2062 Evangelium
2538 1993 2558 2022 ²
2605 1991 2812 2058 Christi,
2841 2001 2888 2046 et
2931 1990 3253 2061 simplicitate
3296 1990 3759 2046 communicationis

2176 2086 2228 2139 in
2252 2085 2367 2138 illos
2391 2093 2436 2136 et
2460 2083 2511 2138 in
2550 2100 2741 2147 omnes,
2772 2093 2818 2138 et
2848 2085 2901 2137 in
2924 2084 3149 2154 ipsorum
3179 2085 3464 2154 precatione
3489 2101 3581 2153 pro
3610 2084 3756 2149 vobis,

2177 2176 2568 2232 desiderantium
2593 2193 2678 2231 vos
2720 2186 2924 2246 propter
2969 2175 3290 2231 excellentem
3331 2177 3553 2248 gratiam
3594 2175 3692 2230 Dei
3716 2177 3760 2229 iu

2178 2269 2333 2324 vobis.
2364 2267 2565 2322 Gratias
2600 2267 2702 2321 Deo
2729 2287 2880 2335 super
2900 2268 3230 2325 inenarrabili
3255 2267 3389 2323 dona
3409 2271 3522 2340 ejus
3552 2269 3618 2340 (ll
3645 2267 3756 2326 Cor.

2151 2353 2269 2420 ‘vm
2303 2374 2349 2418 et
2383 2365 2480 2434 ix).
2514 2362 2721 2430 Quanta
2752 2363 3071 2433 pinguedine
3094 2373 3290 2418 sanctze
3317 2364 3520 2416 lzetitize
3545 2364 3616 2418 sit
3639 2379 3758 2432 per-

2180 2455 2329 2533 fusus
2350 2456 2658 2524 Apostolus,
2679 2455 2805 2509 dum
2829 2455 3063 2524 loquitur
3081 2457 3147 2508 de
3167 2455 3377 2516 alterno
3398 2455 3762 2526 supplemento

2180 2549 2484 2619 indigentiae
2527 2550 2754 2606 militum
2779 2561 2831 2606 et
2863 2551 3266 2621 pravincialium
3301 2549 3528 2615 Christi,
3558 2552 3685 2608 hinc
3705 2553 3762 2608 de

2181 2641 2340 2704 rebus
2376 2642 2677 2698 carnalibus
2705 2642 2757 2696 in
2788 2643 2926 2708 illos,
2951 2641 3074 2697 inde
3101 2653 3278 2700 autem
3309 2643 3379 2700 de
3404 2643 3762 2712 spiritualibus

2181 2732 2236 2790 in
2294 2734 2466 2797 istos;
2511 2744 2567 2788 ut
2627 2734 2994 2802 exclamaret,
3054 2742 3109 2790 et
3158 2742 3410 2804 tanquam
3461 2744 3758 2792 sanctorum

2181 2824 2494 2896 gaudiorum
2535 2826 2712 2894 sagina
2767 2834 3070 2882 eructuaret
3096 2865 3113 2892 ,
3143 2823 3366 2894 dicens,
3413 2824 3624 2882 Gratias
3669 2825 3761 2882 Deo

2181 2931 2334 2990 super
2356 2915 2680 2972 inenarrabili
2707 2916 2838 2972 dono
2867 2917 3019 2987 ejus?

2254 3025 2344 3083 19.
2366 3025 2514 3082 Sicut
2536 3043 2662 3096 ergo
2687 3042 2792 3082 non
2813 3026 3040 3082 cessavit
3062 3027 3368 3098 Apostolus.
3397 3027 3510 3083 imo
3536 3029 3756 3098 Spiritus

2124 3174 2126 3176 ,
2183 3117 2277 3174 Dei
2311 3117 2586 3186 possidens
2609 3127 2666 3172 et
2683 3118 2911 3188 impleas
2938 3126 2992 3174 et
3014 3133 3181 3188 agetis
3204 3135 3301 3174 cor
3326 3120 3463 3189 ejus,
3493 3121 3756 3175 exhortari

2164 3208 2370 3270 ,lideles
2418 3210 2508 3280 qui
2562 3208 2819 3264 baberent
2881 3209 3184 3279 huiusmodi
3215 3209 3238 3248 ³
3284 3211 3668 3277 substantiam,
3714 3220 3760 3266 ut

2182 3299 2316 3356 nihil
2351 3300 2564 3355 deesset
2609 3300 3019 3356 necessitatibus
3059 3315 3336 3357 servorum
3367 3303 3479 3367 Dei,
3527 3303 3618 3372 qui
3661 3302 3760 3357 cel-

2181 3391 2382 3449 siorem
2423 3393 2722 3447 sanctitatis
2753 3393 2975 3462 gradum
3008 3393 3059 3446 in
3101 3393 3334 3448 Ecclesia
3367 3405 3546 3449 tenere
3578 3395 3759 3449 vidue-

2183 3493 2325 3548 runt,
2359 3494 2414 3538 ut
2454 3485 2570 3554 spei
2608 3484 2879 3540 saecularis
2916 3485 3124 3540 vincula
3170 3496 3359 3541 cuncta
3402 3486 3758 3556 parciderent,

2183 3583 2240 3632 et
2271 3577 2508 3631 animum
2551 3577 2771 3630 liberum
2819 3577 3016 3632 divinae
3059 3578 3264 3632 militiae
3302 3578 3613 3633 dedicarem
3643 3596 3660 3633 :
3693 3580 3759 3633 sic

2183 3667 2382 3724 debent
2400 3679 2452 3722 et
2480 3669 2575 3738 ipsi
2599 3669 2876 3738 praeceptis
2898 3669 3015 3739 ejus
3033 3669 3273 3736 obedire,
3299 3678 3357 3725 ut
3381 3673 3760 3740 compatiantur

2183 3758 2428 3822 infirmis,
2458 3767 2513 3814 et
2539 3774 2720 3814 amore
2766 3760 2986 3829 privatas
3026 3761 3105 3814 rei
3142 3775 3248 3814 non
3296 3761 3479 3832 illigati
3527 3763 3758 3818 manibus

2121 3906 2123 3908 .
2183 3850 2298 3907 suis
2340 3851 2396 3904 in
2437 3865 2724 3906 commune
2767 3851 3014 3907 laborare
3065 3850 3110 3918 ι,
3155 3853 3456 3922 ριιωροείιίε
3503 3855 3619 3908 suis
3661 3856 3758 3910 sine

2185 3957 2458 4004 murmure
2497 3942 2909 4012 obtemperare;
2953 3952 3012 3999 ut
3050 3943 3152 3998 hoc
3176 3946 3484 4015 suppleatur
3511 3962 3580 4001 ex
3624 3946 3756 4001 obla-

2186 4033 2420 4089 tionibus
2472 4034 2734 4089 bonorum
2786 4033 3020 4089 ﬁdelium
3042 4076 3058 4102 ,
3113 4036 3255 4106 quod
3308 4036 3674 4094 laborantibus
3717 4047 3759 4092 et

2185 4125 2386 4196 aliquid
2413 4125 2554 4181 unde
2579 4126 2776 4181 victum
2815 4126 3107 4196 transigant
3148 4128 3513 4196 operantibus,
3559 4137 3759 4198 propter

2188 4215 2526 4274 inﬁrmitates
2555 4225 2730 4274 tamen
2757 4219 3064 4287 corporales
3103 4219 3400 4288 aliquorum
3426 4261 3442 4287 ,
3471 4229 3532 4276 et
3559 4230 3758 4292 propter

2187 4310 2577 4367 ecclesiasticas
2599 4313 2975 4382 occupationes
3002 4312 3090 4370 vel
3117 4312 3474 4370 eruditionem
3513 4315 3755 4372 doctrina

2186 4401 2456 4469 salutaris,
2486 4401 2674 4459 deesse
2703 4405 3004 4474 putaverint
3020 4405 3064 4457 '.

2257 4515 2483 4573 CAPUT
2511 4516 2674 4573 XVII.
2698 4546 2767 4561 -—
2787 4517 2876 4573 20.
2909 4516 3194 4572 Obtcndunt
3225 4518 3356 4590 pigri
3377 4535 3560 4574 vacare
3582 4537 3632 4574 se
3655 4535 3757 4574 ora-

2190 4608 2332 4675 tioni,
2362 4608 2590 4680 psalmis,
2631 4609 2830 4664 lectioni
2855 4619 2903 4664 et
2927 4611 3072 4665 verba
3100 4609 3216 4665 Dei.
3257 4609 3405 4666 Inter
3445 4614 3754 4667 laborandum

2191 4699 2339 4754 licere
2366 4700 2597 4771 psallere.
2659 4699 2943 4756 Lectionem
2979 4719 3083 4756 non
3123 4703 3379 4774 prodesse,
3413 4706 3514 4759 nisi
3537 4705 3756 4776 ﬁatqaod

2189 4790 2390 4862 tegitur.
2418 4791 2574 4858 ‘Quid
2621 4793 2763 4847 enim
2808 4802 2966 4864 agant
3017 4791 3107 4864 qui
3162 4795 3373 4865 operari
3431 4797 3757 4865 corporaliter

2189 4881 2396 4948 nolunt,
2441 4883 2546 4937 cui:
2569 4882 2644 4938 rei
2685 4893 2873 4939 vacent
2917 4883 3056 4940 scire
3101 4885 3367 4941 desidero.
3415 4885 3751 4953 Orationibus,

2187 4975 2456 5046 inquiunt,
2481 4984 2535 5030 et
2558 4976 2798 5046 psalmis,
2826 4985 2880 5032 et
2908 4977 3142 5046 lectioni,
3173 4989 3226 5034 et
3251 4980 3418 5034 verbo
3439 4980 3551 5035 Dei.
3579 4979 3754 5035 Sancta

2188 5069 2345 5139 plane
2371 5069 2476 5121 vita
2500 5076 2554 5122 et
2581 5067 2776 5125 Christi
2805 5071 3064 5127 suavitate
3091 5071 3113 5104 ⁸
3147 5073 3432 5129 laudabilis
3461 5090 3479 5133 :
3519 5074 3606 5130 sed
3628 5075 3671 5128 si
3695 5074 3753 5127 ab

2189 5160 2274 5216 bis
2302 5161 2556 5215 avocandi
2581 5176 2688 5216 non
2720 5178 2920 5227 sumus,
2959 5179 3059 5220 nec
3083 5165 3511 5223 manducandum
3537 5177 3630 5230 est,
3663 5180 3750 5220 nec

2190 5253 2319 5325 ipsa:
2358 5267 2494 5309 esca
2519 5254 2755 5324 quotidie
2795 5255 3180 5328 praeparanda),
3228 5267 3285 5312 ut
3328 5261 3532 5328 possint
3571 5256 3749 5328 apponi

2253 5411 2271 5443 ⁸
2305 5409 2440 5468 Editi,
2467 5407 2608 5483 ditati
2626 5408 2893 5484 abundctis.
2922 5412 3149 5476 Verbum,
3192 5412 3459 5480 abmdetis,
3492 5429 3580 5465 non
3604 5421 3677 5464 est
3707 5415 3749 5462 in

2187 5477 2317 5532 κω,
2340 5484 2434 5522 nec
2457 5474 2740 5534 exprimitur
2763 5473 2812 5521 in
2826 5485 3007 5535 graeco.
3135 5473 3142 5476 ⁷

2253 5537 2276 5605 ξ
2307 5535 2440 5605 editi,
2467 5532 2528 5605 in,
2543 5532 2789 5605 cvangelio
2812 5547 2829 5591 ς
2851 5535 3380 5605 dissentientibuslss.

2256 5596 2277 5658 ξ
2311 5603 2438 5646 Unus
2463 5609 2492 5644 e
2516 5596 2747 5645 \‘aticanis
2771 5604 2892 5658 uss"
2917 5596 3064 5658 huius
3092 5597 3280 5649 mundi.

2254 5657 2276 5726 ’ς
2307 5659 2379 5708 sic
2402 5666 2503 5708 mss.
2532 5666 2585 5706 At
2605 5658 2743 5726 editi,
2767 5655 2818 5708 in
2840 5655 3086 5726 comitanti
3101 5658 3278 5711 labore.

2257 5720 2277 5783 ξ
2312 5726 2406 5783 Ειῃ,
2431 5720 2652 5783 potuerit.
2679 5725 2802 5783 unus
2826 5733 2854 5766 e
2883 5723 3115 5770 Vaticanis
3136 5728 3266 5783 Mss,
3282 5723 3503 5783 patuerit.

2259 5781 2280 5813 ο
2309 5779 2445 5838 editi;
2465 5779 2578 5835 etin
2597 5779 2774 5834 Christi
2788 5786 3038 5838 simulate.
3063 5784 3227 5848 Abeat,
3249 5779 3324 5852 in;
3348 5798 3379 5837 a
3397 5792 3503 5840 ωε.
