3930 6368
1575 300 1779 359 LIBER
1816 300 2019 359 W.

200 417 466 478 omni.
518 388 1426 479 samammwm
1463 411 1751 471 Μανῆς
1855 412 2176 486 deputatas?
2219 414 2462 488 namque
2493 419 2635 490 apud
2673 422 2910 487 Am"...
2942 438 3070 491 αα,
3110 435 3273 496 ωε,

203 512 457 570 inmitis
482 518 798 581 temporum,
858 508 1026 578 ipsius
1072 507 1402 564 inﬁrmitatis
1452 509 1745 565 necessitas
2307 525 2486 571 rerum
2526 512 2871 583 huiclaboras
2912 517 3211 587 invenerat,
3255 520 3331 585 ita
3370 520 3441 579 do

200 609 335 677 agit,
370 621 461 665 cur
497 618 611 660 non
647 612 699 659 et
735 602 1040 673 apostolicis
1074 602 1354 672 praceplis
1397 601 1747 659 observandis
1852 597 1945 659 illo
1976 600 2231 671 scriptum
2273 610 2395 666 est:
2443 600 2752 674 Disputatio;
2800 607 2957 679 igitur
2991 626 3107 671 cum
3149 610 3347 676 Judwis
3385 612 3441 667 in

194 702 371 772 aliquas
414 708 594 769 partes
638 706 930 766 temporum
983 696 1344 766 deputamus?
1388 696 1557 753 Citius
1599 699 1753 753 enim

195 791 439 849 exauditur
475 805 585 844 una
621 790 914 845 obciientis
948 790 1140 854 oratio,
1171 804 1331 861 quam
1355 788 1544 846 decem

199 884 557 953 contemptoris.
610 883 822 938 Cantica
873 896 1003 937 vero
1054 881 1231 937 divina
1286 892 1523 949 cantare,
1574 883 1739 952 etiam

198 977 404 1034 uanitatis
424 984 711 1053 operantes
746 974 900 1028 facile
932 984 1175 1044 possunt,
1216 983 1271 1030 et
1301 974 1471 1045 ipsum
1505 975 1739 1031 laborem

195 1080 405 1140 tanquam
450 1068 637 1122 divino
680 1068 977 1125 celeumate
1017 1067 1278 1121 consolari
1319 1065 1417 1139 (α).
1462 1068 1543 1122 An
1592 1067 1741 1137 igno-

190 1179 357 1225 ramus,
370 1178 549 1217 omues
568 1161 791 1230 opifices
812 1160 1003 1231 quibus
1016 1159 1336 1215 vanitatibus
1354 1168 1408 1216 et
1432 1160 1741 1230 plerumque

192 1257 323 1311 etiam
347 1254 750 1325 turpitudinibus
791 1253 1163 1309 theatricarum
1200 1252 1497 1308 fabularum
1536 1252 1741 1308 donent

194 1348 321 1401 corda
360 1356 408 1401 et
451 1334 658 1416 linguas
704 1361 856 1412 suas,
907 1360 1028 1400 cum
1074 1360 1262 1400 manus
1309 1345 1377 1400 ab
1418 1360 1581 1417 opere
1630 1360 1735 1400 non

192 1438 441 1494 recedant?
482 1438 621 1505 Quid
668 1453 798 1509 ergo
839 1437 1060 1506 impedit
1112 1453 1322 1491 servum
1352 1438 1445 1491 Dei
1495 1437 1739 1492 manibus

190 1541 456 1599 aperantem
501 1531 552 1582 in
600 1530 716 1599 lege
763 1529 969 1583 Domini
1024 1528 1266 1583 meditari
1311 1527 1482 1597 (Psal.
1509 1544 1546 1592 ι,
1574 1527 1653 1597 2),
1683 1534 1740 1582 et

190 1624 382 1693 psallere
417 1623 611 1677 nomini
640 1622 853 1675 Domini
893 1621 1149 1675 Altissimi
1194 1619 1371 1690 ('Psal,
1403 1635 1496 1684 xu,
1528 1618 1584 1689 6)
1613 1637 1626 1671 :
1662 1620 1736 1673 ita

188 1731 295 1769 sane
330 1724 382 1769 ut
428 1715 489 1767 ad
537 1729 599 1768 ea
649 1712 926 1777 discenda,
970 1728 1089 1781 quae
1156 1712 1465 1767 memoriter
1511 1710 1734 1777 recolat,

190 1807 353 1860 habeat
386 1807 601 1875 seposita
646 1805 930 1875 tempora?
959 1789 1047 1858 ad
1081 1804 1183 1859 hoc
1210 1805 1353 1859 enim
1397 1812 1452 1859 et
1479 1804 1567 1857 illa
1597 1804 1733 1858 bona

189 1915 331 1969 opera
352 1899 588 1961 fidelium,
610 1899 849 1953 subsidio
874 1898 1285 1967 supplendorum
1314 1897 1735 1952 necessariorum

190 1990 362 2044 deesse
398 2006 493 2044 non
517 1990 725 2056 debent,
774 1998 831 2042 ut
856 1989 1008 2042 horae
1046 1989 1237 2059 quibus
1276 1989 1340 2041 ad
1383 1986 1735 2042 erudiendum

197 2081 409 2133 animum
436 2082 503 2134 ita
529 2092 749 2145 vocatur,
775 2089 833 2134 ut
865 2081 952 2133 illa
978 2095 1142 2150 opera
1163 2078 1458 2149 oorporalia
1488 2080 1598 2148 geri
1631 2094 1735 2133 non

198 2172 425 2242 possint,
475 2188 572 2225 non
616 2172 905 2238 Opprimant
936 2172 953 2205 ³
1000 2181 1256 2241 egestate.
1302 2170 1406 2237 Qui
1452 2178 1632 2225 autem
1676 2184 1736 2226 se

199 2262 365 2317 dicunt
405 2280 578 2319 vacare
616 2264 846 2331 lectioni,
899 2279 1079 2320 nonne
1126 2264 1231 2319 illic
1274 2264 1549 2318 inveniunt
1591 2258 1736 2332 quod

193 2359 406 2425 par-cipit
441 2359 753 2426 Apostolus?
798 2360 928 2426 Quae
957 2369 1040 2414 est
1079 2360 1177 2414 ista
1223 2374 1350 2430 ergo
1391 2358 1733 2429 perversitas,

191 2448 376 2503 lectioni
412 2451 538 2504 nolle
564 2451 958 2520 obtemperare,
992 2452 1119 2506 dum
1164 2453 1278 2507 vult
1318 2453 1369 2507 ei
1406 2466 1642 2516 vacare;
1679 2459 1736 2506 et

190 2550 235 2592 ut
258 2541 379 2607 quod
405 2541 586 2597 bonum
612 2553 699 2597 est
728 2544 926 2599 diutius
953 2544 1176 2613 legatur,
1219 2544 1341 2621 ideo
1370 2544 1543 2598 facere
1582 2542 1730 2598 nolle

188 2634 301 2703 quod
330 2634 539 2704 legitur?
561 2638 697 2703 Quis
720 2638 865 2691 enim
895 2638 1096 2692 nesciat
1126 2646 1273 2692 tanto
1293 2638 1450 2692 citius
1469 2651 1734 2707 quemque

189 2728 406 2793 proﬁcere
445 2745 558 2784 cum
602 2731 753 2785 bona
802 2730 947 2800 legit,
999 2741 1195 2800 quanto
1236 2730 1391 2785 citius
1430 2730 1556 2785 facit
1593 2727 1733 2799 quod

190 2816 325 2885 legit?

253 2909 435 2967 CAPUT
479 2912 661 2968 XVIII.
699 2914 890 2968 -ξι
925 2912 1183 2984 Erogandi
1208 2913 1345 2968 verbi
1386 2912 1482 2968 Dei
1526 2915 1731 2969 obtentu

196 2999 380 3055 nolentes
414 3003 622 3059 laborare
668 3005 1009 3075 castigantur.
1068 3004 1265 3059 Paulus
1314 3008 1381 3059 ad
1422 3006 1733 3075 erogandum

196 3093 364 3147 verbum
382 3109 491 3148 certa
517 3106 758 3167 tempora
785 3098 1057 3162 constituit,
1088 3106 1131 3151 et
1156 3098 1259 3149 alia
1286 3097 1355 3150 ad
1375 3098 1728 3152 laborandum.

196 3181 368 3252 Optima
392 3188 688 3255 gubernatio,
747 3197 801 3240 ut
844 3188 1013 3241 omnia
1062 3205 1123 3242 ea:
1149 3188 1325 3242 ordine
1368 3199 1623 3259 gerantur.
1671 3187 1731 3243 Si

190 3285 333 3330 autem
368 3280 503 3333 alicui
540 3297 733 3336 sermo
758 3281 1057 3351 erogandus
1086 3288 1186 3347 est,
1242 3290 1297 3337 et
1324 3282 1393 3336 ita
1423 3291 1650 3351 occupat
1675 3291 1732 3337 ut

187 3369 389 3425 manibus
417 3375 611 3441 operari
640 3388 761 3427 non
789 3382 940 3427 vacet
964 3388 978 3437 ;
1016 3373 1269 3443 tuunqnid
1312 3373 1413 3428 hoc
1457 3389 1647 3429 omnes
1676 3374 1729 3429 in

185 3465 457 3517 monasterio
480 3475 701 3531 possunt
721 3507 739 3531 ,
771 3464 1110 3520 venientibus
1141 3465 1207 3520 ad
1238 3481 1296 3521 se
1315 3482 1382 3522 ex
1408 3467 1513 3522 alio
1536 3476 1731 3537 genere

189 3548 295 3603 vita
316 3551 542 3623 fratribus,
576 3559 663 3613 vel
695 3556 911 3611 divinas
930 3558 1197 3613 lectiones
1224 3574 1515 3628 exponere,
1556 3560 1638 3613 vel
1663 3559 1731 3614 de

188 3639 412 3711 aliquibus
442 3650 819 3715 questionibus
840 3650 1142 3706 salubriter
1169 3650 1478 3722 diSputare?
1509 3651 1731 3720 Quando

185 3744 297 3803 ergo
319 3749 409 3790 non
435 3753 603 3796 omnes
633 3748 894 3812 possunt,
924 3756 1024 3795 cur
1042 3741 1145 3796 sub
1172 3741 1274 3797 hoc
1298 3742 1517 3797 obtentu
1543 3757 1731 3798 omnes

185 3837 345 3882 vacare
379 3830 580 3887 volunt?
617 3836 947 3902 Quanquam
984 3834 1083 3889 etsi
1133 3849 1320 3889 omnes
1361 3842 1601 3904 possent,
1648 3836 1731 3889 vi-

186 3914 443 3976 eissitudine
467 3922 641 3980 facere
686 3925 951 3980 deberent
992 3926 1055 3992 ’ς
1088 3941 1191 3980 non
1231 3927 1402 3980 solum
1447 3943 1512 3981 ne
1550 3928 1728 3982 caeteri

190 4020 215 4059 δ
237 4016 504 4070 necessariis
528 4017 797 4086 operibus
834 4026 1243 4087 occuparentur,
1291 4017 1386 4072 sed
1423 4018 1581 4073 etiam
1609 4020 1730 4089 quia

190 4099 345 4155 Sufficit
358 4114 408 4159 ut
432 4107 777 4164 audientibus
799 4109 1040 4178 pluribus
1054 4125 1197 4163 unus
1219 4109 1505 4179 loquatur?
1525 4110 1731 4166 Deinde

185 4188 268 4258 illSi
290 4194 516 4263 Apostolo
542 4200 827 4270 quomodo
850 4210 1061 4256 vacaret
1090 4202 1301 4271 operari
1325 4201 1570 4255 manibus
1596 4201 1727 4269 suis,

184 4282 263 4335 nisi
287 4286 341 4340 ad
377 4292 708 4361 erogaan
733 4292 952 4347 verbum
980 4291 1081 4347 Dei
1126 4301 1270 4348 certa
1315 4300 1555 4363 tempora
1595 4307 1729 4347 con-

182 4373 408 4433 stitueret?
430 4381 611 4452 Neque
637 4382 793 4438 enim
828 4382 1012 4437 ethoc
1040 4383 1188 4439 Deus
1213 4384 1381 4438 latere
1409 4397 1506 4437 nos
1543 4383 1728 4438 voluit.

184 4463 286 4521 Nam
308 4481 355 4525 et
369 4474 511 4543 cujus
528 4476 671 4531 artis
700 4474 879 4545 opifex
903 4474 1078 4543 fuerit,
1115 4484 1170 4531 et
1190 4476 1382 4547 quibus
1405 4476 1731 4546 temporibus
1790 4543 1793 4546 _

183 4571 355 4616 vacaret
374 4565 737 4636 dispensando
762 4567 1071 4638 Evangelio,
1101 4578 1285 4623 sancta
1314 4567 1588 4638 Scriptura
1621 4583 1728 4623 non

184 4652 328 4707 tacuit.
374 4656 502 4712 Nam
536 4674 672 4714 cum
713 4674 837 4715 eum
882 4659 999 4716 dies
1037 4660 1381 4730 profectionis
1426 4667 1640 4731 urgeret
1677 4661 1732 4716 in

185 4738 351 4802 Troade
372 4752 745 4819 constitutum,
772 4755 932 4809 etiam
959 4754 1015 4809 in
1041 4768 1143 4809 una
1171 4753 1377 4809 sabbati
1395 4754 1731 4825 congregatis

187 4829 391 4896 fratribus
411 4842 475 4897 ad
498 4843 859 4916 frangendum
890 4861 1102 4917 panem,
1127 4854 1274 4901 tanta
1301 4846 1401 4902 fuit
1421 4846 1649 4903 intentio
1677 4854 1733 4902 et

187 4932 268 4981 lam
308 4938 594 4992 necessaria
640 4937 949 5008 disputatio,
1004 4946 1064 4994 ut
1108 4953 1291 4996 sermo
1344 4939 1732 5010 produceretur

186 5031 320 5089 Mue
339 5027 655 5084 admedium
684 5032 856 5085 noctis
887 5031 1021 5102 (Act.
1050 5046 1144 5097 xx,
1174 5032 1254 5102 7),
1286 5040 1537 5102 tanquam
1576 5030 1727 5086 exci-

185 5108 317 5168 disset
338 5118 408 5172 eis
438 5121 581 5191 quod
626 5137 693 5177 eo
726 5122 814 5179 die
846 5138 954 5178 non
996 5132 1141 5180 esset
1180 5124 1479 5195 jejunium:
1512 5126 1729 5194 quando

184 5212 326 5259 tatem
352 5209 399 5262 in
419 5211 599 5283 aliquo
621 5214 740 5270 loco
764 5214 1119 5270 immoratus'
1141 5216 1379 5287 quotidie
1403 5217 1725 5288 disputabat,

184 5293 281 5361 quis
301 5298 611 5360 dubitaverit
640 5304 798 5363 horas
819 5322 946 5363 eum
968 5307 1226 5366 habuisse
1244 5310 1323 5365 ad
1358 5310 1460 5367 hoc
1496 5311 1729 5368 cilicium

237 5470 731 5530 ‘Haresm.mn'

238 5497 1359 5626 deberat
1408 5612 1419 5626 .
1484 5615 1495 5625 .
1646 5612 1659 5626 .

191 5602 483 5714 4mm
500 5614 629 5669 Mss.,
654 5602 810 5661 navo
831 5602 1232 5664 loco'immoratus
1260 5602 1283 5663 Ξ
1294 5602 1355 5664 Ἴθι
1373 5612 1615 5677 plerique,
1638 5612 1730 5666 im-

238 5718 551 5804 Ilgiffetga,
577 5738 747 5804 mutus
759 5740 1022 5804 nautarum
1032 5742 1089 5788 et
1102 5737 1357 5804 remigum,
1375 5749 1473 5803 quo
1492 5752 1549 5790 se
1565 5748 1732 5794 mutuo

193 5777 547 5843 “Nam
491 5777 1022 5849 “'éiainr“""
1041 5777 1195 5833 ""5

1849 707 2125 764 synagoga.
2148 702 2199 749 at
2222 690 2463 759 Gentibus
2686 698 2744 762 ia
2772 698 2886 767 low
2919 699 2936 741 ³
2959 717 3050 771 uer
3084 718 3284 767 onmem
3307 702 3442 759 diem

1850 784 1916 841 ad
1943 786 2066 841 eos’
2088 785 2176 855 qui
2201 784 2433 853 aderant.
2487 785 2608 849 mon
2632 789 2781 857 anim
2808 790 2863 853 in
2896 806 3165 864 synagoga
3194 810 3291 866 per
3315 810 3435 849 om-

1848 888 1973 935 nem
2017 873 2178 940 diem,
2229 876 2318 939 ubi
2364 892 2481 939 mos
2509 888 2626 941 erat
2660 880 2884 947 sabbato
2918 885 3262 951 sermocinari
3294 903 3309 939 :
3340 885 3439 947 sed

1846 967 1901 1019 in
1923 969 2055 1036 foro,
2080 966 2270 1038 inquit,
2295 985 2383 1037 per
2402 985 2601 1035 omnem
2624 970 2790 1040 diem;
2812 981 3032 1044 propter
3052 976 3224 1030 studia
3253 976 3436 1047 utique

1847 1056 2270 1117 Atheniensium.
2302 1059 2389 1127 Sic
2413 1062 2556 1127 enim
2583 1065 2827 1134 sequitur
2856 1082 2873 1120 :
2906 1064 3127 1135 Quidum
3152 1082 3267 1121 vero
3296 1066 3432 1140 Epi-

1846 1163 2112 1205 cureorum
2138 1158 2185 1203 et
2216 1148 2503 1206 Stoicorum
2527 1153 2944 1227 philosophorum
2968 1156 3297 1228 conferebant
3320 1174 3437 1215 cum

1845 1237 1953 1303 illo.
1986 1238 2065 1295 Et-
2083 1239 2235 1309 paulo
2266 1250 2383 1310 post
2411 1241 2576 1297 dicit:
2603 1244 2927 1309 Athenienses
2952 1257 3118 1305 autem
3154 1259 3200 1304 et
3228 1250 3439 1311 adventa

1845 1330 2065 1402 hospites
2086 1332 2153 1386 ad
2187 1333 2315 1388 nihil
2339 1333 2482 1393 aliud
2523 1337 2785 1407 vacabant,
2833 1357 2987 1411 quam
3030 1342 3199 1411 dicere
3234 1344 3438 1415 aliquid

1845 1424 1979 1490 novi,
2001 1434 2087 1489 aut
2110 1425 2286 1480 audire
2312 1424 2447 1500 (Act.
2478 1445 2604 1497 xvu,
2634 1432 2721 1499 l7,
2759 1434 2842 1495 l8,
2869 1432 2983 1507 21).
3012 1435 3268 1501 Putemus
3293 1440 3435 1507 Apo-

1844 1516 2037 1581 stolum
2070 1517 2174 1571 illis
2211 1518 2457 1577 clunibus
2481 1520 2667 1583 diebus
2695 1524 2886 1593 quibus
2916 1526 3013 1585 fuit
3045 1529 3292 1594 Athenis,
3324 1544 3434 1593 non

1845 1606 2006 1675 fuisse
2031 1617 2304 1678 operatum
2335 1628 2348 1676 ;
2380 1623 2595 1682 propter
2627 1614 2728 1669 hoc
2766 1617 2910 1673 enim
2955 1628 3009 1673 et
3033 1635 3098 1677 ex
3124 1618 3433 1683 Macedonia

1844 1702 2188 1770 supplebatur
2227 1703 2344 1769 eius
2384 1704 2706 1775 indigentia,
2754 1706 2893 1763 sicut
2929 1708 3058 1764 dicit
3101 1710 3154 1765 in
3197 1709 3434 1766 secunda

1842 1792 1908 1855 ad
1953 1792 2259 1853 Corinthios
2306 1794 2371 1865 (ll
2405 1795 2523 1851 Cor.
2570 1814 2645 1863 xi,
2696 1798 2800 1867 9):
2859 1815 3165 1870 quanquam
3210 1810 3267 1858 et
3313 1802 3433 1859 aliis

1842 1881 1991 1938 horis
2017 1894 2068 1938 et
2110 1886 2353 1941 noctibus
2383 1897 2607 1956 poterat,
2640 1888 2761 1958 quia
2802 1889 2874 1945 ita
2906 1891 3119 1947 valebat
3162 1902 3216 1948 et
3250 1892 3433 1949 animo

1841 1983 1896 2033 et
1915 1991 2155 2045 corpore.
2184 1976 2292 2043 Sed
2327 1994 2445 2034 cum
2478 1980 2700 2037 Athenis
2732 1982 2950 2046 exisset,
2984 1983 3260 2057 videamus
3303 1984 3432 2054 quid

1842 2067 1967 2123 dicit
2026 2068 2351 2141 Scriptura:
2406 2069 2747 2139 Disputabat,
2807 2073 3012 2145 inquit,
3062 2076 3116 2130 in
3167 2092 3434 2148 synagoga

1842 2175 1931 2239 per
1955 2176 2101 2215 omne
2137 2160 2397 2221 sabbatum
2422 2176 2442 2215 :
2470 2161 2571 2217 hoc
2592 2163 2732 2233 apud
2760 2163 3093 2221 Corinthum.
3136 2167 3192 2222 ln
3224 2168 3432 2225 Troade

1844 2266 1989 2333 vero,
2041 2252 2126 2308 ubi
2178 2254 2493 2311 necessitate
2546 2255 2875 2319 imminentis
2922 2256 3275 2329 profectionis
3331 2277 3427 2317 us-

1840 2363 1945 2417 que
1989 2347 2055 2403 ad
2105 2347 2339 2405 medium
2387 2350 2558 2404 noctis
2603 2366 2782 2421 sermo
2822 2360 3124 2421 protractus
3174 2362 3275 2421 est,
3327 2371 3432 2411 una

1840 2438 2043 2499 sabbati
2097 2448 2245 2505 erat,
2297 2440 2388 2511 qui
2450 2440 2565 2497 dies
2622 2440 2926 2511 dominicus
2983 2442 3234 2503 dicitur:
3288 2446 3430 2503 unde

1840 2528 2183 2598 intelligimus
2220 2546 2343 2597 eum
2387 2546 2491 2597 non
2534 2530 2699 2601 fuisse
2746 2549 2869 2593 cum
2900 2533 3121 2603 Judaeis,
3172 2536 3268 2591 sed
3305 2552 3429 2595 cum

1840 2620 2203 2687 Christianis;
2250 2623 2463 2695 quando
2508 2625 2668 2693 etiam
2730 2625 2861 2695 dicit
2906 2626 3023 2696 ipse
3071 2637 3317 2685 narrator
3359 2629 3431 2685 ad

1840 2711 2184 2784 frangendum
2216 2730 2406 2785 panem
2453 2715 2619 2773 fuisse
2648 2717 2923 2787 collectos.
2950 2719 3016 2774 Et
3045 2719 3157 2790 ipsa
3185 2730 3268 2775 est
3292 2723 3431 2791 cpti-

1839 2820 1925 2865 ma
1979 2807 2313 2877 gubernatio,
2343 2817 2401 2863 ut
2440 2809 2615 2863 onmia
2645 2810 2756 2869 suis
2785 2811 3114 2881 temporibus
3142 2810 3429 2881 distributa

1839 2912 1904 2952 ex
1926 2897 2113 2954 ordine
2132 2908 2408 2971 gerantur,
2439 2916 2507 2957 ne
2529 2902 2764 2959 animum
2797 2903 3086 2959 humanum
3110 2906 3427 2963 turbulentis

1839 2989 2287 3061 implicationibus
2316 2993 2549 3050 involuta
2583 2996 2916 3063 perturbent.

1911 3080 2134 3138 CAPUT
2181 3082 2321 3147 XIX.
2353 3115 2425 3125 —-
2464 3086 2551 3138 2:2.
2588 3084 2866 3157 Operatum
2905 3106 3011 3145 esse
3042 3088 3266 3157 Paulam
3301 3108 3430 3161 opus

1843 3188 1955 3239 pere
1998 3176 2279 3245 corporale.
2346 3175 2421 3239 lbi
2467 3178 2626 3237 etiam
2677 3178 2871 3243 dicitur
2922 3182 3049 3250 quid
3102 3183 3425 3251 operabatur

1837 3269 2146 3334 Apostolus.
2195 3267 2322 3341 Post
2347 3270 2473 3335 hare,
2498 3270 2688 3341 inquit,
2719 3288 2946 3344 egressus
2971 3272 3033 3328 ab
3062 3274 3272 3339 Athenis
3301 3278 3431 3331 venit

1838 3358 2173 3426 Corinthum;
2198 3370 2249 3414 et
2289 3377 2405 3429 cum
2444 3361 2709 3430 invenisset
2745 3364 3016 3435 quentdam
3058 3363 3300 3425 Judteum
3330 3384 3429 3429 ao-

1837 3453 1970 3515 mine
1987 3452 2242 3522 Aquilam,
2275 3452 2544 3509 Ponticum
2566 3471 2766 3526 genere,
2794 3473 2969 3513 recens
2995 3458 3341 3524 advenientem
3364 3462 3430 3516 ab

1836 3540 2016 3610 Italia,
2057 3552 2104 3598 et
2152 3543 2448 3601 Priscillam
2488 3562 2697 3612 uxorem
2738 3546 2934 3619 ipsius,
2990 3560 3255 3620 propterea
3292 3553 3432 3624 quod

1827 3634 2064 3704 jussisset
2114 3633 2363 3699 Claudius
2418 3636 2677 3699 discedere
2723 3656 2896 3697 omnes
2950 3639 3162 3715 Iudam
3222 3641 3427 3717 Roma,

1837 3727 2045 3781 accessit
2072 3726 2139 3781 ad
2176 3727 2311 3792 illos,
2342 3739 2386 3781 et
2436 3738 2642 3801 propter
2687 3732 2813 3801 ortis
2837 3732 3220 3789 similitudinem
3246 3737 3431 3793 mansit

1837 3817 1977 3887 apud
2018 3816 2133 3873 illos
2177 3836 2307 3888 Opus
2350 3820 2585 3893 faciens:
2626 3832 2771 3881 erant
2813 3823 2946 3879 enim
2989 3826 3429 3891 tabernaculorum

1836 3909 2057 3981 grti/ices
2090 3910 2166 3980 (α)
2208 3910 2346 3981 (Act.
2394 3926 2545 3980 xvut,
2574 3912 2723 3985 1-4).
2771 3913 2887 3987 Hoc
2933 3916 2977 3971 si
3027 3919 3206 3973 conati
3234 3919 3433 3977 fuerint

1836 3999 2119 4071 allegorice
2133 4001 2498 4071 interpretari,
2533 4003 2821 4065 ostendunt
2850 4007 3119 4077 quomodo
3148 4010 3433 4079 proficiant

1837 4088 1891 4145 in
1921 4092 2294 4146 ecclesiasticis
2324 4094 2516 4148 litteris
2535 4134 2551 4160 ,
2583 4095 2773 4164 quibus
2797 4112 2856 4159 se
2886 4112 3079 4154 vacare
3108 4100 3427 4169 gloriantur.

1838 4180 1905 4245 Et
1930 4192 2075 4238 certe
2106 4183 2191 4236 illa
2238 4199 2357 4253 qua)
2399 4200 2558 4253 supra
2605 4185 2744 4240 dicta
2821 4197 2978 4255 sunt,
3032 4189 3299 4261 Numquid
3342 4210 3433 4265 ego

1836 4273 1974 4327 solus
2018 4283 2064 4327 et
2108 4272 2375 4328 Barnabas
2417 4292 2519 4329 non
2568 4275 2805 4339 habemus
2852 4290 3151 4350 potestatem
3180 4300 3279 4351 non
3307 4301 3433 4355 ape.-

1837 4363 2032 4418 randi?
2058 4371 2140 4429 ct,
2179 4364 2300 4418 Non
2326 4382 2499 4419 sumus
2538 4366 2619 4420 usi
2646 4366 2741 4419 hac
2766 4378 3009 4438 potestate
3036 4370 3080 4441 (Ι
3108 4370 3232 4427 Cor.
3263 4389 3339 4441 ιι,
3374 4376 3428 4443 6,

1841 4452 1974 4523 12);
2020 4464 2100 4521 et,
2142 4452 2268 4510 Cum
2306 4472 2565 4526 possemus
2620 4456 2758 4515 vobis
2813 4460 2955 4522 oneri
2993 4478 3101 4525 esse
3139 4472 3197 4529 ut
3245 4461 3434 4531 Christi

1839 4546 2069 4618 Apostoli
2113 4546 2155 4620 (ι
2185 4545 2366 4602 Thess.
2389 4563 2448 4615 ιι,
2486 4545 2579 4619 7);
2627 4558 2702 4617 et,
2736 4548 2900 4627 Nocte
2941 4563 2990 4619 et
3027 4552 3109 4613 die
3144 4565 3431 4627 operatam,

1840 4657 1901 4696 ne
1943 4658 2087 4717 quem
2126 4650 2348 4701 vestrum
2387 4656 2712 4712 gravat-emus
2756 4641 2819 4717 (ll
2857 4642 3036 4701 Thess.
3086 4650 3162 4715 ω,
3208 4647 3308 4722 ¹8);
3353 4659 3428 4718 ει,

1840 4731 2090 4788 Dominus
2124 4734 2373 4787 ordinavit
2407 4734 2478 4788 eis
2499 4735 2586 4805 qui
2626 4734 2958 4810 Evangelium
2998 4743 3325 4809 animalium,
3369 4745 3433 4800 de

1838 4824 2120 4901 Evangelia
2147 4827 2348 4903 vivere;
2372 4842 2466 4899 ego
2519 4836 2689 4893 autem
2727 4830 2918 4897 nullius
2944 4830 3125 4901 horum
3165 4851 3289 4901 «pus
3314 4852 3429 4903 sum

1840 4916 1883 4988 (1
1896 4915 2015 4973 Cor.
2035 4934 2106 4984 Ix,
2132 4919 2194 4981 14
2211 4927 2255 4972 et
2277 4918 2368 4989 15)
2392 4927 2475 4975 :et
2495 4926 2686 4987 caetera
2704 4919 3029 4999 huiusmodi,
3051 4933 3143 4980 aut
3156 4934 3430 4999 exponant

1838 5008 2012 5075 aliter,
2058 5018 2150 5063 aut
2178 5000 2225 5063 'si
2269 5009 2677 5080 praeclarissima
2717 5010 2835 5068 luce
2876 5013 3116 5076 veritatis
3152 5026 3428 5088 urgentur,

1840 5100 2137 5183 intelligant
2170 5110 2223 5156 et
2247 5102 2499 5158 obediant
2532 5120 2545 5156 :
2574 5112 2665 5159 aut
2689 5104 2735 5171 si
2760 5105 2982 5183 obedire
3011 5107 3095 5164 vel
3124 5110 3315 5175 nolunt
3345 5111 3429 5175 vel

1839 5181 1945 5250 non
1981 5203 2227 5265 possunt,
2268 5195 2457 5251 saltem
2497 5195 2618 5251 illos
2646 5198 2735 5266 qui
2767 5181 2973 5267 volunt,
3016 5200 3290 5277 meliores,
3336 5202 3431 5273 qui

1839 5297 2016 5345 autem
2046 5296 2101 5343 et
2124 5295 2365 5358 possunt,
2392 5286 2659 5343 feliciores
2682 5303 2802 5345 esse
2830 5289 3114 5355 fateantur.
3157 5292 3431 5365 Aliddest

1838 5366 1983 5437 enim
2007 5380 2246 5451 corporis
2289 5379 2651 5436 infirmitatem
2672 5422 2687 5447 ,
2720 5382 2804 5439 vel
2833 5398 3016 5453 veram
3055 5384 3312 5458 allegare,
3340 5385 3428 5440 vel

1904 5551 2399 5627 "Lov.,__gentib_t_tsgin
2420 5551 2631 5627 vinculis‘
2642 5558 2688 5605 et
2709 5555 2830 5627 foro.
2851 5563 2961 5627 tm,
2982 5556 3201 5627 gentibus;

1837 5614 1891 5691 in
1925 5615 2044 5690 (pro.
2075 5614 2297 5691 annulli
2333 5625 2460 5691 MSS_.,
2484 5614 2794 5691 gentib‘ns'ln.
3023 5618 3075 5691 in
3112 5619 3234 5683 foro.
3261 5614 3434 5674 v'érltts

1838 5676 2154 5729 Floriacensis
2172 5686 2319 5729 vetus
2339 5676 2512 5737 codoi,
2538 5676 2755 5743 gentibus
2776 5678 2943 5731 incolis
2965 5676 3017 5733 in
3037 5676 3162 5749 foro.

1902 5744 1924 5802 ε
1957 5739 2090 5799 Editi,
2114 5738 2180 5790 ad
2202 5752 2377 5802 crimes.
2405 5738 2592 5802 Aliquot
2614 5744 2741 5800 Mss,
2764 5737 2829 5790 ad
2851 5751 2950 5793 eos.
2988 5738 2999 5751 ’

1905 5800 1979 5867 (a)
2010 5808 2192 5866 Graece,
2218 5799 2487 5868 skénapuiai
