3930 6368
485 280 588 335 567

487 414 678 471 falsam
723 407 1103 477 praetendere:
1146 396 1290 461 aliud
1331 413 1509 460 autem
1546 404 1625 460 sic
1665 403 1877 475 decipi,
1916 412 1972 460 et
1998 402 2078 459 sic

487 507 758 579 decipere,
790 512 847 558 ut
874 503 1091 572 insuper
1110 499 1232 556 ideo
1252 498 1493 555 videatur
1518 499 1572 553 in
1592 498 1760 554 servis
1781 497 1876 554 Dei
1908 496 2081 567 major

489 614 611 656 esse
662 596 896 668 iustitia,
944 593 1067 664 quia
1116 591 1289 664 potuit
1347 591 1487 646 inter
1532 590 1808 661 imperitos
1853 603 2081 659 regnare

486 691 718 763 pigritia.
765 689 867 758 Qui
910 688 1053 743 enim
1082 701 1264 742 veram
1302 685 1544 757 corporis
1574 685 1807 741 ostendit
1848 684 2079 739 infirmi-

489 792 682 849 tatem,
729 782 963 837 humane
1003 778 1317 835 tractandus
1365 786 1484 845 est;
1526 778 1616 850 qui
1661 786 1838 833 autem
1890 775 2079 830 falsam

486 875 770 945 praetendit
798 883 854 929 et
896 873 1143 930 convinci
1186 887 1293 927 non
1323 880 1532 942 potest,
1579 870 1687 926 Deo
1731 868 2079 925 dimittendus

486 976 569 1021 est
593 985 606 1020 :
630 975 821 1021 neuter
840 975 1017 1023 tamen
1044 982 1227 1022 eorum
1254 964 1608 1036 perniciOsam
1631 962 1869 1034 regulam
1895 961 2007 1032 figit
2024 961 2075 1027 ις

487 1060 609 1130 quia
638 1060 808 1114 bonus
834 1075 1020 1117 servus
1050 1061 1142 1116 Dei
1172 1070 1226 1117 et
1252 1059 1531 1115 manifeste
1561 1057 1774 1112 intlrmo
1802 1057 1950 1111 fratri
1982 1070 2080 1111 suo

488 1151 676 1216 servit,
704 1161 757 1205 et
782 1150 983 1207 fallenti
1028 1168 1148 1208 cum
1180 1153 1368 1217 credit,
1415 1152 1538 1222 quia
1579 1149 1778 1205 malum
1807 1165 1928 1204 eum
1969 1162 2077 1202 non

489 1249 659 1309 putat,
692 1257 797 1296 non
828 1242 1066 1297 imitatur
1092 1252 1149 1298 ut
1174 1243 1346 1298 malus
1367 1243 1476 1309 sit;
1507 1250 1561 1297 et
1590 1242 1633 1297 si
1666 1258 1771 1295 non
1812 1241 1859 1295 ei
1876 1234 2077 1304 'credit,

488 1331 729 1389 fallacem
755 1344 926 1405 putat,
964 1352 1027 1391 ac
1053 1336 1400 1391 nihilominus
1426 1352 1530 1391 non
1562 1336 1816 1391 imitatur.
1873 1335 1954 1390 Ab
1985 1333 2078 1388 illo

487 1440 618 1479 vero
658 1426 748 1496 qui
777 1426 922 1491 dicit,
968 1427 1093 1482 Haec
1132 1437 1213 1482 est
1251 1444 1373 1483 vera
1406 1427 1631 1497 justitia,
1675 1436 1730 1480 ut
1781 1426 1915 1481 nihil
1953 1430 2077 1481 eor-

487 1518 742 1587 poraliter
781 1519 1053 1588 operando
1082 1520 1354 1575 imitemur
1383 1520 1613 1574 volatilia
1651 1520 1795 1585 casti,
1826 1519 2077 1589 quoniam

487 1609 579 1678 qui
610 1608 715 1664 tale
757 1609 955 1680 aliquid
999 1611 1157 1666 fuerit
1203 1621 1455 1680 operatus
1500 1620 1684 1664 contra
1733 1609 2078 1679 Evangelium

488 1700 650 1755 facit:
684 1702 926 1771 quisquis
970 1703 1149 1756 animo
1182 1702 1424 1758 infirmus
1473 1703 1575 1758 hoe
1616 1702 1764 1757 audit
1790 1711 1844 1756 et
1884 1699 2076 1768 credit,

487 1806 595 1847 non
640 1793 764 1863 quia
794 1794 872 1847 sic
916 1804 1106 1857 vacat,
1154 1793 1248 1848 sed
1295 1795 1420 1865 quia
1470 1795 1548 1851 sic
1591 1802 1772 1860 errat,
1821 1792 2083 1865 lugendus

488 1892 591 1938 est.

559 1975 788 2033 CAPUT
823 1977 941 2033 XX.
966 2009 1038 2019 —
1064 1978 1154 2034 23.
1180 1978 1428 2048 Objectio,
1453 1997 1519 2034 an
1541 1981 1706 2035 calari
1727 1979 1960 2051 Apostoli
1979 1995 2081 2034 non

491 2067 786 2148 laborantes_
797 2086 856 2123 ac
874 2071 937 2124 de
955 2070 1226 2148 Evangelia
1245 2073 1461 2127 viventes
1478 2074 1750 2145 peccarint.
1772 2074 2077 2148 Responsio.

491 2144 813 2232 Praeceptum
834 2146 1080 2233 aperandi
1100 2182 1183 2219 eos
1202 2175 1429 2235 spectare
1455 2169 1542 2236 qui
1581 2184 1681 2222 non
1709 2144 2077 2241 euangelizant.

487 2251 624 2307 llinc
648 2254 888 2308 exoritur
932 2256 1101 2311 altera
1141 2258 1365 2327 qumstia
1400 2276 1412 2312 :
1446 2256 1675 2315 fortasse
1704 2262 1847 2316 enim
1895 2262 2076 2331 dicat,

487 2344 627 2412 Quid
652 2347 818 2416 ergo?
843 2348 1023 2403 caeteri
1053 2349 1295 2419 Apostoli
1317 2358 1373 2405 et
1409 2349 1602 2407 fratres
1640 2353 1849 2409 Domini
1892 2362 1949 2409 et
1976 2354 2080 2410 Ce-

488 2437 655 2507 phas,
686 2440 810 2509 quia
852 2457 956 2495 non
980 2442 1368 2512 operabantur,
1396 2444 1728 2513 peccabant?
1753 2455 1840 2499 aut
1886 2447 2081 2503 affere-

487 2529 618 2583 bant
647 2529 1085 2599 impedimentum
1117 2533 1426 2606 Evangelia,
1455 2536 1577 2606 quia
1593 2537 1721 2592 dicit
1741 2538 1927 2593 beatus
1945 2538 2084 2594 Pau-

489 2620 574 2674 lus
593 2662 607 2686 ,
642 2620 762 2677 ideo
784 2638 845 2679 se
875 2639 980 2678 non
1013 2640 1164 2679 usum
1205 2625 1304 2681 hac
1326 2636 1616 2697 potestate,
1658 2644 1725 2685 ne
1750 2629 1891 2699 quod
1922 2630 2084 2702 impe-

489 2713 785 2771 dimentum
817 2716 967 2773 daret
988 2718 1277 2790 Evangelia
1302 2719 1500 2776 Christi
1522 2723 1545 2775 ?
1566 2721 1621 2777 Si
1651 2724 1793 2777 enim
1819 2739 2081 2796 peccave-

489 2815 649 2871 runt,
680 2808 801 2877 quia
830 2823 935 2863 non
980 2810 1185 2879 operati
1236 2821 1393 2880 sunt,
1436 2828 1543 2868 non
1582 2829 1710 2884 ergo
1759 2825 2082 2886 acceperant

489 2904 812 2967 potestatem
842 2915 946 2954 non
973 2902 1228 2970 operandi
1249 2943 1264 2968 ,
1306 2903 1400 2959 sed
1428 2904 1494 2960 de
1526 2905 1816 2976 Evangelia
1843 2908 2076 2964 vivendi.

489 2990 545 3044 Si
574 3002 751 3059 autem
777 3002 1097 3061 acceperant
1119 2994 1256 3050 hanc
1277 3006 1595 3065 potestatem
1616 3042 1631 3064 ,
1665 2999 1947 3055 ordinante
1976 3001 2082 3055 Do-

491 3081 636 3135 mino
663 3091 721 3136 ut
745 3084 832 3153 qui
862 3084 1209 3156 Evangelium
1240 3089 1623 3146 annuntiarent
1642 3132 1658 3157 ,
1686 3107 1751 3146 ex
1788 3093 2080 3164 Evangelia

492 3173 759 3241 viverent,
809 3185 865 3231 et
906 3177 1150 3243 dicente,
1192 3178 1390 3251 Dignus
1426 3191 1502 3236 est
1540 3186 1802 3253 operarius
1844 3186 1954 3240 ciba
1988 3202 2081 3242 sua

492 3263 702 3333 (Matth.
737 3282 769 3320 ι
793 3308 806 3330 .
841 3266 929 3337 I0)
954 3287 967 3333 ;
1000 3285 1101 3338 qua
1120 3278 1381 3339 potestate
1408 3272 1604 3329 Paulus
1623 3274 1855 3344 amplius
1880 3276 2080 3346 aliquid

491 3367 716 3424 erogans
745 3358 817 3410 uti
851 3358 1019 3412 uoluit
1053 3377 1065 3413 :
1093 3375 1199 3414 non
1231 3361 1413 3433 utique
1453 3374 1828 3434 peccaverunt.
1872 3366 1927 3421 Si
1974 3383 2079 3423 non

491 3455 846 3513 peccaverunt
871 3490 885 3513 ,
917 3449 1121 3530 nullum
1140 3452 1878 3523 impedimentumdederunt.
1898 3457 2082 3530 Neque

490 3536 634 3590 enim
663 3539 865 3593 nullum
908 3526 1185 3611 peccatum
1235 3555 1353 3609 est,
1398 3545 1658 3617 impedire
1708 3526 2077 3618 Evangeliu'm.

492 3629 645 3697 Quod
686 3632 731 3684 si
766 3633 835 3687 ita
859 3647 973 3702 est,
1006 3644 1059 3690 et
1096 3636 1283 3705 nobis,
1314 3638 1589 3709 inquiunt,
1622 3640 1847 3697 liberum
1877 3651 1993 3713 est,
2027 3653 2083 3702 et

491 3722 569 3777 uti
596 3733 649 3778 et
675 3739 780 3779 non
815 3728 889 3781 uti
920 3728 1018 3783 hac
1050 3740 1333 3799 potestate.

560 3811 650 3869 9-4.
685 3815 831 3870 Ilanc
859 3821 1207 3888 quaistionem
1257 3822 1494 3879 breviter
1521 3825 1786 3880 solverem
1809 3868 1825 3893 ,
1850 3827 1897 3883 si
1931 3828 2079 3885 diee-

490 3921 604 3961 rcm
628 3948 643 3972 ,
670 3909 792 3979 quia
843 3919 898 3966 et
945 3913 1087 3980 juste
1116 3913 1349 3970 dicerem
1374 3957 1388 3980 ,
1421 3916 1745 3973 credendum
1790 3936 1913 3976 esse
1936 3923 2082 3992 Apo—

490 3999 651 4054 stola.
686 4001 801 4071 Ipse
828 4004 969 4058 enim
990 4005 1193 4061 sciebat
1211 4022 1309 4062 cur
1338 4008 1390 4062 in
1414 4009 1669 4065 Ecclesiis
1689 4010 1940 4068 Gentium
1971 4030 2079 4072 non

491 4100 764 4159 aporteret
803 4095 997 4162 portari
1047 4097 1233 4152 venale
1287 4099 1662 4169 Evangelium,
1703 4118 1811 4158 non
1859 4105 2080 4174 culpans

490 4188 828 4255 eoapostolus
854 4204 980 4243 suos
1006 4231 1019 4255 ,
1040 4190 1138 4245 sed
1162 4191 1863 4263 distinguensministerium
1886 4215 2039 4254 suum
2063 4218 2077 4256 :

491 4276 613 4347 quia
640 4277 710 4332 ita
750 4278 888 4335 inter
914 4295 973 4335 se
1014 4280 1429 4349 distribuerant,
1458 4287 1643 4356 procul
1686 4286 1848 4343 dubio
1888 4287 2078 4345 adma-

492 4356 650 4424 nente
698 4368 897 4441 Spiritu
936 4382 1161 4441 sancto,
1212 4378 1607 4447 evangelizaudi
1652 4381 1986 4449 provincias,
2022 4390 2079 4438 ut

487 4457 685 4515 Paulus
722 4473 774 4517 et
823 4463 1091 4520 Barnabas
1126 4465 1194 4520 ad
1237 4466 1436 4523 Gentes
1477 4468 1654 4536 irent,
1687 4472 1760 4525 illi
1800 4481 1977 4528 autem
2024 4474 2076 4529 in

487 4553 949 4611 circumcisionem
997 4556 1133 4630 (Act.
1178 4575 1310 4626 χιιι,
1339 4560 1408 4626 2,
1440 4571 1488 4615 et
1534 4562 1707 4617 Galat.
1754 4582 1825 4631 II,
1857 4565 1933 4636 9).
1965 4566 2078 4622 Hoc

491 4652 673 4699 tamen
694 4662 814 4700 eum
845 4651 1170 4719 praecepisse
1196 4653 1262 4705 iis
1286 4655 1373 4721 qui
1394 4669 1498 4706 non
1528 4653 1797 4710 habebant
1815 4658 2076 4726 ejusmodi

491 4744 809 4804 potestatem
827 4779 841 4802 ,
865 4753 926 4792 ea
947 4754 1066 4809 qua:
1092 4742 1201 4811 jam
1228 4742 1391 4796 multa
1413 4741 1551 4798 dicta
1574 4753 1699 4799 sunt
1719 4747 2077 4806 manifestant.

559 4826 786 4884 CAPUT
810 4829 953 4885 XXI.
979 4862 1053 4873 ——
1082 4833 1182 4900 Qui
1209 4849 1385 4887 vacare
1409 4835 1580 4890 volunt
1600 4878 1615 4902 ,
1662 4837 1698 4891 ii
1741 4837 1968 4909 plerique
2019 4859 2082 4898 ex

487 4920 641 4990 inope
659 4937 720 4974 ac
739 4922 990 4977 laboriosa
1009 4926 1110 4978 vita
1137 4927 1362 4981 conversi
1390 4936 1526 4983 sunt.
1561 4927 1647 4983 Isti
1677 4939 1854 4985 autem
1884 4931 2078 4992 fratres

488 5013 659 5068 nostri
690 5024 891 5069 temere
911 5014 1010 5069 sibi
1039 5026 1323 5087 arrogant.
1356 5028 1612 5089 quantum
1636 5022 1911 5089 existima,
1935 5026 2075 5095 quod

490 5106 750 5177 ejusmodi
799 5107 1027 5163 habeant
1060 5117 1401 5180 potestatem.
1440 5110 1493 5165 Si
1538 5114 1678 5168 enim
1729 5117 2076 5187 evangelista:

487 5207 653 5265 sunt,
675 5197 873 5263 fateor,
906 5198 1104 5254 habent
1132 5218 1146 5254 :
1179 5200 1220 5253 si
1241 5201 1462 5255 ministri
1492 5203 1676 5259 altaris
1699 5247 1714 5272 ,
1742 5205 2074 5277 dispensato-

485 5300 578 5341 res
604 5299 1056 5345 sacramenturum
1080 5333 1097 5359 ,
1123 5292 1255 5347 bene
1281 5294 1379 5347 sibi
1409 5294 1565 5350 istam
1620 5314 1724 5352 non
1769 5312 2020 5372 arrogant
2054 5344 2070 5371 ,

487 5380 583 5433 sed
614 5379 767 5449 plane
786 5380 1051 5437 vindicant
1080 5390 1415 5453 potestatem.

557 5471 648 5525 25.
678 5470 731 5526 Si
763 5472 949 5527 saltem
975 5471 1241 5530 habebant
1261 5477 1454 5547 aliquid
1483 5478 1533 5532 in
1566 5480 1668 5536 hac
1704 5482 1901 5538 sarculo
1924 5524 1939 5549 ,
1968 5500 2074 5557 quo

488 5560 643 5619 facile
686 5563 801 5620 sine
841 5564 1052 5637 opiﬁcio
1089 5576 1452 5626 sustentarent
1508 5572 1665 5628 istam
1700 5576 1899 5642 vitam,
1930 5578 2071 5647 quod

488 5698 932 5825 “ﬂ;
964 5710 1068 5755 Mss.
1104 5709 1160 5756 At
1179 5710 1310 5766 ιον..
1348 5699 1482 5769 Mat.
1521 5712 1616 5771 Ετη
1647 5704 1809 5773 tingat.
1854 5711 2071 5764 Nonnulli

1412 283 1496 338 Illi
1534 283 1761 341 OPERE
1798 280 2293 348 MONACIIORUI,
2335 282 2393 338 S.
2435 281 2801 342 AUGUSTINI
3666 297 3760 357 δα

2191 402 2435 456 conversi
2459 401 2526 456 ad
2557 401 2722 456 Deum
2752 400 3111 473 indigentibus
3122 401 3386 473 dispertiti
3410 415 3537 464 sunt
3554 450 3573 477 ,
3596 418 3760 471 etae-

2184 490 2356 547 denda
2378 500 2460 546 est
2488 506 2677 547 eorum
2704 492 2987 548 infirmitas
3027 502 3083 550 et
3110 494 3349 551 ferenda.
3379 497 3573 555 Solent
3622 503 3755 560 enim

2186 581 2344 646 tales,
2370 596 2477 637 non
2505 582 2727 649 melius,
2775 583 2913 647 sicut
2946 584 3099 640 multi
3141 593 3361 656 putant,
3402 589 3498 646 sed
3517 592 3664 662 quod
3685 605 3762 652 est

2185 689 2399 741 verum,
2431 674 2734 746 languidius
2756 676 2998 742 educati,
3032 678 3269 735 laborem
3312 697 3532 753 operum
3580 701 3761 758 oorpo-

2183 767 2375 823 ralium
2400 769 2665 825 sustinere
2690 785 2796 827 non
2816 785 2993 842 posse.
3015 770 3175 828 Tales
3198 772 3427 832 fortasse
3449 778 3605 833 multi
3623 789 3762 837 erant

2184 859 2240 914 iu
2269 858 2623 932 Jerosolyma.
2656 861 2790 918 Nam
2818 872 2874 919 et
2899 863 3153 935 scriptum
3183 874 3268 921 est
3292 868 3434 938 quod
3463 870 3662 940 praedia
3676 888 3760 929 sua

2184 952 2543 1019 vendiderint,
2581 963 2637 1010 et
2658 956 2824 1026 pretia
2848 972 3036 1013 eorum
3064 967 3189 1014 ante
3211 960 3371 1030 pedes
3392 963 3760 1032 Apostolorum

2184 1047 2493 1115 posuerint,
2518 1056 2575 1103 ut
2593 1047 3004 1106 distribueretur
3029 1051 3315 1123 unicuique
3341 1055 3485 1110 sicut
3504 1071 3641 1127 opus
3657 1067 3763 1113 erat

2186 1135 2319 1209 (Act.
2352 1153 2425 1204 ιι,
2458 1138 2558 1205 45,
2587 1148 2634 1192 et
2662 1155 2746 1205 tv,
2771 1140 2886 1212 54).
2915 1141 3049 1211 Quia
3073 1158 3243 1214 prape
3288 1144 3490 1201 inventi
3514 1157 3670 1213 sunt,
3718 1160 3765 1205 et

2185 1228 2341 1283 utiles
2370 1229 2584 1285 fuerunt
2610 1230 2870 1289 Gentibus
2896 1234 2938 1300 ί,
2969 1250 3088 1304 quae
3113 1234 3182 1289 ab
3212 1235 3475 1292 idolorum
3525 1239 3671 1294 cultu
3708 1256 3762 1295 es

2185 1312 2474 1385 longinquo
2499 1317 2861 1384 vocabantur,
2913 1320 3205 1376 secundum
3245 1323 3373 1378 illud
3404 1325 3546 1395 quod
3573 1325 3763 1381 dictum

2184 1416 2297 1475 est,
2323 1407 2406 1463 Ea:
2432 1409 2560 1464 Sion
2587 1411 2786 1478 pradiet
2811 1413 2920 1478 lex,
2952 1423 2998 1466 et
3021 1413 3225 1468 uerbum
3250 1414 3454 1470 Domini
3480 1433 3544 1471 ea:
3564 1416 3763 1472 Jerusa-

2184 1498 2281 1553 lem
2311 1498 2461 1573 (Isai.
2491 1518 2561 1567 tt,
2593 1502 2647 1572 3)
2682 1521 2697 1558 :
2723 1503 2995 1560 debitores
3024 1521 3210 1562 eorum
3237 1508 3370 1562 dixit
3393 1510 3687 1579 Apostolus
3703 1526 3763 1566 ex

2184 1591 2441 1649 Gentibus
2464 1593 2800 1651 Christianos
2819 1638 2833 1661 ,
2871 1595 3128 1653 Debitores
3155 1615 3357 1665 eorum,
3390 1600 3593 1672 inquit,
3618 1612 3760 1667 sunt;

2184 1692 2237 1739 et
2256 1683 2459 1739 addidit
2482 1700 2679 1755 quare,
2710 1685 2771 1741 Si
2794 1686 2928 1741 enim
2953 1689 3302 1759 spiritualibus
3331 1706 3504 1745 eorum
3524 1733 3539 1756 ,
3574 1692 3762 1763 inquit,

2184 1776 2671 1832 communicauerunt
2700 1777 2884 1834 Gentes
2906 1820 2921 1846 ,
2966 1778 3145 1835 debent
3175 1784 3300 1837 etin
3344 1785 3635 1840 carnalibus
3677 1786 3763 1839 nti-

2185 1866 2399 1921 nistrare
2426 1868 2495 1922 eis
2526 1866 2701 1942 (Rom.
2735 1886 2810 1926 xv
2829 1912 2844 1936 ,
2872 1869 2991 1944 27).

2255 1959 2481 2017 CAPUT
2534 1960 2703 2018 XXII.
2732 1994 2805 2005 —-
2848 1964 3038 2019 Contra
3065 1965 3253 2021 otiosos
3293 1976 3340 2022 et
3369 1969 3635 2034 verbosos,
3685 1971 3759 2041 qui

2186 2053 2414 2123 exemplo
2441 2063 2487 2108 et
2514 2054 2663 2110 verba
2707 2056 2837 2111 alios
2882 2067 3098 2113 avocant
3139 2075 3172 2113 a
3206 2058 3397 2114 labore.
3425 2060 3576 2117 Nunc
3597 2070 3764 2117 autem

2185 2143 2405 2201 veniunt
2431 2142 2743 2219 plerumque
2788 2149 2858 2206 ad
2902 2149 3040 2204 hanc
3079 2151 3471 2222 professionem
3497 2153 3761 2209 servitutis

2187 2236 2280 2293 Dei
2308 2246 2364 2293 et
2403 2254 2471 2294 ex
2515 2239 2821 2297 conditione
2867 2242 3088 2309 servili,
3144 2244 3227 2298 vel
3253 2244 3414 2300 etiam
3444 2245 3660 2312 liberti,
3697 2244 3767 2302 vel

2186 2339 2405 2402 propter
2451 2332 2553 2387 hoc
2577 2347 2609 2387 a
2634 2332 2866 2389 dominis
2910 2334 3121 2391 liberati
3143 2336 3257 2392 sive
3293 2337 3557 2393 liberandi
3579 2380 3595 2403 ,
3632 2348 3765 2396 etes

2186 2423 2293 2478 vita
2347 2425 2615 2481 rusticana
2638 2468 2652 2491 ,
2685 2434 2741 2483 et
2768 2443 2834 2482 ex
2864 2428 3114 2499 opificum
3141 2432 3528 2489 exercitatione
3568 2442 3631 2488 et
3672 2434 3769 2504 ple-

2185 2514 2308 2570 beio
2332 2515 2515 2573 labore
2536 2557 2552 2582 ,
2580 2526 2729 2574 tanta
2758 2519 2937 2589 utique
2968 2518 3175 2576 felicius
3200 2531 3399 2593 quanto
3429 2523 3622 2579 fortius
3650 2524 3769 2580 edu-

2186 2606 2290 2661 cati
2320 2607 2447 2677 :qui
2491 2608 2537 2663 si
2593 2624 2699 2664 non
2752 2609 3131 2680 admittuntur,
3178 2628 3343 2684 grave
3378 2614 3638 2672 delictum
3682 2626 3769 2673 est.

2186 2698 2335 2753 Multi
2356 2700 2498 2754 enim
2528 2716 2593 2755 ex
2617 2716 2684 2755 eo
2709 2717 2932 2757 numero
2955 2720 3081 2771 vere
3111 2704 3287 2776 magni
3316 2715 3370 2761 et
3411 2707 3663 2763 imitandi
3694 2724 3774 2764 es-

2186 2789 2457 2844 stiterunt.
2481 2790 2612 2845 Nam
2635 2801 2917 2863 propterea
2946 2804 2993 2848 et
3012 2795 3219 2865 inﬁrma
3242 2797 3419 2851 mundi
3442 2799 3590 2869 elegit
3628 2798 3769 2867 Deus,

2186 2881 2586 2952 utcoufuuderet
2605 2884 2798 2953 fortia;
2824 2894 2872 2939 et
2890 2886 3045 2940 stulta
3070 2887 3247 2942 mundi
3264 2888 3415 2960 elegit
3434 2930 3449 2954 ,
3474 2900 3535 2943 ut
3561 2895 3772 2962 confun-

2186 2972 2325 3028 deret
2340 2974 2631 3045 sapientes;
2659 2985 2705 3030 et
2730 2976 2973 3047 ignobilia
2998 2978 3195 3047 mundi,
3220 2989 3267 3034 et
3288 2997 3347 3035 ea
3376 2998 3492 3053 quae
3518 2999 3627 3037 non
3644 2995 3767 3051 sunt,

2188 3074 2427 3137 tanquam
2454 3067 2589 3133 sint,
2627 3080 2680 3122 ut
2705 3084 2764 3123 ea
2786 3084 2899 3140 qua
2921 3084 3040 3124 sunt
3073 3079 3375 3126 eaaeuentur
3403 3088 3423 3127 :
3448 3084 3504 3126 at
3534 3091 3647 3128 non
3676 3077 3774 3145 gla-

2185 3159 2342 3213 rletur
2364 3160 2529 3215 omnis
2569 3176 2690 3215 cara
2716 3176 2891 3215 coram
2932 3161 3038 3217 Dea
3071 3163 3114 3234 (Ι
3141 3162 3263 3220 Cor.
3292 3180 3347 3232 t,
3402 3165 3630 3238 27-29).
3667 3168 3774 3224 llaec

2186 3252 2369 3323 itaque
2398 3254 2483 3324 pia
2505 3263 2559 3309 et
2593 3263 2776 3310 sancta
2803 3256 3060 3324 cogitatio
3100 3256 3228 3314 facit
3253 3260 3492 3316 utetiam
3524 3263 3670 3320 tales
3693 3263 3774 3317 ad-

2185 3344 2464 3400 mittantur
2480 3387 2496 3413 ,
2519 3345 2608 3417 qui
2636 3347 2839 3402 nullum
2858 3347 3090 3405 afferant
3110 3358 3329 3406 mutatae
3357 3352 3411 3408 in
3440 3354 3642 3410 melius
3662 3356 3773 3411 vita:

2184 3432 2584 3491 documentum.
2602 3436 2787 3508 Neque
2802 3438 2944 3494 enim
2970 3450 3194 3510 apparet
3212 3450 3391 3498 utrum
3422 3459 3485 3499 es
3504 3448 3775 3513 proposito

2185 3525 2457 3581 servitutis
2474 3525 2569 3582 Dei
2588 3528 2833 3583 venerint
2850 3570 2865 3594 ,
2882 3543 2951 3584 an
2968 3529 3130 3585 vitam
3154 3531 3367 3603 inopem
3380 3543 3436 3589 et
3455 3533 3775 3591 laboriosam

2184 3615 2449 3687 fugientes
2480 3619 2630 3674 vacui
2657 3660 2673 3687 ,
2698 3620 2843 3690 pasci
2868 3631 3030 3691 atque
3057 3623 3242 3679 vestiri
3274 3626 3571 3693 voluerint,
3602 3638 3665 3684 ct
3704 3630 3778 3685 in.

2185 3722 2348 3780 super
2369 3709 2624 3766 honorari
2654 3711 2724 3767 ab
2752 3717 2830 3768 eis
2855 3728 2885 3768 a
2930 3714 3125 3785 quibus
3153 3719 3426 3773 contemni
3458 3722 3776 3792 cantet-ique

2184 3810 2595 3857 consueverant.
2616 3801 2776 3859 Tales
2804 3818 2932 3875 ergo
2955 3807 3210 3876 quoniam
3230 3822 3290 3864 se
3312 3823 3419 3879 quo
3442 3810 3635 3867 minus
3656 3828 3776 3884 ope-

2184 3900 2389 3958 rentur,
2417 3892 2809 3950 deintirmitate
2836 3896 3078 3966 corporis
3096 3911 3355 3954 excusare
3381 3914 3490 3955 non
3514 3912 3773 3971 possunt;

2185 3984 2471 4056 praeterita:
2515 3985 2711 4055 quippe
2754 3986 2878 4041 vitre
2924 3989 3312 4045 consuetudine
3337 3992 3775 4061 convincuntur;

2185 4075 2497 4130 umbraculo
2520 4076 2675 4131 malae
2700 4076 3073 4149 disciplinmse
3094 4088 3416 4151 contegunt,
3453 4092 3517 4138 nt
3543 4099 3621 4141 ex
3650 4086 3778 4142 male

2184 4168 2458 4248 intellecto
2500 4169 2791 4240 Evangelia
2832 4182 3100 4242 praecepta
3128 4174 3423 4245 apostolica
3465 4188 3780 4248 pervertere

2184 4246 2510 4315 meditemur
2536 4278 2550 4313 :
2575 4276 2702 4317 vere
2740 4262 2977 4319 volatilia
3023 4264 3181 4332 caeli,
3225 4266 3320 4322 sed
3349 4282 3446 4337 per
3464 4246 3777 4340 superbiam

2183 4349 2236 4404 in
2257 4350 2421 4404 altum
2449 4365 2509 4406 se
2535 4351 2844 4408 extollendo
2865 4368 2880 4420 ;
2904 4362 2964 4411 et
2982 4353 3166 4410 fenum
3188 4356 3333 4429 agri,
3364 4358 3462 4414 sed
3487 4362 3781 4419 carnaliter

2184 4443 2489 4500 sentiendo.

2254 4535 2346 4590 26.
2374 4534 2644 4607 Contingit
2669 4538 2810 4593 enim
2832 4538 2914 4595 eis
2932 4539 3150 4610 quodin
3175 4540 3351 4597 viduis
3361 4542 3682 4612 junioribus
3704 4547 3783 4603 ia-

2184 4626 2531 4699 disciplinatis
2559 4629 2854 4686 cavendum
2910 4632 3049 4688 idem
3093 4634 3369 4704 apostolus
3412 4634 3584 4692 dicit:
3617 4639 3784 4694 Simul

2185 4732 2351 4776 autem
2371 4732 2416 4777 et
2440 4723 2612 4778 otiosa:
2637 4739 2742 4777 esse
2764 4724 2961 4779 discunt
2982 4742 3004 4791 ;
3046 4743 3145 4781 non
3173 4728 3338 4782 solum
3364 4739 3535 4784 autem
3559 4733 3747 4787 otiosa
3763 4772 3780 4796 ,

2184 4815 2274 4869 sed
2302 4816 2454 4877 etiam
2482 4816 2697 4871 curiosa:
2721 4825 2768 4871 et
2792 4816 3011 4872 verbosa:
3030 4860 3046 4884 ,
3068 4818 3325 4888 loquentes
3353 4837 3471 4892 qua
3499 4839 3608 4877 non
3634 4839 3785 4893 apere

2183 4916 2250 4964 tet
2275 4909 2321 4981 (I
2354 4908 2484 4964 Tim.
2519 4926 2549 4963 v
2575 4950 2589 4975 ,
2614 4911 2723 4979 l5).
2762 4910 2873 4965 Hoc
2898 4911 2987 4966 ille
3009 4910 3075 4967 de
3103 4913 3257 4967 malis
3278 4912 3497 4969 feminis
3525 4914 3780 4981 dicebat,

2182 5000 2327 5073 quod
2357 5017 2455 5056 nos
2480 5003 2639 5058 etiam
2684 5003 2736 5057 in
2760 5003 2913 5058 malis
2941 5003 3071 5058 viris
3094 5004 3342 5060 dolemus
3366 5014 3423 5061 et
3448 5009 3781 5079 plangimus,

2182 5093 2270 5166 qui
2289 5093 2545 5150 adversus
2570 5108 2695 5151 eum
2726 5095 2931 5165 ipsum,
2964 5096 3017 5151 in
3047 5097 3198 5166 cujus
3230 5096 3487 5167 Epistolis
3508 5100 3615 5154 ista
3645 5100 3791 5170 legi-

2182 5202 2302 5242 mus
2326 5229 2341 5254 ,
2369 5187 2525 5243 otiosi
2543 5197 2600 5243 et
2629 5187 2874 5257 verbosi,
2916 5205 3037 5261 qua:
3071 5205 3174 5245 non
3205 5200 3420 5261 oportet
3452 5192 3783 5263 loquuntur.

2181 5279 2248 5335 Et
2271 5280 2316 5334 si
2343 5280 2433 5353 qui
2453 5280 2732 5345 suntinter
2758 5296 2883 5349 eos,
2922 5282 3013 5353 qui
3039 5297 3106 5339 eo
3132 5283 3406 5353 proposito
3445 5284 3515 5339 ad
3532 5295 3786 5341 sanctam

2180 5371 2427 5427 militiam
2455 5371 2727 5440 venerint,
2777 5381 2837 5428 ut
2878 5374 3120 5443 placeant
3172 5376 3259 5430 cui
3317 5390 3378 5431 se
3410 5377 3787 5446 probaverunt

2182 5463 2248 5540 (ll
2273 5465 2405 5520 Tim.
2437 5483 2512 5534 ιι,
2543 5467 2601 5536 4)
2624 5509 2636 5530 ,
2669 5483 2791 5521 cum
2842 5467 2911 5522 ita
2945 5469 3158 5539 vigeant
3208 5470 3411 5526 viribus
3435 5473 3689 5541 corporis
3732 5483 3786 5528 et

2182 5557 2484 5628 integritate
2507 5557 2859 5625 valetudinis,
2894 5568 2951 5615 ut
2996 5574 3099 5615 nou
3151 5561 3321 5615 solum
3378 5561 3619 5627 erudiri,
3685 5564 3785 5619 sed

2244 5715 2261 5745 ι
2275 5719 2362 5781 _lta
2384 5718 2491 5762 Mss.
2518 5720 2571 5762 At
2594 5712 2709 5781 editi
2733 5727 2745 5763 :
2767 5719 3063 5779 (ntapropter
3084 5712 3261 5767 irruenti
3275 5720 3386 5767 sunt
3405 5712 3669 5780 ﬁdeles“!
3691 5719 3767 5769 ea

2183 5774 2249 5826 les
2265 5774 2456 5839 fuerunt
2479 5774 2714 5825 (rentibus.
2782 5774 2791 5776 ἡ
2868 5774 2878 5779 '
2958 5774 2968 5779 '
3405 5774 3417 5780 -
3576 5774 3590 5778 ν
3761 5833 3811 5885 ,³
