3930 6368
184 296 276 357 υ,
1104 294 1115 317 ι
1175 307 1185 339 τ
1532 274 1731 333 Lines

1841 272 1969 335 ills.

187 417 329 472 etiam
349 404 625 465 uadum
643 401 956 476 Apostolum
974 399 1193 472 operari
1217 397 1424 471 possint
1444 412 1457 463 ;
1485 395 1724 465 exceptis

189 508 379 563 istum
408 499 593 556 otiosis
617 495 983 566 corruptisque
1012 492 1383 559 sermonibus,
1414 504 1550 561 quos
1581 488 1724 559 judi-

185 608 386 663 meper
408 588 707 660 imperitum
730 586 1032 641 tirocinium
1060 599 1165 639 non
1197 583 1441 648 valeant,
1492 580 1545 635 in
1576 594 1725 635 eam-

180 687 282 742 dem
306 683 467 739 labem
507 679 753 751 pestifera
772 676 1092 747 contagione
1114 682 1387 729 mutantur
1410 674 1428 704 ¹
1455 690 1467 725 :
1502 687 1607 726 non
1638 685 1726 726 so-

181 779 271 833 lum
294 791 387 830 non
411 774 675 828 imitantes
696 769 1055 825 obedientiam
1076 775 1380 824 sanctorum
1398 764 1577 836 quiete
1602 779 1727 834 ope-

183 869 373 924 nntium
394 906 409 932 ,
442 873 499 920 et
525 864 752 919 aliorum
799 859 1249 915 monasteriorum
1290 857 1342 911 in
1373 854 1722 911 saluberrima

182 959 410 1028 disciplina
426 954 718 1011 secundum
745 952 1099 1023 apostolicam
1123 964 1363 1006 normam
1390 949 1720 1013 viventium;

180 1051 258 1106 sed
277 1052 415 1105 etiam
445 1048 762 1103 insultantes
784 1043 1098 1099 melioribus
1117 1084 1133 1109 ,
1156 1052 1408 1112 tanquam
1433 1054 1725 1097 conserva-

181 1143 335 1197 tricem
374 1139 643 1209 Evangelii
697 1136 1052 1209 praedicantes
1106 1135 1410 1205 pigritiam,
1470 1142 1722 1203 tanquam

180 1233 614 1305 prevaricatricem
678 1238 996 1286 accusantes
1063 1227 1502 1283 misericordiam.
1559 1225 1724 1280 Multo

179 1332 296 1383 enim
316 1325 702 1383 misericordias
731 1334 987 1396 operatur
1008 1340 1132 1396 erga
1157 1324 1363 1379 animas
1392 1324 1722 1377 infirmorum

181 1421 407 1492 quibona:
434 1419 588 1475 fama:
640 1434 919 1474 servorum
978 1418 1069 1472 Dei
1098 1417 1360 1480 consulit,
1391 1431 1549 1487 quam
1600 1429 1725 1485 erga

179 1530 365 1586 corpora
413 1514 679 1585 egentium
737 1513 828 1583 qui
880 1528 1068 1583 panem
1112 1510 1469 1566 esurientibus
1513 1508 1723 1578 frangit.

179 1608 470 1678 Quapropter
503 1606 704 1660 utinam
737 1605 823 1660 isti
859 1605 949 1675 qui
978 1619 1167 1659 vacare
1206 1602 1392 1657 volunt
1434 1600 1679 1655 manibus
1705 1641 1721 1666 ,

178 1702 362 1754 asinino
385 1708 626 1755 vacarent
653 1708 709 1753 et
737 1698 952 1767 linguis.
994 1696 1176 1767 Neque
1205 1696 1347 1750 cnim
1374 1704 1478 1749 tam
1533 1693 1727 1749 multos

178 1793 231 1847 ad
254 1794 574 1847 imitationem
596 1792 887 1847 invitarent
910 1833 925 1859 ,
959 1791 1001 1846 si
1029 1790 1107 1847 eis
1123 1805 1228 1845 non
1260 1799 1461 1844 tantum
1482 1787 1726 1857 exempla

180 1886 334 1954 pigra,
360 1884 446 1938 sed
473 1885 624 1937 etiam
647 1893 788 1937 muta
817 1890 1201 1953 proponerent.

239 1974 446 2030 CAPUT
469 1974 647 2029 χχιιι.
669 2003 738 2015 -—
766 1973 857 2028 27.
909 1972 1238 2044 Evangelium
1288 1989 1389 2027 non
1431 1981 1563 2025 recte
1581 1969 1729 2025 intel-

188 2066 355 2120 lectum
378 2068 580 2137 apign’s.
603 2066 773 2121 Jocose
805 2066 1100 2121 deridentur
1124 2068 1312 2138 ignavi.
1339 2064 1393 2119 Μ
1398 2064 1580 2119 onachi
1622 2081 1729 2120 sese

187 2160 485 2224 includam,
509 2170 600 2213 tua
623 2162 754 2214 nullo
777 2161 1046 2214 videantur
1061 2177 1149 2230 per
1173 2160 1358 2214 multo:
1395 2159 1521 2213 dies.
1552 2158 1727 2212 Eran-

188 2252 380 2321 gett'ctmt
392 2262 669 2323 pra-cptum
696 2269 791 2306 non
812 2252 1072 2323 cogitandi
1092 2252 1155 2306 de
1177 2253 1398 2306 crastino
1423 2251 1730 2306 concordare

184 2356 287 2395 cum
325 2344 560 2413 Apouolo.
589 2344 740 2399 Nunc
789 2359 922 2400 vero
949 2354 1133 2401 contra
1182 2345 1498 2415 Apostolnm
1528 2344 1726 2400 Christi

182 2435 375 2490 recitant
402 2435 734 2507 Evangelium
763 2438 982 2493 Christi.
1031 2438 1101 2493 ιω
1130 2438 1273 2494 enim
1307 2438 1565 2493 mirabilia
1604 2446 1729 2493 sunt

182 2541 316 2597 opera
344 2529 589 2599 pigrorum
609 2572 629 2593 ,
659 2539 719 2585 ut
748 2531 993 2601 impediri
1028 2531 1192 2587 velint
1220 2531 1505 2602 Evangelio
1524 2572 1539 2596 ,
1586 2530 1729 2601 quod

184 2620 423 2687 Apostolus
440 2621 550 2677 ideo
568 2624 828 2693 prmcttpit
849 2634 901 2677 et
922 2623 1046 2678 fecit
1062 2665 1077 2687 ,
1103 2638 1170 2678 ne
1192 2623 1541 2691 impediretur
1556 2623 1730 2691 ipsum

186 2711 495 2781 Evangelium.
524 2716 587 2770 Et
614 2725 802 2770 tamen
823 2715 866 2770 si
895 2730 989 2771 eos
1015 2732 1080 2771 ex
1109 2715 1236 2785 ipsis
1255 2715 1523 2785 Evangelii
1554 2715 1731 2771 verbis

188 2804 427 2859 scutulam
447 2821 626 2861 eorum
663 2806 1000 2861 intellectum
1020 2806 1200 2862 vivere
1219 2821 1491 2874 cogamus,
1523 2806 1730 2876 priores

192 2894 320 2947 nobis
342 2896 531 2951 suadere
550 2897 902 2953 conabuntur
924 2937 939 2961 ,
966 2913 1125 2967 quam
1156 2912 1261 2952 non
1294 2898 1365 2951 ita
1385 2896 1493 2953 sint
1536 2896 1731 2952 intelli-

194 2986 339 3057 genda
360 2996 406 3043 ut
427 2990 748 3061 intelligunt.
776 2989 934 3045 Certe
970 2990 1111 3044 enim
1142 2998 1424 3060 propterea
1455 3004 1515 3043 se
1548 2988 1732 3044 dicunt

195 3081 369 3147 operari
390 3096 473 3149 non
491 3082 696 3138 debere
712 3123 729 3149 ,
764 3082 887 3151 quia
908 3096 1007 3136 nec
1030 3081 1273 3137 volucres
1296 3081 1417 3137 cteli
1441 3080 1729 3146 seminam,

196 3183 341 3241 neque
360 3183 565 3241 metunt,
588 3173 663 3230 de
695 3172 893 3243 quibus
924 3172 1078 3228 nobis
1110 3172 1387 3229 Dominus.
1418 3171 1728 3227 similitudi-

192 3274 293 3315 nem
311 3261 461 3330 dedit,
488 3282 551 3319 ne
575 3265 646 3320 de
680 3263 883 3318 talibus
916 3263 1237 3319 necessariis
1278 3262 1593 3333 cogitemus.
1620 3261 1732 3316 Cur

187 3366 291 3424 ergo
313 3370 402 3410 non
426 3358 704 3413 attendunt
732 3355 875 3426 quod
926 3355 1202 3426 sequitur?
1230 3354 1410 3425 Neque
1439 3354 1580 3409 enim
1610 3362 1731 3408 lano

188 3449 420 3504 tummodo
436 3450 527 3506 hoc
548 3452 764 3507 dictum
798 3457 920 3515 est,
950 3449 1074 3521 quia
1104 3462 1205 3504 non
1241 3448 1488 3503 seminam
1510 3490 1527 3514 ,
1576 3463 1734 3518 neque

192 3549 383 3606 metut;
402 3545 480 3598 sed
501 3546 779 3617 adjectum
799 3554 881 3600 est
901 3585 918 3610 ,
940 3559 1099 3612 neque
1121 3552 1427 3614 congregant
1446 3544 1499 3597 in
1523 3543 1735 3614 apothe-

192 3631 470 3699 mwatth.
494 3652 568 3704 vi,
592 3636 724 3709 26).
758 3635 1049 3706 Apothecae
1100 3643 1314 3701 autem,
1360 3634 1445 3689 vel
1498 3634 1688 3690 horrea
1714 3676 1730 3702 ,

188 3723 258 3779 vel
281 3725 470 3783 verbum
494 3744 554 3785 ex
601 3728 787 3785 verbo
816 3729 874 3794 ’,
930 3726 1244 3797 repositoria
1274 3726 1294 3757 ³
1333 3726 1436 3781 dici
1484 3734 1729 3795 possunt.

188 3816 272 3869 Cur
288 3833 400 3888 ergo
422 3820 498 3874 isti
518 3836 720 3876 manus
741 3819 941 3874 otiosas
954 3826 1010 3873 et
1032 3818 1189 3889 plena
1216 3815 1533 3888 repositoria
1551 3816 1734 3871 volunt

190 3904 383 3964 habere?
407 3909 505 3967 Cur
527 3928 586 3969 ea
615 3926 750 3984 qua:
785 3918 1006 3966 sumunt
1030 3925 1095 3966 ex
1144 3908 1414 3965 laboribus
1456 3910 1681 3964 aliorum
1714 3950 1730 3975 ,

192 4001 434 4057 recondunt
456 4014 511 4059 et
533 4012 765 4061 servant
790 4002 931 4057 unde
976 4000 1215 4073 quotidie
1240 3999 1579 4071 proferatur?
1626 4000 1736 4055 Cur

192 4085 375 4161 denique
394 4095 585 4150 molunt
613 4103 675 4151 et
703 4092 979 4165 coquunt?
1009 4093 1122 4147 Hoc
1164 4093 1306 4148 enim
1330 4106 1457 4147 aves
1508 4106 1615 4147 non
1657 4090 1737 4146 fa-

188 4178 320 4235 ciunt.
345 4187 435 4240 Aut
459 4187 503 4241 si
533 4186 826 4258 reperiunt
852 4184 1047 4255 quibus
1075 4184 1178 4240 hoc
1201 4199 1335 4254 opus
1365 4198 1577 4254 quoque
1606 4198 1735 4255 per-

187 4272 423 4342 suadeant,
454 4286 511 4332 ut
536 4279 617 4333 eis
641 4292 748 4349 per
767 4277 1004 4346 singulos
1032 4275 1149 4333 dies
1169 4291 1321 4332 escas
1349 4275 1573 4331 afferant
1598 4292 1738 4347 prm-

188 4375 385 4433 paratas;
414 4368 602 4425 saltem
630 4368 742 4423 sibi
760 4382 950 4436 aquam
978 4368 1065 4423 vel
1091 4367 1157 4422 de
1182 4366 1417 4421 fontibus
1458 4367 1689 4423 alferunt
1714 4408 1732 4436 ,

188 4454 253 4507 vel
276 4455 331 4510 de
350 4458 587 4515 cisternis
616 4467 720 4515 aut
746 4457 921 4529 puteis
946 4457 1198 4512 hauriunt
1220 4466 1272 4513 et
1299 4466 1563 4527 reponunt
1591 4476 1605 4511 ;
1633 4458 1739 4514 hoc

190 4546 377 4603 volatilia
400 4566 503 4606 non
558 4550 792 4606 faciunt.
841 4546 946 4603 Sed
999 4548 1043 4603 si
1076 4547 1179 4604 hoc
1225 4548 1435 4618 placet,
1489 4547 1739 4605 studeant

189 4636 313 4691 etiam
336 4640 449 4695 boni
471 4642 659 4697 ﬁdeles
687 4650 745 4695 et
765 4639 926 4710 Regis
944 4640 1130 4695 aeterni
1156 4639 1486 4695 devotissimi
1520 4640 1739 4710 provin-

192 4729 315 4785 ciales
330 4774 343 4798 ,
364 4733 674 4790 fortissimis
698 4733 819 4803 ejus
840 4732 1097 4789 militibus
1115 4747 1281 4803 usque
1300 4731 1367 4787 ad
1388 4731 1493 4801 ista
1510 4732 1735 4800 servire,
1776 4740 1781 4743 ‘

196 4828 237 4872 ut
267 4823 348 4878 tibi
376 4842 471 4882 nec
498 4842 701 4897 aquam
746 4826 969 4896 implere
1019 4835 1307 4896 cogantur,
1357 4825 1401 4880 si
1425 4824 1534 4893 jam
1578 4825 1739 4883 etiam

192 4909 283 4968 illos
304 4917 381 4986 qui
412 4928 536 4975 tunc
561 4927 725 4975 erant
751 4916 1101 4989 Jerosolymze
1148 4931 1288 4972 novo
1309 4915 1478 4987 gradu
1516 4916 1739 4987 justitize

193 5011 472 5076 “messi
500 5020 649 5065 sunt.
704 5009 835 5065 Nam
864 5009 970 5064 illis
996 5009 1134 5064 fame
1182 5008 1527 5074 imminente,
1565 5017 1618 5064 et
1646 5024 1742 5077 per

191 5091 437 5167 Prophetas
455 5104 547 5172 qui
579 5112 710 5157 tunc
734 5111 887 5156 erant
913 5111 1037 5157 ante
1069 5099 1318 5171 prmdicta
1340 5142 1355 5166 ,
1389 5100 1512 5155 boni
1558 5099 1739 5155 fideles

190 5198 241 5236 ex
276 5187 459 5246 Graacia
506 5192 778 5248 frumenta
820 5193 1081 5248 miserunt
1106 5192 1242 5263 (Act.
1279 5208 1332 5246 ιι
1356 5233 1372 5257 ,
1398 5189 1624 5264 28-50);
1671 5207 1740 5247 ex

189 5278 347 5342 «libus
369 5284 529 5340 credo
552 5285 701 5356 quod
722 5284 795 5339 illi
820 5300 1013 5356 panem
1044 5284 1145 5340 sibi
1174 5283 1451 5349 fecerunt,
1477 5292 1569 5338 aut
1595 5293 1740 5340 certe

193 5367 449 5433 iaciendum
464 5388 791 5434 curaverunt
822 5396 836 5433 :
870 5377 1013 5449 quod
1032 5393 1157 5433 aves
1183 5394 1287 5433 non
1320 5377 1541 5432 faciunt.
1567 5376 1673 5431 Sed
1693 5377 1740 5432 sl

190 5464 367 5531 luisti
386 5513 401 5539 ,
427 5483 486 5528 ut
501 5472 690 5529 dicere
711 5486 981 5544 cmperam
1001 5512 1015 5537 ,
1042 5472 1198 5527 etiam
1226 5471 1551 5541 illosaliquo
1575 5468 1740 5541 gradu

244 5626 261 5657 '
288 5626 472 5680 sicis.
507 5638 563 5681 At
595 5630 733 5689 editi,
754 5628 1007 5681 enitantur
1034 5630 1228 5679 :minus
1247 5630 1397 5680 bene.

246 5689 404 5781 :ldsi.
418 5691 613 5741 cernunt
636 5705 701 5741 ea:
720 5691 863 5743 verbo
884 5703 1065 5761 graeco.
1089 5694 1248 5756 abest,
1269 5704 1450 5759 gra'co,
1470 5702 1498 5740 a
1518 5695 1625 5739 Itss.

290 5756 334 5800 In
353 5751 595 5818 plerisque
617 5763 741 5817 Mss,
760 5762 1048 5818 repostam.

1825 396 2047 467 iustitiae
2076 396 2430 466 transierunt,
2472 408 2526 455 et
2553 398 2774 457 omnino
2801 397 2854 457 in
2880 398 2949 458 iis
2973 414 3093 473 qua:
3117 398 3185 457 ad
3208 402 3413 459 transi-

1830 488 2058 561 gendam
2089 490 2247 546 vitam
2272 492 2429 547 istam
2455 492 2761 563 pertinent,
2787 495 2925 550 sicut
2948 494 3194 551 volucres
3218 505 3414 566 agunt;

1830 582 2113 639 ostendant
2130 584 2283 640 nobis
2298 584 2543 641 homines
2559 587 2764 642 servire
2781 586 3089 643 volucribus
3107 628 3124 654 ,
3157 588 3295 643 sicut
3314 587 3418 644 sibi

1831 675 2021 730 serviri
2065 677 2284 745 volunt,
2316 678 2416 732 nisi
2460 679 2629 748 captis
2655 687 2711 734 et
2752 677 3009 746 inclusis,
3049 680 3243 751 quibus
3282 678 3415 736 fides

1831 784 1934 824 non
1956 770 2183 828 habetur
2201 813 2215 839 ,
2244 788 2311 828 ne
2338 773 2578 829 volantes
2601 787 2706 828 non
2734 771 2955 829 redeant
2987 790 3000 827 :
3030 784 3080 828 et
3109 784 3283 828 tamen
3312 773 3418 829 illa

1830 861 2034 918 malunt
2062 864 2166 919 frui
2196 864 2443 921 libertate
2466 909 2480 932 ,
2509 874 2566 922 et
2590 882 2655 922 ex
2692 866 2834 938 agris
2870 874 3125 936 quantum
3176 867 3306 922 satis
3335 874 3420 925 est

1830 967 2055 1024 capere,
2087 971 2245 1026 quam
2271 956 2339 1012 ab
2375 957 2679 1015 hominibus
2705 957 2945 1031 apposita
2970 966 3022 1015 et
3042 970 3294 1030 apparata
3320 974 3413 1014 su-

1829 1062 2000 1102 mere.

1900 1139 1989 1195 28.
2020 1138 2253 1196 Proinde
2281 1157 2469 1198 rursus
2495 1144 2626 1200 istos
2641 1144 2746 1199 alio
2775 1143 3085 1201 sublimiore
3113 1143 3277 1215 gradu
3322 1142 3411 1213 ju-

1830 1233 1989 1289 stitize
2014 1237 2369 1304 superabunt,
2395 1238 2482 1308 qui
2506 1254 2566 1294 se
2597 1239 2666 1293 ita
2694 1237 3055 1305 instituerint,
3104 1250 3160 1293 ut
3182 1237 3418 1310 quotidie

1830 1329 1883 1381 in
1909 1343 2065 1399 agros
2089 1338 2343 1401 tanquam
2369 1332 2422 1386 in
2445 1341 2650 1401 pastum
2676 1342 2913 1403 pergant,
2937 1341 2991 1387 ct
3012 1349 3116 1403 quo
3136 1341 3377 1401 tempore
3398 1330 3414 1363 ‘

1832 1419 2132 1477 invenerint
2176 1432 2436 1493 carpant,
2480 1438 2542 1479 ac
2601 1426 2772 1494 sopita
2828 1426 3011 1479 fame'
3057 1434 3416 1481 revertantur.

1831 1511 1935 1568 Sed
1985 1515 2139 1585 plane
2169 1526 2387 1586 propter
2432 1531 2681 1588 agrorum
2730 1517 2980 1573 custodes
3016 1533 3177 1587 quam
3214 1518 3414 1572 bonum

1830 1614 1975 1660 esset
2000 1648 2014 1670 ,
2042 1606 2086 1661 si
2115 1608 2273 1661 etiam
2321 1624 2521 1677 pennas
2550 1608 2728 1677 largiri
2781 1609 3035 1663 Dominus
3064 1608 3373 1678 dignaretur
3397 1648 3414 1675 ,

1831 1704 1889 1750 ut
1915 1698 2053 1751 servi
2085 1698 2177 1753 Dei
2202 1700 2253 1752 in
2284 1700 2426 1769 agris
2448 1700 2636 1755 alienis
2654 1700 2851 1755 inventi
2880 1716 2984 1755 non
3005 1710 3250 1771 tanquam
3274 1700 3420 1755 fures

1830 1789 2416 1859 comprehenderentur
2439 1833 2455 1856 ,
2483 1792 2577 1848 sed
2600 1802 2851 1863 tanquam
2880 1793 3049 1849 sturni
3090 1793 3417 1862 lugarentur.

1830 1881 1983 1938 Nune
2028 1898 2157 1937 vero
2211 1883 2300 1939 ille
2325 1894 2579 1954 quantum
2606 1886 2841 1957 poterit,
2898 1884 3187 1940 imitabitur
3215 1900 3368 1939 avem
3401 1924 3418 1949 ,

1831 1990 1989 2046 quem
2017 1976 2037 2007 ³
2063 1991 2255 2046 capere
2279 1985 2502 2033 venator
2529 1994 2635 2032 non
2663 1978 2878 2046 poterit.
2912 1976 3017 2032 Sed
3066 1992 3192 2031 ecce
3226 1990 3422 2031 conce-

1831 2066 1960 2123 dant
1984 2082 2172 2122 omnes
2199 2068 2368 2123 servis
2390 2069 2519 2135 Dei,
2544 2078 2600 2123 ut
2621 2084 2741 2123 cum
2773 2069 2955 2122 volunt
2975 2068 3026 2121 in
3058 2082 3242 2123 eorum
3264 2081 3419 2136 agros

1831 2169 2058 2225 exeant,
2088 2169 2248 2230 atque
2278 2160 2400 2213 inde
2419 2159 2595 2213 securi
2622 2158 2915 2229 refectique
2940 2158 3219 2213 discedant
3249 2174 3261 2210 :
3287 2158 3423 2210 sicut

1831 2252 2031 2322 populo
2074 2252 2235 2307 Israel
2267 2267 2363 2322 per
2400 2252 2572 2321 legem
2606 2260 2933 2321 praeceptum
2961 2258 3046 2305 est
3094 2258 3150 2302 ut
3198 2249 3249 2302 in
3280 2246 3423 2317 agris

1833 2342 1946 2397 suis
1973 2340 2147 2397 furem
2198 2342 2378 2397 nullus
2407 2350 2652 2406 teneret,
2706 2341 2808 2395 nisi
2850 2341 2940 2411 qui
2993 2354 3174 2395 secum
3224 2338 3422 2408 aliquid

1832 2435 1996 2489 vellet
2020 2434 2232 2490 auferre
2262 2452 2277 2501 ;
2306 2450 2426 2489 nam
2458 2435 2548 2505 qui
2574 2433 2706 2489 nihil
2738 2432 2878 2487 aliud
2906 2433 3169 2503 attigisset
3189 2446 3344 2500 quam
3370 2428 3422 2484 id

1834 2526 1977 2598 quod
2005 2526 2363 2594 comedisset,
2394 2526 2620 2581 liberum
2652 2525 3078 2595 impunitumque
3107 2522 3256 2577 abire
3284 2521 3427 2576 sine-

1834 2630 1956 2675 rent
1980 2618 2156 2695 (Deut.
2188 2637 2317 2676 χχιιι
2337 2662 2351 2683 ,
2385 2621 2450 2676 il
2476 2662 2491 2687 ,
2522 2621 2640 2689 25).
2664 2620 2812 2676 Unde
2840 2620 2999 2674 etiam
3022 2618 3195 2688 spicas
3216 2616 3421 2671 vellen-

1837 2712 1979 2767 tibus
2007 2712 2280 2782 discipulis
2320 2714 2528 2769 Domini
2553 2756 2568 2779 ,
2608 2712 2677 2768 de
2703 2712 2928 2767 sabbato
2969 2711 3146 2782 potius
3174 2724 3331 2780 quam
3358 2707 3427 2762 de

1838 2806 1978 2861 furto
2001 2806 2171 2861 ,ιυόωὶ
2198 2807 2505 2862 calumniati
2536 2815 2660 2861 sunt
2704 2804 2917 2878 (Matth.
2959 2820 3031 2859 ιιι
3051 2844 3068 2871 ,
3108 2803 3132 2856 l
3164 2843 3179 2869 ,
3210 2802 3291 2872 ‘2).
3322 2798 3426 2854 Sed

1836 2899 1960 2971 quid
1987 2900 2090 2954 erit
2117 2898 2381 2969 agendum
2407 2899 2473 2953 de
2526 2898 2608 2953 his
2649 2896 2977 2967 temporibus
3021 2894 3182 2960 anni,
3236 2893 3428 2963 quibus

1836 3006 1959 3047 esca
1979 3008 2098 3063 qua:
2122 2993 2301 3047 statim
2324 2992 2459 3048 sumi
2488 2992 2692 3063 possit,
2727 2992 2779 3045 in
2805 2989 2951 3059 agris
2977 3004 3083 3043 non
3112 2983 3425 3042 invenitur?

1836 3086 2089 3157 Quisquis
2105 3086 2305 3156 aliquid
2332 3087 2550 3140 domum
2570 3084 2711 3154 quod
2734 3084 2833 3138 sibi
2860 3080 3139 3153 coquendo
3160 3086 3429 3149 prmparet

1836 3176 2048 3232 auferre
2092 3176 2409 3239 tentaverit,
2465 3174 2759 3231 secundum
2815 3173 3045 3227 istorum
3095 3169 3426 3225 intellectum

1838 3269 2019 3325 audiet
2066 3284 2132 3324 ex
2171 3267 2509 3340 Evangelio:
2557 3267 2740 3332 Pone;
2800 3264 2902 3320 hoc
2952 3263 3097 3319 enim
3142 3277 3269 3317 aves
3320 3276 3429 3316 non

1836 3360 2061 3416 faciunt.

1906 3452 1997 3513 29.
2030 3452 2226 3508 Verum
2251 3460 2305 3507 et
2333 3450 2434 3507 hoc
2460 3448 2816 3506 concedamus
2834 3489 2848 3513 ,
2885 3453 2997 3502 toto
3021 3453 3265 3501 vertente
3289 3460 3432 3500 anno

1836 3559 1998 3616 posse
2042 3544 2095 3599 in
2138 3544 2281 3613 agris
2323 3542 2546 3613 reperiri
2576 3540 2657 3595 vel
2699 3556 2763 3595 ex
2792 3538 2983 3594 arbore
3006 3539 3089 3594 vel
3121 3554 3185 3598 ex
3214 3537 3427 3603 herbis,

1840 3638 1920 3693 vel
1947 3652 2011 3691 ex
2039 3635 2336 3707 quibusque
2362 3634 2627 3691 radicibus
2656 3632 2798 3704 quod
2830 3632 2883 3687 in
2905 3646 3082 3687 escam
3102 3632 3240 3687 sumi
3264 3630 3431 3702 possit

1839 3730 2134 3795 incoctum,
2182 3736 2275 3783 aut
2311 3737 2456 3783 certe
2497 3734 2639 3782 tanta
2669 3724 2980 3781 exercitatio
3006 3724 3246 3793 corporis
3275 3723 3423 3779 adhi-

1838 3820 2065 3887 beatur,
2110 3829 2171 3874 ut
2208 3836 2271 3875 ea
2309 3835 2427 3890 quae
2470 3816 2744 3888 coquenda
2780 3822 2941 3881 sunt,
2973 3815 3133 3870 etiam
3158 3814 3319 3869 cruda
3345 3829 3435 3868 as-

1838 3922 2048 3982 sumpta
2070 3928 2174 3968 non
2198 3921 2426 3968 noceant
2444 3954 2458 3977 ,
2488 3911 2760 3982 possitque
2781 3911 2941 3966 etiam
2970 3907 3289 3964 hiemalibus
3308 3907 3430 3978 qui-

1840 4005 2073 4061 buslibet
2109 4004 2484 4075 asperitatibus
2524 4003 2590 4057 ad
2636 4002 2823 4073 pabula
2868 4000 3120 4071 procedi;
3161 4009 3321 4071 atque
3360 4000 3433 4055 ita

1841 4097 1931 4153 flat
1950 4107 2007 4152 ut
2030 4096 2161 4152 nihil
2185 4095 2586 4167 praeparandum
2609 4094 2902 4158 auferatur,
2929 4091 3059 4146 nihil
3074 4091 3125 4145 in
3142 4090 3431 4145 crastinum

1840 4198 2130 4260 reponatur
2159 4207 2172 4244 :
2205 4204 2308 4242 non
2338 4194 2585 4256 poterunt
2612 4185 2709 4238 ista
2741 4198 2955 4239 servare
2978 4182 3069 4252 qui
3098 4196 3156 4236 se
3177 4198 3272 4251 per
3296 4181 3435 4236 mul-

1842 4293 1924 4339 tos
1975 4284 2089 4339 dies
2114 4298 2144 4338 a
2163 4290 2453 4353 conspectu
2483 4280 2755 4335 hominum
2787 4287 3061 4348 separatos
3080 4318 3095 4341 ,
3126 4286 3183 4333 et
3207 4278 3336 4332 nulli
3365 4278 3432 4333 ad

1843 4390 1901 4432 se
1940 4376 2237 4446 pnebentes
2265 4388 2577 4438 accessum,
2620 4371 2898 4426 includunt
2932 4385 2989 4425 se
3024 4370 3167 4439 ipsos
3194 4371 3434 4425 viventes

1844 4469 1896 4523 in
1944 4482 2134 4538 magna
2179 4466 2474 4521 intentione
2522 4463 2842 4518 orationum.
2888 4460 2953 4517 Hi
2997 4460 3140 4515 enim
3187 4461 3432 4515 facillima

1843 4558 2057 4632 quidem
2103 4568 2261 4628 atque
2303 4556 2557 4611 vilissima
2584 4598 2599 4621 ,
2645 4569 2824 4610 secum
2866 4560 3045 4606 tamen
3074 4551 3319 4606 alimenta
3352 4550 3435 4604 in-

1843 4652 2061 4711 cludere
2085 4646 2471 4713 consuerunt‘,
2499 4662 2618 4718 qua:
2646 4645 2701 4700 in
2727 4644 2848 4699 illos
2871 4643 2985 4698 dies
3011 4643 3201 4714 quibus
3227 4657 3254 4695 a
3286 4642 3433 4696 nullo

1844 4746 2013 4803 videri
2049 4752 2387 4809 statuerunt,
2414 4739 2682 4797 sufﬁciant
2709 4755 2723 4793 :
2749 4735 2892 4808 quod
2922 4750 3046 4790 aves
3076 4749 3179 4790 non
3212 4733 3431 4789 faciunt.

1845 4838 1915 4894 Et
1960 4838 2149 4894 horum
2190 4834 2403 4907 quidem
2453 4830 2887 4888 exercitationem
2943 4827 2995 4882 in
3048 4836 3155 4881 tam
3204 4826 3432 4881 mirabili

1845 4930 2205 4997 continentia,
2249 4922 2675 4998 quandoquidem
2724 4921 2922 4976 habent
2962 4919 3131 4973 otium
3169 4933 3275 4989 quo
3318 4912 3434 4971 tunc

1846 5032 2038 5097 agant,
2079 5037 2242 5092 seque
2280 5017 2563 5075 imitandos
2602 5030 2710 5071 non
2745 5011 2975 5085 superba
2998 5012 3019 5044 '
3046 5010 3309 5075 elatione,
3339 5009 3435 5063 sed

1846 5114 2177 5172 misericordi
2222 5111 2501 5167 sanctitate
2550 5114 2850 5179 preponant
2882 5146 2898 5172 ,
2945 5119 3049 5159 non
3103 5101 3275 5157 solum
3327 5114 3436 5154 non

1847 5205 2217 5280 reprehendo,
2263 5202 2358 5258 sed
2399 5210 2655 5273 quantum
2696 5198 2914 5269 dignum
2956 5203 3040 5252 est
3082 5191 3298 5248 laudare
3326 5205 3432 5248 non

1913 5442 1930 5472 ι
1964 5435 2232 5487 Casalensis
2262 5439 2407 5484 vetus
2438 5430 2613 5489 codex,
2635 5432 2693 5492 et
2723 5424 2853 5492 quod
2883 5436 2975 5490 pro
3009 5430 3240 5486 tempore.

1911 5504 1934 5535 ²
1964 5498 2294 5574 cisterciensis
2317 5502 2417 5555 Μελ,
2615 5490 2760 5555 rm.
3217 5544 3227 5554 ,

1913 5565 1935 5597 ι
1964 5562 2101 5604 thli-
2125 5571 2285 5604 omni.
2307 5563 2361 5604 At
2375 5563 2447 5604 Ie
2468 5567 2601 5604 tores
2621 5560 2748 5604 Mss.
2774 5561 2932 5604 attain.
2957 5544 3227 5598 nvaticant

1913 5565 1935 5597 ι
1964 5539 2108 5623 sibi;
2307 5539 2601 5606 Ᾰῐήἰεῑεᾶἑεξ
2774 5561 2932 5614 quem.
2957 5553 3013 5598 Et
3025 5544 3231 5596 Vaticani
3248 5540 3345 5591 duo
3357 5539 3440 5591 ha-

1848 5625 1989 5684 bent,
2202 5656 2217 5680 ,
2241 5620 2363 5678 loco,
2389 5624 2598 5669 vertatur.

1913 5688 1936 5719 δ
1968 5680 2110 5735 juxta
2137 5691 2273 5744 ven.,
2298 5683 2625 5744 consuescunt.
2692 5680 2748 5744 ll!-
2789 5731 2801 5744 ,
2856 5732 2867 5742 ,

1913 5750 1935 5782 ⁸
1968 5724 2156 5797 “deos
2174 5724 2744 5807 i§.,"i55‘liéaagam,
2782 5731 3064 5786 imitandum
3100 5743 3193 5784 non
3214 5724 3446 5794 mea.
