3904 6362
548 437 804 515 possum.
827 434 964 506 Quid
987 443 1166 489 tamen
1193 428 1261 486 de
1278 426 1368 483 his
1394 425 1657 515 dicimus,
1686 419 1975 515 secundum
2001 417 2129 471 isto-

549 512 668 591 rum
710 529 1034 590 intellectum
1076 539 1141 579 ex
1174 517 1492 589 cvangeliois
1516 512 1732 570 verbis?
1759 513 1838 566 An
1868 512 2003 564 forte
2022 519 2132 577 quo

549 634 674 684 sunt
723 621 1012 679 sanctiores
1037 661 1052 686 ,
1101 634 1168 674 eo
1213 621 1338 674 sunt
1375 613 1678 667 volucribus
1719 603 2126 668 dissimiliores,

547 720 668 790 quia
699 717 800 772 nisi
827 719 1088 785 reponant
1112 711 1214 767 sibi
1237 723 1388 764 escas
1413 707 1465 761 in
1495 704 1750 776 plurimos
1779 700 1923 764 dies,
1956 695 2128 751 inclu-

545 811 673 867 dere
712 825 773 866 se
797 808 870 863 ita
893 849 909 873 ,
941 815 997 861 ut
1026 805 1247 869 f‘aciunt,
1277 816 1382 858 non
1411 797 1703 856 valebunt?
1733 796 1798 850 Et
1824 794 2007 862 utique
2033 805 2132 844 no-

545 902 750 958 biscum
802 898 1055 963 audiunt,
1110 894 1285 950 Nolite
1331 909 1450 964 ergo
1501 891 1720 962 cogitare
1763 888 1817 942 in
1853 885 2128 940 crastinum

546 991 762 1067 (Matth.
788 1006 841 1045 Vl
860 1033 875 1057 ,

619 1088 707 1146 50.
751 1087 1088 1156 Quapropter
1113 1123 1126 1148 ,
1172 1089 1231 1134 ut
1268 1078 1502 1134 breviter
1537 1073 1892 1144 complectar,
1921 1069 2007 1124 isti
2038 1068 2126 1138 qui

544 1197 610 1238 ex
651 1179 921 1249 Evangelii
965 1190 1214 1246 perverso
1253 1172 1525 1228 intellectu
1561 1177 1668 1222 tam
1700 1164 1975 1220 inatiifesta
1998 1178 2128 1230 apo-

544 1273 728 1327 stolica
760 1277 1023 1341 prmeepta
1055 1275 1358 1338 pervertere
1386 1263 1676 1316 moliuntur
1694 1301 1708 1324 ,
1737 1265 1826 1312 aut
1851 1272 1956 1311 tum
1983 1254 2127 1324 cogi-

545 1375 658 1422 tent
683 1369 734 1420 in
759 1366 1050 1420 crastinum
1075 1407 1090 1430 ,
1123 1364 1261 1417 sicut
1290 1360 1517 1414 volatilia
1542 1359 1661 1413 cmli
1688 1375 1701 1422 ;
1735 1364 1824 1410 aut
1852 1355 2127 1421 obtempe-

542 1467 662 1513 rent
703 1457 958 1528 Apostolo
981 1499 994 1521 ,
1045 1457 1181 1511 sicut
1226 1455 1314 1508 filii
1354 1453 1530 1506 dilecti
1567 1469 1578 1502 :
1610 1453 1714 1503 imo
1745 1459 2025 1517 ntrunu'lue
2053 1444 2127 1498 fa-

541 1553 714 1618 ciant,
742 1553 863 1621 quia
893 1561 1172 1619 utrumque
1197 1547 1504 1603 concordat.
1536 1544 1720 1614 Neque
1746 1543 1888 1597 enim
1915 1548 2126 1594 Cillllrilv

539 1646 615 1699 ria
660 1645 882 1698 Domino
922 1659 1018 1697 suo
1058 1650 1297 1696 moneret
1337 1639 1530 1693 Paulus
1569 1650 1752 1690 servus
1777 1633 1971 1688 Christi
1998 1631 2124 1686 Jesn

539 1735 713 1808 (Rom.
747 1753 802 1800 ι,
835 1737 911 1805 1).
945 1735 1056 1788 Hoc
1080 1735 1220 1788 enim
1252 1733 1368 1784 istis
1394 1737 1573 1800 aperte
1601 1726 1826 1781 dicimus
1857 1743 1868 1778 :
1900 1725 1956 1778 Si
1982 1724 2123 1778 vola-

539 1831 646 1883 tilia
687 1831 806 1884 caeli
835 1829 911 1882 sic
945 1827 1235 1895 intelligitis
1273 1825 1324 1878 in
1361 1824 1643 1893 Evangelia
1669 1863 1682 1888 ,
1710 1830 1765 1874 ut
1792 1821 1969 1874 nolitis
1997 1834 2125 1888 ope-

539 1923 705 1976 rando
738 1921 981 1975 manibus
1011 1921 1199 1972 vestris
1219 1919 1414 1972 victmn
1441 1926 1910 1986 tegutnentumque
1933 1928 2126 1982 procn-

539 2028 695 2076 rare;
739 2012 872 2066 nihil
910 2013 1068 2065 etiam
1110 2012 1380 2080 reponatis
1407 2011 1457 2063 in
1481 2009 1805 2072 crastinum,
1834 2006 1970 2060 sicut
1994 2007 2123 2061 nihil

537 2114 802 2175 reponunt
829 2105 1058 2160 volatilia
1089 2105 1231 2160 caeli.
1266 2104 1322 2157 Si
1351 2113 1525 2156 autem
1558 2101 1754 2170 aliquid
1779 2115 2041 2170 reponere
2068 2101 2120 2154 in

535 2200 823 2253 crastinum
848 2241 860 2262 ,
912 2208 1085 2268 potest
1125 2213 1230 2252 non
1270 2212 1388 2252 esse
1428 2207 1610 2250 contra
1654 2194 2002 2263 Evangelium
2031 2193 2122 2247 ubi

533 2293 732 2348 dictum
771 2302 886 2358 est,
931 2291 1183 2362 Respicite
1217 2289 1444 2344 volatilia
1476 2286 1589 2342 cwli
1608 2329 1622 2352 ,
1652 2288 1769 2356 quia
1795 2302 1950 2354 neque
1974 2284 2122 2338 senti-

532 2395 686 2451 uaut,
736 2401 894 2456 neque
935 2393 1157 2449 metunt,
1209 2399 1364 2455 neque
1403 2390 1701 2452 congregant
1728 2379 1782 2433 in
1810 2379 2120 2448 apothecas;

533 2486 708 2548 potest
746 2479 904 2532 etiam
939 2493 1041 2530 non
1071 2491 1190 2530 esse
1219 2486 1405 2528 contra
1438 2471 1782 2540 Evangelinn‘i
1814 2485 1912 2525 nec
1936 2478 2118 2523 contra

535 2573 934 2629 similitmlinem
974 2572 1265 2625 volatilium
1314 2570 1482 2633 coeli,
1531 2568 1691 2621 vitam
1742 2566 1896 2620 istam
1943 2563 2120 2619 carnis

533 2667 826 2737 Corporalis
846 2665 1172 2733 Operationis
1192 2663 1373 2718 labore
1396 2662 1708 2730 transigere.

604 2759 832 2816 CAPUT
857 2757 1042 2813 XXIV.
1065 2789 1136 2798 —-
1162 2759 1249 2812 51.
1280 2756 1486 2825 Aliquid
1512 2756 1561 2807 in
1588 2755 1859 2807 crastinum
1882 2766 2121 2822 reponere

534 2868 634 2904 non
679 2849 930 2920 prohiberi
978 2866 1064 2917 per
1108 2847 1457 2919 Evangelium.
1488 2846 1542 2900 Si
1576 2845 1714 2898 enim
1741 2853 2030 2914 urgeantur
2052 2856 2118 2895 ex

537 2941 850 3012 Evangelio,
876 2951 931 2996 ut
955 2941 1084 2995 nihil
1116 2952 1371 3010 reponant
1395 2940 1446 2993 in
1468 2937 1755 2994 crastinum
1782 2955 1796 3002 ;
1820 2935 2122 2992 rectissimo

535 3036 859 3105 respondent
897 3053 910 3089 :
947 3035 1053 3090 Cur
1087 3050 1215 3106 ergo
1245 3035 1358 3103 ipse
1387 3033 1638 3087 Dominus
1668 3032 1870 3087 loculos
1901 3030 2117 3095 habuit,

534 3131 624 3184 ubi
668 3130 942 3200 paenulam
989 3129 1264 3183 collectam
1308 3137 1591 3198 reponeret
1639 3126 1814 3198 (Joan.
1857 3143 1970 3193 xu,
2016 3122 2121 3196 6)?

533 3219 640 3276 Cur
671 3230 816 3275 tanto
842 3230 998 3288 ante,
1042 3221 1180 3276 fame
1207 3222 1512 3276 imminente
1543 3223 1556 3252 ¹
1587 3263 1600 3285 ,
1635 3220 1896 3274 frumenta
1923 3217 2122 3272 sanctis

535 3314 773 3384 patrihus
815 3315 974 3369 missa
1018 3322 1141 3368 sunt
1188 3313 1320 3383 (Act.
1366 3328 1451 3375 XI,
1491 3310 1725 3383 28-50)?
1753 3312 1855 3364 Cur
1882 3307 2120 3379 Apostoli

535 3406 614 3461 sic
652 3406 954 3477 indigenum
979 3417 1281 3462 sanctorum
1311 3407 1607 3461 necessaria
1640 3414 2027 3474 procurarunt,
2055 3421 2122 3460 ne

535 3497 749 3556 deesset
776 3499 826 3553 in
854 3509 1122 3568 postermn
1146 3542 1160 3563 ,
1191 3508 1248 3553 ut
1271 3497 1606 3554 beatissimus
1633 3498 1828 3551 Paulus
1849 3496 1913 3550 ad
1935 3496 2123 3552 Corin-

535 3590 674 3646 thios
705 3591 756 3644 in
788 3591 1019 3661 Epistula
1048 3591 1305 3646 scriberet
1335 3608 1349 3644 :
1381 3589 1456 3643 De
1480 3581 1700 3644 collectis
1725 3599 1893 3643 autent
1921 3589 1974 3642 in
2003 3606 2123 3643 sau-

535 3695 673 3754 ctos,
718 3663 845 3738 sicut
883 3685 1114 3739 ordinavi
1160 3684 1400 3738 Ecclesiis
1443 3683 1688 3747 Galatiw,
1726 3683 1798 3736 ita
1841 3693 1886 3736 et
1925 3699 2011 3737 vos
2039 3686 2123 3754 fa-

535 3778 631 3832 cite
657 3793 675 3830 :
700 3776 973 3833 secundum
1003 3793 1154 3830 unam
1181 3776 1374 3832 sabbati
1397 3776 1734 3845 unusquisque
1752 3785 1963 3828 vestrum
1985 3775 2128 3845 apud

535 3885 588 3922 se
617 3878 772 3940 ponat
799 3870 820 3900 '
843 3910 856 3933 ,
881 3867 1225 3923 tltesaurizans
1253 3868 1387 3936 quod
1411 3870 1452 3921 ei
1479 3867 1756 3938 placuerit;
1784 3875 1836 3920 ut
1862 3884 1986 3932 non,
2011 3884 2125 3921 cum

535 3975 718 4014 venero
735 4002 748 4025 ,
781 3969 900 4014 tunc
925 3959 1144 4013 collecta:
1169 3959 1312 4029 ﬁant.
1341 3957 1467 4013 Cum
1496 3967 1661 4011 autem
1686 3958 1949 4024 advenero,
1970 3975 2124 4029 quos-

536 4071 746 4125 cumque
795 4053 1121 4126 probaueritis
1149 4071 1236 4125 per
1264 4054 1530 4126 epistolas,
1565 4053 1655 4107 Iros
1683 4055 1874 4106 mittam
1905 4057 2127 4125 perferre
2162 4105 2168 4111 .

536 4149 752 4218 gratiam
790 4157 1004 4203 vestram
1048 4149 1100 4202 in
1140 4147 1447 4202 Jerusalem.
1491 4147 1642 4215 Quod
1667 4149 1712 4202 si
1741 4147 1949 4219 dignum
1977 4148 2127 4216 fuerit

536 4251 592 4296 ut
633 4238 678 4296 et
724 4257 813 4313 ego
857 4259 996 4307 eam,
1038 4259 1228 4296 mecum
1264 4240 1404 4296 ibunt
1436 4241 1476 4317 (l
1506 4240 1775 4309 Cor.xv1,
1811 4243 1974 4309 ini)?
2004 4241 2128 4297 llmc

537 4343 592 4390 et
642 4335 740 4390 alia
789 4335 955 4389 multa
1003 4335 1368 4405 cepiosissime
1411 4343 1464 4389 et
1509 4334 1784 4390 verissime
1832 4332 2124 4405 proferunt.

537 4425 735 4506 Quibus
778 4426 1162 4498 respondemus
1194 4445 1206 4480 :
1243 4426 1444 4482 Videtis
1483 4443 1608 4496 ergo
1631 4469 1643 4492 ,
1677 4427 1916 4497 quamvis
1945 4426 2127 4481 Domi-

537 4527 638 4576 nus
663 4520 889 4588 dixerit,
921 4515 1094 4575 Nolite
1118 4521 1338 4593 cogitare
1361 4521 1415 4574 in
1443 4521 1758 4588 crastinum;
1791 4537 1893 4576 non
1921 4537 2015 4574 vos
2044 4532 2126 4577 ta-

539 4629 659 4668 men
683 4615 798 4668 istis
824 4613 1000 4669 verbis
1019 4615 1134 4684 cogi
1165 4623 1221 4669 ut
1249 4613 1376 4668 nihil
1407 4614 1457 4667 in
1486 4613 1775 4668 crastinum
1798 4615 2087 4668 reservetis
2112 4619 2126 4668 :'

538 4721 636 4761 cur
685 4720 813 4776 ergo
855 4705 1042 4760 iisdem
1086 4705 1262 4762 verbis
1291 4719 1386 4759 vos
1415 4706 1529 4776 cogi
1560 4703 1734 4758 dicitis
1756 4747 1768 4770 ,
1803 4715 1859 4758 ut
1888 4705 2130 4760 vacetis?

538 4797 645 4856 Cur
672 4797 903 4852 volatilia
929 4797 1050 4852 οωιὶ
1079 4813 1184 4852 non
1213 4797 1363 4852 vobis
1387 4807 1508 4851 sunt
1530 4798 1775 4867 exemplo
1798 4798 1865 4852 ad
1892 4798 2020 4854 nihil
2046 4816 2128 4856 re-

538 4881 895 4968 Servandum,
935 4899 989 4947 et
1025 4890 1184 4946 vultis
1218 4898 1276 4946 ut
1318 4889 1424 4944 sint
1462 4889 1708 4960 exetnplo
1749 4890 1815 4944 ad
1845 4890 1974 4945 nihil
1999 4907 2128 4964 ope-

537 4985 762 5042 randum
784 4984 808 5039 i

610 5069 839 5133 CAPUT
865 5073 1034 5132 XXV.
1061 5103 1134 5116 —-
1160 5073 1250 5130 52.
1285 5071 1504 5148 Negotia
1532 5073 1704 5146 priora
1730 5073 1990 5149 reliquisse
2010 5076 2131 5147 quid

539 5167 728 5242 prosit,
776 5169 821 5224 si
864 5168 1032 5223 adhuc
1056 5167 1405 5223 laborandum.
1429 5166 1727 5223 Communis
1748 5171 1860 5224 vita:
1883 5170 2126 5226 cltaritas.

543 5261 758 5332 Operari
788 5265 926 5318 decet
952 5262 1100 5317 etiam
1129 5264 1215 5333 qui
1239 5280 1300 5318 ea:
1322 5264 1422 5318 vita
1445 5263 1715 5318 excelsiore
1739 5276 2092 5321 convertuntur
2109 5310 2126 5336 ,

539 5359 628 5414 sed
667 5360 822 5412 multo
859 5359 1020 5429 magis
1061 5359 1149 5428 qui
1184 5374 1246 5411 ea:
1270 5359 1369 5412 vita
1400 5357 1683 5412 humiliore.
1717 5359 1861 5414 Dicet
1890 5360 2080 5431 aliquis
2113 5381 2126 5416 :

539 5452 673 5520 Quid
715 5465 844 5523 ergo
869 5450 1096 5521 prodest
1123 5465 1278 5505 servo
1308 5451 1433 5516 Dei,
1467 5450 1606 5520 quod
1639 5452 1902 5520 prioribus
1927 5453 2130 5510 actibus

539 5560 674 5616 quos
713 5546 768 5606 in
804 5543 1001 5606 saeculo
1031 5541 1259 5600 habebat
1283 5543 1515 5609 relictis,
1546 5542 1611 5598 ad
1639 5542 1775 5598 hanc
1799 5543 2128 5614 Spirituuietn

607 5682 624 5713 ι
661 5680 845 5746 aliquot
859 5685 988 5746 uss,
1022 5680 1200 5746 fratrem
1216 5679 1556 5732 imminentem.
1580 5685 1636 5732 Et
1651 5679 1772 5733 infra
1791 5680 1888 5732 duo
1903 5683 2126 5746 Vaticani,

537 5753 717 5808 amitis
741 5737 982 5796 fratribus
993 5737 1139 5808 missa
1156 5750 1282 5792 sum.

604 5817 624 5848 ³
647 5803 720 5864 sic
749 5816 855 5858 Mss.
878 5809 935 5856 At
957 5803 1093 5866 editi,
1117 5809 1334 5868 reponat.

1475 310 1563 365 DE
1601 305 1830 364 OPERE
1868 299 2125 359 MONACi

2227 297 2364 366 11311,
2384 298 2462 355 ~S.
2504 297 2873 356 AUGUSTINI
3628 310 3707 368 ιη

2237 415 2394 470 vitam
2425 415 2773 488 militiamque
2793 415 3122 474 convertitur
3138 456 3155 486 ,
3175 415 3224 472 si
3239 431 3353 478 eum
3371 418 3523 478 adhuc
3539 435 3715 498 oportet,

2235 515 2484 577 tanquam
2517 507 2726 577 opificis
2753 509 2770 541 ⁸
2792 548 2807 574 ,
2848 522 3110 565 exercere
3135 510 3524 581 negotialQuasi
3543 530 3643 573 vero
3659 517 3718 576 ta.

2233 600 2336 654 cile
2365 601 2533 670 possit
2560 599 2733 655 verbis
2758 600 3013 671 explicari
3031 641 3046 666 ,
3085 611 3325 672 quantum
3343 606 3488 674 prosit
3509 610 3708 678 quodllo.

2234 696 2410 750 minus
2449 695 2595 751 diviti
2639 695 2918 751 consilium
2957 696 3221 766 capiendae
3246 698 3358 752 vitm
3381 706 3562 756 retere-te
3583 703 3708 775 requi.

2233 789 2375 844 renti
2403 789 2478 842 ait
2505 797 2561 844 ut
2586 789 2822 844 faceret’
2843 830 2857 854 ,
2885 788 2928 844 si
2957 789 3113 844 vellet
3135 804 3250 844 esse
3271 790 3504 859 perlectus
3524 809 3535 857 ;
3559 803 3606 848 ut
3621 811 3708 851 veno

2232 879 2356 935 ditis
2397 896 2516 951 qum
2555 880 2782 937 habebat
2806 923 2822 947 ,
2866 889 2921 936 et
2959 881 3255 951 indigentia:
3293 897 3545 952 pauperum
3577 883 3706 942 distri-

2233 971 2406 1038 butis,
2434 983 2554 1026 cum
2583 982 2896 1043 sequeretur
2921 972 3127 1044 (Matth.
3157 987 3268 1039 xix,
3291 971 3395 1046 21).
3417 975 3506 1028 Aut
3523 976 3616 1045 quis
3635 987 3707 1034 tam

2232 1065 2482 1135 expedito
2520 1081 2675 1120 cursu
2719 1074 2933 1121 secutus
2973 1074 3056 1120 est
3085 1066 3383 1131 Dominum,
3407 1083 3540 1138 quam
3563 1069 3631 1124 ille
3648 1071 3708 1139 qui

2231 1157 2339 1223 ait,
2390 1156 2508 1211 Non
2544 1157 2597 1211 in
2636 1174 2849 1212 vacuum
2886 1158 3119 1222 cucurri,
3159 1175 3247 1212 nec
3272 1159 3323 1212 in
3345 1159 3709 1214 racunmlaboravi

2233 1250 2489 1325 (Philipp.
2534 1268 2602 1314 ιι,
2649 1251 2784 1322 i6)?
2816 1253 2907 1322 qui
2937 1261 3110 1307 tamen
3137 1267 3290 1321 opera
3314 1253 3405 1307 ista
3430 1262 3472 1308 el
3500 1257 3703 1324 pracepit,

2230 1353 2284 1396 et
2314 1343 2454 1397 fecit.
2481 1343 2594 1398 Hoc
2618 1344 2766 1397 nobis
2795 1352 2933 1398 tanta
2955 1344 3264 1399 auctoritate
3282 1344 3438 1398 doctis
3461 1352 3507 1398 et
3526 1344 3708 1399 informa-

2230 1437 2298 1492 tls
2313 1436 2557 1490 sufficere
2578 1436 2760 1491 debuit
2782 1437 2845 1491 ad
2864 1438 3162 1506 exemplum
3185 1436 3572 1506 derelinquendi'
3586 1439 3706 1508 pristi-

2228 1547 2326 1588 nas
2364 1531 2638 1586 facultates
2665 1573 2678 1597 ,
2708 1541 2762 1586 et
2807 1532 3050 1586 manibus
3088 1529 3352 1602 operandi.
3389 1531 3480 1585 Sed
3513 1541 3554 1586 et
3575 1546 3645 1584 nos
3661 1532 3706 1585 ab

2228 1625 2344 1695 ipso
2383 1625 2604 1678 Domino
2633 1625 2818 1695 adjuti,
2848 1639 3132 1694 possumus
3160 1622 3374 1678 fortasse
3398 1632 3626 1692 utcumque
3641 1637 3702 1676 c0.

2226 1733 2482 1788 gnoscerc
2507 1759 2520 1780 ,
2565 1719 2724 1772 etiam
2766 1717 2843 1770 sic
2885 1715 3228 1786 operantibus
3269 1715 3422 1769 servis
3455 1713 3556 1775 Dei,
3585 1715 3702 1782 priora

2229 1821 2405 1866 tamen
2463 1811 2669 1880 negotia
2731 1809 3013 1880 reliquisse
3053 1807 3178 1878 quid
3230 1807 3405 1878 prosit.
3447 1806 3497 1860 Si
3528 1806 3630 1861 enim
3659 1806 3703 1861 ad

2229 1901 2364 1957 hanc
2401 1903 2560 1955 vitam
2602 1918 2668 1957 ex
2693 1902 2855 1956 divite
2883 1902 3165 1972 quisquam
3192 1899 3523 1963 convertitur,
3547 1907 3584 1952 et
3603 1898 3700 1952 nulla

2227 1995 2530 2050 infirmitate
2567 1998 2808 2063 corporis
2835 1993 3157 2062 impeditur,
3189 1991 3326 2046 itane
3349 1989 3701 2059 desipimusasa-

2228 2101 2355 2156 pore
2401 2085 2624 2151 Christi,
2671 2093 2730 2139 ut
2767 2099 2872 2140 non
2914 2084 3272 2154 intelligamus
3300 2090 3503 2151 quantus
3520 2079 3702 2149 superbia

2226 2176 2419 2246 prioris
2460 2187 2634 2231 tumor
2669 2185 2921 2242 sanetur,
2960 2191 3084 2230 eum
3125 2173 3437 2229 circumcisis
3471 2170 3700 2240 superﬂuis,

2224 2273 2412 2342 quibus
2451 2279 2573 2325 ante
2614 2270 2821 2324 animus
2847 2268 3189 2323 exitiabiliter
3217 2261 3638 2328 iuﬂammabalnr‘,
3659 2260 3701 2314 ad

2225 2363 2431 2429 modica
2474 2377 2592 2430 quae
2630 2369 2836 2415 restant
2873 2359 2993 2414 huic
3023 2359 3150 2414 vitae
3177 2358 3466 2413 naturaliter
3489 2353 3700 2410 necessaria

2223 2452 2381 2508 etiam
2418 2452 2624 2522 opiﬁcis
2661 2453 2930 2508 humilitas
2961 2453 3184 2508 minime
3212 2448 3562 2508 recusetur?Si
3583 2456 3700 2500 autem

2223 2547 2288 2601 ad
2332 2547 2466 2601 hanc
2505 2549 2666 2601 vitam
2707 2563 2769 2602 ex
2799 2555 3115 2618 paupertate
3139 2546 3472 2609 convertitur,
3502 2557 3583 2597 non
3606 2546 3702 2610 potu

2222 2654 2281 2696 se
2321 2641 2372 2694 id
2399 2655 2558 2710 agere
2597 2640 2736 2710 quod
2765 2640 2986 2709 agebat,
3028 2641 3077 2695 si
3116 2640 3184 2694 ab
3219 2653 3392 2694 amore
3424 2635 3494 2691 vel
3524 2630 3702 2703 augenda

2223 2732 2714 2802 quantnlmcumtpie
2735 2731 2756 2764 ⁵
2781 2731 2855 2786 rei
2884 2732 3106 2800 privatzc
3130 2772 3144 2796 ,
3163 2731 3268 2800 jam
3293 2745 3390 2784 non
3409 2738 3606 2797 quaerens
3626 2733 3701 2790 qua

2223 2837 2317 2877 sua
2357 2831 2483 2876 sunt
2505 2863 2519 2886 ,
2557 2821 2650 2876 sed
2680 2838 2799 2891 qua:
2827 2821 2952 2876 Jesu
2986 2821 3188 2877 Christi
3228 2819 3380 2892 (Ibid.
3403 2817 3512 2889 2|),
3538 2815 3588 2869 ad
3608 2826 3703 2866 com-

2224 2915 2399 2970 munis
2428 2915 2549 2968 vitte
2577 2929 2636 2970 se
2664 2915 2930 2968 transtulit
2962 2917 3279 2970 charitatem
3298 2956 3313 2981 ,
3341 2915 3388 2969 in
3415 2924 3568 2967 eorum
3591 2905 3703 2962 socie-

2225 3016 2332 3063 tate
2366 3007 2634 3073 victurus,
2671 3007 2862 3077 quibus
2899 3016 2982 3061 est
3018 3009 3198 3062 anima
3238 3021 3334 3061 una
3366 3012 3415 3060 et
3437 3019 3516 3058 cor
3537 3013 3654 3054 unum
3671 2996 3706 3047 in

2225 3098 2392 3154 Deum
2412 3140 2426 3163 ,
2469 3099 2540 3152 ita
2582 3107 2638 3153 ut
2676 3113 2835 3152 nemo
2859 3099 3000 3153 dicat
3023 3099 3232 3170 aliquid
3261 3097 3532 3168 proprium,
3556 3087 3711 3147 sedsint

2224 3191 2327 3246 illis
2365 3193 2541 3246 omnia
2586 3192 2886 3246 communia
2936 3191 3075 3263 (Act.
3141 3209 3224 3256 IV,
3267 3191 3374 3263 52).
3405 3190 3453 3245 Si
3477 3187 3589 3244 enim
3612 3183 3714 3250 hujus

2227 3293 2451 3339 terrena:
2497 3283 2798 3352 reipublicze
2839 3283 3039 3353 antiqui
3097 3284 3366 3354 principes
3409 3274 3713 3351 praeclaris-imo

2224 3376 2578 3431 litteratorum
2618 3391 2836 3430 suorum
2876 3376 3091 3447 eloquio
3140 3375 3406 3447 pra-dicari
3433 3374 3594 3434 solent,
3619 3363 3714 3437 quod

2225 3483 2338 3524 rem
2369 3483 2708 3522 communem
2740 3467 2971 3522 universi
2998 3470 3189 3540 populi
3219 3485 3326 3524 sum
3352 3465 3542 3521 civitatis
3561 3457 3712 3531 privatis

2226 3563 2336 3618 suis
2363 3563 2528 3618 rebus
2555 3564 2633 3618 sic
2660 3563 3084 3632 anteponebant,
3128 3571 3188 3618 ut
3209 3563 3410 3635 quidam
3431 3573 3577 3616 eorum
3595 3551 3715 3608 Alrica

2225 3655 2457 3711 edomita
2505 3655 2892 3725 triumphator,
2934 3655 3060 3726 quid
3113 3657 3326 3712 nubenti
3363 3654 3472 3708 ﬁlim
3503 3651 3617 3705 daret
3644 3657 3713 3698 non

2226 3747 2468 3804 habuerit
2487 3790 2504 3816 ,
2545 3748 2649 3802 nisi
2677 3763 2743 3803 ex
2779 3750 3249 3804 senatusconsulto
3276 3747 3340 3802 de
3367 3745 3546 3818 publico
3569 3739 3716 3794 dotare-

2228 3851 2312 3897 tur
2351 3842 2425 3916 (a)
2458 3861 2472 3897 :
2501 3860 2607 3915 quo
2642 3843 2820 3898 animo
2849 3845 3008 3900 debet
3033 3859 3160 3901 esse
3189 3847 3240 3902 in
3267 3843 3596 3914 rempublicam
3616 3845 3714 3888 suam

2227 3935 2358 3989 civis
2397 3947 2611 3990 aeterna:
2650 3936 2796 3991 illius
2832 3938 3059 3993 civitatis
3100 3940 3388 3995 Jerusalem
3415 3923 3716 3994 etelestis,nisi

2228 4035 2285 4080 ut
2331 4026 2461 4081 illud
2511 4027 2682 4096 ipsum
2727 4029 2868 4099 quod
2908 4031 3144 4100 propriis
3182 4031 3416 4085 manibus
3448 4026 3661 4080 elaborat,
3686 4015 3717 4067 in

2229 4135 2511 4176 commune
2532 4119 2724 4176 habeat
2742 4137 2863 4177 cum
2893 4121 3054 4178 fratre
3078 4165 3093 4187 ,
3122 4133 3176 4179 et
3196 4124 3240 4178 si
3267 4123 3384 4195 quid
3408 4121 3450 4176 ei
3471 4113 3661 4175 defuerit,
3680 4106 3721 4160 de

2229 4213 2498 4267 communi
2524 4213 2769 4285 suppleat
2793 4233 2806 4282 ;
2835 4215 3016 4271 dicens
3043 4231 3170 4272 cum
3199 4217 3290 4272 illo
3315 4216 3458 4287 cujus
3483 4213 3719 4284 ριτθεθβίυω

2231 4307 2637 4377 exemplumque
2699 4317 2914 4364 secutus
2970 4320 3081 4376 est,
3130 4311 3290 4378 Quasi
3329 4309 3449 4364 nihil
3485 4304 3666 4360 habetur;
3695 4305 3723 4346 et

2233 4400 2400 4452 omnia
2428 4401 2739 4469 possidentes
2768 4401 2832 4472 (ll
2859 4399 2976 4456 Cor.
3007 4417 3092 4469 γι,
3129 4403 3269 4474 10)?

2303 4493 2390 4547 55.
2414 4491 2772 4560 Quamobrem
2801 4494 2960 4548 etiam
2992 4495 3064 4549 illi
3093 4496 3182 4566 qui
3212 4495 3390 4550 relicta
3409 4490 3487 4547 vel
3502 4482 3723 4543 distributa.

2233 4584 2344 4639 sive
2374 4585 2548 4654 ampla
2575 4627 2590 4653 ,
2613 4586 2727 4640 sive
2751 4586 3126 4657 qualicumque
3154 4588 3396 4658 opulenta
3427 4568 3648 4638 facultate,
3672 4572 3728 4624 iu-

2235 4685 2315 4731 ter
2349 4659 2609 4748 pauperes
2641 4677 2840 4733 Christi
2874 4681 2958 4749 pia
2987 4690 3038 4735 et
3071 4681 3270 4736 salubri
3306 4677 3570 4735 humilitate
3601 4677 3730 4725 unum.

2232 4772 2340 4826 rari
2378 4772 2698 4840 voluerunt;
2726 4773 2773 4827 si
2802 4787 3028 4844 corpore
3056 4774 3126 4828 ita
3159 4775 3364 4840 valent,
3393 4780 3441 4827 et
3469 4769 3528 4824 ab
3551 4758 3730 4820 ecclesia-

2233 4868 2381 4921 sticis
2421 4867 2856 4938 occupationibus
2891 4875 3081 4923 vacant
3114 4869 3432 4939 (quanquam
3458 4864 3527 4919 eis
3550 4869 3633 4914 tam
3658 4861 3732 4906 ma-

2231 4976 2394 5032 gnum
2421 4963 2582 5015 animi
2604 4961 2683 5017 sui
2705 4960 3079 5018 documentum
3106 4961 3440 5017 aflerentibus
3459 5000 3471 5024 ,
3497 4963 3543 5010 et
3560 4945 3733 5032 ejusdem

2190 5085 2192 5087 -
2235 5054 2503 5108 societatis
2531 5053 2833 5124 indigentia:
2862 5054 2929 5110 de
2956 5053 3040 5110 his
3071 5055 3228 5109 rebus
3255 5068 3385 5122 quas
3410 5028 3733 5104 habebanmcl

2233 5147 2520 5218 plurimum
2547 5148 2629 5204 vel
2670 5163 2775 5204 non
2819 5165 3002 5220 parum
3024 5141 3628 5220 conferentibus,vicem
3656 5139 3734 5182 sus-

2298 5370 2316 5435 ξ
2350 5370 2424 5435 sic
2446 5378 2550 5420 Mss.
2576 5369 2790 5435 At__editi,
2809 5367 3021 5435 opiﬁces.

2297 5433 2317 5464 ¹
2351 5433 2422 5481 sic
2445 5441 2546 5483 MSS.
2588 5432 2705 5482 Fditi
2730 5430 2865 5494 vero,
2887 5430 2957 5482 ait
2979 5430 3311 5496 qititlfaceret.
3419 5492 3429 5496 _
3486 5484 3500 5496 ι

2299 5497 2320 5558 ξ
2352 5469 2454 5558 ὗιῖσ
2470 5469 3560 5558 ’ῧὶιὲπὶῐίἰὲἔῗῆὲὲἑ
3579 5469 3738 5542 tuM"

2235 5554 2398 5607 debuit
2439 5556 2776 5620 relinquendi:
2809 5557 2894 5620 alii
2918 5557 3140 5620 quidam,
3187 5566 3278 5604 nec
3299 5551 3447 5610 nobis,
3469 5555 3554 5598 etc.

2299 5621 2320 5652 ⁵
2356 5620 2522 5668 Plures
2543 5617 2668 5680 Μὶςεη
2693 5617 2970 5682 iri/labatur.

2298 5683 2319 5714 ⁸
2354 5682 2424 5732 sie
2445 5690 2550 5732 Mss.
2581 5690 2634 5730 At
2657 5679 3320 5745 ediiiLquatuulumcwnque.

2299 5725 2371 5808 (a)
2382 5725 2563 5805 Emis;
2581 5725 2716 5804 51.56
2722 5725 2918 5808 ’ξᾶιέιῗ
2921 5725 3363 5808 imitare};
3379 5743 3488 5790 un.
3501 5731 3545 5797 2,
3559 5732 3606 5782 et
3616 5725 3739 5774 sum

2239 5803 2559 5867 εειλιυωωι,
2578 5803 2685 5869 ων.
2713 5805 2788 5856 12.
