3904 6362
169 345 273 404 -επ,
1302 360 1303 363 η
1538 373 1543 377 ς
1566 333 1994 397 LtBElt-UNUS.

184 455 416 521 tentandae
448 453 601 515 vitta~
628 464 805 513 eorum
834 463 923 515 res
951 448 1068 520 ipsa
1092 449 1391 509 communis
1417 456 1470 505 et
1496 448 1728 507 fraterna

183 553 382 609 claritas
399 544 613 615 debeat)
635 586 648 611 ,
676 551 849 603 tamen
870 541 915 597 si
940 550 994 599 et
1023 541 1125 611 ipsi
1147 541 1395 597 manibus
1412 551 1698 610 operentur
1711 582 1727 606 ,

180 652 227 699 ut
250 639 393 709 pigris
419 654 481 691 ex
513 636 623 691 vita
645 633 923 691 humiliore
943 640 998 687 et
1016 631 1087 686 ob
1113 631 1217 687 boc
1238 631 1611 687 exercitatiore
1639 646 1731 686 ve-

176 731 409 788 nientibus
426 728 668 791 auferant
683 724 1079 783 excusationem
1106 740 1120 790 ;
1146 724 1313 778 multo
1334 723 1731 782 misericordias

177 832 345 894 agunt,
368 836 520 890 quam
548 834 667 874 eum
697 817 877 873 omnia
904 830 998 873 sua
1028 814 1384 885 indigentibus
1414 814 1726 869 diviserunt.

166 916 305 986 .Quod
334 914 537 984 quidem
577 913 621 967 si
659 911 828 966 nolint
851 950 867 975 ,
905 910 1024 979 quis
1049 909 1244 965 audeat
1270 908 1503 977 cogere?
1529 907 1731 975 Quibus

178 1021 325 1065 tamen
363 1005 676 1062 invenienda
712 1013 836 1061 sunt
862 1018 1023 1073 opera
1052 1003 1105 1057 in
1133 1001 1456 1059 monasterio
1477 1042 1491 1065 ,
1521 1000 1729 1055 etiamsi

174 1118 198 1156 ιι
228 1099 460 1169 Corporali
490 1097 769 1153 iunctione
795 1095 1043 1153 liberiora
1063 1136 1077 1156 ,
1109 1092 1208 1151 sed
1232 1093 1470 1164 vigilanti
1504 1092 1730 1147 admini-

174 1192 393 1246 Stratiune
420 1189 652 1243 curanda
674 1228 691 1254 ,
721 1197 780 1242 ut
805 1203 902 1243 nec
924 1186 1018 1255 ipsi
1050 1201 1237 1257 panem
1260 1200 1415 1243 suum
1438 1226 1452 1249 ,
1480 1184 1727 1253 quoniam

175 1283 431 1339 communis
464 1283 574 1351 jam
606 1280 776 1335 factus
804 1288 919 1342 est,
950 1279 1113 1348 gratis
1143 1277 1462 1335 manducent
1490 1276 1591 1346 (α).
1621 1275 1731 1341 Nec

175 1374 510 1431 attendendum
540 1384 621 1427 est
646 1373 699 1426 in
716 1372 906 1441 quibus
924 1370 1277 1432 monasteriis,
1299 1372 1379 1423 vel
1398 1370 1448 1423 in
1468 1385 1572 1439 quo
1591 1370 1726 1433 loco,

172 1471 491 1541 indigetuibus
537 1469 791 1526 fratribus
829 1467 1053 1536 quisque
1096 1465 1147 1517 id
1190 1464 1335 1534 quod
1373 1463 1598 1517 habebat
1627 1462 1729 1516 im-

173 1565 397 1633 penderit.
424 1562 669 1617 Omnium
696 1562 839 1615 enim
865 1557 1282 1615 Christianorum
1313 1573 1411 1613 una
1433 1556 1731 1626 reSpublica

171 1670 255 1714 est.
294 1658 356 1713 Et
391 1657 505 1713 ideo
550 1657 794 1727 quisquis
841 1654 1156 1711 Christianis
1184 1654 1481 1709 necessaria
1512 1653 1732 1711 ubilibet

173 1753 468 1823 negaverit,
500 1752 821 1820 ubicumque
851 1751 1007 1803 etiam
1042 1749 1153 1818 ipse
1179 1747 1321 1817 qttod
1350 1747 1448 1801 sibi
1481 1762 1730 1801 necessa-

174 1843 293 1898 rium
320 1852 397 1901 est
417 1842 628 1910 accipit,
660 1842 727 1896 de
754 1840 949 1898 Christi
980 1840 1132 1899 bonis
1159 1839 1353 1909 accipit
1380 1840 1416 1889 ¹.
1449 1837 1579 1901 Quia
1612 1837 1731 1893 ubi-

174 1949 382 2001 cumque
410 1943 461 1988 et
480 1935 588 2000 ipse
616 1934 813 1988 talibus
830 1932 1010 1997 dedit,
1042 1933 1161 2001 quis
1189 1932 1286 1986 nisi
1312 1929 1553 1989 Christus
1577 1944 1730 1983 acce-

177 2024 288 2094 pit!
317 2024 391 2080 illi
414 2034 577 2081 autem
601 2027 685 2095 qui
705 2026 864 2080 etiam
896 2033 1089 2093 prteter
1118 2025 1272 2081 istam
1300 2032 1534 2081 sanctam
1562 2022 1733 2076 socie-

184 2124 337 2170 tatem
362 2116 509 2172 vitam
535 2116 705 2172 labore
729 2117 966 2185 corporis
994 2115 1386 2181 transigebant,
1416 2130 1481 2169 ex
1508 2129 1732 2182 quorum

187 2223 393 2262 numero
415 2208 577 2277 plures
601 2208 664 2261 ad
689 2208 1006 2261 monasteria
1038 2208 1291 2271 veniunt,
1320 2205 1442 2275 quia
1464 2214 1518 2257 et
1542 2205 1594 2258 in
1619 2204 1734 2273 ipso

184 2299 396 2354 humano
429 2314 613 2368 genere
655 2298 835 2367 plures
872 2305 1037 2361 sunt;
1066 2298 1110 2351 si
1145 2297 1333 2357 nolunt
1362 2296 1570 2363 operari
1592 2338 1604 2357 ,
1636 2310 1735 2350 nec

177 2392 480 2448 manducent.
528 2391 712 2462 Neque
752 2392 895 2447 enim
936 2402 1212 2460 propterea
1264 2391 1319 2445 in
1362 2389 1545 2447 militia
1590 2386 1733 2442 chri-

174 2488 320 2543 uiana
358 2486 421 2540 ad
459 2487 707 2554 pietatem
749 2486 942 2540 divites
977 2486 1357 2549 humiliantur,
1388 2494 1445 2538 ut
1478 2496 1735 2552 pauperes

175 2577 231 2635 ad
263 2579 537 2648 superbiam
568 2578 925 2635 extollantur.
961 2577 1115 2632 Nullo
1144 2577 1303 2631 modo
1325 2577 1466 2632 enim
1493 2576 1648 2630 decet
1678 2583 1734 2629 ut

178 2674 220 2729 in
247 2690 302 2728 ea
336 2674 428 2728 vita
456 2673 540 2728 ubi
569 2675 709 2728 ﬁunt
742 2682 1016 2727 senatores
1044 2672 1329 2735 laboriosi,
1364 2671 1433 2725 ibi
1468 2672 1593 2723 ﬁant
1620 2670 1737 2738 opi-

181 2768 288 2820 lices
320 2768 496 2832 otiosi;
540 2776 596 2822 et
638 2782 755 2836 quo
793 2766 1012 2819 veniunt
1052 2765 1247 2819 relictis
1276 2764 1479 2820 deliciis
1505 2763 1616 2817 suis
1644 2762 1734 2833 qui

193 2858 366 2913 inerant
387 2859 703 2927 mediorum
730 2858 965 2921 domini,
996 2858 1064 2911 ibi
1094 2858 1200 2912 sint
1220 2858 1401 2911 rustici
1430 2856 1660 2910 delicati.

246 2949 426 3006 CAPUT
459 2951 650 3008 XXVI.
683 2982 761 2992 —
791 2951 877 3004 54.
907 2950 1170 3016 Quomodo
1196 2948 1575 3019 intelligendum
1598 2962 1732 3016 prat-

184 3051 354 3107 ceptust
390 3042 534 3107 illud,
577 3053 636 3096 ut
685 3059 755 3095 ne
797 3042 1002 3095 solliciti
1049 3043 1205 3094 simus
1230 3042 1293 3093 de
1320 3041 1428 3093 cibo
1454 3050 1502 3092 et
1534 3040 1731 3095 uestitu.

190 3130 407 3197 Quomodo
430 3133 786 3204 accipiendum
815 3132 944 3186 illud
963 3175 979 3197 ,
1009 3132 1073 3185 de
1089 3132 1376 3185 volatilibus
1400 3132 1512 3186 caeli
1540 3142 1585 3185 et
1614 3133 1735 3188 liliis

182 3224 291 3291 agri.
314 3225 371 3279 Δι
402 3226 530 3281 enim
573 3225 848 3280 Dominus
877 3224 949 3279 ait
981 3242 994 3278 :
1024 3222 1201 3277 Nolite
1239 3224 1441 3278 solliciti
1470 3240 1576 3278 esse
1620 3226 1733 3285 ani-

179 3330 257 3368 suc
291 3316 399 3385 quid
434 3318 787 3380 manducetis,
832 3332 992 3385 neque
1034 3316 1234 3385 corpori
1278 3316 1398 3385 quid
1435 3315 1730 3369 vestiamini.

175 3406 339 3476 Recte,
383 3411 624 3479 quoniam
686 3423 853 3478 supra
899 3407 1107 3462 dixerat
1161 3426 1175 3461 :
1232 3405 1353 3461 Non
1395 3407 1597 3477 potestis
1626 3405 1733 3461 Deo

174 3499 335 3553 seruire
356 3509 396 3552 et
418 3516 742 3559 mammona.
784 3499 887 3567 Qui
934 3499 1074 3554 enim
1105 3505 1318 3567 propter
1351 3498 1450 3552 hoc
1490 3497 1732 3567 Evange-

179 3587 291 3643 lium
330 3592 582 3659 praedicat,
634 3601 703 3647 ut
752 3590 947 3647 habeat
990 3589 1129 3645 unde
1167 3588 1474 3651 manducet,
1517 3597 1570 3643 et
1595 3588 1735 3644 unde

174 3680 426 3745 vestiatur,
448 3684 591 3740 simul
640 3699 712 3739 se
752 3692 905 3752 putat
933 3690 986 3735 et
1012 3681 1121 3737 Deo
1146 3680 1350 3737 servire
1369 3721 1385 3746 ,
1416 3680 1533 3749 quia
1564 3680 1736 3735 Evan-

167 3771 337 3839 geliun
375 3775 656 3843 prtedicat;
692 3782 771 3835 ,ει
818 3787 1171 3833 mammonre,
1204 3770 1324 3840 quia
1378 3778 1592 3839 propter
1633 3770 1734 3825 ista

168 3866 425 3922 necessaria
465 3867 735 3937 prmdicat
779 3883 794 3919 :
840 3864 983 3935 quod
1013 3865 1268 3921 Dominus
1304 3862 1435 3917 dicit
1483 3863 1594 3916 ﬁeri
1626 3878 1733 3918 non

172 3968 318 4021 posse.
355 3959 429 4013 Ac
470 3974 565 4027 per
593 3957 714 4015 hoc
742 3954 831 4010 ille
874 3954 967 4023 qui
997 3962 1212 4023 propter
1256 3953 1356 4007 ista
1388 3952 1732 4021 Evangelium

175 4042 414 4110 praedicat.
440 4063 544 4102 non
570 4048 698 4102 Deo
715 4087 731 4111 ,
764 4044 857 4101 sed
887 4060 1204 4099 mamtnontn
1230 4044 1432 4098 servire
1458 4042 1733 4101 convinci-

171 4141 269 4200 ίυτς
293 4138 375 4193 etsi
401 4138 542 4196 Deus
586 4138 692 4195 illo
735 4136 803 4191 ad
837 4137 1066 4192 aliorum
1095 4146 1435 4206 provectum,
1468 4134 1736 4205 quomodo

169 4223 263 4292 ipse
303 4230 491 4296 nescit,
528 4239 745 4287 utatur.
778 4227 907 4282 Nam
940 4226 1064 4283 huic
1109 4226 1387 4283 sententia:
1423 4226 1729 4295 subjungit,

163 4314 346 4387 dicetis,
375 4320 499 4378 Ideo
520 4322 643 4377 dico
673 4320 814 4377 vobis
831 4361 845 4386 ,
875 4319 1031 4374 nolite
1049 4319 1253 4374 solliciti
1282 4335 1387 4373 esse
1412 4318 1595 4372 anima:
1614 4316 1736 4385 quid

164 4414 433 4469 manducetis
450 4456 465 4479 ,
492 4431 665 4486 neque
692 4414 892 4481 corpori
918 4412 1040 4483 quid
1060 4410 1339 4465 vestiamini
1368 4427 1388 4466 :
1417 4425 1521 4465 non
1550 4418 1606 4463 ut
1634 4409 1733 4463 ista

165 4516 249 4557 non
274 4514 581 4573 procurent,
613 4514 881 4575 quantum
924 4502 1227 4558 necessitati
1265 4500 1393 4557 satis
1420 4502 1561 4564 est”,
1593 4500 1735 4556 unde

165 4590 351 4653 honeste
394 4599 708 4667 potuerint;
758 4595 851 4651 sed
894 4603 951 4651 ut
997 4609 1104 4649 non
1152 4595 1251 4648 ista
1293 4594 1629 4656 intueantur,
1681 4600 1768 4649 et‘

166 4698 345 4757 Vtiliter
383 4690 484 4748 ista
526 4692 733 4748 faciant
777 4688 1032 4759 quidquid
1074 4688 1128 4747 in
1177 4687 1449 4757 Evangelii
1478 4686 1735 4756 praedica-

169 4778 283 4832 tione
322 4780 343 4811 ⁸
388 4781 567 4837 facere
614 4780 896 4852 iubentur.
945 4780 1076 4834 Eam
1126 4778 1323 4848 quippe
1387 4776 1734 4832 intentionem

168 4881 301 4936 quare
320 4874 443 4942 quid
485 4876 617 4941 liat,
658 4873 872 4927 oculum
896 4879 1051 4926 vocat
1085 4887 1097 4923 :
1126 4870 1269 4926 unde
1307 4868 1465 4939 paulo
1493 4869 1734 4939 superius

168 4956 440 5027 loquebatur
461 5005 479 5030 ,
529 4973 594 5017 ut
622 4962 693 5018 ad
730 4963 831 5017 hoc
857 4961 1241 5029 descenderet,
1270 4970 1324 5016 et
1347 4960 1553 5016 dicebat
1574 5002 1586 5023 ,
1632 4959 1736 5015 Lu-

167 5062 290 5107 cm
319 5055 547 5125 corporis
587 5053 666 5108 tui
692 5062 765 5111 est
790 5054 967 5111 oculus
1008 5063 1122 5109 tunc
1143 5069 1162 5108 :
1184 5053 1228 5109 si
1267 5052 1440 5109 oculus
1466 5062 1578 5109 tuus
1615 5053 1737 5106 sim-

166 5141 261 5208 ple:
295 5144 473 5215 fuerit,
525 5155 693 5201 totum
728 5162 912 5217 corpus
956 5154 1097 5203 tuum
1140 5144 1360 5200 lucidum
1393 5144 1525 5211 erit;
1563 5145 1605 5198 si
1623 5161 1736 5198 vero

218 5251 233 5283 ι
263 5260 371 5313 Vox,
394 5254 549 5320 battis,
572 5257 951 5320 exisuctoritate
972 5262 1049 5306 Er.
1072 5256 1220 5320 Lugd.
1247 5264 1365 5320 Ven.
1385 5263 1494 5320 Lov.
1515 5258 1738 5320 restituta

168 5320 246 5361 ιιι.
259 5320 331 5363 ιιι).
354 5318 678 5379 Benedictini,
696 5319 822 5367 eain
836 5324 981 5367 textu
1000 5318 1196 5381 omissa,
1210 5318 1393 5369 addunt
1415 5319 1465 5369 in
1486 5319 1734 5384 margine:

174 5376 380 5429 ηιωιε.
403 5379 568 5429 rebus.
583 5395 611 5423 ι
682 5386 739 5428 Ι.

207 5376 380 5437 mile,
403 5379 568 5429 rebus.
583 5395 611 5423 ι
666 5376 739 5428 Ἰ.

220 5438 242 5501 ξ
266 5443 384 5500 κει,
408 5448 653 5501 quantm
668 5439 961 5491 mittitis
975 5447 1063 5492 est.

221 5500 243 5567 ξ
264 5476 993 5567 ἶὲῧῖῗῶἶζζῖῧΐαῖἕοξ

222 5559 405 5636 ius“?
425 5571 628 5636 διαιει
650 5559 798 5613 ωη-
826 5566 1073 5636 Benedicti
1097 5565 1357 5636 emerso
1375 5566 1425 5636 ir
1446 5564 1739 5636 Besalem-

172 5618 260 5696 μιᾳ
274 5618 429 5696 .de
443 5618 611 5687 opere
636 5639 865 5696 manuum
888 5640 900 5673 :
934 5644 956 5670 ιι
971 5618 1210 5696 Fratribus
1232 5618 1432 5696 infirmis
1458 5618 1543 5696 vel
1562 5626 1740 5677 delica-

178 5696 201 5725 ι
218 5685 276 5751 tis
289 5685 397 5751 talis
416 5685 572 5751 opera
594 5694 681 5751 aut
701 5700 779 5737 ars
800 5689 1102 5751 injungatur,
1130 5696 1182 5736 ut
1208 5702 1315 5751 nec
1333 5689 1477 5739 otiosi
1504 5689 1619 5747 sint,
1646 5703 1740 5739 nec

180 5744 1046 5819 sm_'mioris_opln-imantur,
1080 5744 1136 5819 ut
1166 5749 1445 5813 eﬁirgentur
1479 5764 1493 5804 :

162 5806 508 5863 "illum
364 5808 424 5819 ”
1181 5806 1327 5865 θειῖι

3292 348 3426 408 "BN

1840 452 2019 507 oculus
2046 459 2160 507 tuus
2180 468 2388 523 nequam
2416 453 2597 525 fuerit,
2625 464 2782 513 totum
2818 472 3007 526 corpus
3030 466 3174 515 tuum
3201 462 3426 517 tenebro-

1806 560 1947 598 -sum
1974 546 2101 610 erit;
2144 546 2197 601 id
2228 556 2340 614 est,
2371 548 2493 602 talia
2522 559 2678 607 erunt
2716 551 2853 609 facta
2900 562 3019 619 tua,
3067 556 3239 626 qualis
3264 554 3425 612 fuerit

1838 637 2061 695 intentio
2090 648 2175 693 tua
2204 655 2298 693 cur
2322 656 2382 705 ea
2415 640 2591 697 iacias.
2622 644 2687 701 Et
2711 644 2781 698 ad
2808 644 2909 701 hoc
2935 647 3076 703 enim
3107 657 3161 703 ut
3188 648 3417 718 veniret,

1836 745 1996 799 supra
2051 732 2118 786 de
2161 733 2518 806 elecmosynls
2570 748 2927 807 praeceperat,
2980 740 3189 808 dicens,
3250 741 3423 798 Nolite

1836 823 2049 877 condere
2075 823 2211 879 vobis
2230 826 2491 880 thesauros
2513 828 2564 883 in
2586 829 2730 883 terris
2747 868 2763 893 ,
2802 828 2885 881 ubi
2914 845 3083 900 mago
3107 844 3151 886 et
3176 833 3309 887 tinea
3331 849 3422 888 es:-

1806 934 1809 935 '
1836 916 2099 978 terminat,
2127 927 2173 971 et
2208 917 2289 972 ubi
2332 923 2467 988 fures
2497 919 2742 986 elfatliunt
2772 931 2819 976 et
2858 924 3109 992 furantur.
3147 926 3419 981 Recondile

1836 1021 1948 1058 uero
1980 1007 2115 1063 vobis
2149 1011 2407 1065 thesauros
2433 1010 2484 1063 in
2513 1012 2635 1066 coelo
2656 1054 2669 1078 ,
2702 1012 2784 1066 ubi
2815 1029 2972 1083 neque
2996 1015 3126 1067 tinea
3152 1032 3310 1086 neque
3338 1033 3418 1071 ru-

1837 1097 1949 1168 bigo
1977 1100 2301 1164 exterminat,
2327 1112 2375 1155 et
2404 1103 2488 1155 ubi
2521 1107 2659 1172 {ures
2689 1120 2789 1158 non
2829 1105 3121 1173 perfodiunt
3158 1118 3204 1160 et
3232 1110 3414 1179 furan-

1836 1196 1936 1239 tur.
1969 1188 2066 1243 Ubi
2094 1190 2226 1245 enim
2252 1192 2345 1246 erit
2376 1193 2637 1247 thesaurus
2677 1203 2820 1258 tuus,
2850 1194 2918 1248 ibi
2945 1196 3035 1249 erit
3058 1205 3107 1249 et
3143 1212 3230 1250 cor
3254 1208 3416 1251 tuum.

1841 1281 2041 1341 Deinde
2093 1284 2397 1353 subjunxit,
2444 1287 2677 1343 Lucerna
2731 1292 2960 1359 corporis
3005 1291 3076 1344 tui
3124 1300 3196 1344 est
3241 1292 3421 1348 oculus

1837 1382 1950 1427 tuus
1982 1373 2191 1438 (Matth.
2234 1378 2307 1445 Vt)
2354 1396 2368 1433 :
2415 1387 2472 1433 ut
2498 1379 2568 1434 illi
2598 1380 2801 1435 scilicet
2823 1382 2910 1451 qui
2950 1382 3318 1454 elemosynas
3341 1381 3421 1437 fa-

1835 1468 2014 1534 ciunt,
2042 1486 2145 1525 non
2172 1486 2235 1527 ca
2281 1470 2478 1527 faciant
2522 1474 2842 1541 intentione,
2891 1486 2949 1530 ut
2989 1478 3070 1531 vel
3117 1477 3418 1532 hominibus

1836 1560 1999 1615 velint
2025 1562 2252 1629 placere,
2283 1565 2361 1618 vel
2395 1564 2445 1619 in
2474 1574 2613 1619 terra
2642 1567 2741 1621 sibi
2767 1578 3003 1637 qumrant
3033 1570 3247 1638 rependi
3277 1568 3419 1639 quod

1835 1649 2053 1707 faciunt.
2099 1652 2252 1708 Unde
2302 1663 2357 1709 et
2403 1659 2686 1724 Apostolus
2731 1674 2851 1713 cum
2897 1660 3178 1715 Timotheo
3227 1662 3420 1716 divites

1836 1744 2133 1800 monendos
2158 1748 2502 1816 praeciperet,
2540 1750 2746 1815 Facile,
2772 1751 2969 1821 inquit,
2999 1752 3249 1819 tribuant,
3282 1769 3420 1806 com-

1836 1838 2092 1892 municent
2109 1879 2125 1904 ,
2170 1840 2505 1895 tbesaurizent
2530 1842 2624 1896 sibi
2645 1842 3026 1913 fundamentum
3048 1846 3229 1898 bonum
3258 1846 3311 1899 in
3338 1849 3418 1916 fu-

1837 1938 2002 1983 turum
2022 1971 2036 1996 ,
2065 1940 2119 1984 ut
2143 1932 2526 2000 apprehendant
2568 1950 2735 1988 ueram
2759 1938 2911 1989 vitam
2947 1936 2991 2005 (l
3025 1935 3154 1989 Tim.
3178 1952 3257 1999 vr,
3286 1937 3353 1990 l8
3373 1944 3420 1990 et

1838 2023 1953 2093 19).
2001 2024 2136 2077 Cum
2175 2041 2303 2095 ergo
2347 2027 2400 2080 in
2447 2026 2676 2081 futuram
2723 2030 2884 2082 vitam
2926 2030 3180 2085 direxerit
3208 2030 3419 2084 oculum

1838 2115 2093 2170 Dominus
2142 2117 2510 2190 eleemosynas
2558 2118 2897 2188 facientium,
2947 2130 3000 2175 et
3046 2121 3097 2176 in
3147 2122 3416 2177 cmlestem

1839 2206 2171 2273 mercedem,
2202 2217 2261 2262 ut
2291 2210 2495 2278 possint
2518 2218 2575 2264 et
2598 2211 2706 2279 ipsi
2740 2210 2873 2265 facta
2915 2226 3034 2266 esse
3059 2212 3229 2266 lucida
3251 2256 3265 2279 ,
3295 2228 3418 2266 cum

1838 2300 2061 2368 simplex
2103 2301 2287 2359 oculus
2332 2301 2487 2355 fuerit
2534 2303 2613 2369 (in
2662 2303 2803 2356 illam
2849 2304 3045 2373 quippe
3076 2304 3419 2359 novissimam

1837 2391 2243 2446 retributionem
2274 2393 2416 2447 valet
2444 2393 2583 2462 quod
2628 2394 2753 2449 alibi
2801 2395 2902 2460 ait,
2939 2394 3039 2461 Qui
3085 2411 3170 2448 vos
3196 2376 3415 2464 excipit,

1837 2500 1917 2537 me
1940 2485 2153 2555 excipit;
2184 2494 2231 2537 et
2254 2485 2338 2554 qui
2364 2502 2440 2539 me
2462 2485 2647 2555 excipit
2664 2528 2677 2551 ,
2708 2486 2892 2555 excipit
2914 2502 3025 2538 eum
3044 2489 3133 2555 qui
3150 2502 3226 2538 me
3264 2486 3416 2538 misit.

1841 2574 1943 2641 Qui
1968 2575 2149 2646 excipit
2180 2576 2476 2646 prapbetam
2512 2576 2568 2629 in
2594 2577 2793 2629 nomine
2827 2578 3113 2645 prapbetat,
3146 2575 3420 2630 mercedem

1839 2666 2097 2736 prapltettc
2121 2667 2367 2737 accipiet;
2391 2676 2440 2721 et
2462 2667 2545 2732 qui
2571 2669 2754 2736 excipit
2769 2668 2968 2737 justum
2997 2668 3050 2720 in
3090 2667 3291 2720 nomine
3333 2667 3423 2736 iu-

1839 2757 1904 2811 sti
1922 2797 1939 2822 ,
1959 2758 2235 2812 mercedem
2266 2759 2393 2828 justi
2420 2760 2630 2829 accipiet
2657 2775 2677 2813 :
2701 2768 2747 2812 et
2785 2760 2871 2830 qui
2900 2770 3070 2830 potum
3105 2759 3295 2813 dederit
3338 2759 3425 2813 uni

1840 2864 1905 2903 ea:
1930 2848 2037 2903 istis
2079 2850 2298 2903 minimis
2322 2850 2527 2903 calicem
2551 2866 2696 2918 aqnte
2733 2850 2932 2920 frigidm
2960 2859 3151 2903 tantum
3178 2852 3230 2903 in
3263 2851 3429 2903 nomi-

1839 2959 1903 2995 ne
1926 2942 2201 3011 discipuli;
2229 2959 2376 2995 amen
2402 2943 2515 2996 dico
2553 2943 2719 3007 vobis,
2761 2958 2859 2995 non
2890 2942 3065 3012 peribit
3106 2958 3289 2996 merces
3319 2943 3426 3012 ejus

1842 3034 2052 3107 [Matth.
2093 3051 2160 3098 ι,
2191 3036 2449 3108 40-42]);
2496 3052 2561 3089 ne
2601 3036 2737 3091 forte
2784 3045 3030 3103 correpto
3056 3037 3211 3091 Oculo
3239 3051 3426 3090 eorum

1839 3128 1927 3196 qui
1961 3130 2263 3181 necessaria
2309 3127 2622 3195 impendunt
2672 3127 3033 3196 indigentibus
3059 3136 3113 3181 et
3154 3127 3425 3195 prophetis

1840 3231 1892 3275 et
1913 3221 2071 3289 justis
2096 3230 2149 3275 et
2184 3219 2455 3289 discipulis
2485 3220 2720 3287 Domini,
2755 3222 2989 3290 ipsorum
3019 3220 3205 3273 oculus
3230 3219 3418 3287 deprat

1838 3322 2052 3369 varetur
2079 3314 2128 3367 in
2151 3328 2284 3381 quos
2323 3313 2419 3366 ista
2451 3311 2636 3366 tierent
2662 3319 2719 3364 ut
2745 3319 2961 3383 propter
2986 3312 3084 3365 ista
3122 3309 3427 3378 accipienda

1837 3406 2039 3462 vellent
2092 3404 2302 3459 Christo
2324 3402 2788 3470 militare:Nemo,
2812 3402 3014 3473 inquit,
3045 3412 3207 3473 potest
3235 3402 3428 3455 duobus

1839 3500 2055 3555 dominis
2076 3499 2277 3552 servire.
2308 3499 2371 3551 Et
2396 3497 2554 3567 paulo
2599 3504 2718 3565 post
2748 3514 2762 3550 :
2795 3494 2915 3548 Non
2943 3495 3145 3564 potestis
3163 3536 3177 3559 ,
3220 3493 3424 3563 inquit,

1838 3590 1948 3645 Deo
1987 3590 2172 3643 servire
2211 3598 2257 3642 et
2280 3603 2597 3641 ntammonte.
2639 3586 2934 3655 Statimque
2958 3584 3270 3639 contexuit:
3300 3582 3427 3636 Ideo

1839 3683 1953 3736 dico
1981 3682 2116 3735 vobis
2134 3722 2148 3747 ,
2180 3681 2334 3734 nolite
2371 3679 2573 3733 solliciti
2610 3694 2716 3733 esse
2739 3678 2921 3731 animus
2946 3677 3068 3748 quid
3093 3675 3423 3741 manducetis,

1838 3789 1997 3843 neque
2019 3773 2219 3843 corpori
2240 3772 2364 3843 quid
2387 3770 2687 3825 vestiamini.

1910 3864 1998 3920 35.
2030 3866 2095 3918 Et
2120 3862 2261 3934 quod
2290 3863 2529 3933 sequitur
2555 3862 2625 3916 de
2647 3859 2949 3916 volatilibus
2976 3858 3099 3914 εωιί
3124 3867 3178 3914 et
3205 3858 3272 3913 de
3297 3858 3420 3913 liliis

1839 3959 1986 4029 agri,
2016 3958 2082 4012 ad
2127 3958 2227 4012 hoc
2268 3957 2429 4024 dicit,
2461 3973 2529 4011 ne
2556 3957 2834 4026 quisquam
2870 3955 3032 4008 Deum
3064 3962 3214 4024 putet
3242 3967 3424 4009 servo-

1839 4065 1957 4103 rum
1986 4064 2200 4103 suorum
2224 4047 2523 4103 necessaria
2546 4062 2652 4100 non
2683 4060 2902 4109 curare;
2926 4059 3044 4099 cum
3071 4045 3185 4113 ejus
3214 4045 3424 4114 sapien-

1839 4142 2043 4196 tissime
2075 4139 2405 4211 providentia
2432 4154 2603 4209 usque
2629 4138 2694 4193 ad
2721 4138 2817 4191 ista
2847 4136 3072 4192 creando
3104 4138 3122 4169 ί
3146 4146 3201 4192 et
3225 4138 3422 4208 guber-

1837 4233 2012 4287 nanda
2036 4231 2327 4300 perveniat.
2357 4230 2539 4299 Neque
2558 4229 2700 4285 enim
2731 4243 2836 4283 non
2864 4229 2977 4297 ipse
3001 4228 3169 4297 pascit
3188 4238 3240 4282 et
3265 4229 3425 4282 vestit

1839 4323 1997 4379 etiam
2021 4337 2114 4377 eos
2134 4323 2221 4391 qui
2246 4321 2491 4375 manibus
2517 4328 2825 4389 operantur.
2854 4318 2959 4373 Sed
2991 4334 3058 4372 ne
3080 4318 3421 4372 christianam

1838 4414 2082 4469 militiam
2130 4412 2194 4468 ad
2260 4412 2366 4467 hoc
2409 4412 2761 4481 detorqueant
2799 4418 2856 4464 ut
2919 4410 3017 4463 ista
3069 4409 3421 4479 conquirant,

1840 4506 1941 4560 hoc
1991 4520 2177 4559 servos
2216 4518 2343 4559 suos
2386 4502 2655 4557 Dominus
2672 4510 3000 4572 praemonet,
3049 4509 3107 4555 ut
3148 4502 3200 4555 in
3227 4515 3292 4555 eo
3321 4502 3422 4555 mi-

1838 4599 2058 4654 nisterio
2097 4599 2236 4670 quod
2279 4598 2627 4654 Sacr-amento
2671 4598 2785 4667 eius
2827 4595 3083 4662 debetur,
3136 4611 3240 4649 non
3286 4595 3421 4674 ista,

1837 4691 1933 4746 sed
1963 4705 2189 4761 regnum
2214 4689 2330 4759 ejus
2356 4696 2411 4744 et
2434 4687 2699 4758 justitiam
2721 4687 3013 4757 cogitemus
3041 4701 3054 4739 :
3087 4696 3137 4740 et
3165 4685 3285 4740 lucc
3303 4699 3423 4738 om-

1837 4784 1923 4837 nia
1972 4789 2307 4852 opponentur
2348 4781 2501 4836 nobis
2527 4781 2639 4835 sive
2679 4795 2776 4849 per
2816 4792 3003 4832 manus
3040 4777 3420 4848 operantibus,

1838 4874 1951 4930 sive
1982 4874 2287 4928 inﬁrmitate
2312 4873 2552 4942 corporis
2598 4870 2865 4940 impeditis
2888 4911 2904 4936 ,
2935 4870 3049 4924 sive
3084 4870 3249 4937 ipsius
3287 4867 3428 4922 mili-

1842 4968 1927 5021 tia:
1955 4966 2046 5020 tali
2076 4966 2425 5037 occupatione
2447 4964 2703 5021 districtis
2728 4973 2787 5019 ιιι
2812 4962 2943 5019 nihil
2970 4961 3115 5018 aliud
3145 4976 3304 5034 agere
3328 4977 3423 5016 va-

1840 5062 2063 5117 leamus.

1910 5151 2137 5208 CAPUT
2175 5152 2389 5209 XXV“.
2420 5183 2493 5195 —
2524 5152 2780 5209 Utendum
2820 5152 3074 5207 industria
3112 5160 3319 5216 nostra,
3362 5166 3425 5203 ne

1842 5245 2005 5300 Deum
2035 5256 2223 5301 tentare
2242 5247 2515 5301 rideamur.
2544 5246 2725 5318 Neque
2764 5247 2904 5302 enim
2934 5246 3054 5316 quia
3081 5245 3214 5299 dixit
3245 5244 3384 5299 Deus
3406 5286 3422 5312 ,

1839 5335 2031 5391 Inuoco
2059 5353 2136 5390 me
2165 5338 2216 5390 in
2246 5337 2328 5391 die
2353 5338 2717 5406 tribulationis,
2760 5347 2806 5392 et
2834 5339 3049 5391 eximam
3079 5345 3154 5403 te,
3187 5345 3234 5391 et
3262 5336 3421 5407 glori-

1842 5428 2017 5497 ﬁcabis
2055 5445 2131 5483 me
2156 5428 2325 5498 (Psal.
2351 5446 2475 5485 XLIX
2496 5474 2510 5497 ,
2536 5431 2656 5503 l5),
2689 5440 2967 5501 propterea
2995 5445 3099 5484 non
3128 5429 3309 5483 debuit
3340 5427 3425 5480 fu-

1839 5535 1968 5590 gere
2014 5522 2331 5592 Apostolus,
2373 5531 2428 5577 et
2456 5539 2551 5593 per
2579 5538 2789 5576 murum
2820 5522 2871 5574 in
2921 5530 3099 5590 sporta
3152 5514 3422 5584 submitti,

1842 5621 1901 5668 ut
1945 5631 2133 5671 manus
2174 5619 2542 5686 persequentis
2581 5616 2831 5671 evaderet
2876 5615 3006 5684 (Act.
3056 5630 3141 5680 nt,
3171 5611 3263 5685 ‘25)
3287 5654 3299 5677 ,
3330 5612 3426 5668 sed

1842 5714 2150 5773 exspectare
2178 5709 2353 5778 potius
2379 5717 2438 5763 ut
2462 5708 3029 5777 comprehenderetur,
3054 5713 3109 5763 et
3136 5720 3259 5763 eum
3286 5704 3427 5765 sicut

1907 5815 1929 5853 ⁸
1960 5817 2123 5871 Proba
2144 5826 2271 5871 notae
2286 5823 2416 5873 Mss.
2439 5813 2723 5871 recreanda.
