3904 6362
1590 345 1751 391 LIBE:

164 345 255 496 ﬂ:
262 435 445 511 judicia
483 435 534 490 si
577 432 894 497 habueritis,
935 429 1002 485 ad
1049 443 1148 484 nos
1193 427 1430 494 deferte;
1479 434 1600 495 aut,
1654 442 1751 482 nos

173 530 454 588 constituite
492 527 567 581 ad
610 524 960 595 iudicandum
996 522 1166 588 :scd,
1209 539 1294 576 eos
1326 523 1412 593 qui
1451 520 1753 590 contempti-

172 622 282 678 biles
305 630 412 675 sunt
437 620 490 671 in
524 616 800 680 Ecclesia,
825 615 918 669 hos
937 655 950 678 ,
983 613 1184 684 inquit,
1211 612 1470 667 collocata.
1500 611 1581 664 Ad
1615 628 1753 666 reve-

171 715 362 770 rentiam
388 711 526 767 vobis
565 711 684 764 dico
709 725 729 764 :
755 710 828 763 sic
851 725 953 762 non
992 717 1064 762 est
1092 707 1222 760 inter
1249 722 1336 759 vos
1363 705 1624 776 quisquam
1669 721 1752 757 sa-

177 810 327 881 piens,
365 805 451 872 qui
495 803 658 874 possit
704 803 834 854 inter
884 805 1093 870 fratrem
1146 815 1293 854 suum
1332 799 1614 869 judicare?
1644 797 1750 852 Sed

182 903 320 970 frater
356 913 464 950 cum
499 899 662 966 fratre
698 893 989 959 iudicatur,
1041 899 1088 944 et
1133 893 1228 943 hac
1255 890 1396 956 apud
1424 889 1654 956 inﬁdeles
1705 888 1746 961 (Ι

181 992 281 1048 Cor.
311 1007 384 1053 vt,
427 989 580 1059 4-6)!
613 986 894 1056 Sapientes
932 997 1059 1054 ergo
1083 981 1173 1053 qui
1205 982 1256 1036 in
1309 981 1439 1035 locis
1481 981 1746 1035 consiste-

181 1082 291 1142 bant
317 1082 491 1136 fideles
519 1089 578 1136 et
617 1087 862 1142 sanctos,
893 1091 999 1130 non
1027 1074 1115 1145 qui
1162 1074 1262 1129 hac
1302 1082 1460 1145 atque
1486 1073 1587 1127 hac
1620 1088 1745 1142 pro-

184 1185 289 1245 pter
325 1172 663 1243 Evangelium
709 1169 1114 1235 discurrebant,
1160 1167 1344 1221 talium
1412 1167 1744 1238 negotiorum

185 1267 543 1324 examinatores
567 1279 687 1320 esse
713 1263 898 1318 voluit.
922 1261 1075 1317 Unde
1103 1275 1374 1330 nunquam
1400 1259 1467 1315 de
1493 1260 1584 1314 illo
1611 1261 1744 1316 scri-

181 1371 311 1431 ptum
337 1369 411 1414 cst
434 1357 578 1428 quod
605 1355 892 1427 aliquando
919 1355 1114 1409 talibus
1142 1354 1447 1419 vacaverit,
1480 1369 1510 1407 a
1549 1353 1743 1422 quibus

177 1469 263 1508 nos
301 1466 544 1507 excusare
575 1466 682 1505 non
714 1462 1032 1519 possumus,
1070 1445 1277 1502 etiamsi
1305 1444 1740 1515 contemptibiles

169 1546 354 1608 sintus;
384 1544 505 1613 quia
547 1541 728 1597 ethos
752 1538 1005 1595 collocari
1033 1538 1227 1601 voluit,
1273 1537 1320 1592 si
1349 1537 1617 1606 sapientes
1645 1536 1742 1591 de-

165 1636 406 1701 fuissent,
445 1636 620 1704 potius
664 1649 825 1704 quam
855 1642 911 1686 ut
940 1632 1148 1703 negotia
1175 1629 1599 1686 Christianorum
1642 1630 1740 1686 de-

160 1728 415 1782 ferrentur
456 1726 509 1780 in
556 1726 753 1779 forum.
794 1724 962 1792 Quem
1004 1732 1180 1778 tamen
1223 1721 1461 1777 laborem
1492 1737 1598 1776 non
1624 1720 1740 1777 sine

155 1819 508 1875 consolatione
539 1817 748 1871 Domini
796 1814 1116 1884 suscipimus
1158 1829 1254 1885 pro
1283 1829 1379 1883 Spe
1406 1814 1530 1868 vitae
1576 1822 1738 1868 aeter-

155 1926 234 1965 na:
254 1950 270 1972 .
303 1920 363 1964 ut
390 1909 616 1964 fructum
642 1907 878 1962 feramus
921 1921 1043 1960 cum
1073 1906 1374 1960 tolerantia.
1416 1903 1568 1959 Servi
1594 1904 1737 1960 enim

152 2015 346 2056 sumus
364 2000 479 2069 eius
503 1999 744 2054 Ecclesia:
762 2039 780 2064 ,
828 2008 884 2053 ct
913 1997 1143 2052 maxime
1165 1995 1550 2051 inﬁrmioribus
1574 2010 1736 2051 mem-

153 2093 280 2147 bris
299 2135 314 2158 ,
345 2092 641 2162 qualialibet
663 2094 678 2122 ι
703 2092 754 2145 in
795 2090 986 2145 eodem
1015 2105 1242 2160 corpore
1285 2089 1524 2145 membra
1547 2089 1732 2144 simus.

155 2183 370 2238 Omitto
398 2169 528 2237 alias
555 2182 952 2237 innumerabiles
974 2181 1366 2236 ecclesiasticas
1393 2195 1571 2245 curas,
1603 2193 1735 2250 quas

152 2275 392 2330 fortasse
423 2289 572 2329 nemo
599 2273 792 2337 credit,
825 2273 926 2327 nisi
952 2273 1045 2343 qui
1089 2281 1341 2342 expertus
1367 2279 1468 2326 est.
1500 2269 1616 2326 Non
1645 2285 1734 2325 er-

145 2385 221 2440 go
242 2370 518 2439 alligamus
548 2383 705 2423 onera
735 2368 952 2437 gravia,
985 2375 1040 2421 et
1066 2364 1303 2419 humeris
1323 2364 1514 2418 vestris
1558 2363 1734 2432 impo-

147 2464 328 2517 nimus
351 2478 470 2532 qua:
499 2476 596 2515 nos
639 2460 803 2531 digito
829 2474 934 2514 non
967 2457 1264 2528 tangimus;
1305 2454 1733 2527 quandoquidem

152 2556 196 2611 si
224 2555 382 2608 ofﬁcii
426 2555 592 2608 nostri
625 2554 770 2606 salva
798 2553 1004 2606 ratione
1025 2565 1304 2620 possemus
1335 2547 1501 2616 (videt
1528 2547 1615 2601 ille
1643 2545 1732 2617 qui

154 2647 339 2717 probat
367 2646 523 2701 corda
560 2649 800 2714 nostra),
833 2643 1108 2698 mallemus
1137 2640 1253 2697 haec
1288 2655 1481 2710 agere,
1512 2653 1629 2709 quae
1679 2645 1735 2690 ut

157 2738 321 2808 agatis
354 2737 630 2790 hortamur
653 2779 667 2800 ,
697 2751 859 2806 quam
887 2750 949 2788 ea
978 2750 1095 2804 qua:
1137 2748 1236 2786 nos
1265 2746 1424 2802 agere
1468 2729 1728 2798 cogimur.

161 2827 302 2883 Sane
328 2829 560 2882 omnibus
605 2836 664 2881 et
694 2826 846 2880 nobis
871 2833 924 2881 et
950 2824 1099 2878 vobis
1125 2840 1220 2893 pro
1249 2831 1430 2877 nostro
1466 2820 1631 2890 gradu
1681 2826 1734 2874 ct

165 2920 340 2976 officio
366 2921 722 2976 laborantibus
747 2929 802 2974 et
827 2928 968 2972 arcta
998 2918 1080 2971 via
1112 2915 1272 2970 estin
1299 2915 1482 2969 labore
1516 2923 1570 2967 et
1605 2928 1734 2966 xeru-

166 3027 328 3075 ntna;
355 3023 402 3066 et
428 3022 592 3067 tamen
642 3013 694 3066 itt
726 3025 824 3079 spe
849 3007 1201 3080 gaudentibus
1234 3007 1419 3076 jugum
1467 3004 1585 3073 ejus
1611 3004 1732 3057 lene

169 3113 256 3160 est
281 3114 330 3158 et
351 3107 527 3159 sarcina
555 3105 689 3160 levis
710 3144 724 3166 ,
757 3105 846 3173 qui
887 3117 983 3156 nos
1012 3100 1222 3156 vocavit
1241 3098 1307 3153 ad
1337 3097 1574 3167 requiem
1597 3137 1610 3160 ,
1641 3096 1732 3165 qui

171 3198 318 3266 prior
341 3199 593 3251 transitum
641 3195 769 3252 fecit
811 3210 840 3249 a
879 3193 1117 3250 convalle
1143 3189 1485 3262 plorationis,
1516 3188 1604 3242 ubi
1636 3203 1733 3242 nec

168 3289 282 3358 ipse
318 3289 424 3343 sine
461 3289 726 3359 pressaris
774 3287 892 3341 fuit.
939 3285 994 3341 Si
1043 3284 1271 3348 fratres,
1333 3282 1376 3336 si
1422 3281 1513 3334 ﬁlii
1562 3281 1731 3334 nostri

163 3383 314 3445 estis,
340 3383 384 3437 si
411 3381 686 3445 conservi,
725 3380 809 3434 vel
850 3380 1024 3448 potius
1066 3377 1120 3430 in
1148 3375 1359 3432 Christo
1406 3374 1544 3428 servi
1571 3373 1732 3427 vestri

162 3490 376 3539 sumus;
406 3475 572 3530 audite
611 3489 734 3544 quae
775 3486 1089 3536 monemus,
1123 3468 1394 3538 agnoscite
1439 3482 1558 3536 quae
1605 3481 1734 3534 prmo

166 3565 424 3633 cipimus,
447 3567 629 3621 sumite
653 3581 775 3635 qua:
803 3564 1194 3633 dispensamus.
1239 3559 1296 3615 Si
1338 3568 1513 3613 autem
1547 3556 1733 3612 Phari-

167 3655 263 3709 saei
327 3670 500 3711 sumus
533 3657 803 3727 alligantes
845 3669 1008 3707 onera
1066 3651 1247 3722 gravia
1303 3658 1357 3705 et
1399 3651 1734 3718 imponentes

168 3749 400 3804 humeris
440 3750 647 3815 vestris;
697 3764 819 3818 quae
861 3747 1086 3802 dicimus
1130 3745 1321 3809 facile,
1362 3741 1572 3797 etiamsi
1614 3755 1734 3809 qua:

169 3840 381 3897 iacimus
419 3841 726 3912 improbatis
772 3839 980 3913 (Matth.
1008 3853 1169 3904 mn,
1215 3837 1296 3906 5).
1343 3833 1508 3889 Nobis
1555 3839 1736 3886 autem

172 3935 428 3988 minimum
458 3944 539 3989 est
565 3944 622 3988 ut
649 3950 679 3988 a
706 3933 858 3987 vobis
883 3930 1233 4001 dijudiccmur
1251 3970 1266 3990 ,
1293 3936 1384 3980 aut
1408 3926 1476 3980 ab
1504 3926 1736 3979 humano

176 4024 256 4078 die
297 4027 333 4094 (ι
375 4026 484 4081 Cor.
518 4042 572 4080 tv
594 4067 609 4090 ,
656 4027 740 4096 5).
771 4025 939 4092 Quam
981 4037 1235 4093 germana
1264 4020 1522 4074 charitate
1547 4017 1616 4070 sit
1640 4032 1736 4070 no-

173 4115 253 4170 bis
277 4132 390 4171 cura
422 4119 487 4173 de
511 4118 664 4173 vobis
686 4159 700 4182 ,
734 4117 824 4170 ille
859 4114 1102 4183 inspiciat
1127 4112 1217 4182 qui
1239 4111 1386 4166 dedit
1409 4109 1549 4180 qttnd
1580 4106 1736 4178 inspi-

172 4206 398 4263 ciendum
417 4210 534 4280 ejus
560 4209 735 4264 oculis
756 4206 1060 4262 offeramus.
1091 4204 1366 4258 Postremo
1405 4200 1546 4271 quod
1577 4199 1736 4253 vultis

173 4305 348 4358 sentite
387 4304 451 4359 de
493 4304 649 4358 nobis
690 4320 704 4355 :
753 4301 946 4356 Paulus
993 4297 1266 4368 apostolus
1313 4295 1462 4350 vobis
1499 4293 1738 4363 prmcipit

176 4403 226 4447 et
258 4397 497 4454 obsecrat
534 4398 589 4451 in
634 4397 890 4460 Domino,
938 4401 996 4448 ut
1040 4407 1162 4446 cum
1209 4389 1452 4452 silentio,
1511 4387 1561 4442 id
1611 4394 1731 4451 est,

194 4487 324 4554 quieti
346 4498 400 4544 et
422 4490 734 4544 obedienter
760 4485 989 4541 ordinati
1017 4489 1305 4554 operantes
1325 4522 1339 4546 ,
1368 4487 1604 4536 vestrum
1642 4493 1735 4548 pa-

195 4594 286 4638 κω
326 4584 652 4640 manducetis
697 4582 762 4653 (ll
792 4580 971 4636 Thess.
1001 4595 1088 4644 Ill,
1140 4577 1251 4649 19.).
1282 4575 1394 4631 Nec
1421 4574 1488 4630 de
1530 4573 1620 4628 illo
1640 4613 1656 4638 ,
1681 4579 1739 4626 ut

195 4675 403 4741 Irbitror,
427 4675 627 4746 aliquid
655 4673 780 4729 mali
799 4671 1035 4737 creditis,
1058 4678 1115 4726 et
1134 4670 1188 4724 in
1210 4669 1358 4725 illum
1383 4667 1472 4737 qui
1500 4680 1594 4737 per
1614 4678 1737 4718 eum

196 4761 390 4834 hquitur
413 4767 739 4823 credidistis.

239 4860 448 4916 CAPUT
505 4858 674 4915 XXX.
714 4888 783 4899 —
821 4857 909 4914 58.
948 4855 1112 4911 Timet
1149 4870 1212 4909 ne
1257 4852 1451 4907 desidia
1488 4852 1738 4904 malorunt

193 4952 487 5018 nigrescentes
514 4952 634 5005 boni
664 4958 1070 5020 corrumpantur.
1118 4947 1264 5013 Haac,
1301 4945 1374 4998 mi
1405 4943 1737 5007 charissime,

191 5043 284 5095 etin
300 5043 490 5098 Christi
513 5042 807 5098 visceribus
834 5039 1136 5096 venerande
1159 5039 1320 5093 frater
1347 5035 1550 5097 Aureli,
1573 5049 1742 5105 quan-

193 5137 276 5185 tum
300 5134 512 5189 donavit
540 5144 597 5187 ut
634 5147 867 5203 possem,
895 5131 985 5202 qui
1030 5145 1122 5200 per
1149 5139 1198 5184 te
1224 5127 1355 5182 mihi
1394 5127 1554 5196 jussit
1580 5134 1636 5179 ut
1663 5123 1740 5177 fa-

189 5237 355 5293 cerem,
372 5227 438 5282 de
466 5241 630 5296 opere
657 5222 1039 5280 monachorum
1068 5237 1173 5276 non
1196 5219 1371 5275 distuli
1393 5218 1657 5280 scribere;
1690 5215 1742 5271 id

189 5319 386 5373 maxime
410 5331 626 5381 curans,
659 5331 728 5371 ne
753 5314 879 5370 boni
908 5313 1098 5369 fratres
1121 5311 1428 5382 apostolicis
1463 5307 1742 5379 praeceptis

187 5409 486 5478 Μίδεια,
515 5427 544 5464 a
577 5409 746 5481 pigris
770 5417 826 5463 et
849 5407 1277 5464 inobedientibus
1302 5407 1462 5461 etiam
1493 5402 1744 5474 prmvari-

187 5516 367 5562 catores
390 5503 670 5584 Evangelii
710 5503 1020 5560 dicerentur
1047 5521 1060 5556 :
1084 5511 1143 5556 ut
1171 5503 1261 5571 qui
1294 5514 1398 5553 non
1429 5506 1740 5567 operantur,

185 5601 344 5655 saltem
392 5601 516 5654 illos
555 5599 647 5668 qui
703 5605 995 5666 operantur
1036 5597 1140 5652 sibi
1187 5593 1588 5665 anteponendos
1626 5604 1746 5645 esse

179 5709 273 5749 non
319 5694 577 5749 dubitent.
616 5694 890 5746 Czcternm
934 5691 1047 5759 quis
1091 5691 1226 5746 ferat
1271 5689 1514 5745 homines
1561 5694 1748 5743 contu-

233 5815 254 5850 ⁸
277 5812 349 5863 sic
366 5818 471 5866 ιε.
504 5809 628 5862 Bdtti
649 5813 798 5864 vero,
820 5800 1116 5866 Willet.

1590 332 1794 391 LIBER
1829 332 2036 393 UNUS.

3338 349 3449 406 578

1865 443 2044 484 maces
2072 427 2437 486 saluberrimis
2464 431 2705 502 Apostoli
2736 436 2953 496 monitis
2979 438 3315 510 resistentes,
3335 458 3445 498 non

1859 522 1997 578 sicut
2042 523 2362 580 inﬁrmiores
2405 526 2641 592 tolerari,
2669 530 2763 584 sed
2790 531 2929 587 sicut
2954 535 3114 588 etiam
3150 535 3444 592 sanctiores

1859 616 2167 686 praedicari;
2217 626 2275 672 ut
2299 621 2622 676 monasteria
2652 621 2895 678 doctrina
2945 629 3156 682 saniore
3202 625 3440 697 fundata,

1856 710 2067 778 gemina
2109 711 2358 766 illecebra
2389 723 2820 783 corrumpantur,
2857 725 2913 771 et
2939 718 3198 773 dissoluta
3228 718 3443 774 licentia

1855 805 2168 870 vacationis,
2207 814 2261 860 et
2300 805 2432 860 falso
2466 807 2684 863 nomine
2712 808 3044 864 sanctitatis?
3089 811 3270 866 Sciant
3313 827 3442 883 ergo
3541 826 3554 839 ‘

1853 894 2013 950 etiam
2042 896 2222 952 caeteri
2253 896 2446 952 fratres
2466 908 2520 953 et
2545 897 2638 952 ﬁlii
2666 899 2856 965 nostri,
2888 900 2978 969 qui
3005 900 3185 956 favere
3224 903 3438 970 talibus,

1852 997 1906 1044 et
1946 988 2247 1058 huiusmodi
2304 993 2772 1062 prtesumptionem
2819 1010 2914 1064 per
2958 993 3310 1066 ignorantiam
3340 997 3438 1052 de-

1851 1083 2071 1139 fendere
2109 1095 2454 1151 consuerunt,
2499 1101 2558 1140 se
2613 1086 2947 1156 potissimum
2987 1088 3348 1158 corrigendos,
3383 1097 3441 1143 ut

1850 1176 1929 1232 illi
1967 1177 2163 1247 corrigi
2201 1178 2429 1248 possint,
2467 1193 2574 1233 non
2615 1188 2674 1232 ut
2713 1179 3070 1244 inﬁrmentur,
3101 1180 3435 1238 benefacere.

1849 1270 1991 1326 Sane
2030 1270 2082 1324 in
2113 1285 2179 1325 eo
2218 1269 2360 1340 quod
2391 1271 2562 1325 servis
2603 1270 2699 1326 Dei
2729 1281 2972 1343 prompte
3009 1283 3168 1342 atque
3191 1274 3440 1332 alacriter

1848 1364 2149 1418 necessaria
2179 1363 2603 1428 subministrant,
2637 1381 2742 1419 non
2772 1366 2946 1419 solum
2997 1381 3102 1421 non
3135 1369 3434 1438 reprehen-

1845 1453 2045 1518 dimus,
2085 1455 2179 1510 sed
2227 1454 2386 1510 etiam
2432 1456 2746 1511 suavissime
2774 1458 3192 1527 amplectimur:
3225 1459 3317 1514 sed
3364 1477 3436 1517 ne

1847 1561 2096 1617 perversa
2128 1547 2496 1603 misericordia
2536 1549 2705 1619 magis
2741 1564 2928 1604 eorum
2968 1550 3159 1605 futurae
3188 1551 3308 1607 vitae
3335 1568 3435 1608 no-

1845 1649 2021 1707 ceant,
2049 1655 2206 1709 quam
2239 1640 2490 1710 prmsenti
2530 1639 2868 1696 subveniant.

1916 1733 2006 1790 39.
2049 1734 2220 1788 Minus
2239 1735 2385 1789 enim
2417 1744 2688 1804 peccatur,
2713 1735 2757 1790 si
2783 1751 2889 1789 non
2921 1734 3167 1792 laudetur
3185 1745 3435 1806 peccator

1843 1827 1897 1883 in
1923 1827 2202 1883 desideriis
2240 1828 2432 1882 anima:
2457 1843 2589 1894 suae,
2617 1837 2672 1882 et
2698 1827 2787 1898 qui
2817 1828 2997 1898 iniqua
3039 1829 3177 1899 gerit
3206 1830 3426 1886 benedi-

1842 1929 1994 1977 catur
2023 1919 2194 1991 (Psal.
2228 1937 2302 1983 tx,
2331 1919 2449 1990 24).

1911 2009 2136 2067 CAPUT
2175 2010 2367 2065 XXXI.
2390 2040 2460 2050 —
2499 2009 2563 2063 In
2594 2009 2873 2063 Monachos
2901 2010 3127 2064 crinitos.
3161 2009 3297 2078 Quid
3327 2024 3428 2066 au-

1843 2113 1949 2161 tem
1978 2105 2230 2175 iniquius,
2253 2119 2410 2174 quam
2440 2104 2577 2158 velle
2603 2102 2704 2157 sibi
2747 2103 3104 2172 obtemperari
3143 2119 3174 2158 a
3214 2104 3436 2159 minori-

1840 2196 1961 2262 bus,
1990 2205 2045 2252 et
2069 2195 2209 2250 nolle
2237 2194 2612 2264 obtemperare
2638 2193 2966 2263 majoribus?
2996 2193 3256 2262 Apostolo
3288 2193 3430 2261 dico,

1841 2304 1946 2344 non
1999 2289 2183 2353 nobis,
2237 2287 2288 2341 in
2341 2295 2545 2340 tantum
2600 2296 2657 2340 ut
2704 2286 2866 2341 etiam
2905 2301 3116 2341 comam
3156 2287 3430 2342 nutriant:

1840 2382 1983 2438 unde
2009 2381 2097 2436 ille
2125 2396 2224 2436 nec
2243 2379 2503 2449 disputari
2532 2379 2754 2434 omnino
2777 2377 2968 2441 voluit,
2991 2376 3199 2442 dicens,
3233 2377 3294 2434 Si
3319 2379 3432 2448 quis

1840 2476 1944 2529 vult
1981 2475 2316 2528 contentiosus
2355 2488 2493 2536 esse,
2545 2487 2637 2525 nos
2679 2469 2829 2523 talem
2878 2469 3287 2522 consuetudinem
3330 2485 3432 2523 non

1840 2570 2097 2634 habemus,
2128 2583 2284 2638 neque
2314 2565 2544 2618 Ecclesia
2574 2563 2689 2618 Dei.
2725 2561 2836 2616 Hoc
2860 2570 3029 2615 autem
3057 2561 3336 2631 pracipio:
3372 2569 3434 2616 ut

1839 2661 2045 2716 scilicet
2075 2675 2180 2713 non
2211 2657 2527 2713 disserentis
2554 2655 2770 2709 solertia
2813 2651 3135 2722 requiratur,
3163 2651 3260 2706 sed
3290 2667 3432 2722 pra:-

1839 2752 2088 2823 cipicntis
2118 2752 2408 2805 auctoritas
2434 2748 2762 2804 attendatur.
2791 2745 2925 2800 Nam
2961 2753 3016 2800 et
3045 2745 3147 2799 hoc
3170 2761 3277 2814 quo
3305 2760 3430 2815 per-

1841 2850 1991 2912 tinet,
2032 2858 2236 2915 qumso,
2277 2852 2382 2896 tam
2420 2851 2606 2911 aperte
2649 2850 2835 2895 contra
2876 2838 3121 2908 Apostoli
3165 2847 3431 2908 praecepta

1838 2935 2118 2995 comari‘?
2151 2935 2231 2989 An
2269 2934 2339 2987 ita
2362 2933 2657 2987 vacandum
2689 2939 2791 2994 est,
2815 2939 2874 2985 ut
2898 2945 2999 2984 nec
3026 2937 3268 2983 tonsores
3299 2944 3430 2998 ope-

1839 3029 2064 3084 rentur?
2112 3027 2192 3080 An
2219 3025 2340 3095 quia
2369 3024 2706 3093 evangelicas
2733 3023 2980 3076 volucres
3012 3019 3209 3074 imitari
3253 3034 3311 3074 se
3350 3017 3432 3073 di-

1838 3132 1986 3188 cunt,
2016 3120 2166 3190 quasi
2197 3118 2421 3188 depilari
2469 3117 2675 3181 timent,
2708 3130 2776 3168 ne
2821 3114 3003 3168 volare
3041 3127 3148 3166 non
3187 3111 3432 3182 possint?

1838 3215 2042 3269 Vereor
2081 3214 2130 3266 in
2161 3212 2263 3286 hoc
2287 3210 2473 3264 vitium
2504 3209 2653 3278 plura
2683 3207 2882 3267 dicere.
2924 3215 3146 3276 propter
3169 3205 3430 3273 quosdam

1838 3309 2062 3362 crinitos
2088 3307 2297 3368 fratres,
2325 3316 2552 3372 quorum
2593 3307 2787 3369 prmter
2835 3297 2937 3351 hoc
2979 3295 3141 3350 multa
3190 3302 3244 3348 et
3289 3309 3429 3363 pene

1839 3401 2016 3457 omnia
2048 3411 2386 3452 veneramur.
2423 3393 2530 3449 Sed
2560 3407 2666 3461 quo
2703 3391 2870 3460 magis
2899 3403 2993 3444 eos
3029 3388 3080 3441 in
3103 3387 3320 3441 Christo
3344 3385 3430 3440 di-

1840 3494 2072 3564 ligimus,
2108 3504 2174 3543 eo
2203 3485 2486 3540 sollicitius
2511 3483 2879 3536 admonemus.
2928 3478 3113 3548 Neque
3140 3477 3283 3531 enim
3314 3491 3430 3531 me-

1839 3591 2038 3643 tuimus
2081 3600 2149 3640 ne
2196 3580 2467 3636 humilitas
2517 3590 2703 3631 eorum
2749 3580 2965 3643 respuat
3008 3570 3430 3624 admonitionem

1840 3688 2112 3741 nostram;
2159 3668 2590 3744 quandoquidem
2633 3674 2687 3720 et
2716 3679 2813 3719 nos
2855 3679 2886 3716 a
2929 3661 3146 3727 talibus,
3177 3659 3264 3714 ubi
3293 3658 3432 3714 forte

1840 3768 2130 3825 titubamus
2174 3773 2263 3818 aut
2307 3763 2639 3825 aberramus,
2684 3757 2933 3826 cupimus
2976 3752 3275 3808 admoneri.
3319 3750 3433 3806 Hoc

1840 3875 1968 3930 ergo
2000 3857 2347 3911 admonemus
2375 3861 2482 3905 tam
2525 3857 2740 3904 sanctos
2768 3847 2935 3912 viros,
2964 3860 3031 3899 ne
3061 3843 3240 3898 stultis
3267 3856 3432 3896 vano-

1840 3966 1957 4005 rum
2014 3943 2564 4017 argnmentationibus
2612 3947 2946 4002 moveantur,
2993 3943 3052 3989 et
3091 3950 3184 3989 eos
3229 3933 3280 3987 in
3333 3932 3432 3988 hac

1842 4039 2192 4113 perversitate
2235 4036 2530 4094 imitentur.
2559 4031 2751 4100 quibus
2781 4037 2906 4084 sunt
2937 4028 2988 4081 in
3030 4025 3240 4081 caeteris
3278 4027 3433 4096 longe

1841 4133 2152 4190 dissimiles.
2194 4129 2273 4183 Illi
2311 4128 2452 4182 enim
2496 4123 2738 4178 venalem
2781 4120 3226 4176 circumferentes
3261 4120 3432 4191 hypo-

1842 4228 2052 4290 crisitn,
2097 4225 2286 4277 timent
2340 4234 2408 4274 ne
2461 4217 2613 4270 vilior
2668 4216 2930 4269 habeatur
2978 4223 3128 4266 tonsa
3177 4212 3432 4267 sanctitas

1842 4335 1998 4390 quam
2047 4323 2275 4378 comata,
2311 4321 2367 4364 ut
2394 4309 2643 4364 videlicet
2686 4307 2778 4378 qui
2827 4320 2922 4360 eos
2973 4304 3138 4369 videt,
3186 4305 3432 4373 antiquos

1844 4412 1964 4467 illos
1993 4422 2126 4479 quos
2158 4405 2380 4475 legimus
2426 4408 2642 4472 cogitet,
2672 4397 2974 4454 Samuelem
3001 4403 3056 4452 et
3090 4405 3315 4450 caeteros
3341 4394 3434 4465 qui

1843 4519 1950 4559 non
1992 4499 2348 4556 tondebantur
2376 4493 2562 4567 (Nam.
2595 4507 2672 4554 vr,
2701 4488 2778 4560 5).
2802 4489 2911 4543 Nec
2932 4487 3166 4557 cogitant
3189 4485 3317 4556 quid
3347 4487 3433 4540 in-

1844 4595 1998 4652 tersit
2022 4594 2162 4648 inter
2191 4589 2321 4645 illud
2369 4585 2737 4657 propheticum
2781 4581 3160 4644 velamentum,
3197 4585 3253 4632 et
3295 4577 3433 4633 hanc

1844 4684 2119 4757 Evangelii
2147 4679 2548 4743 revelationcm,
2579 4676 2647 4731 de
2670 4690 2772 4745 qua
2801 4672 2930 4727 dicit
2956 4669 3278 4740 Apostolus:
3308 4670 3434 4724 Cum

1845 4779 2104 4834 transieris
2130 4776 2196 4829 ad
2244 4773 2521 4836 Christum,
2551 4773 2807 4839 auferetur
2833 4765 3060 4819 uelamen
3087 4762 3160 4833 (ll
3190 4759 3310 4817 Cor.
3353 4777 3431 4830 nt,

1847 4873 1960 4943 16).
2007 4869 2157 4939 Quod
2198 4867 2339 4922 enim
2385 4861 2717 4933 signiﬁcabat
2765 4857 3011 4911 velamen
3062 4852 3434 4923 interpositum

1844 4966 1982 5021 inter
2002 4963 2188 5018 faciem
2229 4956 2396 5029 Moysi
2426 4964 2480 5010 et
2505 4961 2776 5023 aspecmm
2819 4948 2998 5020 populi
3041 4945 3203 5000 Israel
3233 4944 3431 5016 (Exod.

1845 5073 2035 5122 xxxrv,
2079 5053 2193 5123 '53),
2222 5052 2324 5105 hoc
2372 5044 2702 5117 signiﬁcabat
2746 5042 2849 5095 illis
2902 5037 3231 5108 temporibus
3273 5037 3435 5091 etiam

1845 5165 1995 5205 coma
2037 5154 2359 5202 sanctorum.
2387 5139 2518 5194 Nam
2550 5136 2688 5191 idem
2719 5133 2993 5203 apostolus
3022 5131 3181 5186 etiam
3227 5143 3435 5184 comam

1847 5257 1942 5312 pro
1972 5239 2273 5294 velamento
2295 5247 2413 5287 esse
2434 5229 2583 5293 dicit,
2606 5226 2759 5296 cujus
2784 5223 3100 5279 auctoritate
3136 5221 3222 5276 isti
3247 5235 3438 5289 urgeno

1848 5345 1954 5391 tur.
2002 5338 2200 5402 Aperte
2240 5328 2434 5399 quippe
2466 5323 2574 5378 ait:
2613 5319 2704 5375 Vir
2740 5318 2942 5389 quidem
2990 5315 3031 5369 si
3081 5323 3308 5368 comatus
3351 5313 3434 5378 sit,

1847 5426 2127 5500 ignominia
2153 5432 2228 5477 est
2253 5421 2350 5475 illi.
2385 5419 2552 5487 Ipsam
2581 5410 2948 5484 ignominiam,
2977 5408 3240 5476 inquiunt,
3270 5407 3440 5460 susci-

1850 5495 2026 5590 pimus
2051 5517 2240 5571 merito
2273 5519 2610 5581 peccatorum
2641 5511 2980 5558 nostrorum:
3009 5499 3075 5552 ad
3115 5498 3216 5551 hoc
3236 5495 3430 5550 obten-

1849 5614 2037 5670 dentes
2065 5608 2326 5665 simulatm
2377 5599 2686 5657 humilitatis
2718 5591 3106 5656 untbraculum,
3138 5598 3197 5644 ut
3242 5590 3344 5643 sub
3369 5603 3434 5644 eo

1917 5792 1938 5827 ι
1970 5795 2158 5856 mum,
2184 5795 2313 5849 uss,
2353 5782 2534 5836 conari.
2567 5780 2734 5831 Plures
2772 5777 2872 5844 alii,
2904 5784 3109 5851 vacare,
3150 5778 3235 5842 aut
3253 5784 3440 5840 vacari.
