1952 3181
100 157 139 186 881

101 223 145 244 non
163 214 320 249 corripimus
331 233 338 245 ,
354 212 402 240 sed
416 219 542 248 rogamus
557 216 584 239 et
596 212 766 239 obsecramus
781 219 829 246 per
841 212 882 240 di-

101 261 215 289 vinitatem
235 252 267 287 et;
283 259 477 287 humanitatem
492 259 603 292 Christi,
618 262 646 286 et
660 266 708 293 per
722 259 879 287 charitatem

97 307 193 343 Spiritus
213 307 312 339 sancti,
327 313 362 333 ne
386 305 454 332 ultra
474 305 529 340 jam
554 309 653 340 ponant
671 304 722 332 hoc
734 305 880 333 offendicu-

96 354 139 382 111111
149 353 267 386 inﬁrmis,
280 360 331 387 pro
344 352 440 387 quibus
450 351 573 379 Christus
588 355 709 378 mortuus
724 356 774 385 est,
788 357 814 379 et
828 352 878 379 do-

98 400 166 428 lorem
188 399 391 433 cruciatumque
413 396 498 424 nostri
523 396 611 423 cordis
631 401 801 431 exaggerent,
816 404 877 424 cum

98 447 223 482 cogitamus
235 449 340 479 quanto
355 443 499 479 proclivius
515 443 565 470 hoc
579 442 677 469 malum
691 443 723 470 ad
739 443 876 478 decipien-

97 493 136 521 dos
147 493 261 518 homines
276 490 375 518 imitari
391 490 495 524 possint
508 488 581 522 mali,
597 496 658 516 cum
679 489 705 516 in
718 489 757 516 eis
774 490 825 517 hoc
838 490 877 516 vi-

98 539 149 566 dent
160 545 220 572 quos
233 543 345 571 propter
356 536 408 563 alia
422 540 494 563 tanta
506 536 574 563 bona
585 535 682 563 debitis
694 535 790 563 ofﬁciis
803 536 875 563 citri-

97 586 173 612 stiana:
194 583 347 611 dilectionis
370 582 545 609 honoramus.
570 582 646 615 Quod
675 582 697 608 si
724 586 782 616 post
806 582 875 609 hanc

99 629 286 656 τιὼιιοιιὶίίοηριιι
302 629 345 655 vel
361 628 450 663 potius
468 627 680 654 obsecrationem
704 632 822 655 nostram
847 628 873 655 in

420 154 464 183 DE
484 153 700 183 DIVINATIONE
719 153 907 190 DEMONUM,
929 155 959 184 S.
977 154 1162 184 AUGUSTINI
1179 155 1282 185 LIBER
1301 157 1401 187 UNUS.

933 219 967 240 eo
979 212 1029 240 sibi
1040 213 1263 247 perseverandum
1275 221 1334 242 esse
1346 215 1507 251 putaverint,
1523 217 1588 246 nihil
1600 218 1673 248 aliud
1682 220 1723 249 fa-

932 258 1034 286 ciemus
1049 266 1127 294 quam
1140 259 1291 288 delebimus
1311 266 1339 289 et
1356 270 1503 297 gememus.
1519 264 1576 293 Hoc
1590 267 1723 301 noverint,
1745 268 1748 279 ‘

904 323 908 324 ν
931 305 1047 333 sufficit:
1062 305 1085 333 si
1100 307 1171 335 servi
1189 307 1237 334 Dei
1259 312 1336 341 sunt,
1352 309 1527 344 miserentur;
1541 312 1562 338 si
1576 320 1628 340 non
1642 313 1724 341 mise-

930 356 1033 384 rentur,
1054 353 1116 379 nolo
1137 352 1280 387 quidquam
1305 354 1412 388 gravius
1430 355 1529 384 dicere.
1549 357 1611 386 Haec
1635 359 1724 394 itaque

929 397 1020 424 omnia
1036 397 1062 424 in
1078 397 1174 432 quibus
1188 398 1300 426 fortasse
1318 399 1456 434 loquacior
1470 400 1516 432 fui,
1531 411 1610 437 quam
1625 404 1726 432 vellent

929 444 1118 477 occupationes
1131 448 1158 471 et
1173 448 1224 471 tua:
1237 448 1264 471 et
1279 453 1355 477 meae,
1368 446 1391 473 si
1404 447 1546 481 approbas,
1562 447 1603 476 fac
1618 450 1724 478 innote-

928 495 1003 515 scere
1017 488 1142 516 fratribus
1158 494 1185 517 et
1204 490 1265 517 ﬁliis
1280 491 1390 524 nostris,
1405 497 1514 526 propter
1525 502 1592 528 quos
1607 495 1673 522 mihi
1691 503 1721 523 es

929 535 980 563 hoc
993 543 1061 563 nitus
1078 536 1201 571 dignatus
1216 538 1368 573 imponere:
1381 536 1403 565 si
1418 544 1506 567 autem
1520 540 1620 576 aliquid
1635 546 1721 569 retra-

928 582 1044 609 hendum
1055 584 1095 610 vel
1109 584 1304 612 emendandum
1314 585 1429 619 videtur,
1442 587 1579 622 rescriptis
1591 591 1643 615 tua:
1651 587 1720 616 Bea-

927 628 1047 656 titudinis
1060 631 1191 657 noverim.

91 759 96 772 ,
127 737 160 767 In
171 737 281 767 librum
297 737 338 767 de
353 736 556 766 Divinatione
573 736 771 772 Dtemonum,
786 736 855 766 iii/le
868 736 922 766 lib.
936 736 965 769 ‘2,
984 746 1050 775 cap.
1073 737 1122 772 30,
1151 739 1424 769 lielractationum
1437 763 1444 775 ,
1473 741 1531 771 col.
1556 741 1625 775 6113.
1646 751 1719 772 vcr—

94 776 207 821 ριξςᾼότ
222 777 450 821 iderntentpus
477 775 689 821 accidit'_r_nihi
715 784 754 805 ex
785 776 924 814 quadam
945 776 1161 815 disputatione
1179 780 1350 809 necessitas
1377 780 1548 821 (a),usque
1561 782 1602 812 ad
1615 782 1719 819 verba,

91 816 195 847 Diebus
211 817 332 847 sanctis
349 816 555 846 Octavarum.
598 815 642 845 M.

113 867 147 898 (π)
217 868 304 892 indicat
316 868 464 898 Augustinus
483 867 609 898 pertinere
620 866 685 890 hune
696 865 784 890 librum
802 866 832 890 ad
844 865 903 890 illud
923 866 988 891 idem
999 870 1097 898 tempus
1111 874 1160 899 quo
1171 868 1278 899 vulgavit
1290 875 1308 893 ο
1323 868 1407 898 usouh
1425 874 1508 896 contra
1523 872 1658 896 Donatistas
1667 878 1682 897 a
1691 880 1720 898 se

113 900 188 922 exime
199 903 256 923 ante
273 899 399 923 recensita
407 916 414 924 .
431 904 487 924 eum
499 897 615 924 temporis
626 901 683 922 sunt
693 896 849 922 collationem
859 897 1073 924 Carthaginiensem
1084 898 1206 924 aliquanto
1219 875 1389 924 praecedenti;
1398 901 1463 924 inter
1473 908 1562 924 annum
1573 900 1720 924 scitu-ntulit

87 896 188 932 Itasime
199 903 256 932 ante
273 896 399 932 recolisiia
407 916 414 928 ,
431 896 490 929 qute
499 897 615 928 temporis
626 901 683 922 sunt
693 896 849 922 Collationem
859 896 1073 929 Cardiagiueusein
1084 896 1206 930 aliquanto
1213 896 1389 932 jirzecedentis,
1398 896 1463 926 inter
1473 908 1562 927 annum
1573 896 1720 929 scilicet“

86 929 159 953 αιιιι
173 929 321 954 «ﬂuuium.

82 971 1709 983 ———————————-—_________._

383 1015 454 1072 ς..
492 1011 872 1072 AURELII

926 1014 1405 1075 AUGUSTI!!!

672 1108 928 1143 HIPPONENSIS
948 1112 1124 1144 EPISCOPI

157 1194 297 1266 DE
357 1191 1020 1266 DIVINATIONE
1080 1193 1629 1269 DZEMONUM
1696 1217 1706 1227 '

617 1300 856 1358 LIBER
901 1300 1148 1358 U'NUS‘”’
1545 1347 1547 1349 .

79 1448 235 1475 uruntienes
246 1449 389 1484 dmmonuni
401 1449 532 1484 etquaead
550 1456 635 1474 eorum
642 1449 737 1484 cultum
749 1450 884 1481 pertinent,
900 1454 948 1484 non
960 1448 1016 1484 ideo
1027 1451 1097 1474 recte
1112 1449 1174 1484 ﬁeri,
1186 1450 1243 1484 quia
1259 1451 1305 1475 nisi
1324 1453 1382 1484 Deo
1388 1452 1486 1478 sinente
1498 1459 1547 1478 non
1569 1451 1637 1479 ﬁunt.
1654 1453 1720 1479 Unde

368 1482 418 1506 sint
429 1480 476 1506 illa:
484 1481 622 1506 da'monum
632 1480 803 1510 divinationes,
815 1485 890 1504 curve
902 1480 1023 1504 intendam
1034 1484 1109 1511 verre,
1122 1480 1180 1506 licet
1191 1480 1337 1513 plerumque
1351 1481 1426 1508 falsae.

119 1543 222 1572 CAPUT
236 1544 425 1573 PRl.\lU.\l.——
435 1545 459 1572 1,
474 1543 579 1571 Occasio
586 1543 711 1571 scribendi
718 1543 868 1579 Imjuslibri.

87 1588 147 1616 Non
161 1592 236 1617 statim
249 1596 344 1618 rectum
357 1590 427 1626 quod
440 1590 508 1617 Deus
522 1590 651 1626 permittit.
664 1589 697 1617 1η
710 1590 782 1616 rebus
795 1590 870 1616 etiam

84 1636 120 1662 ad
128 1637 247 1672 religionis
261 1637 358 1664 cultum
382 1637 562 1672 pertinentibus
582 1636 692 1671 permitti
712 1645 727 1663 ιι
747 1636 799 1663 Deo
813 1643 871 1671 quae

82 1682 129 1716 ipsi
155 1683 292 1717 displicent.
314 1683 435 1717 Quodam
460 1682 503 1709 die
527 1682 553 1709 in
568 1681 663 1709 diebus
676 1681 774 1708 sanctis
788 1681 869 1708 Oeta-

84 1735 173 1754 varnm
188 1729 233 1764 (b).
248 1737 307 1756 cum
324 1737 402 1757 mane
415 1728 485 1763 apud
501 1736 544 1755 me
566 1728 693 1756 adessent
717 1728 792 1754 multi
815 1727 869 1754 l'ra-

85 1776 142 1799 tres
155 1773 212 1800 laici
224 1774 371 1806 Christiani,
388 1779 416 1802 ct
435 1774 460 1801 in
477 1775 535 1801 loco
550 1774 628 1801 solito
643 1773 868 1806 consedissemus,

86 1823 161 1845 ortus
171 1824 211 1846 cst
222 1828 302 1847 sermo
313 1821 347 1848 de
358 1820 487 1854 religione
498 1820 647 1847 Christiana
661 1820 790 1847 adversus
800 1827 870 1854 pra:-

83 1866 257 1899 sumptioucm
268 1872 293 1894 et
308 1871 434 1902 tanquam
449 1867 543 1894 miram
557 1871 584 1893 et
599 1874 720 1902 magnam
732 1866 870 1894 scientiam

83 1909 261 1945 Pagunorum;
277 1920 356 1947 quem
373 1912 542 1939 recordatum
558 1917 637 1947 atque
648 1912 811 1947 completum
827 1912 870 1939 lit-

84 1959 145 1984 teris
161 1959 335 1986 mandantium
349 1959 450 1994 putavi,
466 1967 518 1986 non
533 1960 668 1993 expressis
683 1959 870 1986 contradicen~

85 2001 147 2029 tium
169 2005 297 2042 personis,
318 2005 438 2040 quamvis
461 2005 603 2032 Christiani
624 2009 730 2038 essent,
745 2009 772 2032 et
788 2005 871 2040 magis

83 2050 284 2077 contradicendo
302 2059 424 2085 quatrere
443 2051 597 2078 viderentur
615 2051 678 2085 quid
703 2051 816 2086 Paganis
829 2059 872 2078 re-

79 2095 202 2129 sponderi
220 2101 366 2131 oportcret.
381 2097 447 2124 Cum
463 2104 527 2132 ergo
543 2097 577 2124 de
591 2097 754 2124 divinatione
768 2097 870 2124 dmino-

79 2148 141 2168 num
161 2148 336 2177 qua-teretur,
358 2148 385 2170 ct
406 2143 585 2170 afﬁrmaretur
605 2142 761 2178 pra-dixisse
781 2143 872 2170 nescio

81 2194 171 2220 quc-in,
187 2189 352 2216 eversionem
368 2189 457 2223 templi
471 2187 589 2224 Serapis,
599 2197 657 2224 quae
673 2189 698 2216 in
712 2188 871 2217 Alexandria

87 2230 145 2260 facta
159 2239 213 2267 est;
228 2235 365 2270 resporrdi,
380 2243 431 2262 non
445 2243 504 2262 esse
520 2235 669 2262 mirandum
678 2236 699 2262 si
709 2235 785 2262 istam
796 2243 873 2263 ever-

87 2277 181 2307 sionem
201 2281 292 2316 templi
309 2286 334 2308 et
349 2280 481 2308 simulacri
498 2281 538 2307 sui
552 2281 708 2308 imminere1
724 2281 870 2314 daemones,

88 2329 106 2351 et
124 2327 194 2354 scire
214 2332 241 2355 et
261 2327 407 2362 prmdicere
431 2331 588 2362 potuerunt,
614 2327 683 2355 sicut
705 2327 755 2354 alia
778 2327 870 2361 multa,

89 2378 206 2405 quantum
219 2374 259 2401 eis
274 2381 357 2400 nosse
369 2378 396 2400 et
411 2374 588 2408 praenuntiare
604 2373 774 2408 permittitur.

115 2419 141 2445 2.
156 2419 189 2447 Et
209 2428 269 2448 cum
289 2420 355 2448 mihi
378 2419 532 2453 referretur,
546 2416 604 2447 Non
627 2427 691 2455 ergo
711 2424 772 2447 sunt
796 2420 872 2447 make

89 2461 255 2493 divinationes
269 2465 438 2500 hujusmodi,
454 2473 502 2492 nec
518 2466 572 2492 Deo
586 2466 740 2501 displicent;
755 2465 871 2500 alioquin

89 2511 248 2546 omnipotens
271 2517 298 2539 et
319 2512 409 2547 justus
429 2512 479 2538 ista
502 2511 560 2538 ﬁeri
582 2519 634 2538 non
655 2512 830 2547 permitteret,
849 2511 871 2538 si

87 2557 146 2585 mala
160 2563 186 2585 et
199 2558 294 2594 injusta
306 2563 396 2586 essent
409 2567 414 2584 :
427 2558 563 2593 respondi,
579 2566 631 2586 non
647 2558 707 2586 ideo
723 2558 779 2585 hmc
789 2557 870 2585 videri

84 2600 145 2634 iusta
158 2604 265 2639 debere,
280 2604 352 2641 quod
372 2613 404 2632 ea
426 2604 484 2632 ﬁeri
504 2605 631 2640 permittit
643 2605 874 2638 omnipotentissi-

924 1550 983 1570 mus
998 1547 1023 1570 et
1038 1543 1201 1578 iustissimus
1216 1545 1286 1572 Deus
1303 1553 1384 1572 :nam
1399 1550 1427 1573 et
1439 1545 1491 1573 alia
1506 1545 1589 1574 multa
1605 1548 1719 1578 manife-

922 1589 1037 1616 stissime
1052 1589 1147 1623 injusta
1164 1590 1231 1622 ﬁeri,
1241 1591 1306 1618 sicut
1318 1591 1472 1625 homicidia,
1482 1593 1625 1627 adulteria,
1637 1595 1716 1628 furta,

924 1634 1040 1668 rapinas,
1067 1638 1094 1661 et
1117 1638 1214 1661 cetera
1236 1635 1405 1670 huiusmodi,
1425 1645 1485 1672 qua:
1511 1640 1632 1672 quamvis
1647 1640 1720 1674 justo

923 1676 988 1712 Deo,
1004 1686 1037 1706 eo
1059 1679 1128 1714 quod
1153 1680 1249 1714 injusta
1274 1685 1346 1713 sunt,
1363 1682 1421 1709 sine
1443 1681 1608 1711 dubitatione
1625 1684 1720 1719 displi-

922 1728 1017 1757 ceant;
1033 1723 1101 1751 idem
1119 1729 1206 1753 tamen
1220 1726 1390 1760 omnipotens
1408 1735 1439 1754 ea
1458 1727 1514 1754 ﬁeri
1538 1734 1611 1755 certa
1627 1728 1720 1764 judicii

923 1771 963 1798 sui
978 1771 1080 1798 ratione
1092 1771 1237 1806 permittit;
1253 1780 1306 1798 non
1323 1772 1413 1809 utique
1432 1773 1550 1808 impune,
1569 1775 1616 1802 sed
1629 1775 1662 1802 ad
1672 1783 1719 1803 eo.

922 1824 981 1843 rum
1003 1816 1211 1851 damnationem,
1234 1824 1250 1844 a
1275 1816 1370 1852 quibus
1395 1818 1463 1845 fiunt
1488 1826 1547 1854 quze
1578 1819 1720 1855 displicent

921 1862 1003 1897 justo.

958 1910 985 1937 5.
1002 1910 1106 1937 Etcum
1121 1917 1137 1937 e
1150 1910 1285 1949 contrario
1299 1909 1444 1944 diceretur,
1460 1918 1514 1938 non
1532 1911 1639 1946 quidem
1658 1919 1719 1940 esse

923 1954 1098 1982 dubitandum
1113 1955 1183 1990 quod
1199 1955 1367 1990 omnipotens
1382 1960 1409 1983 et
1419 1955 1509 1991 justus
1524 1957 1558 1983 sit
1572 1957 1642 1984 Deus
1654 1966 1660 1984 :
1672 1957 1720 1985 sed

924 2001 981 2027 [nec
996 2001 1109 2028 humana
1125 2006 1249 2036 peccata,
1263 2009 1323 2036 qum
1344 2006 1437 2029 contra
1454 2002 1611 2030 societatem
1631 2003 1721 2030 homi-

924 2055 987 2075 num
1000 2047 1104 2080 ﬁerent,
1119 2055 1173 2074 non
1188 2055 1248 2075 eum
1264 2055 1358 2075 curare
1380 2048 1443 2075 dum
1458 2048 1562 2082 ﬁerent,
1577 2054 1721 2084 propterea

924 2103 955 2122 ea
969 2102 1047 2129 posse
1058 2094 1114 2121 ﬁeri
1126 2103 1132 2126 ;
1148 2101 1207 2128 quas
1220 2094 1311 2128 utique
1325 2094 1380 2122 ﬁeri
1394 2102 1446 2121 non
1461 2100 1580 2129 possent,
1595 2096 1616 2123 si
1630 2096 1719 2123 omni-

923 2145 1017 2176 potens
1028 2148 1081 2168 non
1093 2140 1200 2168 sivisset
1211 2150 1217 2168 :
1228 2140 1273 2168 illa
1286 2148 1349 2168 vero
1362 2149 1421 2176 qua:
1433 2141 1467 2168 ad
1483 2141 1569 2175 ipsum
1585 2143 1721 2178 religionis

923 2187 1023 2215 cultum
1039 2187 1182 2222 pertinent,
1198 2187 1272 2214 nullo
1289 2186 1370 2214 modo
1385 2187 1418 2214 ab
1433 2194 1465 2214 eo
1479 2187 1643 2215 credendum
1660 2195 1720 2215 esse

924 2233 1073 2266 contemni;
1086 2241 1117 2261 ac
1132 2241 1180 2268 per
1199 2234 1249 2260 hoc
1272 2233 1328 2260 ﬁeri
1346 2241 1400 2261 non
1413 2233 1542 2268 potuisse.
1561 2234 1610 2261 nisi
1624 2234 1648 2261 ei
1662 2235 1720 2270 pla-

924 2281 1051 2314 cuissent,
1064 2284 1090 2308 et
1103 2279 1164 2307 ideo
1179 2287 1209 2306 ea
1225 2280 1294 2307 mala
1306 2280 1390 2314 putari
1406 2288 1459 2307 non
1471 2284 1611 2315 oportere:
1622 2281 1656 2308 ad
1668 2281 1721 2309 hoc

923 2334 1029 2362 quoque
1044 2325 1167 2361 respondi
1181 2334 1188 2351 2
1200 2325 1275 2352 Nunc
1289 2333 1353 2360 ergo
1367 2325 1392 2353 ei
1408 2326 1560 2360 displicent,
1576 2334 1637 2353 cum
1652 2332 1721 2355 tem-

923 2372 966 2408 pla
982 2377 1008 2399 et
1027 2372 1168 2399 simulacra
1184 2375 1349 2404 evertuntur,
1370 2377 1397 2399 et
1418 2372 1461 2399 illa
1476 2371 1600 2400 Gentium
1617 2373 1720 2401 sacriﬁ-

923 2419 975 2451 cia,
996 2418 1019 2445 si
1040 2418 1107 2445 facta
1132 2417 1241 2448 fuerint,
1263 2417 1418 2452 puniuntur.
1436 2418 1511 2446 Sicut
1530 2418 1602 2446 enim
1624 2419 1721 2446 dicitur

924 2473 977 2493 non
1001 2473 1032 2492 ea
1058 2465 1115 2493 ﬁeri
1136 2465 1264 2500 potuisse,
1283 2465 1333 2491 nisi
1355 2465 1409 2492 Deo
1431 2465 1647 2499 placuissent,et
1662 2465 1723 2493 ideo

924 2513 993 2541 bona
1014 2512 1141 2547 putanda,
1156 2513 1283 2547 quoniam
1297 2512 1370 2546 justo
1383 2512 1506 2547 placent;
1520 2512 1556 2539 ita
1572 2513 1623 2540 dici
1634 2518 1721 2548 potest

925 2566 978 2586 non
991 2566 1021 2585 ea
1036 2558 1181 2592 prohiberi,
1191 2558 1286 2590 everti,
1298 2558 1384 2592 puniri
1400 2559 1526 2593 potuisse.
1540 2559 1590 2586 nisi
1602 2559 1656 2587 Deo
1668 2559 1719 2586 dis-
1748 2587 1750 2591 ,

928 2604 1057 2639 plicerent
1071 2613 1077 2630 τ
1093 2611 1125 2631 ac
1139 2611 1186 2639 per
1200 2604 1251 2631 hoc
1264 2604 1287 2632 si
1298 2608 1361 2631 tunc
1374 2603 1435 2632 ideo
1448 2608 1521 2632 recte
1534 2604 1644 2638 ﬁebant,
1659 2605 1720 2640 quia

667 2659 812 2679 ADDIONITIO
829 2659 870 2678 PP.
890 2658 1131 2678 BENEDICTINORUI-

107 2699 176 2724 Liber
186 2699 220 2724 de
230 2699 381 2724 Divinatione
390 2703 529 2723 Dzemonum
539 2698 679 2729 recognitus
692 2701 730 2722 est
741 2698 770 2721 ad
784 2696 931 2728 exemplaria
943 2697 1118 2729 Vaticanartria,
1138 2700 1164 2721 et
1175 2696 1209 2729 ad,
1215 2695 1333 2721 Gallicana
1346 2700 1452 2729 septem,
1464 2696 1513 2721 duo
1531 2696 1624 2729 scilicet
1643 2697 1721 2729 Domi:

81 2729 215 2760 nimim":
229 2732 399 2755 Parisiensium
412 2731 448 2753 via
459 2730 569 2759 ,Iacohoa,
582 2727 696 2754 Navarrici
709 2729 823 2760 gymnasii
838 2736 920 2757 unum,
933 2729 990 2752 item
1004 2728 1110 2759 Regium,
1122 2728 1293 2759 ttetnigiauum,
1302 2728 1478 2757 titidiaelinum,
1488 2731 1513 2753 et
1521 2727 1721 2757 Floriaceuse;ad

81 2758 196 2786 iocantes
209 2762 332 2786 variantes
345 2762 417 2785 trium
430 2759 580 2792 Iteigicorum
591 2760 651 2791 apud
665 2758 755 2785 Lovfet
769 2761 798 2784 ad
811 2760 932 2783 editiones
944 2764 993 2782 Am.
1007 2762 1043 2783 ΕΙ·-
1057 2762 1146 2783 etl.ov.

114 2806 376 2847 Comparaoimua
392 2808 543 2844 praetereo
558 2814 605 2834 eas
621 2813 723 2835 omnes
736 2802 885 2834 editiones
898 2801 992 2832 t'm'tio
1008 2802 1093 2832 Retr.
1109 2805 1137 2831 et
1148 2800 1291 2832 Confess.
1311 2804 1333 2831 ι.
1351 2802 1380 2839 1,
1399 2805 1593 2835 memoratas,
1635 2800 1680 2832 LI.

105 2856 144 2887 fa)
155 2858 265 2888 scriptus
276 2857 342 2882 inter
353 2861 444 2880 annum
456 2855 502 2888 409
515 2857 540 2879 et
552 2854 605 2888 411.

101 2878 143 2921 (is
269 2878 444 2922 ﬁngitis
450 2878 619 2922 snit-ninest
636 2886 752 2922 tjasciiate.
759 2884 812 2921 aliis
819 2883 1015 2922 m.emo!r_adt_llocis.
1027 2884 1085 2910 vide
1096 2878 1177 2910 notaui
1188 2884 1221 2909 ad
1228 2888 1368 2909 sermonem
1378 2881 1433 2913 260,
1444 2884 1502 2908 tom.
1514 2882 1539 2909 ὅ.

104 2914 115 2936 ἶ
134 2914 175 2945 ἐκ
185 2922 242 2944 Es.
255 2923 284 2944 Δι
296 2914 367 2948 editi,
379 2917 525 2943 eversionem
536 2916 617 2946 templi
628 2915 764 2943 simulacris
775 2916 823 2942 suis
838 2914 969 2942 tamenm-
