3904 6362
496 343 604 404 185

490 462 638 537 justo
666 459 773 513 Deo
802 453 1013 527 placere
1039 449 1165 506 hinc
1204 444 1644 537 ostendebantur,
1686 437 1827 510 quod
1875 437 1942 537 ab
1974 434 2083 537 illo

499 526 611 609 ﬁeri
649 549 990 609 sinebantur;
1022 541 1143 597 ideo
1183 550 1325 593 nunc
1373 536 1552 606 inique
1604 532 1754 598 ﬁunt,
1807 529 1931 601 quia
1974 526 2083 582 Deo

496 643 780 713 displicere
827 638 953 694 hinc
988 633 1363 698 ostenduntur,
1410 627 1553 699 quod
1591 642 1655 683 ea
1697 624 1781 680 vel
1820 622 1972 694 jubet
1994 620 2083 676 vel

496 733 754 807 permittit
782 728 971 787 everti.

571 822 796 881 CAPUT
835 820 898 877 ll.
925 818 1061 875 -4.
1095 813 1367 885 Sacriﬁcia
1393 810 1724 884 Paganorum
1740 823 1843 862 non
1857 806 1972 860 ideo
1986 820 2083 875 pu-

500 917 656 972 tanda
684 916 836 979 bona,
868 913 987 983 quia
1012 927 1072 967 ea
1099 909 1210 980 ﬁeri
1240 906 1377 961 Deus
1404 922 1505 960 non
1520 901 1793 975 impedivit.
1827 898 2086 953 Permissa

500 1026 605 1065 esse
625 1009 687 1063 ab
709 1007 1063 1077 omnipotente,
1091 1018 1204 1075 qua:
1223 1002 1286 1055 ab
1309 1000 1483 1055 eodem
1498 998 1643 1069 justo
1662 994 2084 1065 improbarentur.

506 1099 843 1170 Pontiﬁcales
863 1096 979 1151 libri
998 1109 1259 1150 sacrorum
1289 1094 1646 1162 profanorum.
1682 1084 1819 1153 Quid
1848 1086 2088 1138 hactenus

502 1199 835 1261 compertum,
867 1187 989 1258 quid
1018 1183 1341 1240 tractandum
1374 1182 1631 1251 deinceps.
1656 1178 1853 1235 Contra
1882 1176 1982 1229 hoc
2008 1173 2090 1229 di-

502 1290 648 1336 ctum
677 1288 778 1343 est,
811 1277 1001 1349 injusta
1016 1275 1243 1353 quidem
1283 1288 1402 1329 esse
1446 1286 1590 1328 nunc
1623 1271 1743 1333 ista,
1773 1283 1880 1324 non
1909 1275 2087 1321 tamen

507 1372 675 1438 mala;
698 1381 752 1427 et
773 1370 895 1425 ideo
918 1368 1137 1439 iniusta,
1162 1366 1281 1437 quia
1311 1370 1497 1420 contra
1524 1365 1669 1434 leges
1694 1362 1886 1432 quibus
1908 1357 2091 1431 prohi-

504 1468 700 1525 bentur
726 1465 891 1532 ﬁunt;
922 1463 1042 1519 ideo
1066 1472 1243 1518 autem
1282 1474 1388 1515 non
1436 1459 1596 1525 mala,
1628 1456 1749 1528 quia
1774 1456 1818 1509 si
1839 1454 1975 1508 mala
2005 1467 2091 1506 es-

505 1568 645 1627 sent,
673 1571 941 1628 nunquam
973 1555 1084 1610 Deo
1110 1553 1295 1623 utique
1322 1551 1675 1622 placuissent:
1696 1560 1857 1617 porro
1878 1544 1923 1599 si
1951 1558 2090 1599 nun-

505 1666 664 1721 quam
694 1649 1040 1720 placuissent,
1068 1659 1339 1715 nunquam
1364 1652 1419 1699 et
1457 1642 1598 1696 facta
1637 1647 1843 1705 essent,
1864 1637 1958 1691 illo
1983 1650 2089 1691 non

505 1743 715 1798 sinente
743 1741 833 1811 qui
858 1738 1035 1795 omnia
1060 1744 1257 1809 potest,
1287 1744 1342 1790 et
1361 1734 1450 1804 qui
1482 1733 1604 1787 talia
1637 1746 1741 1785 non
1771 1736 2088 1784 contemne-

504 1842 622 1899 ret;
649 1831 862 1903 quando
885 1840 992 1885 tam
1018 1843 1208 1898 magna
1234 1834 1379 1888 sunt.
1399 1831 1655 1879 utcontra
1681 1822 1849 1891 ipsam
1875 1817 2090 1889 religio-

506 1939 627 1983 nem
673 1938 776 1994 qua
826 1923 967 1977 Deus
1005 1919 1199 1976 colitur
1246 1918 1455 1984 ﬁerent,
1488 1916 1531 1972 si
1574 1914 1713 1968 male
1755 1912 1964 1968 ﬁerent.
1996 1911 2092 1966 llic

505 2030 639 2087 ego:
663 2013 719 2070 Si
749 2021 1053 2083 propterea,
1086 2010 1323 2080 inquam,
1348 2007 1489 2063 mala
1514 2020 1622 2060 non
1651 2012 1797 2068 sunt,
1824 2003 1945 2073 quia
1977 2002 2092 2057 Deo

506 2109 720 2181 placere
769 2108 894 2162 hinc
932 2104 1245 2176 probantur,
1274 2100 1415 2173 quod
1443 2114 1508 2156 ea
1540 2098 1655 2155 ﬁeri
1682 2097 1811 2153 sinit
1844 2096 2091 2165 omnipo-

507 2212 659 2267 tens;
686 2199 955 2272 quomodo
980 2198 1084 2253 erit
1125 2197 1323 2251 bonum
1360 2192 1502 2264 quod
1530 2193 1643 2248 ﬁeri
1670 2190 2020 2263 prohibentur
2038 2196 2094 2245 et

504 2290 855 2348 evertuntur?
878 2290 935 2346 Si
963 2297 1142 2344 autem
1183 2287 1383 2343 bonum
1416 2299 1522 2340 non
1561 2294 1643 2339 est
1666 2282 1809 2354 quod
1837 2288 2091 2337 evertun-

494 2391 594 2441 tur
616 2398 735 2454 qua:
773 2382 884 2438 Deo
916 2381 1147 2451 placent,
1181 2378 1284 2432 hoc
1312 2376 1425 2430 ﬁeri
1459 2389 1565 2429 non
1606 2374 1806 2429 sineret
1844 2372 2092 2442 omnipo-

506 2473 804 2543 tens;quia
842 2482 897 2527 et
943 2470 1045 2524 hoc
1078 2478 1261 2524 contra
1308 2466 1619 2536 religionem
1664 2463 1724 2517 ﬁt
1763 2477 1867 2533 qua
1900 2462 2094 2519 colitur

507 2565 670 2630 Deus,
696 2564 740 2619 si
765 2578 826 2619 ea
843 2577 963 2632 qua:
982 2562 1094 2618 Deo
1118 2560 1327 2631 placent
1344 2560 1413 2613 ab
1432 2556 1738 2613 hominibus
1757 2565 2089 2613 evertuntur.

508 2656 565 2712 Si
598 2664 773 2711 autem
800 2653 903 2709 hoc
929 2662 987 2708 ut
1020 2651 1159 2707 male
1187 2651 1279 2705 ﬁat
1309 2649 1569 2721 permittit
1595 2648 1954 2719 omnipotens,
1984 2664 2091 2704 non

508 2747 629 2803 ideo
664 2744 895 2816 putanda
939 2751 1066 2800 sunt
1108 2742 1199 2799 illa
1237 2742 1376 2797 bona
1413 2740 1556 2814 quod
1599 2756 1662 2797 ea
1708 2740 1825 2798 ﬁeri
1852 2740 2094 2811 permisit

507 2837 866 2909 omnipotens.

577 2931 630 2985 5.
663 2929 869 2984 Dictum
889 2934 1074 2982 contra
1102 2934 1204 2993 est,
1228 2925 1630 2982 concedendum
1660 2939 1783 2982 esse
1821 2940 1964 2982 nunc
1992 2926 2092 2981 ista

507 3029 658 3079 recte
686 3034 792 3074 non
824 3018 961 3086 ﬁeri,
988 3018 1097 3074 imo
1126 3017 1247 3073 ideo
1274 3032 1494 3088 prorsus
1517 3017 1628 3088 jam
1656 3031 1763 3072 non
1792 3016 1927 3084 ﬁeri,
1950 3016 2092 3088 quod

507 3111 859 3182 omnipotenti
905 3125 1047 3166 nunc
1085 3109 1400 3179 displicent;
1434 3119 1803 3165 verumtamen
1833 3108 2095 3179 placuisse

505 3219 627 3260 cum
662 3203 885 3258 ﬁerent:
912 3215 1011 3256 nos
1039 3201 1187 3257 enim
1219 3201 1427 3257 nescire
1456 3200 1597 3257 unde
1623 3208 1747 3256 tunc
1774 3201 2089 3271 placuerint,

508 3310 652 3351 nunc
671 3303 849 3349 autem
880 3293 1021 3348 unde
1040 3292 1389 3364 displiceant;
1423 3292 1551 3348 dum
1581 3302 1758 3347 tamen
1775 3301 1983 3348 certum
1998 3293 2091 3360 sit,

507 3404 609 3445 nec
637 3398 761 3442 tunc
792 3386 906 3441 ﬁeri
952 3386 1191 3458 potuisse
1231 3387 1332 3442 nisi
1362 3386 1689 3457 placuissent
1717 3386 2092 3456 omnipotenti,

505 3497 611 3544 nec
636 3496 778 3536 nunc
801 3494 1043 3537 cessasse
1065 3479 1163 3535 nisi
1196 3479 1591 3548 displicuissent
1618 3478 1988 3547 omnipotenti.
2012 3477 2095 3534 Ad

508 3573 611 3629 hoc
636 3588 770 3645 ego:
795 3572 901 3626 Cur
941 3586 1090 3642 ergo,
1119 3571 1358 3640 inquam,
1401 3579 1456 3625 et
1499 3585 1640 3624 nunc
1690 3570 1812 3623 talia
1849 3569 2095 3625 clanculo

509 3662 663 3727 ﬁunt,
703 3677 823 3732 qua:
849 3663 934 3717 vel
980 3670 1237 3731 perpetuo
1276 3660 1617 3725 delitescunt,
1649 3661 1732 3715 vel
1761 3660 2095 3730 deprehensa

510 3752 822 3825 puniuntur,
850 3752 893 3806 si
921 3751 1052 3806 nihil
1082 3753 1274 3806 horum
1304 3750 1417 3805 ﬁeri
1447 3751 1573 3805 sinit
1600 3751 1961 3821 omnipotens,
1991 3752 2096 3808 nisi

510 3845 655 3917 quod
685 3846 732 3901 ei
764 3845 911 3914 justo
939 3843 1137 3915 placet,
1168 3858 1290 3898 cum
1327 3843 1473 3914 justo
1520 3844 1661 3914 quod
1710 3843 1964 3915 injustum
2012 3854 2097 3900 est

511 3938 722 4010 placere
749 3951 852 3990 non
882 3935 1081 4005 possit?
1110 3933 1310 3989 Contra
1339 3934 1439 3989 hoc
1465 3935 1665 3989 dictum
1687 3944 1790 4001 est,
1822 3951 1963 3991 nunc
1978 3952 2096 3992 om-

510 4029 640 4084 nino
682 4026 802 4082 talia
853 4042 961 4081 non
1004 4025 1121 4081 ﬁeri
1167 4042 1180 4078 :
1221 4025 1383 4080 Sacra
1424 4026 1566 4080 enim
1617 4026 1728 4091 illa,
1770 4026 1959 4096 inquit,
1989 4042 2096 4083 non

511 4118 674 4185 ﬁunt,
703 4133 821 4189 qua:
866 4114 1259 4188 pontiﬁcalibus
1301 4116 1603 4186 conscripta
1651 4126 1775 4171 sunt
1819 4116 2097 4173 libris:ea

510 4211 708 4284 quippe
747 4220 873 4265 tunc
911 4218 1057 4264 recte
1098 4208 1318 4274 ﬁebant,
1363 4223 1427 4262 ea
1467 4217 1593 4263 tunc
1622 4209 1729 4263 Deo
1755 4209 1969 4280 placere
1994 4208 2097 4265 de-

511 4304 967 4370 monstrabantur,
995 4316 1064 4357 eo
1092 4301 1208 4371 ipso
1247 4299 1390 4370 quod
1434 4300 1502 4356 ab
1530 4301 1894 4371 omnipotente
1922 4316 1984 4356 ac
2007 4301 2097 4371 ju-

511 4402 598 4455 sto
625 4396 735 4453 ﬁeri
766 4396 1079 4452 sinebantur
1115 4410 1130 4446 :
1166 4393 1212 4447 si
1250 4392 1379 4463 quid
1424 4401 1601 4450 autem
1632 4409 1774 4449 nunc
1805 4394 2099 4464 prohibito-

511 4503 632 4545 rum
681 4486 1066 4543 sacriﬁciorum
1114 4485 1172 4538 ﬁt
1208 4485 1417 4539 occulte
1454 4494 1613 4556 atque
1655 4485 1856 4550 illicito,
1888 4501 1994 4542 mn
2016 4493 2100 4541 est

513 4580 593 4636 illi
645 4578 936 4649 pontiﬁcali
991 4574 1373 4631 sacrificiorum
1424 4576 1608 4646 generi
1659 4576 2095 4647 comparandum,

514 4670 611 4729 sed
636 4671 689 4724 in
716 4685 782 4724 eo
804 4667 1165 4738 deputandum
1183 4708 1199 4733 ,
1228 4667 1370 4736 quod
1398 4668 1559 4723 etiam
1592 4677 1854 4723 nocturno
1883 4668 1939 4722 ﬁt
1967 4677 2101 4724 tem-

515 4776 679 4834 pore;
703 4775 824 4815 cum
857 4760 971 4815 haec
995 4758 1173 4813 omnia
1212 4758 1397 4813 illicita
1440 4758 1570 4828 ipsis
1612 4758 2004 4828 pontiﬁcalibus
2032 4760 2096 4815 li-

515 4853 628 4912 bris
643 4862 847 4908 certum
863 4852 933 4906 sit
954 4850 1226 4920 prohiberi
1246 4860 1405 4920 atque
1420 4849 1683 4905 damnari.
1702 4851 1800 4907 Hic
1816 4853 2096 4923 respondi:

513 4944 624 5003 Cur
649 4956 777 5013 ergo
802 4940 887 4996 vel
919 4941 1041 4995 talia
1071 4940 1490 5010 permittitDeus
1509 4939 1647 5008 ﬁeri,
1676 4941 1720 4996 si
1748 4940 1879 4996 nihil
1908 4943 2099 4998 borum

515 5034 915 5092 malefactorum
981 5032 1278 5088 contemnit
1348 5048 1466 5103 quae
1538 5041 1725 5087 contra
1788 5034 2099 5105 religionem

518 5131 679 5196 ﬁunt;
720 5143 840 5183 cum
884 5125 1181 5197 praesertim
1216 5124 1333 5179 lucc
1380 5140 1501 5180 eum
1544 5140 1733 5181 curare
1776 5124 1902 5182 hinc
1939 5129 2101 5185 etiam

514 5231 771 5293 cogantur
788 5218 1085 5277 concedere
1106 5219 1194 5289 qui
1218 5218 1549 5290 pontiﬁcales
1574 5219 1740 5274 libros
1762 5221 1937 5291 magni
1964 5220 2104 5277 testi-

515 5323 683 5377 mant,
712 5311 852 5383 quod
874 5326 936 5366 ea
960 5326 1078 5381 qua:
1097 5309 1181 5365 his
1206 5310 1357 5364 libris
1379 5308 1746 5379 prohibentur,
1771 5312 1951 5381 utique
1972 5326 2099 5381 pro-

515 5405 685 5462 hiberi
731 5403 985 5460 divinitus
1030 5401 1315 5458 asserunt?
1357 5402 1637 5471 Quomodo
1678 5418 1807 5474 ergo
1849 5404 2101 5462 divinitus

516 5497 882 5569 prohibentur,
909 5495 1011 5550 nisi
1030 5495 1153 5565 quia
1172 5494 1456 5565 displicent
1479 5496 1609 5561 Deo,
1632 5511 1751 5568 qua».
1773 5496 1954 5568 utique
1974 5513 2100 5569 pro-

516 5589 750 5647 bibendo
775 5603 883 5643 non
908 5586 1080 5642 solum
1116 5587 1219 5641 sibi
1264 5587 1571 5658 displicere,
1599 5603 1784 5644 verum
1814 5590 1974 5645 etiam
2001 5605 2100 5647 cu-

516 5696 636 5737 rare
673 5696 732 5735 se
774 5678 1031 5747 ostendit,
1063 5694 1236 5750 neque
1274 5680 1495 5735 omnino
1533 5684 1918 5739 contemnere?
1947 5683 2101 5742 Unde

516 5771 784 5843 colligitur
825 5772 967 5849 quod
1007 5771 1146 5829 Deus
1191 5770 1391 5849 aliquid
1439 5782 1494 5830 et
1537 5774 1802 5850 improbet
1822 5774 2017 5852 justus,
2044 5786 2102 5840 et

1382 325 1471 383 DE
1518 317 1952 381 DIVINATIONE
1993 312 2373 383 DIEMONUM,
2415 316 2473 372 S.
2514 314 2881 374 AUGUSTINI

2190 440 2366 487 tamen
2395 432 2667 501 permittat
2696 433 3054 503 omnipotens.

2261 524 2313 578 6.
2347 523 2472 577 Hanc
2498 539 2618 579 cum
2649 525 2789 581 dicta
2830 533 3031 592 essent,
3060 537 3378 581 concessum
3410 534 3503 583 est
3529 541 3642 583 non
3671 527 3778 588 ideo

2189 616 2479 688 putandum
2517 617 2715 688 aliquid
2747 618 2892 687 juste
2917 633 2979 673 ac
3002 618 3137 674 bene
3163 618 3302 687 ﬁeri,
3325 619 3452 692 quia
3477 618 3587 676 hoc
3614 624 3775 679 omni-

2189 718 2400 779 potens,
2427 710 2672 781 quamvis
2698 711 2746 766 ei
2778 710 3079 782 displiceat,
3108 711 3225 767 ﬁeri
3256 721 3436 769 tamen
3467 714 3603 770 sinit
3629 716 3667 781 ⁸,
3695 714 3766 771 la-

2189 801 2516 874 tendumque
2544 818 2666 860 esse
2694 804 2855 859 etiam
2886 804 2975 859 illa
3012 805 3150 860 mala
3192 821 3311 876 qua:
3340 816 3532 862 contra
3559 808 3761 881 religio-

2190 909 2312 951 nem
2342 910 2447 965 qua
2471 894 2665 950 colitur
2691 895 2831 951 Deus
2851 895 3005 963 ﬁunt,
3025 905 3083 952 et
3101 897 3380 968 displicere
3404 900 3518 955 Deo
3535 900 3696 970 justo,
3721 912 3767 959 et

2191 984 2402 1040 ratione
2436 985 2618 1055 judicii
2667 986 2786 1056 ejus
2828 987 2895 1042 ab
2934 988 3299 1058 omnipotente
3344 992 3584 1063 permitti
3628 1010 3643 1046 :
3682 994 3764 1052 sed

2190 1075 2332 1132 aliud
2362 1076 2471 1145 jam
2518 1092 2638 1133 esse
2680 1078 3035 1147 tractandum,
3084 1081 3225 1136 unde
3272 1081 3379 1137 sint
3424 1082 3767 1144 divinationes

2190 1166 2273 1222 vel
2304 1166 2628 1232 dremonum,
2656 1170 2739 1224 vel
2766 1170 2991 1240 quilibet
3018 1171 3094 1226 illi
3124 1172 3231 1227 sint
3256 1189 3391 1243 quos
3421 1173 3555 1230 deos
3584 1176 3765 1247 Ριμηί

2192 1259 2729 1315 vocantzvidendum
2769 1262 2914 1317 enim
2956 1277 3077 1319 esse
3124 1279 3191 1319 ne
3234 1264 3389 1331 forte,
3427 1281 3538 1322 non
3565 1269 3765 1338 quidem

2192 1359 2472 1421 propterea
2520 1351 2635 1407 haec
2676 1352 2813 1407 bona
2850 1355 3082 1424 putanda
3109 1356 3237 1424 sint,
3266 1358 3391 1427 quia
3420 1373 3483 1413 ea
3516 1358 3626 1415 ﬁeri
3652 1376 3764 1431 per-

2194 1443 2355 1497 mittit
2379 1444 2749 1514 omnipoteus;
2781 1445 2874 1501 sed
2900 1446 3019 1502 ideo
3048 1448 3172 1517 quia
3202 1455 3311 1503 tam
3338 1464 3533 1521 magna
3560 1462 3691 1519 sunt,
3711 1462 3767 1509 ut

2194 1548 2300 1589 non
2347 1534 2448 1589 nisi
2487 1534 2579 1590 Dei
2624 1536 2875 1605 potentiae
2910 1538 3191 1594 tribuenda
3220 1553 3341 1595 esse
3364 1540 3665 1598 videantur.
3688 1545 3763 1601 Ad

2194 1624 2297 1681 hoc
2324 1641 2409 1680 me
2436 1636 2620 1696 postea
2663 1642 3049 1698 responsurum
3089 1644 3209 1685 esse
3250 1630 3498 1702 promisi,
3532 1636 3764 1705 quoniam

2195 1725 2321 1772 tunc
2341 1717 2471 1772 hora
2500 1719 2796 1787 prodeundi
2826 1719 2893 1775 ad
2920 1721 3175 1791 populum
3219 1720 3329 1791 jam
3375 1738 3479 1778 nos
3520 1727 3759 1797 urgebat:

2195 1823 2294 1865 nec
2322 1810 2526 1878 distuli,
2557 1827 2680 1867 cum
2726 1813 2955 1883 spatium
3004 1814 3186 1869 datum
3235 1823 3320 1871 est
3363 1815 3683 1887 scribendi‘,
3713 1830 3763 1879 et

2195 1902 2281 1958 illa
2311 1912 2575 1970 retexere,
2608 1914 2662 1959 et
2688 1904 2786 1959 ista
2816 1905 3120 1961 subtexere.

2264 1994 2492 2052 CAPUT
2532 1995 2618 2051 Ill.
2638 2026 2714 2038 —
2732 1997 2784 2051 7.
2809 1997 3109 2054 Dwmonum
3134 1998 3377 2056 divinatio
3394 2001 3557 2057 tribus
3578 2019 3635 2057 es
3649 2020 3762 2059 cas-

2194 2089 2285 2145 sis.
2315 2089 2605 2143 Acrimonia
2632 2106 2830 2155 sensus,
2857 2092 3110 2146 celeritate
3146 2102 3329 2160 motus,
3358 2104 3409 2149 et
3435 2096 3668 2151 diuturna
3688 2115 3761 2153 re-

2194 2196 2308 2234 rum
2328 2181 2633 2251 experientia
2663 2181 2981 2252 prwpollent.
3012 2181 3135 2237 Non
3150 2182 3264 2239 ideo
3292 2186 3548 2241 daemones
3573 2204 3758 2258 prapo-

2195 2273 2385 2327 nendos
2412 2289 2517 2326 esse
2547 2272 2851 2328 hominibus.
2880 2274 3193 2330 Daemonum
3243 2291 3307 2333 ea
3355 2286 3441 2333 est
3482 2288 3685 2348 natura,
3711 2292 3761 2338 ut

2194 2365 2326 2420 aerii
2364 2366 2604 2436 corporis
2651 2381 2811 2422 sensu
2853 2375 3195 2424 terrenorum
3228 2384 3518 2440 corporum
3565 2388 3759 2430 sensmn

2194 2454 2349 2512 facile
2387 2456 2723 2527 prrecedant;
2756 2457 3030 2515 celeritate
3076 2460 3239 2515 etiam
3279 2470 3501 2533 propter
3539 2463 3758 2535 ejusdem

2194 2549 2329 2604 aerii
2379 2550 2618 2620 corporis
2668 2551 3000 2621 superiorem
3051 2551 3403 2610 mobilitatem
3452 2570 3561 2611 non
3604 2558 3758 2614 solum

2194 2656 2384 2698 cursus
2433 2644 2795 2714 quorumlibet
2836 2644 3111 2703 hominum
3152 2648 3237 2704 vel
3281 2647 3555 2717 ferarum,
3598 2666 3761 2708 vert-

2194 2734 2355 2790 etiam
2376 2734 2581 2790 volatus
2598 2736 2777 2791 avium
2806 2737 3300 2808 incomparabiliter
3316 2741 3553 2797 vincant.
3577 2743 3757 2812 Quibus

2195 2824 2398 2880 duabus
2424 2827 2586 2881 rebus
2604 2836 2862 2899 quantum
2891 2828 2960 2885 ad
2988 2832 3193 2887 aerium
3220 2848 3422 2904 corpus
3446 2837 3637 2892 attinet
3653 2853 3759 2909 pra-

2194 2914 2313 2982 diti,
2342 2917 2444 2972 hoc
2472 2926 2585 2983 est,
2616 2920 2909 2976 acrimonia
2951 2937 3143 2979 sensus
3172 2931 3227 2978 et
3264 2925 3543 2984 celeritate
3587 2937 3761 2997 motus,

2194 3008 2541 3065 multa’ante
2579 3012 2792 3081 cognita
2834 3015 3193 3083 praenuntiant
3230 3016 3315 3071 vel
3356 3018 3635 3088 nuntiant,
3663 3036 3762 3092 que

2196 3100 2441 3157 homines
2468 3118 2568 3172 pro
2595 3119 2786 3160 sensus
2833 3108 3032 3162 terreni
3070 3108 3320 3165 tarditate
3364 3112 3648 3169 mirentur.
3671 3116 3760 3170 Ac-

2195 3193 2357 3247 cessit
2376 3193 2537 3248 etiam
2568 3194 2902 3251 daemonibus
2928 3212 3025 3267 per
3055 3207 3161 3253 tam
3192 3200 3410 3271 longum
3437 3211 3650 3274 tempus
3671 3219 3759 3276 quo

2196 3297 2384 3338 eorum
2433 3283 2539 3339 vita
2587 3285 2939 3355 protenditur,
2972 3303 3152 3344 rerum
3200 3290 3357 3362 longe
3405 3294 3582 3363 major
3620 3310 3762 3364 expe-

2196 3375 2409 3439 rientia,
2439 3391 2597 3445 quam
2644 3386 2821 3447 potest
2869 3378 3176 3435 hominibus
3223 3391 3443 3454 propter
3468 3384 3765 3441 brevitatem

2196 3468 2319 3523 vita:
2351 3470 2652 3539 provenire.
2669 3470 2773 3526 Per
2793 3470 2889 3525 has
2911 3471 3209 3529 efﬁcacias‘
3224 3490 3355 3545 quas
3385 3477 3515 3532 aerii
3539 3478 3766 3548 corporis

2196 3570 2383 3616 natura
2414 3562 2601 3617 sortita
2626 3571 2727 3629 est,
2756 3578 2866 3618 non
2891 3564 3067 3619 solum
3093 3566 3259 3621 multa
3286 3566 3461 3623 futura
3488 3569 3766 3640 przedicnnt

2197 3652 2488 3720 dremones,
2515 3669 2700 3708 verum
2718 3655 2878 3709 etiam
2903 3656 3069 3710 multa
3089 3656 3226 3712 mira
3252 3656 3472 3713 faciunt.
3495 3659 3627 3727 Quae
3648 3674 3762 3732 quo.

2197 3746 2340 3801 niam
2372 3746 2616 3802 homines
2639 3747 2817 3804 dicere
2845 3763 2907 3804 ac
2946 3749 3123 3806 facere
3154 3767 3259 3807 non
3302 3765 3551 3824 possunt,
3579 3772 3671 3812 eos
3695 3757 3763 3813 di-

2198 3853 2332 3910 gnos
2359 3839 2572 3909 quidam
2609 3840 2802 3911 quibus
2850 3842 3089 3897 serviant
3132 3853 3187 3898 et
3228 3845 3421 3914 quibus
3449 3846 3663 3903 divinos
3684 3848 3765 3903 ho-

2199 3944 2359 3986 nores
2383 3929 2645 3997 del‘erant,
2677 3931 3023 3999 arbitrantur,
3062 3934 3345 4006 instigante
3384 3938 3623 3995 maxime
3660 3942 3763 3995 vitio

2199 4023 2537 4089 curiositatis,
2577 4032 2796 4094 propter
2841 4040 3081 4081 amorem
3128 4027 3395 4084 felicitatis
3435 4028 3586 4087 falsae
3631 4041 3765 4103 atque

2203 4123 2431 4171 terrente
2460 4125 2514 4170 et
2539 4116 2868 4171 excellentia
2898 4118 3263 4187 temporalis“.
3295 4118 3399 4188 Qui
3424 4132 3610 4177 autem
3640 4139 3692 4179 se
3713 4120 3765 4177 ab

2201 4206 2285 4262 his
2326 4207 2704 4277 cupiditatibus
2748 4207 3026 4274 mundant,
3054 4225 3153 4265 nec
3197 4211 3277 4265 eis
3319 4226 3379 4267 se
3420 4211 3766 4271 fallendoscs-

2201 4298 2530 4371 piendosque
2547 4299 2569 4331 ⁸
2614 4299 2948 4370 permittunt,
2974 4300 3068 4357 sed
3099 4302 3374 4373 inquirunt
3400 4313 3457 4360 et
3480 4317 3667 4364 amant
3686 4307 3764 4364 alio

2202 4393 2329 4463 quid
2361 4394 2503 4464 quod
2539 4394 2728 4450 eodem
2758 4395 2920 4453 modo
2942 4412 3158 4468 semper
3185 4407 3289 4466 est,
3315 4399 3471 4471 cujus
3498 4403 3766 4474 particips-

2203 4484 2349 4541 tione
2390 4484 2531 4540 beati
2572 4486 2711 4552 sint;
2746 4487 2977 4557 primum
3021 4489 3362 4547 considerant
3399 4508 3508 4548 non
3538 4494 3661 4552 ideo
3686 4495 3767 4551 sibi

2203 4575 2594 4644 praeponendos
2617 4591 2739 4633 esse
2757 4577 3049 4648 dremones,
3083 4581 3225 4652 quod
3250 4583 3459 4639 acriore
3486 4600 3649 4643 sensu
3667 4602 3767 4642 cor-

2204 4667 2351 4737 poris
2376 4667 2688 4737 prtevalent,
2720 4668 2853 4724 aerii
2881 4670 3105 4738 scilicet,
3134 4672 3237 4729 hoc
3263 4682 3347 4730 est
3373 4675 3666 4734 subtilioris
3688 4678 3767 4733 ele-

2203 4759 2371 4816 menti
2395 4759 2549 4830 :quia
2578 4774 2678 4816 nec
2702 4760 2757 4815 in
2787 4762 2916 4832 ipsis
2962 4764 3194 4821 terrenis
3235 4764 3553 4836 corporibus
3591 4769 3770 4825 besﬁas

2204 4852 2306 4908 sibi
2348 4855 2738 4925 praeponendas
2764 4865 2971 4926 putant,
2998 4873 3119 4928 quae
3151 4859 3327 4914 acrius
3352 4861 3520 4916 multa
3552 4876 3770 4933 praesen-

2205 4947 2374 5013 tiunt;
2404 4948 2548 5003 velut
2568 4964 2812 5021 sagacem
2833 4965 3042 5019 Canem,
3074 4953 3196 5023 quia
3224 4954 3475 5011 latentem
3510 4956 3675 5013 feram
3706 4954 3771 5009 ol-

2206 5040 2347 5097 factu
2381 5043 2643 5099 acerrimo
2668 5045 2747 5100 sic
2774 5045 2996 5115 invenit,
3028 5056 3088 5103 ut
3115 5048 3181 5103 ad
3208 5064 3325 5104 eam
3346 5049 3661 5120 capiendam
3685 5051 3769 5103 du-

2206 5143 2382 5189 catum
2405 5135 2687 5206 quemdam
2714 5136 2915 5194 homini
2944 5140 3201 5210 praebcat,
3219 5155 3323 5196 non
3350 5142 3536 5214 utique
3563 5143 3770 5216 pruden-

2205 5290 2788 5418 ﬂgmsssgﬁqtdaid
2820 5301 2966 5357 Deus,
2999 5294 3382 5362 licetsith
3413 5300 3768 5367 elumide

2269 5416 2290 5448 ¹
2324 5422 2374 5465 tu
2397 5424 2521 5477 Mss,
2548 5416 2816 5469 scribendo.

2270 5479 2292 5511 ³
2323 5480 2395 5529 sic
2416 5486 2521 5529 Mss.
2541 5481 2661 5531 Editi
2680 5489 2862 5540 autem,
2888 5481 3053 5533 inulto.

2270 5540 2294 5608 ξ
2324 5540 2512 5608 Aliquot
2533 5548 2663 5602 Mss,
2685 5541 2980 5608 eﬁicientias.

2268 5603 2291 5635 ³
2323 5602 2547 5676 ξιθίδὶᾳιιθ
2587 5602 2738 5676 Mss.
3068 5607 3285 5661 Maximo
3321 5608 3435 5662 vitio
3464 5607 3764 5676 οαὶοεᾷζαιὶξε

2205 5670 2401 5737 propter
2420 5665 2645 5737 antorem
2652 5665 2905 5737 felicitatis
2935 5668 3075 5737 [alsia
3104 5678 3247 5734 atque
3268 5678 3479 5726 terram
3497 5666 3767 5727 mellat-

2207 5730 2481 5793 temporalis
2510 5739 2528 5777 :
2551 5731 2728 5779 omissa
2759 5730 3011 5793 particula,
3035 5738 3098 5793 et.

2269 5790 2290 5822 ⁸
2303 5789 2311 5791 “
2324 5789 2549 5855 Plerique
2575 5799 2701 5856 Mss.,
2719 5789 2963 5859 {eride
2985 5789 3355 5860 raplmdosque.
