3904 6362
197 312 320 366 tiore
365 309 657 369 intellectu
713 317 916 384 animi,
953 320 1047 375 sed
1076 324 1312 379 acutiore
1338 331 1576 398 corporis
1599 347 1797 400 sensu;

210 402 287 458 vel
308 403 589 471 vulturem,
622 408 759 477 quia
805 410 1053 481 projecto
1095 416 1359 473 cadavere
1400 435 1465 474 ex
1515 420 1801 491 improvisa

215 496 583 568 longinquitate
613 499 877 567 advolat;
922 520 1021 559 nec
1059 508 1311 577 aquilam,
1343 512 1467 581 quia
1500 515 1803 573 sublimiter

210 590 381 643 volans
403 590 469 644 de
499 598 656 645 tanto
705 593 988 650 intervallo
1026 599 1126 653 sub
1150 599 1397 657 lluctibus
1427 613 1695 662 natantem
1724 610 1802 678 pi-

200 694 335 735 scem
366 680 569 737 dicitur
599 685 909 755 pervidere,
941 696 997 742 et
1035 692 1272 756 graviter
1296 695 1448 764 aquis
1474 697 1609 753 illisa
1639 714 1800 756 excr-

200 771 256 825 tis
296 770 530 841 pedibus
578 784 746 844 atque
792 779 1060 848 unguibus
1099 798 1451 853 rapere:nec
1492 790 1592 843 alia
1633 794 1797 849 multa

202 864 551 919 animantium
577 882 802 937 genera,
836 886 955 940 qua:
985 873 1125 928 inter
1150 876 1347 933 herbas
1371 880 1529 936 saluti
1559 897 1669 937 sua:
1696 901 1796 940 no-

192 954 300 1006 xias
346 957 631 1022 pascendo
658 960 1065 1029 circumerrant,
1101 980 1200 1021 nec
1242 968 1442 1037 aliquid
1472 987 1659 1028 eorum
1687 990 1795 1045 qua

190 1040 456 1098 laedantur
490 1046 799 1117 attingunt;
833 1066 955 1107 cum
984 1069 1077 1108 eas
1126 1056 1286 1111 homo
1330 1060 1413 1114 vix
1467 1065 1793 1132 experiendo

183 1149 376 1189 cavere
404 1136 688 1204 didicerit,
720 1154 775 1194 et
797 1144 958 1199 multa
988 1146 1200 1202 innoxia
1227 1151 1368 1220 quod
1389 1153 1495 1208 sint
1517 1155 1790 1226 inexperta

183 1214 458 1281 formidet.
496 1229 661 1286 Unde
690 1234 957 1304 conjicere
989 1235 1147 1294 facile
1176 1252 1279 1306 est,
1307 1254 1505 1313 quanto
1533 1250 1705 1317 possit
1736 1251 1788 1305 in

181 1316 340 1371 aeriis
367 1322 705 1389 corporibus
730 1340 919 1381 sensus
954 1329 1132 1384 acrior
1150 1346 1271 1387 esse
1295 1350 1307 1386 :
1333 1351 1432 1391 nec
1462 1337 1583 1392 ideo
1611 1349 1787 1397 tamen

179 1406 481 1475 dazmones,
511 1400 609 1481 qui
638 1428 704 1467 eo
728 1415 937 1483 praediti
964 1428 1111 1484 sunt,
1141 1421 1293 1477 bonis
1315 1423 1623 1501 hominibus
1654 1447 1788 1500 przc-

178 1500 463 1566 ponendos
512 1504 757 1572 prudens
790 1508 1015 1578 quisque
1039 1515 1325 1590 censuerit.
1353 1500 1465 1573 lloc
1493 1528 1547 1574 et
1571 1521 1639 1576 de
1667 1538 1786 1577 cor-

176 1604 367 1658 porum
402 1593 694 1650 celeritate
717 1596 1067 1657 dixerimtet
1114 1603 1215 1660 hac
1260 1609 1403 1663 enim
1454 1616 1779 1683 prrestantia,

175 1694 274 1735 nan
326 1685 517 1739 solum
568 1702 600 1740 a
650 1689 959 1746 volucribus
999 1693 1266 1762 homines,
1315 1716 1504 1757 verum
1552 1707 1712 1760 etiam
1750 1726 1781 1763 a

172 1775 360 1827 multis
403 1777 852 1847 quadrupedibus
900 1783 975 1837 ita
1020 1798 1361 1855 superantur,
1394 1789 1451 1846 ut
1496 1794 1549 1847 in
1592 1810 1777 1851 eorum

170 1866 589 1933 Comparatione
619 1870 847 1935 plumbei
865 1875 1154 1943 deputandi
1180 1878 1305 1946 sint;
1337 1897 1435 1937 nec
1463 1890 1637 1940 tamen
1658 1888 1778 1943 ideo

169 1955 276 2008 sibi
307 1955 440 2011 lucc
465 1959 811 2017 animantium
833 1980 1029 2034 genera
1058 1971 1365 2029 existimant
1392 1982 1772 2049 praeponenda,

172 2045 391 2113 quibus
422 2048 717 2117 capiendis,
751 2057 1247 2128 mansucfacieudis,
1276 2075 1435 2137 atque
1475 2069 1526 2122 in
1547 2085 1656 2125 sua:
1683 2088 1776 2127 vo-

172 2133 419 2191 luntatis
450 2154 611 2192 usum
641 2147 1070 2220 commodumque
1097 2152 1420 2227 redigendis,
1446 2176 1550 2214 non
1581 2164 1631 2216 vi
1647 2179 1771 2219 cor-

169 2227 352 2296 poris,
388 2229 494 2283 sed
524 2232 739 2288 rationis
759 2237 1084 2309 imperitant.

231 2317 487 2375 CAPUT
524 2321 613 2377 ιν.
634 2354 703 2365 -
725 2318 857 2382 Mira
875 2334 1109 2399 quietiam
1146 2325 1236 2391 etsi
1268 2326 1520 2397 daemones
1554 2346 1764 2415 faciunt,

158 2412 551 2466 contemnendi.
580 2414 726 2472 llla'm
748 2435 874 2475 vero
897 2416 1105 2479 tertiam
1126 2426 1427 2485 datmonum
1453 2437 1763 2502 potentiam,

159 2500 297 2569 Quod
316 2501 587 2558 diuturna
609 2523 786 2564 rerum
804 2514 1131 2581 experientia
1151 2500 1601 2589 quemadmodum
1627 2544 1765 2598 prte—

158 2603 387 2648 noscant
418 2605 589 2666 atque
619 2603 977 2669 praenuntient
1002 2609 1163 2663 multa
1191 2610 1511 2683 didicerunt,
1535 2617 1605 2671 ita
1635 2635 1766 2675 con-

158 2692 404 2741 temnunt
450 2691 548 2759 qui
588 2690 705 2747 haec
730 2695 1014 2765 vigilanter
1038 2712 1224 2757 curant
1250 2719 1279 2758 a
1306 2707 1601 2765 verissima:
1628 2712 1764 2769 lucis

157 2778 385 2832 veritate
410 2780 753 2850 discernere,
787 2794 845 2840 ut
875 2803 974 2842 nec
1003 2791 1172 2846 malos
1202 2784 1360 2851 senes
1386 2798 1533 2867 plura
1564 2817 1759 2872 exper-

156 2875 258 2931 tos,
288 2877 345 2923 et
369 2871 443 2925 ob
472 2871 576 2927 hoc
606 2876 758 2943 quasi
786 2876 1078 2947 doctiores,
1111 2883 1234 2939 ideo
1264 2888 1415 2954 probi
1444 2891 1759 2950 adolescen-

156 2966 230 3011 tes
257 2959 365 3013 sibi
391 2964 728 3020 antecellch
746 2967 1082 3039 existiment;
1114 2990 1215 3030 nec
1240 2977 1492 3045 medicos,
1518 2998 1617 3039 nec
1639 3001 1760 3040 nau-

156 3057 251 3117 las,
282 3067 392 3105 nec
433 3056 727 3123 agricolas,
759 3075 892 3127 quos
938 3079 1112 3130 prava:
1139 3067 1427 3126 voluntatis
1468 3081 1523 3128 et
1562 3074 1758 3147 iniquis

152 3143 407 3197 moribus
449 3147 699 3216 viderint,
736 3151 856 3207 ideo
886 3156 985 3209 sibi
1016 3166 1200 3225 putent
1224 3177 1345 3218 esse
1374 3165 1754 3237 prmferendos,

150 3234 297 3302 quod
351 3235 429 3290 illi
477 3238 544 3295 de
571 3242 984 3314 valetudinibus,
1014 3249 1089 3305 illi
1121 3253 1187 3307 de
1217 3259 1643 3327 tempestatibus,
1679 3234 1754 3319 illi

147 3316 208 3380 de
239 3328 606 3385 arbustorum
636 3332 953 3407 frugumque
980 3344 1265 3409 generibus
1306 3316 1469 3402 multa
1509 3350 1579 3405 ita
1610 3316 1753 3421 prae-

145 3421 433 3486 nuntiant,
463 3432 523 3476 ut
554 3424 738 3481 barum
771 3444 950 3485 rerum
976 3433 1258 3505 inexperto
1273 3437 1517 3497 divinare
1539 3444 1754 3507 videan-

145 3519 261 3562 lUl'.

212 3602 278 3654 8.
330 3597 491 3667 Quod
520 3619 637 3658 vero
677 3626 781 3665 non
809 3600 981 3669 solum
1010 3617 1281 3676 daemones
1304 3625 1548 3693 quzedam
1574 3627 1749 3686 futura

142 3691 486 3759 przrdicunt,
532 3713 705 3754 verum
748 3704 906 3759 etiam
937 3709 1177 3777 quardam
1226 3716 1361 3769 mira
1399 3718 1616 3787 faciunt,
1651 3739 1749 3791 pro

142 3780 254 3849 ipsa
286 3784 483 3853 utique
523 3788 603 3841 sui
646 3796 885 3860 corporis
927 3800 1261 3868 excellentia,
1304 3820 1403 3870 cur
1428 3824 1535 3862 non
1563 3822 1747 3868 conte-

142 3964 243 4017 diti
283 3966 534 4023 homines
574 3970 644 4024 ita
671 3978 953 4031 exerceant
982 3995 1203 4051 corpora
1233 4001 1348 4053 sua,
1382 3997 1631 4060 tantaque
1658 3993 1745 4047 di-

147 4055 325 4107 Ver-sis
350 4058 559 4114 artibus
600 4063 805 4131 possint
835 4068 874 4132 ¹,
912 4077 972 4122 ιιι
1013 4085 1073 4124 ea
1103 4074 1193 4143 qui
1222 4074 1335 4131 haec
1364 4081 1609 4136 nesciunt
1646 4100 1744 4140 nec

162 4142 437 4213 aliquando
458 4152 725 4221 viderunt,
750 4157 906 4213 etiam
931 4142 1142 4218 narrata
1172 4166 1261 4220 vix
1285 4169 1544 4225 credant?
1571 4173 1740 4241 Quam

162 4237 313 4291 multa
354 4240 655 4297 funambuli
686 4249 972 4319 ceterique
1003 4252 1246 4310 theatrici
1290 4260 1546 4329 artifices,
1578 4237 1738 4333 quam

163 4328 311 4383 multa
341 4332 566 4402 opifices
610 4338 943 4410 maximeque
972 4343 1263 4401 mechanici
1309 4350 1549 4406 miranda
1596 4354 1738 4412 fece-

164 4423 306 4476 runt?
332 4423 474 4479 Nunt
507 4426 628 4481 ideo
658 4430 904 4488 meliores
929 4446 1053 4517 sunt
1079 4437 1230 4493 bonis
1256 4451 1307 4496 et
1334 4454 1517 4501 sancta
1544 4448 1737 4517 pietate

165 4515 380 4575 pra-ditis
410 4516 758 4575 hominibus?
796 4524 923 4590 Qua:
950 4512 1068 4582 ideo
1096 4537 1528 4602 commemoravi,
1561 4549 1618 4594 ut
1645 4542 1735 4611 qui

165 4599 264 4657 lucc
287 4607 405 4661 sine
439 4612 734 4677 pervicacia
777 4625 831 4670 et
854 4618 968 4671 sine
998 4623 1128 4674 vana
1169 4616 1452 4681 resistendi
1480 4631 1735 4687 animosi-

166 4704 258 4749 tate
279 4700 606 4769 considerat,
638 4705 792 4760 simul
819 4709 1036 4778 cogitet,
1083 4713 1125 4767 si
1153 4714 1221 4769 de
1249 4717 1560 4787 suhjacente
1585 4739 1733 4778 cras-

164 4785 289 4839 siore
315 4792 534 4847 materia
574 4796 656 4848 vel
686 4798 766 4850 sui
808 4800 1031 4870 quisque
1060 4808 1320 4875 corporis,
1367 4811 1449 4865 vel
1498 4823 1652 4870 terrae
1677 4830 1732 4873 et

164 4888 312 4947 aqum,
340 4883 577 4953 lapidum
603 4898 761 4960 atque
789 4892 1049 4962 lignorum
1087 4900 1527 4974 metallorumque
1556 4910 1730 4965 vario-

164 4981 283 5036 rum,
311 4980 453 5029 tanta
494 4977 709 5047 quidam
741 4981 981 5039 homines
1013 5000 1255 5058 possunt,
1303 5002 1361 5047 ut
1401 5010 1496 5051 eos
1536 4997 1614 5052 illi
1638 5002 1729 5070 qui

162 5056 262 5114 lucc
282 5081 385 5120 non
412 5078 658 5141 possunt,
684 5072 998 5146 plerumque
1017 5056 1298 5148 stupende,
1328 5085 1379 5139 in
1405 5088 1486 5141 sui
1508 5103 1725 5161 compa-

162 5153 346 5212 ratione
374 5154 586 5216 divinos
625 5166 835 5230 Vocem,
862 5183 982 5222 cum
1026 5174 1239 5241 quidam
1269 5177 1475 5234 illorum
1504 5182 1610 5237 sint
1635 5199 1727 5239 ar-

163 5242 280 5299 tibus
304 5251 656 5320 potentiores,
685 5256 901 5326 quidam
928 5260 1147 5317 istorum
1176 5269 1412 5324 moribus
1440 5274 1723 5339 meliores;

160 5348 336 5401 quanto
362 5342 568 5412 majora
590 5338 646 5399 et
660 5349 981 5405 mirabiliora
1004 5368 1102 5422 pro
1114 5348 1442 5415 subtilissimi
1461 5367 1720 5433 corporis,

147 5425 193 5481 id
209 5440 307 5494 est,
324 5436 455 5488 aerii
472 5432 722 5492 facultate
737 5454 801 5494 ac
818 5440 1068 5523 facilitate
1083 5444 1354 5505 dmmones
1374 5455 1722 5523 possint,cum

141 5532 310 5580 tamen
335 5527 445 5581 sint
473 5522 764 5586 voluntatis
793 5522 1071 5602 pravitate.
1103 5522 1435 5614 maximeque
1461 5551 1724 5619 superbiae

193 5661 211 5693 ι
244 5658 392 5715 nam,
616 5674 763 5727 agere
1000 5676 1164 5733 Abest,
1196 5686 1352 5737 maere,
1378 5690 1402 5725 a
1427 5686 1517 5730 Mss

379 5742 610 5806 Sacr.
667 5749 942 5810 Accusv.
976 5753 1081 5814 Vi.

1634 213 1832 273 LIBER
1874 220 2069 278 UNUS.

3394 273 3496 335 586

1919 338 2054 397 fastu
2084 354 2137 401 et
2185 347 2489 413 invidentia:
2522 363 2717 421 malitia
2746 371 2761 400 ¹
2792 374 3009 442 spiritus
3035 380 3288 442 immundi
3332 401 3490 464 atque

1919 437 2142 464 nonI-Ann:
2167 437 2191 464 ι)
2226 441 2395 464 n._-_.
2612 462 2618 464 Α
2804 462 2813 464 _

1912 437 2191 498 perversi?
2225 441 2488 510 Quantum
2533 462 2709 510 autem
2739 462 2904 519 valeat
2944 471 3086 525 aeris
3124 437 3487 552 elementuin,

1909 537 2013 589 quo
2049 540 2231 583 eorum
2263 548 2486 606 corpora
2518 549 2823 616 praevalent,
2855 557 2920 609 ad
2950 562 3115 622 multa
3153 569 3377 629 visibilia
3406 577 3488 631 ina-

1909 615 2185 675 visibiliter
2209 626 2494 698 molienda,
2551 642 2831 709 movenda,
2880 654 3131 710 mutanda
3175 669 3336 733 atque
3360 681 3489 723 ver-

1909 707 2065 733 ι-ηηιιιι
2121 711 2204 733 1---
2220 730 2277 733 μη
2301 732 2323 733 η
2433 730 2441 733 .
2678 730 2689 733 -

1905 707 2090 774 sanda,
2121 711 2335 783 longum
2366 730 2448 775 est
2477 739 2617 782 nunc
2658 730 3025 796 demonstrare
3052 761 3067 808 ;
3095 757 3149 801 et
3178 707 3304 819 puio
3345 764 3485 828 quod

1905 798 1984 828 ινιιι
2013 802 2345 828 ...ηΛξιυι-τιμ-
2383 827 2390 828 ,
2504 816 2515 828 .
2541 817 2551 828 .
2720 826 2727 828 .
2764 825 2777 828 _

1905 798 1986 852 vel
2012 802 2349 883 mediocriter
2368 816 2729 877 consideranti
2756 825 2907 883 facile
2940 798 3203 895 occurratr.

1973 889 2197 950 CAPUT
2236 898 2299 953 V.
2327 932 2397 943 —-
2422 904 2477 959 9.
2521 908 2668 966 Unde
2694 915 2945 975 daemones
2985 889 3320 994 prwnttn'tient
3366 954 3488 993 vene

1902 990 2033 1037 tura.
2075 985 2204 1053 Qua:
2231 1005 2351 1047 cum
2393 996 2461 1052 ita
2504 1001 2630 1066 sint,
2660 1008 2887 1074 primum
2915 1016 3185 1075 sciendum
3215 1035 3314 1090 est,
3346 1044 3480 1098 quo-

1902 1074 2036 1098 ..τμη
2072 1078 2128 1098 Δ,
2254 1084 2266 1095 .
2349 1088 2377 1098 _.
2542 1094 2553 1098 -

3174 1074 3183 1075 ,
3221 1074 3314 1090 -_-,
3349 1074 3450 1098 ,ιη

1899 1074 2038 1139 niam
2066 1078 2134 1133 de
2162 1080 2484 1146 divinatione
2522 1094 2823 1157 dannonum
2867 1111 3092 1176 quaestio
3117 1122 3216 1181 est,
3268 1118 3389 1175 illos
3418 1137 3481 1178 ea

1896 1166 2207 1241 plerumque
2236 1172 2592 1245 prmnuntiare
2633 1205 2751 1261 qua:
2797 1196 2895 1265 ipsi
2926 1199 3111 1259 facturi
3141 1220 3284 1264 sunt.
3318 1214 3483 1270 Acci-

1898 1256 2046 1322 piunt
2072 1263 2213 1318 enim
2242 1282 2385 1338 stepe
2417 1283 2729 1342 potestatem
2759 1295 2815 1339 et
2844 1291 3059 1348 morbos
3087 1295 3396 1369 immittere,
3428 1317 3483 1361 ct

3012 1346 3051 1348 ν,
3087 1346 3396 1369 _------.-......,
3429 1346 3482 1361 ι.

1894 1346 2064 1415 ipsum
2095 1368 2272 1412 aerem
2304 1362 2536 1419 vitiando
2566 1372 2864 1431 morbidum
2894 1382 3137 1453 reddere,
3167 1400 3221 1444 et
3262 1408 3482 1461 perver-

3097 1440 3137 1453 _,
3175 1440 3219 1444 η
3262 1440 3438 1461 μην.

1890 1440 1968 1492 sis
2004 1451 2163 1513 atque
2190 1453 2513 1511 amatoribus
2542 1470 2874 1523 terrenorum
2916 1479 3317 1538 commodorum
3366 1502 3480 1541 ma-

1890 1530 2075 1590 lefacta
2107 1541 2364 1611 suadere;
2398 1547 2464 1604 de
2493 1567 2717 1620 quorum
2748 1562 2985 1619 moribus
3021 1573 3151 1624 certi
3182 1584 3305 1629 sunt
3333 1581 3474 1646 quod

3337 1625 3473 1646 -,-ν..

1887 1625 1995 1680 sint
2019 1630 2098 1684 eis
2127 1634 2246 1688 talia
2279 1639 2624 1700 suadentibus
2665 1657 2995 1711 consensuri.
3037 1659 3273 1719 Suadent
3296 1680 3473 1725 autem

1886 1721 2037 1776 miris
2075 1732 2130 1778 et
2176 1728 2526 1791 invisibilibus
2570 1741 2761 1807 modis,
2811 1760 2906 1815 per
2934 1750 3079 1807 illam
3126 1758 3473 1818 subtilitatem

1883 1825 2099 1869 suorum
2127 1833 2409 1890 corporum
2428 1843 2649 1901 corpora
2681 1835 2954 1896 hominum
2987 1860 3091 1901 non
3122 1854 3466 1911 sentientium

1882 1907 2226 1973 penetrando,
2271 1926 2494 1985 seseque
2523 1924 2931 1992 cogitationibus
2961 1950 3145 1993 eorum
3192 1956 3288 2011 per
3319 1948 3466 2016 qua);

1883 1994 1996 2016 ,μμ
2190 2001 2201 2012 .
2307 2007 2318 2016 .
2415 2009 2426 2016 .
2581 2014 2588 2016 .

3192 1994 3214 2011 ,
3235 1994 3275 1997 ,κ
3323 1994 3435 2016 τ-..

1879 1994 2000 2048 dam
2045 1997 2352 2070 imaginaria
2380 2009 2489 2063 visa
2522 2014 2812 2083 miscendo,
2855 2023 2968 2079 sive
2996 2027 3320 2097 vigilantium
3355 2039 3467 2092 sive

1877 2086 2273 2149 dormientium.
2316 2100 2615 2170 Aliquando
2638 2119 2813 2166 autem
2841 2130 2944 2169 non
2972 2086 3090 2188 qum
3120 2123 3215 2192 ipsi
3245 2126 3463 2192 faciunt,

1875 2179 1969 2232 sed
2011 2196 2130 2250 qua:
2173 2191 2497 2247 naturalibus
2544 2197 2710 2268 signis
2754 2198 2924 2260 futura
2953 2179 3311 2281 praenoscunt,
3345 2236 3464 2291 qua:

2595 2262 2619 2268 ν
2953 2262 2968 2277 _
3022 2262 3311 2281 -___---_..-,
3346 2262 3464 2291 ,νην

1874 2262 2022 2338 Signa
2066 2272 2118 2327 in
2164 2274 2439 2335 hominum
2467 2300 2656 2343 sensus
2699 2295 2885 2351 venire
2914 2315 3016 2354 non
3064 2316 3307 2373 possunt,
3340 2324 3465 2367 ante

1874 2362 2182 2427 praedicunt.
2223 2368 2406 2440 Neque
2434 2377 2575 2432 enim
2605 2383 2727 2451 quia
2756 2389 3008 2453 praevidet
3053 2362 3460 2472 medicus,

1872 2464 1975 2505 non
2021 2455 2275 2522 praevidet
2314 2463 2429 2532 ejus
2477 2470 2608 2524 artis
2653 2473 2884 2544 ignarus,
2929 2482 3049 2538 ideo
3090 2486 3201 2556 jam
3250 2455 3460 2549 divinus

1871 2540 2145 2603 habendus
2168 2562 2269 2606 est.
2311 2553 2446 2621 Quid
2473 2570 2651 2617 autem
2677 2540 2892 2637 mirum,
2937 2574 2983 2627 si
3009 2540 3457 2645 quemadmodum

1868 2633 1957 2690 ille
1983 2636 2036 2691 in
2066 2646 2305 2712 corporis
2334 2648 2548 2707 humani
2592 2658 2673 2711 vel
2704 2633 3007 2727 perturbata
3026 2633 3120 2723 Ivel
3153 2675 3455 2735 modiﬁcata

1869 2732 2125 2798 temperie
2150 2748 2244 2790 seu
2273 2738 2440 2796 bonas
2466 2758 2559 2799 seu
2593 2750 2760 2806 malas
2788 2752 2991 2813 futuras
3022 2765 3274 2829 prtcvidet
3311 2770 3453 2824 vale-

1868 2818 2117 2889 tudines;
2145 2825 2222 2881 sic
2247 2827 2473 2887 diemou
2500 2835 2550 2890 in
2578 2841 2717 2895 aeris
2755 2843 3033 2905 affectione
3055 2862 3212 2923 atque
3238 2860 3454 2916 ordina-

1867 2911 2011 2968 tione
2062 2916 2164 2972 sibi
2217 2930 2362 2989 nota,
2421 2928 2575 2983 nobis
2623 2932 2800 3002 ignota
2847 2939 2890 3003 ³,
2945 2911 3147 3000 futuras
3199 2950 3452 3018 prrevidct

1866 3014 2247 3077 tempestates?
2289 3017 2585 3089 Aliquando
2612 3034 2668 3079 et
2706 3028 2978 3088 hominum
3028 3014 3402 3109 diSpositiones
3430 3090 3444 3113 ,

1862 3113 1967 3153 non
1994 3102 2169 3158 solum
2216 3121 2345 3164 voce
2396 3114 2648 3183 prolatas,
2680 3135 2862 3178 verum
2916 3129 3074 3183 etiam
3125 3137 3448 3205 cogitatione

1860 3204 2166 3262 conceptas,
2194 3212 2314 3252 cum
2337 3202 2484 3271 signa
2502 3208 2743 3275 quaadam
2771 3223 2836 3268 ex
2865 3218 3045 3272 animo
3074 3232 3446 3292 exprimuntur

1861 3281 1912 3335 iu
1941 3297 2186 3355 corpore,
2221 3300 2326 3346 tota
2368 3295 2620 3355 facilitate
2648 3305 2953 3372 perdiscunt
2979 3312 3054 3385 (α)
3094 3281 3291 3388 :atque
3319 3321 3443 3378 hinc

1857 3374 2018 3429 etiam
2046 3375 2210 3435 utuita
2238 3381 2410 3439 futura
2442 3394 2815 3463 praenuntiant,
2862 3374 3247 3469 aliis‘vidc‘licc't
3273 3413 3400 3466 mira
3425 3458 3438 3475 .

1857 3466 1945 3533 qui
1972 3467 2069 3521 ista
2113 3471 2365 3543 disposita
2395 3494 2498 3532 non
2530 3498 2811 3541 noverunt.
2844 3466 2995 3548 Sicut
3037 3498 3178 3552 enim
3221 3514 3442 3571 apparet

1855 3561 2169 3617 concitatior
2206 3569 2369 3623 animi
2420 3581 2594 3629 motus
2642 3576 2692 3631 in
2738 3582 2906 3647 vultu,
2942 3595 2999 3640 ut
3038 3588 3106 3641 ab
3136 3589 3439 3651 hominibus

1853 3665 2062 3721 quoque
2091 3655 2290 3727 aliquid
2332 3661 2624 3723 forinsecus
2653 3685 2990 3744 agnoscatur,
3019 3684 3160 3751 quod
3184 3685 3437 3745 intrinse-

1853 3757 1947 3796 cus
1985 3746 2156 3814 agitur
2185 3768 2197 3802 :
2228 3750 2296 3805 ita
2329 3770 2433 3810 non
2462 3756 2621 3815 debet
2648 3778 2767 3821 esse
2803 3746 3131 3836 incredibile,
3180 3778 3224 3832 si
3274 3781 3433 3837 etiam

1854 3831 2083 3890 leniores
2101 3838 2121 3868 ³
2153 3843 2500 3911 cogitationes
2523 3850 2652 3908 dant
2697 3857 2869 3927 aliqua
2903 3862 3049 3933 signa
3075 3882 3169 3934 per
3195 3881 3389 3941 corpus
3413 3918 3427 3940 ,

1852 3939 1969 3992 qua:
1994 3928 2185 3985 obtuso
2207 3931 2228 3964 ⁸
2256 3949 2415 3992 sensu
2449 3939 2719 4001 hominum
2757 3957 3003 4022 cognosci
3035 3974 3138 4012 non
3188 3977 3426 4033 possunt,

1849 4028 2005 4073 acuto
2052 4034 2230 4080 autem
2280 4030 2580 4090 dzemonum
2627 4054 2864 4108 possunt.

1918 4112 2142 4169 CAPUT
2184 4118 2268 4172 Vl.
2297 4150 2367 4163 -—
2407 4124 2494 4179 {0.
2534 4126 2789 4186 Divinatio
2832 4136 3115 4195 dtumonum
3157 4162 3310 4216 quam
3350 4151 3431 4203 di-

1846 4213 1984 4259 stans
2003 4208 2066 4260 ab
2089 4209 2355 4268 altitudine
2378 4219 2655 4288 prophetia:
2672 4224 2870 4281 divinw.
2912 4208 3179 4289 Dirmones
3208 4240 3427 4307 plerum-

1845 4282 1939 4365 que
1993 4299 2108 4369 falli
2154 4312 2200 4354 et
2260 4282 2481 4374 fallere.-
2517 4310 2777 4377 Quomodo
2825 4282 3427 4394 fallenti-trTWQitomoda

1845 4389 2051 4459 fallunt.
2092 4393 2202 4448 Hac
2229 4404 2388 4466 atque
2420 4399 2719 4470 hujusmodi
2750 4407 3000 4467 facultate
3026 4389 3200 4471 multa
3218 4421 3424 4476 dmmo-

1845 4497 1938 4537 nes
1963 4488 2357 4554 praznuntiant;
2389 4504 2507 4546 cum
2539 4503 2715 4551 tamen
2742 4501 2810 4555 ab
2831 4502 2907 4557 eis
2938 4503 3093 4577 longe
3114 4511 3181 4563 sit
3201 4512 3425 4569 altitudo

1842 4570 1983 4627 illius
2014 4576 2325 4646 prophetiae,
2353 4597 2512 4650 quam
2539 4585 2676 4641 Deus
2697 4604 2792 4658 per
2810 4605 3023 4650 sanctos
3044 4602 3274 4669 Angelos
3299 4622 3425 4663 suos

1840 4671 1894 4717 et
1920 4664 2211 4735 Prophetas
2236 4683 2505 4739 operatur.
2546 4676 2676 4732 Nam
2699 4681 2742 4734 si
2760 4684 2883 4753 quid
2909 4686 2976 4743 de
3007 4689 3091 4745 illa
3122 4664 3209 4748 ὑθὶ
3238 4697 3391 4768 dispo
3419 4734 3423 4739 -

1838 4755 2030 4812 sitioue
2059 4763 2436 4829 prmnuntiant,
2462 4768 2683 4824 audiunt
2711 4780 2768 4825 ut
2793 4780 3145 4844 prmnuntient
3170 4804 3183 4851 ;
3217 4797 3269 4840 ct
3296 4755 3417 4846 cum

1837 4860 1897 4900 ea
1928 4849 2220 4916 prmdicunt
2249 4868 2367 4923 qua:
2411 4856 2535 4912 inde
2577 4860 2815 4930 audiunt,
2863 4883 2967 4922 non
3017 4849 3199 4929 fallunt
3243 4896 3419 4951 neque

1839 4940 2087 4996 falluntur
2118 4962 2129 4998 :
2166 4949 2507 5006 veracissima
2534 4955 2677 5009 enim
2701 4968 2824 5014 sunt
2848 4965 3081 5033 angelica
3107 4979 3160 5023 et
3188 4978 3418 5044 prephc-

1838 5031 1936 5085 tica
1964 5034 2197 5089 oraculm
2240 5036 2325 5092 Sic
2352 5050 2527 5096 autem
2560 5045 2895 5116 indignanter
2921 5031 3243 5127 accipitur",
3274 5031 3415 5133 quod

1834 5121 2007 5191 aliqua
2037 5126 2198 5180 etiam
2245 5129 2363 5183 talia
2416 5131 2687 5192 daemones
2721 5141 2939 5198 audiant
2981 5121 3052 5200 ρι’
3075 5121 3364 5219 praedicant
3408 5203 3421 5223 ,

1899 5259 1914 5325 ξ
1951 5262 2017 5325 tta
2042 5266 2143 5307 Mss.
2173 5267 2234 5325 At
2249 5261 2365 5325 editi
2384 5301 2397 5321 ,
2423 5271 2470 5313 et
2496 5267 2702 5321 euidenti
2718 5273 2921 5325 "latitia.

1897 5321 1918 5402 ἰ
1951 5322 2447 5402 ἓίέἒὲίεξιῖθλίιὶνθὶρν
2473 5326 2565 5379 δέω
2586 5338 2736 5395 "was.
2760 5321 3113 5402 ηὸῦἱὲἳέιηοιαςς.

1899 5381 1918 5411 ³
1954 5383 2090 5439 γεω,
2115 5382 2327 5435 leviores.
2392 5381 2449 5437 u’.
2628 5381 2635 5383 ⁷
2699 5381 2733 5437 τί

1897 5441 1917 5507 ξ
1951 5448 2000 5491 tu
2024 5449 2159 5503 Mss,
2183 5446 2394 5505 obtunso.
2434 5504 2437 5507 η
2905 5485 2908 5489 ~

1896 5504 1915 5535 ³
1952 5510 2013 5552 tta
2046 5511 2150 5555 Mss.
2188 5504 2242 5556 at
2267 5516 2374 5586 ΑωεΔ
2393 5504 2444 5559 et
2467 5515 2641 5586 Er.,§ic
2661 5526 2823 5569 autem
2844 5534 2935 5571 non
2948 5524 3264 5586 indignanter
3282 5544 3412 5582 acc:-

1834 5564 1885 5616 121‘
1915 5570 2009 5641 tur.
2030 5573 2157 5625 l.ov.,
2178 5577 2275 5618 Non
2294 5564 3081 5641 αιιιεηῃηᾱίφιάἇὶὲῖἁεεέρίαιηνῗ

1898 5630 1967 5689 (a)
1992 5633 2024 5675 tt
2051 5635 2277 5707 Bclract.“
2291 5647 2403 5707 cap;
2422 5636 2499 5685 50.
2525 5630 2695 5707 confer
2735 5645 2878 5691 etiam
2902 5630 3081 5695 lib-("tv
3103 5657 3267 5701 contra
3301 5662 3411 5707 Aeas

1833 5686 2059 5751 demicus,
2086 5706 2220 5756 capp.
2249 5694 2278 5739 6
2304 5686 2421 5753 et'7,
2454 5712 2499 5744 η.
2524 5686 2682 5749 16-2].

2594 5784 3003 5866 f0ix-neuﬁi
