3810 6544
433 352 539 407 187

440 463 593 534 quasi
642 456 841 529 aliquid
881 453 1154 527 indignum
1190 452 1263 508 sit
1307 460 1364 507 ut
1399 450 1542 522 quod
1583 449 1704 506 ideo
1744 447 1939 503 dicitur
1967 452 2026 499 ut
2074 466 2081 471 ฮฟ

443 553 748 614 hominibus
793 550 1108 612 innotescat,
1153 545 1255 601 hoc
1292 559 1399 599 non
1445 543 1618 598 solum
1648 540 1795 605 boni,
1842 551 2025 593 verum

442 648 605 704 etiam
658 642 783 698 mali
841 655 946 695 non
997 645 1247 693 taceant:
1285 650 1407 690 cum
1454 635 1506 688 in
1551 634 1680 703 ipsis
1725 628 2028 685 hominibus

444 740 605 796 etiam
631 735 751 791 vita:
795 734 949 789 bona
974 738 1238 802 praecepta
1275 726 1555 783 videamus
1593 724 1793 795 pariter
1818 738 1848 776 a
1871 721 2030 793 justis

447 830 820 903 perversisque
842 823 1081 889 cantari;
1108 838 1207 879 nec
1233 822 1423 878 obesse
1466 818 1685 889 aliquid,
1720 817 1829 871 imo
1869 816 2029 871 etiam

446 921 701 992 prodesse
727 918 793 973 ad
831 917 1089 986 majorem
1116 913 1358 968 notitiam
1406 910 1708 981 famamque
1755 907 2028 971 veritatis,

447 1029 571 1069 eum
599 1012 669 1067 de
698 1011 785 1066 illa
829 1010 988 1065 etiam
1034 1006 1087 1062 lii
1114 1004 1369 1077 quidquid
1412 1014 1675 1061 noverunt
1710 1003 1913 1071 dicunt,
1942 1003 2034 1073 qui

448 1105 498 1159 ei
527 1102 793 1175 perversis
823 1099 1058 1155 moribus
1085 1097 1477 1154 contradicunt.
1538 1096 1593 1152 In
1622 1096 1833 1151 caeteris
1856 1104 2034 1149 autem

451 1192 889 1264 przedictionibus
913 1192 1024 1247 suis
1049 1190 1323 1246 dmmones
1368 1190 1676 1260 plerumque
1704 1197 1759 1243 et
1786 1189 2038 1243 falluntur

452 1295 511 1342 et
537 1286 742 1341 fallunt.
783 1283 1057 1339 Falluntur
1079 1282 1317 1355 quidem,
1343 1282 1467 1353 quia
1494 1297 1616 1339 eum
1646 1296 1769 1337 suas
1806 1280 2038 1350 diSposi-

455 1377 629 1433 tiones
655 1374 1032 1446 praenuntiant,
1061 1390 1128 1429 ex
1154 1372 1442 1444 improviso
1469 1371 1700 1443 desuper
1725 1371 1921 1443 aliquid
1947 1370 2038 1441 ju-

455 1460 632 1527 betur,
664 1457 805 1528 quod
832 1473 1019 1514 eorum
1063 1457 1285 1513 consilia
1310 1464 1501 1512 cuncta
1553 1455 1844 1527 perturbet.
1886 1454 2042 1511 Velut

456 1551 503 1606 si
531 1548 731 1620 aliquid
755 1547 1043 1619 disponant
1068 1547 1292 1619 quilibet
1319 1547 1564 1604 homines
1591 1547 1909 1619 quibuslibet
1944 1561 2045 1617 po-

459 1641 738 1698 testatibus
761 1641 980 1709 subditi,
1002 1640 1146 1712 quod
1171 1656 1277 1697 non
1305 1640 1664 1712 prohibituros
1682 1655 1810 1696 suos
1840 1655 2046 1712 pracpo-

458 1735 591 1789 sitos
615 1733 957 1798 arbitrentur,
988 1732 1148 1805 idque
1172 1731 1406 1789 facturos
1448 1747 1508 1787 se
1532 1746 1653 1788 esse
1692 1734 2001 1803 promittant
2026 1746 2041 1797 ;

457 1834 515 1880 at
543 1824 639 1892 illi,
680 1840 845 1896 penes
870 1840 1005 1896 quos
1035 1826 1206 1894 major
1249 1832 1482 1894 potestas
1509 1832 1612 1891 est,
1643 1838 1711 1879 ex
1752 1824 1857 1879 alio
1883 1839 2043 1894 supe-

450 1916 603 1972 riore
622 1915 843 1972 consilio
859 1917 961 1970 hoc
981 1924 1149 1970 totum
1170 1914 1485 1985 dispositum
1506 1924 1667 1985 atque
1692 1925 2043 1985 praeparatum

462 2016 684 2079 repente
709 2006 1047 2077 prohibeant.
1090 2006 1368 2062 Falluntur
1394 2008 1555 2063 etiam
1584 2022 1709 2062 cum
1736 2008 1910 2062 causis
1948 2023 2047 2062 na-

455 2100 722 2156 turalibus
745 2101 943 2171 aliqua,
975 2100 1112 2156 sicut
1140 2099 1354 2167 medici,
1384 2109 1477 2156 aut
1502 2109 1696 2166 nauta),
1728 2110 1819 2155 aut
1844 2102 2051 2172 agrico-

463 2194 554 2262 lae,
583 2194 678 2249 sed
707 2194 865 2265 longe
891 2193 1098 2249 acutius
1125 2184 1388 2264 longeque
1416 2195 1755 2264 prastantius
1784 2209 1880 2265 pro
1919 2193 2050 2263 aerii

462 2287 705 2357 corporis
730 2301 892 2341 sensu
912 2285 1193 2341 solertiore
1214 2294 1269 2342 et
1294 2285 1668 2342 exercitatiore
1688 2297 2045 2357 praenoseuut:

467 2376 591 2449 quia
616 2386 670 2432 et
697 2376 812 2433 haec
836 2377 904 2432 ab
936 2376 1155 2448 Angelis
1180 2377 1293 2433 Deo
1315 2391 1528 2432 summo
1569 2376 1656 2447 pie
1698 2378 2051 2435 servientibus

457 2469 569 2523 alia
609 2467 958 2539 dispositione
987 2467 1165 2537 ignota
1192 2466 1526 2523 daemonibus
1554 2483 1625 2522 ex
1656 2467 1947 2536 improviso
1989 2483 2054 2524 ac

467 2566 687 2628 repente
729 2566 1018 2611 mutantur.
1059 2556 1338 2627 Tanquam
1364 2556 1410 2611 si
1434 2571 1579 2627 a:gro
1606 2556 1809 2627 aliquid
1852 2559 2055 2615 extrin-

467 2661 622 2703 secus
669 2648 686 2679 ยน
715 2645 940 2713 arcidat,
966 2660 1074 2718 quo
1115 2649 1393 2712 moriatur,
1437 2660 1597 2716 quem
1639 2646 1878 2702 medicus
1916 2649 2054 2705 veris

469 2737 657 2794 salutis
682 2737 1101 2809 praecedentibus
1140 2737 1305 2809 signis
1334 2737 1595 2793 victurum
1635 2752 1759 2793 esse
1798 2739 2056 2809 promise.

469 2838 589 2896 rat;
616 2838 708 2883 aut
730 2830 774 2884 si
802 2829 942 2886 aeris
962 2828 1215 2899 qualitate
1240 2829 1490 2900 praevisa,
1517 2828 1607 2885 diu
1628 2829 1875 2886 flaturum
1904 2832 2052 2888 illum

469 2929 685 2975 ventum
712 2929 989 2977 nautarum
1034 2920 1226 2992 aliquis
1263 2920 1618 2991 praedixisset,
1664 2923 1751 2978 cui
1795 2923 2055 2981 Dominus

466 3008 711 3067 Christus
736 3028 855 3066 cum
883 3011 1157 3083 discipulis
1184 3011 1440 3084 navigans
1468 3023 1525 3069 ut
1549 3015 1853 3085 quiesceret
1880 3017 2057 3088 impe-

467 3106 624 3173 ravit,
668 3115 723 3161 et
766 3105 901 3160 facta
928 3115 1012 3161 est
1058 3106 1413 3178 tranquillitas
1455 3120 1646 3178 magna
1689 3109 1902 3180 (Matth.
1934 3124 2052 3177 Vili,

467 3196 603 3269 26);
633 3197 716 3251 vel
745 3197 791 3250 si
832 3196 1066 3267 agricola
1096 3196 1188 3254 illo
1228 3212 1371 3253 anno
1410 3197 1848 3256 fruetilicaturam
1891 3201 2054 3257 vitem

467 3289 698 3361 aliquam
729 3274 1060 3360 polliceatur,
1094 3300 1337 3347 naturam
1380 3291 1562 3363 utique
1605 3304 1762 3349 terra:
1787 3302 1845 3348 et
1869 3310 2057 3350 nume-

472 3397 561 3438 ros
604 3383 867 3439 seminum
894 3384 1117 3452 callens,
1144 3400 1251 3454 quo
1296 3392 1474 3440 tamen
1516 3399 1658 3440 anno
1687 3401 1806 3441 eam
1837 3389 1925 3443 vel
1951 3388 2055 3443 im-

473 3476 682 3547 provisa
712 3476 835 3532 (mli
864 3476 1221 3547 intemperies
1251 3478 1525 3546 arefaciat,
1570 3480 1653 3533 vel
1682 3468 1858 3551 aliqua
1882 3480 2057 3551 jussio

473 3568 783 3637 potentioris
808 3554 1044 3623 eradicet
1067 3585 1081 3621 :
1106 3569 1176 3622 ita
1197 3570 1361 3623 multa
1383 3571 1541 3626 etiam
1567 3572 1635 3626 ad
1663 3573 2055 3643 prmseientiam

474 3659 973 3729 praedictionemque
1007 3659 1311 3716 dzcmonum
1358 3664 1699 3733 pertinentia,
1729 3682 1848 3737 qua:
1878 3669 2055 3724 mino-

472 3756 618 3810 ribus
641 3764 696 3810 et
737 3755 1099 3811 usitatioribus
1139 3756 1314 3811 causis
1352 3756 1525 3813 futura
1556 3760 1934 3829 praevidentur,
1966 3777 2058 3819 ea-

472 3847 596 3904 dem
630 3847 920 3916 majoribus
948 3856 1003 3902 et
1026 3848 1406 3905 oceultiorihus
1431 3853 1606 3906 causis
1637 3852 1887 3923 impedita
1934 3871 2056 3911 mu-

471 3949 672 3994 tantur.
713 3935 926 3992 Fallunt
950 3947 1131 3993 autem
1160 3940 1321 3994 etiam
1360 3940 1536 3997 studio
1560 3942 1775 3999 fallendi
1803 3955 1858 4001 et
1881 3947 2057 4004 invida

474 4030 767 4091 voluntate.
815 4045 916 4101 qua
970 4029 1246 4093 hominum
1294 4048 1478 4089 errore
1523 4035 1789 4091 laetantur.
1833 4038 1938 4095 Sed
1988 4056 2058 4096 ne

472 4121 611 4192 apud
642 4123 875 4179 cultores
920 4137 1048 4178 suos
1078 4124 1289 4194 pondus
1329 4128 1661 4184 auctoritatis
1704 4132 1970 4199 amittant,
2004 4134 2057 4189 id

472 4221 654 4283 agunt,
702 4222 758 4268 ut
817 4214 1192 4284 interpretibus
1239 4217 1353 4273 suis
1417 4219 1795 4293 signorumque
1841 4239 2055 4280 suorum

474 4307 867 4377 conjectoribus
913 4308 1066 4378 culpa
1116 4308 1395 4377 tribuatur,
1452 4313 1668 4383 quando
1717 4316 1802 4370 vel
1850 4316 2058 4389 decepti

477 4396 672 4452 fuerint
700 4398 785 4454 vel
815 4398 1020 4454 mentiti
1044 4399 1088 4452 ยฒ.

546 4491 607 4546 ll
622 4530 636 4543 .
665 4490 801 4557 Quid
826 4505 957 4562 ergo
974 4491 1191 4561 mirum,
1213 4492 1256 4548 si
1275 4493 1385 4564 jam
1408 4496 1722 4553 imminente
1738 4500 2056 4570 templorum

476 4591 567 4638 aut
612 4583 1019 4640 simulacrorum
1069 4587 1379 4653 eversione,
1427 4605 1589 4659 quam
1632 4591 1912 4664 Prophetas
1948 4597 2059 4659 Dei

473 4674 669 4728 stunmi
697 4682 842 4729 tanto
867 4684 991 4729 ante
1020 4676 1396 4746 praedixerant,
1424 4679 1640 4752 Serapis
1661 4684 1876 4741 daemon
1902 4689 2060 4745 alicui

476 4761 739 4817 cultorum
781 4778 997 4818 suortun
1028 4764 1131 4821 hoc
1169 4766 1238 4822 de
1268 4770 1510 4839 proximo
1537 4774 1786 4842 prodidit,
1823 4788 1880 4833 ut
1908 4794 2058 4836 suam

475 4850 631 4922 quasi
674 4850 1001 4911 divinitatem
1047 4855 1309 4913 recedens
1351 4861 1437 4915 vel
1478 4859 1688 4933 fugiens
1714 4872 2062 4927 commenda~

478 4953 559 4998 ret
579 4943 604 4997 ?

548 5034 773 5092 CAPUT
814 5035 922 5091 vn.
947 5066 1021 5078 โ
1049 5037 1152 5094 Cur
1176 5041 1431 5099 tta-mones
1450 5045 1679 5116 ipsorum
1703 5052 1841 5106 mala
1881 5056 1961 5111 vel
1987 5059 2062 5112 ei-

477 5127 632 5192 แผฯฯฯฮน,
662 5127 738 5181 vel
759 5128 1037 5197 pradicant
1063 5131 1335 5189 interdum.
1376 5135 1645 5208 Fugantur
1670 5146 1814 5199 enim
1848 5144 1955 5214 isti,
1978 5151 2061 5205 vel

476 5221 637 5275 etiam
678 5219 846 5292 jussis
898 5223 1261 5292 superioribus
1307 5228 1537 5302 colligati
1582 5236 1962 5300 abstrahuntur
2006 5256 2061 5301 et

541 5356 559 5386 ฮน
593 5353 701 5404 Sola
729 5353 880 5404 editio
900 5360 1037 5415 Lov.,
1056 5356 1363 5414 itm-insectis.

539 5416 677 5499 3.."19
692 5415 1447 5499 aliudsi):ch
1468 5438 1579 5479 vero
1615 5431 1727 5499 แฝทฯฮตแฝท,
1747 5434 1947 5499 magni
1963 5443 2041 5499 sui

472 5537 918 5625 แผฮพฮถแฟแฝฒแฝทฮพฮพฮฝแฝณ
926 5537 1826 5625 แผฮถแฝณแผฐฮฑแฝณฮพฮพฯแฝฒแผฯฮตฮนแฝณฮฒแฝทฮนแพท

471 5601 1354 5687 ฮฮทฮฝแฝณฮตฮตฮดฮพแฝณแฝทแฝณแผฯฮฑฮพฮตแฝฒแฟฆฯฮพฯฯ
1376 5601 1829 5687 แผฮฝฮน.แฝณแฟแฟคแฝฑแฟแฝฒแผทแฝฒแผณแฟทแพแฟฆ
1842 5601 1935 5674 Eu?!"
1941 5601 2059 5680 $353

472 5666 2055 5749 educataerch'c'ommgรฉ

473 5722 1585 5846 gagatem
1607 5726 1784 5806 legunt,
1808 5722 2055 5812 ian'iErTo.

1335 340 1421 394 DE
1464 334 1896 395 DlVlNATlONE
1940 330 2310 395 DEMONUM,
2349 330 2406 386 S.
2447 330 2812 389 AUGUSTINI

3610 336 3715 393 838

2130 442 2429 521 alienantur
2452 458 2483 498 a
2514 443 2645 500 locis
2671 444 2804 509 suis,
2836 453 2893 500 ut
2919 443 2988 501 de
3026 445 3187 502 rebus
3225 448 3424 519 quibus
3468 447 3721 504 domina-

2130 533 2321 590 bantur
2359 534 2659 606 quibusque
2687 536 3015 603 colebantur,
3048 536 3141 593 tiat
3181 540 3431 595 voluntas
3465 540 3584 608 Dei,
3631 543 3728 612 qui

2132 625 2234 681 hue
2260 634 2405 681 tanto
2430 636 2554 683 ante
2581 644 2677 698 per
2712 642 2901 685 omnes
2944 640 3130 701 gentes
3156 630 3395 689 futurum
3422 648 3550 689 esse
3576 650 3726 704 prae-

2130 715 2283 781 dixit,
2310 725 2365 772 et
2389 725 2447 773 ut
2472 733 2569 787 per
2581 676 2721 775 lsuos
2758 676 3134 777 fideleso๏ฌcret
3161 724 3462 793 imperavit.
3489 676 3611 781 Cu:
3634 676 3782 797 ฮตฮตฮน-แฝท

2135 818 2241 864 tem
2270 808 2371 864 hoc
2413 826 2521 866 non
2562 812 2832 867 sineretur
2871 812 3080 870 daemon
3124 816 3439 886 praedicere,
3466 834 3599 873 cum
3630 822 3734 877 sibi

2130 901 2239 972 jam
2295 912 2653 972 pramosceret
2698 905 3021 961 imminere?
3049 921 3174 962 cum
3213 908 3329 964 hac
3357 911 3645 979 prmdietio
3676 924 3733 968 et

2137 997 2416 1068 Pmphetis
2466 997 2484 1029 ยน
2517 1006 2880 1065 attestaretur,
2921 1015 2952 1055 a
2981 1000 3173 1072 quibus
3198 1011 3323 1057 sunt
3351 1003 3450 1057 ista
3482 1007 3737 1060 conseri-

2139 1097 2247 1159 pta,
2278 1098 2333 1145 et
2370 1088 2717 1159 prudentibus
2760 1090 2978 1146 daretur
3003 1092 3228 1162 intelligi
3256 1108 3415 1164 quam
3440 1095 3734 1165 vigilanter

2138 1189 2281 1236 esset
2301 1180 2603 1235 daemonum
2626 1180 2861 1236 cavenda
2880 1180 3091 1238 fallacia
3119 1184 3399 1255 cultusque
3422 1184 3740 1257 fugiendus;

2139 1272 2231 1343 qui
2256 1287 2375 1326 cum
2401 1280 2523 1328 ante
2552 1286 2647 1342 per
2672 1280 2780 1327 tam
2808 1273 3021 1343 longum
3049 1282 3259 1345 tempus
3290 1275 3342 1330 in
3376 1278 3603 1349 templis
3628 1282 3741 1335 suis

2142 1365 2257 1421 haec
2298 1364 2472 1421 futura
2503 1366 2809 1433 tacuissent,
2840 1382 2960 1438 quae
3008 1381 3103 1437 per
3130 1367 3425 1440 Prophetas
3474 1372 3742 1441 praedicta

2144 1457 2387 1528 ignorare
2432 1472 2538 1513 non
2586 1466 2844 1528 possent,
2899 1456 3243 1529 posteaquam
3297 1464 3745 1539 appropinquare

2143 1558 2439 1619 cmperunt,
2480 1548 2764 1604 voluerunt
2806 1562 2868 1604 ea
2908 1550 3059 1620 quasi
3106 1549 3418 1620 przcdieere,
3467 1569 3541 1609 ne
3571 1554 3741 1626 ignari

2147 1639 2377 1710 victique
2407 1649 2737 1709 putarentur.
2777 1638 2908 1696 Cum
2935 1639 3093 1711 igitur
3124 1648 3229 1696 tam
3254 1642 3411 1715 longe
3439 1656 3574 1699 ante
3614 1662 3747 1717 pra.

2144 1733 2344 1789 dictum
2386 1742 2530 1790 esset
2572 1744 2730 1805 atque
2767 1736 3150 1805 conscriptum,
3181 1745 3238 1790 ut
3266 1736 3369 1791 alia
3412 1737 3643 1794 interim
3672 1752 3743 1794 ta.

2146 1839 2318 1889 ceam,
2344 1824 2478 1880 illud
2505 1825 2647 1897 quod
2670 1824 2979 1897 'Soplionias
3005 1826 3265 1898 propheta
3294 1828 3449 1903 dicit,
3483 1828 3746 1885 Prin-ate-

2147 1918 2217 1972 bit
2243 1915 2491 1973 Dominus
2514 1918 2753 1974 adversus
2799 1936 2901 1985 eos,
2951 1928 3001 1974 et
3023 1922 3375 1976 exterminabit
3403 1939 3583 1978 omnes
3628 1925 3743 1980 deos

2147 2009 2368 2079 gentium
2394 2017 2541 2063 teme
2556 2024 2577 2073 ;
2603 2020 2649 2063 et
2674 2008 2955 2063 adorabunt
2998 2026 3132 2075 eum,
3162 2012 3510 2082 unusquisque
3542 2013 3607 2066 de
3631 2015 3741 2069 loco

2148 2117 2260 2164 suo,
2294 2115 2464 2156 omnes
2498 2101 2683 2155 insula
2719 2102 2943 2172 gentium
2980 2101 3221 2175 (Sep/ton
3247 2119 3305 2170 ฮท,
3340 2104 3430 2175 ll)
3458 2122 3475 2171 ;
3505 2115 3603 2160 aut
3640 2123 3741 2161 non

2150 2194 2437 2250 credebant
2465 2194 2564 2249 ista
2594 2194 2693 2249 sibi
2737 2204 3016 2262 eventura,
3043 2196 3133 2267 qui
3173 2196 3227 2251 in
3258 2198 3478 2268 templis
3507 2200 3740 2269 gentium

2150 2284 2479 2350 colebantur,
2508 2294 2564 2342 et
2608 2284 2730 2341 ideo
2757 2285 2873 2342 haec
2901 2301 2997 2357 per
3037 2301 3163 2342 suos
3205 2299 3357 2344 vates
3380 2305 3448 2345 ac
3485 2291 3745 2347 fanaticos

2154 2378 2487 2450 frequentare
2523 2378 2805 2434 noluerunt
2834 2390 2851 2433 ฯ
2877 2379 3014 2434 sicut
3055 2393 3240 2435 eorum
3284 2391 3446 2452 poeta
3478 2381 3744 2439 lunonem

2154 2471 2354 2526 inducit
2395 2485 2501 2526 non
2529 2471 2674 2527 omni
2712 2471 2872 2527 modo
2920 2471 3252 2540 credentem,
3291 2490 3418 2545 quze
3466 2475 3537 2531 de
3584 2475 3747 2532 Turni

2155 2570 2328 2617 morte
2366 2560 2575 2633 Jupiter
2599 2559 2829 2618 dixerat.
2856 2561 2997 2618 Juno
3036 2573 3215 2620 autem
3262 2564 3484 2621 abistis
3513 2575 3749 2637 potestas

2153 2655 2297 2711 aeria
2351 2654 2690 2727 praedicatur,
2741 2668 2861 2729 quae.
2916 2656 3056 2730 apud
3108 2656 3385 2728 Virgilium
3440 2660 3527 2716 sic
3577 2661 3748 2733 loqui-

2158 2756 2241 2803 tur
2271 2763 2286 2802 :

2279 2887 2410 2931 Nunc
2430 2887 2595 2933 manet
2610 2880 2849 2932 insontem
2872 2884 3034 2953 gravis
3052 2884 3233 2944 exitus,
3256 2890 3340 2933 aut
3358 2896 3470 2995 ฮ
3494 2889 3613 2935 va'i

2280 2948 2405 2991 Vana
2429 2941 2558 2991 feror
2583 2956 2596 2991 :
2622 2945 2750 2995 quod
2768 2950 2823 2992 ut
2844 2958 2874 2993 ฮฟ
2892 2951 3052 2995 ฮฒฮฟฮนฮนฮนฮนฮต
3069 2946 3321 2995 formidine
3341 2943 3365 2991 f

2280 2948 2405 3007 Vana
2429 2941 2558 3007 feror
2583 2956 2596 2991 :
2622 2945 2750 3007 quod
2768 2950 2823 2992 ut
2844 2941 3052 3006 o'potius
3069 2941 3321 2995 formidine
3341 2943 3365 2992 f:

2279 3003 2455 3067 mlar;
2472 3010 2527 3053 et
2545 3006 2596 3055 in
2612 3003 2789 3055 melius
2803 3003 2907 3066 tua,
2921 3008 3005 3069 qui
3021 3013 3182 3069 potes,
3198 3019 3305 3056 orsa
3320 3007 3567 3058 redactas
3581 3010 3599 3058 ฮน

3147 3067 3230 3118 lib.
3257 3069 3333 3130 l0,
3360 3082 3405 3119 ฯ.
3434 3070 3701 3133 (ฮนฯ-ฯ.)

2155 3188 2263 3244 Aut
2288 3203 2417 3261 ergo
2437 3189 2536 3245 ista
2559 3190 2693 3257 sibi,
2721 3206 2840 3264 quae
2867 3207 2962 3263 per
2978 3192 3272 3264 Prophetas
3297 3194 3568 3264 praedicta
3601 3214 3761 3253 ฯฮฟฮบฮฑ
3798 3258 3799 3265 ฮท

2155 3288 2312 3345 rant,
2361 3294 2520 3351 posse
2556 3280 2801 3338 accidere
2846 3281 3120 3338 dmmones
3142 3324 3158 3348 ,
3207 3283 3308 3338 hoe
3345 3292 3431 3338 est
3464 3296 3761 3355 potestates
3798 3268 3799 3349 แฟ

2155 3373 2315 3428 aeriae
2332 3413 2348 3440 ,
2374 3372 2718 3440 dubitabant,
2746 3381 2801 3430 et
2832 3382 3111 3445 propterea
3138 3373 3545 3445 praedictionem
3573 3392 3767 3433 eorum
3797 3374 3799 3378 โด

2155 3463 2429 3520 celebrare
2453 3464 2739 3521 noluerunt
2755 3505 2771 3530 ,
2795 3474 2849 3521 et
2876 3464 3001 3520 hinc
3030 3464 3416 3537 intelligendum
3446 3476 3540 3520 est
3564 3471 3771 3538 quales

2156 3556 2263 3610 sint
2291 3572 2305 3610 :
2334 3564 2424 3611 aut
2450 3570 2572 3611 eum
2601 3571 2665 3612 ea
2693 3564 2913 3613 ventura
2933 3557 3230 3613 certissime
3252 3556 3475 3621 scirent,
3504 3557 3642 3613 ideo
3667 3574 3774 3629 per

2156 3662 2252 3702 sua
2277 3647 2469 3719 templa
2500 3656 2814 3716 tacuerunt,
2847 3664 2915 3704 ne
2936 3649 3046 3719 jam
3075 3658 3199 3704 tunc
3236 3649 3543 3717 inciperent
3569 3653 3646 3707 ab
3672 3652 3770 3706 ho-
3797 3646 3799 3655 โด

2157 3738 2388 3793 minibus
2421 3739 2835 3810 intelligentihus
2858 3739 3033 3797 deseri
3070 3752 3230 3811 atque
3260 3743 3588 3808 contemni,
3629 3744 3769 3815 quod
3798 3736 3799 3739 โ

2156 3827 2225 3883 de
2277 3829 2595 3900 templorum
2642 3840 2801 3903 atque
2849 3832 3253 3888 simulacrorum
3303 3846 3543 3889 suorum
3594 3834 3769 3890 futura

2158 3922 2435 3975 eversione
2472 3921 2550 3977 eis
2594 3922 2917 3993 Prophetisโ
2953 3932 3333 3980 attestarentur
3376 3924 3482 3995 qui
3531 3942 3635 3981 eos
3674 3926 3770 3981 coli

2160 4012 2531 4084 prohibebant.
2574 4014 2726 4070 Nune
2753 4030 2882 4072 vero
2908 4026 3251 4087 posteaquam
3295 4026 3528 4088 tempus
3558 4020 3770 4075 advenit

2158 4118 2265 4175 quo
2291 4104 2688 4175 complerentur
2710 4106 2957 4163 vaticinia
2999 4107 3384 4179 PrOpbetarum
3434 4110 3541 4166 Dei
3586 4114 3766 4174 unius,

2158 4197 2247 4268 qui
2278 4196 2410 4253 istos
2438 4198 2568 4253 deos
2589 4198 2752 4255 falsos
2776 4198 2906 4254 dicit
2923 4241 2937 4265 ,
2960 4209 3014 4255 et
3037 4214 3105 4255 nc
3124 4199 3367 4255 colantur
3397 4202 3773 4261 vehementis-
3797 4184 3799 4211 1

2158 4290 2293 4345 sime
2319 4290 2591 4361 prmeipit;
2634 4306 2730 4347 cur
2777 4306 2882 4346 non
2927 4290 3030 4348 hoc
3069 4293 3231 4348 etiam
3276 4292 3375 4362 ipsi
3427 4298 3799 4367 compertum

2158 4381 2452 4451 praedicere
2492 4383 2821 4451 sinerentur,
2852 4390 2911 4439 ut
2931 4383 3055 4439 inde
3095 4385 3288 4440 clarius
3330 4394 3651 4457 appareret

2163 4475 2277 4530 haec
2323 4484 2479 4531 antea
2507 4478 2589 4532 vel
2614 4477 2833 4532 minime
2851 4477 3161 4545 credidisse,
3194 4478 3275 4533 vel
3306 4479 3427 4535 suis
3472 4464 3799 4559 cultoribus:

2161 4568 2439 4623 enuntiare
2466 4567 2740 4635 timuisse;
2772 4569 2825 4625 in
2855 4568 2961 4624 fine
2978 4580 3156 4626 autem
3174 4610 3189 4637 ,
3213 4578 3479 4639 tanquam
3516 4574 3661 4629 nihil
3686 4562 3799 4628 hac1

2163 4657 2352 4714 bentes
2377 4658 2604 4730 amplius
2623 4659 2765 4730 quod
2792 4668 3040 4732 agerent,
3070 4662 3233 4716 etiam
3251 4660 3325 4715 ibi
3344 4664 3608 4720 voluisse
3631 4646 3799 4721 suam

2163 4756 2432 4805 ostentare
2455 4751 2833 4807 divinationem
2854 4794 2868 4818 ,
2901 4751 2987 4807 ubi
3006 4752 3116 4823 jam
3148 4751 3458 4823 produntur
3481 4756 3586 4810 diu
3612 4740 3799 4811 ฮตแผฑฮนฮนฮนฮนฮน-แผฐ

2164 4838 2303 4893 lasse
2321 4838 2650 4897 divinitatem
2670 4842 2694 4895 โI
3582 4848 3583 4851 โ

2232 4929 2461 4987 CAPUT
2500 4930 2633 4987 Vill.
2662 4963 2733 4974 --
2771 4932 2859 4988 12.
2908 4933 3170 4989 Damone:
3208 4935 3497 5005 praedicere
3544 4926 3799 5005 quedam

2163 5038 2357 5078 veroex
2383 5026 2602 5081 maculis
2628 5024 2999 5097 Pmphetarum
3029 5028 3265 5098 potuisse,
3298 5029 3439 5084 nihil
3469 5040 3654 5086 tanta:
3692 5051 3781 5084 ex-

2163 5131 2246 5170 sos
2268 5117 2433 5171 dicere
2454 5128 2629 5172 contra
2655 5116 2820 5172 Deum
2844 5135 3031 5173 verum.
3062 5118 3213 5185 Quod
3241 5128 3428 5176 autem
3456 5121 3664 5179 dicunt
3708 5140 3799 5197 ฯฮต

2164 5207 2290 5277 liqui
2321 5223 2505 5263 eorum
2535 5210 2767 5265 cultores
2793 5252 2811 5278 ,
2837 5211 2997 5265 etiam
3018 5226 3230 5267 suorum
3253 5212 3605 5283 quibusdam
3642 5217 3799 5293 libra

2166 5300 2278 5355 haec
2298 5303 2616 5373 praecognita
2643 5302 2930 5369 contineri,
2954 5318 3255 5375 quanquam
3283 5319 3347 5359 ex
3371 5307 3557 5363 rebus
3592 5296 3799 5385 imple-โ

2163 5394 2230 5447 tis
2264 5393 2489 5450 conficta
2525 5394 2755 5464 putanda
2793 5394 2900 5450 sint
2938 5410 3055 5466 qum
3090 5396 3143 5451 in
3187 5402 3377 5452 eorum
3412 5400 3659 5472 tenipli
3683 5394 3799 5472 ฯแฟ

2165 5486 2320 5557 longo
2344 5495 2500 5542 antea
2524 5497 2761 5558 tempore
2791 5490 2997 5560 populis
3030 5500 3213 5545 eorum
3240 5491 3284 5545 si
3312 5506 3443 5547 vera
3475 5468 3683 5551 essent
3708 5468 3799 5548 hrโ

2162 5586 2437 5635 notescere
2462 5578 2788 5648 debuerunt,
2815 5580 2951 5636 sicut
2978 5589 3155 5636 nostra
3196 5596 3304 5637 non
3342 5581 3536 5640 solum
3582 5586 3648 5643 in
3689 5582 3799 5640 ฮฯแฝณ

2223 5756 2239 5822 t
2274 5757 2351 5822 sig
2383 5763 2497 5822 uss.
2534 5764 2591 5822 At
2636 5757 2791 5818 editi,
2812 5758 3125 5822 ฮฑฮทฯฯฮฟฯฮนฮนฮตฮนแฝฒฯ
3163 5774 3181 5810 :
3223 5765 3393 5814 minus
3416 5746 3595 5818 bene.

2222 5819 2240 5847 ยณ
2277 5818 2410 5879 Etliti,
2436 5818 2698 5883 IโrOpItetw.
2729 5818 3046 5873 Emtโmlantur
3066 5837 3125 5872 ex
3156 5831 3262 5873 vss.
