3904 6362
295 270 392 323 ιω
1715 254 1912 312 LIBER
1952 252 2149 310 UNUS.
2192 257 2204 268 '

298 384 460 439 etesiis
484 376 728 445 nostris,
762 391 949 435 verum
990 376 1185 441 etiam,
1216 374 1357 446 quod
1393 373 1459 429 ad
1487 372 1705 443 gravius
1730 371 1879 427 testi-

303 474 515 527 uioniutn
542 477 739 524 contra
766 477 959 523 omnes
987 455 1232 521 inimicos
1266 462 1457 529 valet,
1482 451 1535 516 in
1577 462 1880 517 Judzeorum

301 562 565 633 synagogis
607 558 984 629 antiquissima
1032 566 1087 611 et
1127 553 1399 609 notissima
1449 554 1775 607 recitantur:
1804 561 1880 605 ta—

295 668 400 707 men
426 665 528 705 nec
560 650 670 704 ista
696 651 810 719 ipsa
836 663 954 715 qua:
978 647 1048 702 ab
1070 646 1148 700 eis
1168 646 1396 699 vixraro
1420 655 1472 697 et
1496 644 1734 698 clanculo
1762 658 1884 709 pro-

294 743 523 797 feruntur
544 782 563 803 ,
599 754 823 793 movere
855 752 955 791 nos
978 736 1209 799 debent,
1241 736 1283 788 si
1313 734 1554 803 cuiquam
1581 734 1880 787 daemonum

292 841 545 887 extortum
571 840 661 884 est
694 829 745 882 id
769 826 995 897 prodere
1018 825 1306 879 cultoribus
1336 827 1476 887 suis,
1513 823 1651 893 quod
1677 823 1880 878 didice-

296 930 434 975 rates
446 921 691 990 eloquiis
705 919 1091 987 Prophetarum
1104 917 1185 970 vel
1206 932 1273 970 ex
1294 915 1521 969 oraculis
1535 914 1876 983 Angelorum.

292 1012 422 1079 Quod
449 1026 557 1066 cur
582 1025 697 1064 non
730 1008 913 1072 (ieret,
939 1023 1062 1062 cum
1095 1017 1150 1061 et
1174 1007 1272 1061 ista
1300 1017 1405 1059 non
1431 1005 1499 1057 sit
1522 1005 1840 1073 Oppugnatio
1860 1045 1876 1069 ,

288 1103 363 1157 sed
389 1100 685 1155 attestatio
709 1098 991 1155 veritatis?
1015 1097 1147 1153 illud
1176 1097 1316 1152 enim
1342 1093 1483 1166 quod
1508 1096 1677 1149 solum
1708 1094 1775 1149 ab
1799 1093 1880 1149 eis

286 1191 631 1263 ﬂagitandum
659 1199 751 1246 est
792 1191 849 1257 ί,
896 1203 996 1244 nec
1034 1199 1265 1258 unquam
1309 1194 1461 1240 antea
1510 1183 1877 1254 protulerunt,

283 1300 364 1340 nec
409 1299 670 1353 unquam
718 1291 901 1353 postea
925 1321 943 1348 ,
982 1281 1084 1335 nisi
1126 1280 1260 1335 forte
1282 1279 1563 1339 conﬁctum
1589 1318 1605 1343 ,
1645 1276 1883 1347 proferre

282 1375 620 1429 conabuntur
638 1413 653 1436 ,
704 1370 903 1440 aliquid
942 1370 1071 1425 deos
1100 1384 1226 1422 suos
1247 1384 1344 1439 per
1372 1376 1519 1421 vates
1541 1380 1665 1420 suos
1694 1374 1878 1419 contra

277 1462 431 1519 Deum
474 1462 662 1518 lsrael
704 1475 867 1515 ausos
906 1460 1195 1529 praedicere
1236 1458 1398 1513 luisse
1435 1465 1525 1511 aut
1560 1456 1757 1511 dicere.
1804 1455 1880 1510 Dc

273 1568 362 1622 quo
390 1554 514 1607 Deo
542 1550 850 1606 doctissimi
869 1565 1054 1605 eorum
1079 1557 1319 1603 auctores
1338 1590 1353 1614 ,
1378 1548 1464 1618 qui
1484 1547 1659 1601 omnia
1689 1547 1775 1601 illa
1803 1546 1881 1601 le-

268 1660 384 1715 gere
436 1658 514 1699 ac
573 1656 744 1697 nosse
803 1648 1120 1711 potuerunt,
1177 1639 1346 1707 magis
1392 1636 1714 1708 quaesierunt
1760 1635 1879 1706 quis

267 1735 402 1791 Deus
433 1744 619 1798 esset,
650 1748 812 1803 quam
845 1732 1010 1787 Deum
1039 1746 1232 1801 negare
1259 1736 1562 1800 potuerunt.
1592 1728 1757 1783 Porro
1780 1742 1878 1782 au-

264 1834 367 1883 tem
398 1826 563 1882 Deus
608 1826 737 1891 iste,
765 1839 923 1893 quem
954 1822 1129 1877 nullus
1160 1837 1344 1877 eorum
1371 1834 1565 1891 negare
1604 1834 1763 1875 ausus
1796 1828 1879 1874 est

262 1933 471 1975 verum
498 1917 708 1981 Deum,
731 1916 817 1985 qui
839 1926 893 1970 et
917 1914 962 1969 si
991 1921 1226 1983 negaret,
1253 1927 1356 1967 non
1383 1912 1555 1966 solum
1579 1911 1879 1979 subiaceret

264 2008 491 2063 debitis
515 2006 724 2075 poenis,
752 2020 930 2060 verum
952 2002 1297 2083 etiam/certis
1316 2001 1719 2057 convinceretur
1747 1999 1877 2054 etle-

268 2097 511 2154 ctibus:
546 2097 651 2151 iste
670 2108 789 2165 ergo
813 2096 974 2161 Deus,
996 2109 1154 2165 quem
1181 2108 1339 2150 nemo
1358 2134 1373 2160 ,
1402 2102 1458 2147 ut
1494 2092 1636 2159 dixi,
1667 2092 1877 2146 illorum

268 2202 464 2242 ausus
491 2194 579 2241 est
612 2200 799 2255 negare
824 2202 996 2242 verum
1026 2185 1193 2242 Deum
1214 2225 1231 2252 ,
1265 2184 1386 2240 illos
1414 2184 1724 2241 l‘alsosesse
1747 2184 1878 2240 deos

267 2286 331 2333 et
360 2277 605 2331 omnino
632 2276 972 2344 deserendos,
999 2290 1288 2347 eorumque
1310 2276 1501 2346 templa
1524 2285 1577 2331 et
1600 2276 1878 2330 simulacra

259 2377 317 2423 et
342 2380 520 2422 sacra
548 2366 832 2421 evertenda
861 2381 955 2436 per
978 2381 1105 2422 suos
1129 2377 1300 2435 vates,
1324 2368 1426 2423 hoc
1454 2375 1536 2422 est
1564 2366 1874 2439 Prophetas,

257 2467 468 2529 aperta
490 2456 897 2513 denuntiatione
935 2457 1202 2528 praedixit,
1247 2466 1428 2528 aperta
1459 2466 1719 2528 potestate
1744 2472 1878 2528 prte—

257 2549 455 2620 eepit,
509 2559 701 2618 aperta
753 2549 973 2605 veritate
1014 2547 1320 2619 complevit.
1351 2546 1503 2603 Unde
1546 2547 1665 2618 quis
1711 2560 1879 2617 usque

259 2640 406 2694 adeo
438 2638 681 2709 desipiat
701 2679 718 2705 ,
749 2638 839 2709 qui
882 2654 987 2694 non
1019 2638 1191 2709 potius
1218 2654 1339 2693 eum
1375 2637 1655 2693 colendum
1682 2637 1875 2707 eligat,

261 2748 438 2801 quem
475 2731 587 2787 coli
615 2745 725 2785 non
748 2731 1029 2801 prohibent
1056 2745 1189 2801 quos
1211 2740 1267 2785 et
1288 2730 1532 2785 colebat?
1560 2730 1725 2796 Quem
1754 2744 1876 2799 pro-

264 2829 359 2878 cul
404 2822 579 2877 dubio
628 2838 757 2877 cum
796 2821 971 2877 colere
997 2824 1252 2892 coeperit,
1293 2822 1415 2877 illos
1440 2822 1621 2892 utique
1662 2836 1769 2877 non
1798 2829 1882 2877 est

267 2915 549 2977 culturus,
581 2929 724 2984 quos
744 2915 987 2982 prohibet
1004 2898 1281 2983 coli-quem
1307 2913 1452 2968 colit.

337 3006 589 3062 CAPUT
611 3004 788 3059 IX.—
804 3006 889 3061 15.
920 3004 1217 3059 Βωηιοηωη
1246 3006 1414 3059 cultus
1437 3004 1584 3058 unius
1606 3002 1700 3057 Dei
1722 3003 1880 3058 cultui

268 3114 517 3154 casuros
550 3099 852 3168 prcdictum
870 3114 902 3149 a
932 3098 1216 3166 Prophetis.
1231 3096 1382 3164 Quod
1400 3105 1575 3152 autem
1596 3098 1766 3166 ipsum
1788 3111 1879 3151 es-

274 3198 410 3244 sent
448 3189 674 3243 cultura:
713 3196 898 3258 gentes
923 3188 1284 3242 exterminatis
1310 3187 1411 3242 diis
1445 3187 1588 3242 falsis
1615 3196 1750 3257 Quos
1781 3202 1879 3240 an-

274 3292 366 3337 tea
395 3281 685 3345 colebant,
718 3296 748 3334 a
778 3280 1058 3349 PrOpbetis
1092 3280 1208 3350 ejus
1235 3295 1355 3337 esse
1385 3279 1696 3349 praedictum
1720 3280 1880 3351 paulo

273 3382 406 3426 ante
429 3372 853 3426 commemoravi
873 3412 887 3433 ,
919 3380 973 3425 et
999 3385 1140 3425 nunc
1162 3379 1344 3439 repeto
1375 3385 1391 3425 t
1427 3368 1726 3424 Prwvalebit
1749 3411 1764 3435 ,
1794 3370 1879 3424 in-

274 3464 403 3531 quit
420 3503 442 3525 ,
466 3461 718 3514 Dominus
737 3460 971 3514 adversus
995 3474 1076 3514 eos
1097 3502 1112 3526 ,
1134 3466 1180 3513 et
1200 3458 1543 3514 exterminabit
1571 3476 1741 3513 omnes
1761 3459 1881 3514 deos

278 3562 528 3621 gentium
551 3560 725 3613 terre,
756 3560 802 3603 et
827 3549 1107 3602 adorabunt
1142 3565 1255 3603 eum
1273 3590 1287 3612 ,
1319 3549 1656 3619 unusquisque
1679 3550 1741 3603 de
1770 3548 1880 3603 loco

277 3657 385 3695 suo
406 3681 424 3704 ,
459 3654 635 3693 omnes
659 3640 835 3694 insula:
862 3640 1105 3709 gentium.
1140 3638 1322 3708 Neque
1362 3639 1489 3693 solre
1526 3639 1745 3705 insulae,
1787 3636 1882 3694 sed

277 3738 356 3789 ita
398 3746 602 3789 omnes
636 3742 822 3800 gentes
842 3771 857 3795 ,
901 3738 960 3784 ut
988 3731 1145 3785 etiam
1172 3744 1361 3784 omnes
1384 3730 1570 3783 insulae
1605 3730 1879 3798 gentium;

279 3823 730 3897 quandoquidem
753 3822 880 3877 alibi
905 3836 1011 3876 non
1036 3820 1237 3875 insulas
1262 3821 1522 3887 nominat,
1551 3820 1645 3875 sed
1672 3821 1884 3876 univer-

281 3930 409 3970 sum
451 3914 642 3969 orbem
691 3922 987 3976 terrarum,
1026 3909 1211 3966 dicens
1241 3907 1804 3965 :Commemardbuntur
1833 3920 1885 3964 et

289 4014 649 4060 amantur
671 4003 743 4056 ad
770 4002 1043 4056 Dominum
1066 4001 1281 4055 uniuersi
1308 4002 1434 4070 ﬁnes
1462 4009 1642 4063 terrae;
1668 4010 1715 4053 et
1756 4000 1884 4053 ado-

293 4096 483 4150 rabunt
503 4098 555 4150 in
580 4104 854 4165 conspectu
872 4094 980 4163 ejus
1009 4092 1249 4146 universa
1271 4091 1449 4161 patrita
1465 4091 1707 4161 gentium.
1743 4090 1886 4156 Quo-

296 4189 441 4242 niam
706 4196 779 4241 est
803 4201 1041 4256 regnum,
1083 4192 1129 4237 et
1151 4185 1259 4254 ipse
1285 4183 1622 4237 dominabitur
1643 4182 1882 4253 gentium.

300 4280 432 4337 nec
469 4288 649 4336 autem
694 4294 792 4349 per
829 4278 1096 4333 Christum
1128 4275 1291 4331 fuisse
1312 4275 1626 4344 complenda
1649 4315 1666 4342 ,
1692 4284 1746 4331 et
1766 4275 1885 4332 aliis

304 4372 547 4441 pluribus
572 4369 891 4426 testimoniis
909 4410 926 4434 ,
951 4377 1007 4424 et
1043 4368 1096 4422 in
1126 4365 1315 4423 eodem
1357 4366 1474 4435 ipso
1513 4365 1722 4435 psalmo
1745 4366 1886 4420 unde

309 4461 413 4518 hac
451 4460 894 4529 commemoravi,
938 4460 1067 4514 satis
1109 4466 1347 4529 apparet.
1376 4455 1509 4512 Cum
1550 4456 1691 4511 enim
1729 4457 1886 4526 paulo

312 4556 551 4623 sumius
595 4548 826 4609 laturam
874 4550 1173 4621 passionem
1223 4562 1375 4603 suam
1422 4561 1520 4619 per
1564 4546 1884 4616 Prophetam

315 4644 426 4716 ipse
448 4649 774 4718 loqueretur,
797 4645 1001 4711 dicens,
1022 4641 1288 4698 Fuderunt
1312 4656 1492 4695 manus
1511 4656 1644 4694 meas
1671 4649 1718 4694 et
1738 4639 1886 4710 pedes

320 4754 472 4805 usus,
495 4741 936 4795 dinumerarennt
961 4734 1130 4790 omnia
1157 4749 1271 4789 ossa
1288 4747 1435 4796 mea;
1457 4731 1555 4801 ipsi
1581 4746 1694 4786 vero
1722 4733 1885 4784 consi-

322 4828 602 4889 domu
634 4840 688 4887 et
728 4836 1089 4899 compescunt
1131 4841 1211 4881 tne
1231 4866 1247 4891 ,
1288 4825 1558 4879 diviserunt
1602 4823 1698 4877 sibi
1736 4824 1885 4877 vesti-

319 4932 476 4976 menta
508 4938 655 4991 utea,
696 4930 743 4975 et
778 4935 928 4989 super
973 4924 1154 4972 vestem
1204 4931 1368 4969 meam
1411 4915 1653 4968 miserunt
1702 4923 1887 4968 sortem

320 5010 481 5079 (Prol.
508 5026 639 5079 ιιι,
672 5010 770 5075 28,
797 5009 899 5073 29,
929 5010 1031 5075 i7,
1064 5005 1164 5072 i8,
1196 5004 1334 5075 l9);
1378 5004 1533 5074 paulo
1574 5010 1693 5072 post
1729 5002 1888 5057 infert

319 5104 442 5159 illud
463 5105 605 5177 quod
631 5103 806 5175 posui,
834 5096 1362 5156 (iammenwrabuntur
1383 5106 1432 5151 et
1457 5104 1801 5151 convertentur
1818 5093 1887 5148 ad

316 5192 586 5257 Dentium
612 5194 829 5249 universi
852 5193 979 5262 ﬁnes
1006 5201 1185 5255 terra,
1210 5197 1315 5243 etc.
1340 5187 1651 5257 Quanquam
1692 5195 1745 5242 et
1790 5201 1888 5257 per

316 5286 435 5343 illud
463 5286 825 5344 testimonium
852 5282 995 5353 quod
1020 5283 1166 5352 prius
1181 5280 1416 5344 adhibui,
1448 5279 1536 5331 ubi
1564 5278 1760 5331 dictum
1781 5286 1884 5343 est,

321 5377 608 5436 Prnalebit
630 5372 883 5433 Dominus
904 5374 1141 5427 adversus
1167 5384 1249 5427 eos
1271 5408 1287 5439 ,
1315 5379 1361 5423 et
1401 5367 1744 5423 extermith
1775 5384 1887 5421 om-

315 5490 395 5527 nes
417 5474 537 5527 deos
555 5470 780 5545 gentiam
794 5476 977 5529 terra;
1007 5465 1060 5519 in
1080 5478 1146 5519 eo
1169 5461 1309 5532 quod
1334 5460 1561 5531 positum
1595 5468 1708 5525 est,
1742 5457 1887 5512 Pro»

311 5563 516 5629 latebit,
572 5561 702 5616 satis
747 5555 1050 5613 ostenditur
1095 5554 1201 5606 hoc
1241 5553 1398 5606 etiam
1442 5550 1846 5621 praenuntiatum
1873 5590 1906 5611 ,.

364 5672 383 5708 ⁸
419 5681 494 5723 51c
510 5680 616 5723 Is.
634 5677 693 5723 Αι
716 5668 855 5729 stiti,
880 5664 940 5715 ab
961 5662 1080 5726 ipsis
1104 5660 1319 5724 fanatic‘is
1337 5660 1652 5726 ﬂagitandum
1677 5665 1761 5709 est.

3461 254 3572 334 δυο*

1989 369 2129 437 quod
2156 367 2347 437 Pagani
2368 368 2515 437 prius
2539 375 2888 443 oppugnaturi
2909 388 3087 434 essent
3119 380 3432 450 Eeelesiam.
3459 407 3560 442 no-

1983 468 2210 528 tntenque
2243 459 2599 516 Christianum
2632 475 2884 533 quantum
2914 471 3151 527 valerent
3191 483 3555 548 persecuturi,

1986 559 2043 605 ut
2077 551 2121 604 si
2144 551 2256 606 ﬁeri
2286 560 2466 622 posset
2502 556 2720 611 omnino
2744 558 2809 612 de
2835 569 2972 614 terra
3014 562 3320 623 deleretur:
3351 580 3405 624 et
3433 572 3558 641 quia

1984 654 2077 695 eos
2104 641 2351 708 patientia
2387 652 2676 715 martyrum
2701 656 2756 701 et
2784 652 3139 720 magnitudine
3178 658 3554 716 miraculorum

1983 739 2096 821 erat
2124 742 2504 801 superaturos,
2551 744 2605 789 et
2650 750 3009 807 consequente
3056 742 3158 800 (ide
3202 750 3512 817 populorttm
3536 794 3555 821 ,

1983 820 2107 875 ideo
2123 822 2202 879 sic
2227 822 2423 877 dictum
2451 832 2552 889 est,
2580 823 2879 882 Prtevalebit
2901 829 3151 889 Dominus
3186 838 3425 895 adversus
3450 858 3554 897 eos.

1981 909 2094 965 Non
2121 912 2266 1003 enim
2286 912 2585 1003 diceretur,
2612 915 2907 973 Pravalebit
2930 922 3165 977 adversus
3183 940 3267 981 eos
3283 968 3301 995 ,
3331 930 3432 984 nisi
3456 948 3559 1003 op-

1981 1000 2263 1070 pugnando
2282 1001 2359 1056 illi
2385 1002 2712 1060 resisterent.
2741 1005 2892 1063 Unde
2915 1019 2971 1065 et
3006 1012 3059 1065 in
3086 1012 3296 1071 Psalmo
3322 1017 3391 1089 ita
3435 1000 3560 1089 pro-

1984 1089 2253 1158 phetatum
2275 1102 2354 1146 est
2387 1112 2401 1148 :
2435 1092 2624 1164 thuid
2648 1100 2955 1168 fremerunt
2980 1113 3167 1172 gentes,
3197 1115 3244 1159 et
3267 1084 3449 1178 populi
3456 1126 3560 1165 tne-

1982 1179 2125 1233 ditati
2149 1191 2267 1235 sunt
2292 1182 2465 1238 inania
2485 1185 2512 1239 .9
2529 1186 2807 1246 Astiterunt
2829 1206 2970 1261 reges
2995 1203 3139 1249 terra:
3159 1237 3176 1262 ,
3222 1206 3268 1251 et
3308 1200 3562 1270 principes

1980 1284 2309 1327 conuenerunt
2338 1275 2391 1329 in
2434 1293 2586 1331 unum
2607 1318 2622 1343 ,
2649 1280 2886 1337 adversus
2927 1283 3203 1342 Dominum
3239 1299 3284 1342 et
3321 1292 3559 1349 adversus

1981 1364 2232 1419 Christum
2262 1369 2389 1438 ejus.
2417 1369 2483 1424 Et
2517 1373 2673 1440 paulo
2698 1383 2816 1443 post
2855 1375 2983 1431 dicit
3012 1396 3025 1432 :
3057 1378 3304 1437 Dominus
3328 1384 3456 1438 dixit
3490 1386 3559 1440 ad

1918 1538 1921 1541 δ
1980 1469 2091 1521 me,
2126 1453 2174 1509 F
2175 1456 2291 1511 ilius
2333 1474 2470 1514 meas
2509 1477 2560 1514 es
2587 1470 2641 1515 tu
2660 1503 2674 1526 ,
2705 1479 2797 1531 ego
2825 1464 2974 1520 hodie
2996 1469 3145 1538 genui
3170 1478 3218 1525 te
3242 1487 3262 1526 :
3291 1474 3492 1542 postulo
3526 1493 3560 1529 α

1981 1560 2059 1597 me
2076 1586 2091 1610 ,
2119 1555 2163 1600 et
2189 1547 2318 1601 dabo
2344 1548 2432 1602 tibi
2450 1561 2619 1620 gentes
2647 1552 2989 1611 [nereditatem
3008 1566 3147 1613 tuam
3166 1599 3182 1626 ,
3208 1571 3257 1616 et
3285 1566 3560 1632 possessio-

1979 1650 2093 1725 nem
2134 1645 2272 1725 tuam
2320 1640 2557 1695 terminos
2604 1651 2749 1698 terra
2777 1644 2951 1716 (Psal.
2990 1663 3057 1714 tt,
3088 1650 3153 1717 1,
3183 1652 3252 1720 2,
3292 1654 3379 1725 7).
3421 1656 3561 1713 Ecce

1980 1720 2121 1780 unde
2144 1724 2342 1781 dictum
2370 1737 2452 1784 est
2475 1740 2529 1784 et
2567 1731 2618 1785 in
2645 1732 2751 1788 alio
2776 1737 2982 1804 psalmo
3010 1740 3149 1808 quod
3189 1720 3431 1813 superius
3471 1748 3557 1801 in-

1980 1817 2213 1885 terposui
2230 1858 2245 1883 ,
2274 1816 2802 1877 Commemorabuntur
2840 1836 2890 1881 et
2913 1838 3257 1885 convertentur
3284 1834 3351 1886 ad
3376 1835 3556 1890 Domi-

1979 1924 2100 1961 num
2120 1910 2339 1964 universi
2361 1912 2487 1980 ﬁnes
2506 1921 2670 1968 tet-rte.
2695 1915 2791 1971 His
2814 1927 2972 1987 atque
2992 1918 3296 1990 bujusmodi
3327 1929 3559 1996 prophe-

1982 1996 2099 2050 ticis
2121 1997 2455 2055 documentis
2482 2003 2789 2072 praedictum
2810 2009 3125 2075 ostenditur,
3152 2014 3293 2082 quod
3313 2015 3559 2073 videmus

1980 2086 2185 2158 impleri
2212 2103 2307 2159 per
2334 2090 2623 2161 Christum,
2648 2094 2877 2150 futurum
2908 2098 3071 2155 fuisse
3097 2111 3154 2156 ut
3184 2102 3326 2158 Deus
3356 2105 3553 2172 lsrael,

1980 2184 2137 2248 quem
2168 2193 2329 2234 unum
2356 2189 2542 2238 verum
2585 2183 2753 2239 Deum
2792 2186 3166 2258 intelligimus,
3208 2207 3313 2247 non
3356 2194 3409 2248 in
3452 2210 3557 2250 una

1979 2270 2091 2339 ipsa
2117 2279 2274 2341 gente
2300 2288 2418 2343 quae
2454 2274 2713 2346 appellata
2740 2286 2825 2333 est
2860 2276 3021 2335 israel
3044 2322 3058 2343 ,
3094 2281 3189 2337 sed
3229 2285 3283 2338 in
3313 2287 3561 2342 omnibus

1978 2361 2222 2430 gentibus
2244 2364 2542 2432 coleretur,
2575 2375 2630 2423 et
2654 2381 2841 2425 omnes
2871 2369 3029 2426 falsos
3073 2372 3202 2428 deos
3228 2374 3474 2431 Gentium
3502 2388 3559 2432 et

1978 2466 2009 2506 a
2048 2453 2256 2525 templis
2294 2466 2480 2512 eorum
2521 2466 2576 2513 et
2600 2473 2632 2514 a
2656 2459 2906 2515 cordibus
2930 2462 3197 2519 cultorum
3222 2480 3439 2521 suorum
3464 2467 3559 2523 de-

1980 2544 2257 2609 tnoliretur
2277 2547 2315 2598 ⁸.

2050 2634 2275 2691 CAPUT
2315 2636 2382 2690 Χ.
2409 2666 2482 2679 -
2508 2639 2595 2694 il.
2623 2638 2953 2712 Paganorum
2981 2644 3207 2716 reliquiae
3247 2649 3437 2718 {rustra
3471 2651 3573 2721 ja-~

1980 2731 2116 2776 ctant
2131 2724 2409 2779 doctrinam
2435 2737 2485 2781 et
2513 2732 2813 2799 sapientiam
2840 2748 3006 2787 suam.
3036 2734 3173 2791 Eant
3196 2751 3334 2792 nunc
3358 2738 3479 2805 isti,
3503 2749 3560 2795 et

1980 2811 2153 2868 adhuc
2179 2822 2362 2869 contra
2384 2817 2728 2875 ehristianam
2751 2822 3062 2893 religionem
3083 2835 3135 2881 et
3163 2836 3348 2883 contra
3371 2844 3555 2885 verum

1983 2904 2076 2958 Dei
2105 2906 2303 2962 cultum
2322 2909 2582 2967 vanitates
2613 2913 2861 2982 pristinas
2887 2915 3210 2974 defensitare
3230 2921 3480 2987 audeant,
3502 2934 3560 2978 ut

1980 3008 2101 3049 cum
2130 2997 2351 3067 strepitu
2388 3010 2623 3068 pereant.
2652 3001 2781 3057 Nam
2812 3015 2864 3059 et
2890 3006 2990 3061 hoc
3018 3008 3085 3062 de
3109 3008 3212 3063 illis
3250 3010 3560 3079 praedictum

1980 3095 2063 3140 est
2087 3086 2138 3140 in
2166 3088 2397 3157 Psalmo,
2426 3091 2635 3147 dicente
2674 3095 2935 3164 Propheta
2974 3116 2987 3152 :
3022 3098 3211 3155 Sedisti
3246 3119 3399 3174 super
3421 3105 3563 3159 thro-

1982 3194 2123 3241 num,
2154 3179 2243 3249 qui
2258 3180 2466 3249 judicas
2489 3185 2790 3252 aequitatem.
2818 3185 3100 3259 Increpasti
3124 3200 3312 3261 gentes,
3340 3202 3386 3246 et
3416 3195 3561 3263 periit

1980 3267 2208 3337 impius;
2238 3286 2418 3325 nomen
2443 3289 2616 3326 eorum
2645 3274 2821 3329 delein
2847 3277 2899 3331 in
2937 3287 3180 3333 internum
3200 3321 3215 3345 ,
3245 3292 3290 3334 et
3315 3285 3368 3336 in
3398 3299 3561 3337 sarcu-

1982 3358 2087 3412 lum
2111 3362 2300 3415 stcculi.
2323 3360 2528 3416 Inimici
2553 3365 2836 3436 defecerunt
2860 3370 3065 3437 frameae
3090 3371 3144 3423 in
3168 3373 3341 3440 ﬁnem,
3365 3383 3409 3427 et
3433 3376 3558 3428 civi-

1983 3456 2107 3502 tates
2154 3465 2324 3534 corum
2371 3452 2677 3508 destruxisti.
2723 3453 2885 3510 Periit
2938 3460 3177 3514 memoria
3228 3477 3399 3517 eorum
3442 3481 3555 3521 cum

1982 3544 2221 3613 strepitu,
2258 3553 2305 3598 et
2330 3543 2575 3601 Dominus
2604 3548 2656 3601 in
2684 3558 2924 3603 internum
2966 3562 3223 3620 permanet
3262 3552 3429 3624 (Psat.
3461 3570 3514 3610 nt
3538 3592 3557 3621 ,

2148 3637 2375 3694 Necesse
2403 3644 2486 3694 est
2504 3652 2631 3710 ergo
2658 3650 2713 3695 ut
2740 3641 3060 3711 impleantur
3079 3646 3255 3699 omnia
3282 3645 3396 3703 haec
3426 3664 3561 3704 :nee

1984 3728 2123 3796 quod
2151 3729 2322 3784 adhuc
2346 3730 2543 3785 audent
2568 3733 2664 3801 ipsi
2689 3734 2837 3801 pauci
2863 3735 2953 3803 qui
2976 3747 3375 3803 remanserunt,
3407 3742 3560 3793 vani-

1986 3817 2171 3887 loquas
2214 3834 2336 3874 suas
2363 3830 2631 3879 ostentare
2656 3822 2951 3890 doctrinas,
2998 3835 3053 3880 et
3080 3825 3408 3884 Christianos
3444 3837 3563 3885 tan.

1985 3925 2141 3978 quam
2167 3910 2590 3980 imperitissimos
2618 3915 2839 3970 irridere
2857 3959 2873 3982 ,
2895 3920 3092 3972 moveri
3113 3920 3403 3988 debemus,
3433 3924 3559 3978 dum

1987 4000 2039 4053 in
2078 4000 2157 4055 eis
2194 4003 2399 4070 impleri
2435 4018 2498 4057 ea
2523 4018 2641 4073 quae
2669 4006 2917 4073 praedicta
2956 4016 3080 4062 sunt
3109 4009 3398 4065 videamus.
3444 4010 3561 4081 Ipsa

1986 4090 2183 4159 quippe
2226 4092 2370 4146 velut
2421 4092 2681 4163 imperitia
2732 4104 2785 4147 et
2841 4097 3059 4149 stultitia
3104 4097 3560 4167 Christianorum,

1986 4194 2105 4250 quae
2130 4182 2413 4238 humilibus
2433 4185 2455 4216 ²
2476 4193 2528 4237 et
2554 4185 2751 4239 sanctis
2777 4186 2997 4256 ejusque
3018 4187 3297 4258 diligenter
3315 4192 3563 4247 studiosis

1987 4280 2203 4341 apparet
2226 4274 2433 4327 excelsa
2455 4283 2507 4328 et
2535 4274 2646 4327 sola
2669 4288 2791 4329 vera
2817 4276 3107 4342 sapientia;
3136 4278 3279 4346 ipsa,
3306 4280 3518 4349 inquam
3543 4324 3559 4345 ,

1988 4361 2132 4416 velut
2157 4362 2374 4416 stultitia
2403 4361 2821 4418 Christianorum
2851 4380 2946 4420 eos
2967 4365 3032 4419 ad
3062 4366 3215 4422 istam
3245 4370 3561 4437 paucitatem

1989 4452 2212 4523 redegit,
2240 4454 2508 4522 quoniam,
2540 4454 2678 4508 sicut
2707 4454 2836 4509 dicit
2860 4456 3165 4524 Apostolus,
3198 4457 3421 4513 Stultum
3445 4462 3565 4530 fecit

1989 4542 2125 4598 Deus
2152 4543 2447 4614 sapientiam
2489 4544 2644 4614 hujus
2684 4545 2876 4599 mundi.
2906 4546 3105 4602 Deinde
3145 4548 3415 4618 subjungit
3450 4566 3563 4606 rem

1990 4634 2284 4689 mirabilem
2307 4676 2321 4698 ,
2364 4635 2407 4688 si
2448 4636 2567 4705 quis
2608 4635 2891 4707 intelligat,
2924 4646 2978 4692 et
3012 4638 3082 4691 ita
3121 4640 3395 4708 sequitur:
3425 4640 3564 4695 Nam

1988 4725 2223 4793 quoniam
2250 4725 2302 4777 in
2327 4724 2422 4778 Dei
2458 4726 2702 4796 sapientia
2731 4742 2831 4779 non
2865 4729 3088 4798 cognovit
3117 4730 3334 4783 mundus
3365 4747 3455 4800 per
3476 4749 3565 4785 sa-

1990 4815 2227 4884 pientiam
2251 4813 2444 4882 Deum,
2468 4816 2658 4886 placuit
2673 4814 2781 4870 Deo
2809 4833 2898 4886 per
2919 4817 3180 4872 stultitiam
3196 4819 3568 4890 prtudicationis

1988 4906 2152 4959 salvos
2193 4908 2359 4977 facere
2383 4907 2653 4962 credentes.
2690 4906 2940 4974 Quoniam
2980 4908 3181 4980 quidem
3214 4909 3387 4966 Judtei
3421 4914 3567 4983 signa

1991 5005 2186 5065 petunt,
2215 5006 2260 5050 et
2289 4995 2451 5050 στωσί
2474 4998 2771 5066 sapientiam
2785 5008 3015 5069 quaerunt
3036 5016 3055 5053 :
3077 5017 3167 5053 nos
3196 5011 3360 5056 autem
3379 5004 3570 5071 pradi-

1989 5104 2163 5141 camus
2191 5086 2442 5141 Christum
2468 5088 2784 5156 cruciﬁxum,
2808 5087 3006 5144 ludatis
3026 5090 3225 5155 quidem
3245 5090 3561 5152 scandalum.

1993 5178 2230 5233 Gentibus
2262 5186 2426 5233 autem
2454 5180 2716 5234 stultitiam
2738 5224 2753 5248 ,
2785 5181 2908 5251 ipsis
2934 5196 3047 5235 vero
3077 5182 3260 5235 vocatis
3283 5179 3479 5235 Judteis
3517 5192 3565 5235 et

1993 5269 2182 5324 Grtecis
2206 5311 2220 5333 ,
2265 5268 2516 5324 Christum
2554 5270 2649 5325 Dei
2702 5270 2943 5326 Virtutem
2994 5281 3040 5326 et
3080 5272 3181 5326 Dei
3226 5272 3562 5343 Sapientiam.

1997 5360 2246 5429 Quoniam
2271 5361 2406 5432 quod
2432 5361 2641 5415 stultum
2681 5371 2753 5417 est
2780 5361 2902 5431 Dei,
2939 5363 3214 5433 sapientius
3252 5374 3321 5418 est
3345 5363 3563 5416 hominis

2060 5598 2074 5629 ι
2111 5604 2161 5645 tn
2178 5604 2304 5655 uss,
2327 5595 2620 5645 anwtirctur.

2090 5658 2227 5718 Editi,
2252 5656 2300 5708 in
2328 5656 2603 5707 humilibus.
2634 5659 2797 5717 Abest,
2821 5656 2890 5718 in,
2916 5670 2944 5706 s
2968 5664 3070 5706 atas.
