3904 6362
254 293 336 350 ωδ
1587 281 1788 336 LIBER
1829 282 2027 339 unus.

306 408 346 460 2.
376 404 459 461 Sed
481 420 590 456 cum
619 400 722 456 ιιωο
764 400 831 453 ita
868 398 1005 463 sint,
1040 394 1304 468 quomodo
1345 396 1468 450 huic
1506 394 1743 465 opinioni

250 498 504 557 contrarium
546 511 647 548 non
689 494 787 555 sit.
820 490 963 562 quod
1012 490 1140 544 dicit
1183 489 1503 559 Apostolus.
1557 488 1740 540 Omnes

242 591 341 643 (uim
363 587 601 640 astabimus
637 593 745 635 ante
782 581 1001 634 tribunal
1042 579 1257 647 Christi,
1286 589 1340 631 ut
1380 579 1507 648 {erat
1539 579 1553 609 ¹
1580 594 1742 630 unus-

237 681 396 747 quisque
415 674 667 730 secundum
684 690 739 725 ea
758 687 871 741 qua:
891 687 980 741 per
1007 686 1191 739 corpus
1210 669 1381 740 gessit,
1404 668 1506 722 sive
1534 667 1737 731 bonum,

236 768 488 822 tircmalum
516 764 574 835 (ll
596 764 704 816 Cor.
736 778 790 822 v.
826 762 934 831 10),
969 775 1072 814 non
1104 768 1156 815 te
1186 759 1315 813 satis
1337 758 1517 813 videre
1541 756 1743 826 signiﬁ-

236 878 316 915 cas.
356 858 457 913 lltec
485 857 668 926 quippe
707 854 995 923 apostolica
1040 851 1303 907 sententia
1345 858 1466 903 ante
1514 858 1736 903 mortem

232 952 426 1005 admonet
448 949 548 1003 fieri
574 946 707 1017 quod
738 947 901 1015 possit
922 944 1176 1015 prodesse
1197 950 1317 1014 post
1342 950 1599 1007 mortem;
1631 944 1735 994 nun

232 1051 348 1103 tunc,
371 1038 558 1109 quando
574 1038 679 1107 jam
705 1034 1063 1106 recipiendum
1093 1041 1176 1088 est
1199 1032 1341 1103 quod
1371 1033 1594 1103 quisque
1617 1046 1736 1102 ges-

226 1133 323 1184 serit
355 1140 458 1183 ante
484 1137 717 1182 mortem.
756 1127 947 1180 Verum
977 1125 1090 1180 hare
1120 1125 1189 1178 ita
1218 1124 1444 1178 solvitur
1470 1122 1694 1194 QUtIBSliO
1714 1162 1728 1185 ,

226 1220 422 1290 quoniam
442 1218 655 1288 quodam
685 1217 807 1270 vitm
829 1231 1022 1286 genere
1048 1214 1361 1285 acquiritur,
1395 1214 1519 1268 dum
1553 1214 1603 1266 in
1632 1213 1733 1267 hoc

224 1326 397 1381 corpore
435 1310 634 1374 vivitur,
670 1318 723 1362 ut
764 1306 961 1377 aliquid
1004 1306 1255 1377 adjuvcnt
1295 1306 1393 1361 ista
1423 1306 1729 1372 defunctos;

223 1418 268 1456 ac
288 1417 364 1473 per
388 1402 476 1455 hoc
508 1399 791 1455 secundum
832 1414 894 1452 ea
915 1414 1031 1468 qua:
1060 1413 1155 1468 per
1194 1412 1388 1467 corpus
1416 1406 1728 1468 gesserunt,

218 1494 278 1547 eis
296 1509 391 1562 qum
417 1502 524 1561 post
557 1505 745 1560 corpus
774 1488 1016 1559 religiose
1044 1504 1141 1557 pro
1170 1488 1274 1543 illis
1314 1488 1451 1542 facta
1496 1486 1727 1554 fuerint,

216 1582 491 1652 adjuvantur.
534 1582 661 1636 Sunt
690 1581 834 1636 enim
881 1595 1012 1650 quos
1061 1578 1190 1633 nihil
1234 1580 1451 1633 omnino
1479 1578 1732 1649 adjuvant

215 1674 318 1739 ista;
344 1675 437 1728 sive
465 1689 549 1742 pro
588 1674 664 1729 eis
706 1671 868 1736 ﬁant,
902 1687 1126 1741 quorum
1161 1679 1265 1725 tam
1298 1672 1432 1725 mala
1464 1679 1588 1724 sunt
1615 1687 1728 1726 me-

215 1765 319 1831 rita,
346 1776 394 1820 ut
429 1782 580 1835 neque
622 1765 816 1819 talibus
856 1762 1001 1835 digni
1044 1763 1151 1817 sint
1188 1763 1462 1833 adjuvari;
1492 1764 1602 1816 sive
1632 1778 1729 1832 pro

213 1861 301 1923 eis,
328 1875 516 1929 quorum
546 1870 640 1913 tam
666 1858 840 1923 bona,
871 1866 927 1911 ut
960 1855 1155 1911 talibus
1196 1871 1299 1909 nou
1332 1854 1603 1924 indigeant
1632 1855 1727 1909 ad-

214 1952 445 2020 jumentis.
477 1950 657 2005 Geuere
702 1950 866 2020 igitur
908 1949 1030 2003 vitae
1055 1988 1068 2011 ,
1113 1948 1253 2017 quod
1301 1947 1463 2017 gessit
1505 1948 1728 2017 quisqm:

222 2057 306 2111 per
328 2057 490 2109 corpus
508 2084 520 2104 ,
541 2042 743 2095 elficitur
775 2049 829 2095 ut
857 2040 1063 2110 prosint
1090 2040 1170 2094 vel
1197 2056 1301 2093 non
1325 2040 1543 2109 prosint,
1579 2056 1726 2108 qua:-

225 2146 417 2199 cumque
437 2147 516 2199 pro
542 2132 617 2185 illo
635 2133 708 2200 pie
734 2132 889 2194 ﬁunt,
913 2146 1034 2186 cum
1056 2131 1325 2201 reliquerit
1351 2147 1563 2201 corpus.
1596 2130 1723 2185 Nam

224 2223 429 2276 meritum
455 2238 538 2291 per
559 2223 677 2293 quod
708 2224 813 2278 ista
846 2223 1080 2293 prosint,
1114 2222 1157 2276 si
1194 2206 1402 2276 nullum
1447 2238 1725 2291 compara-

218 2322 308 2366 tum
325 2325 391 2368 est
412 2316 453 2367 iu
475 2314 559 2370 hac
579 2316 707 2379 vita,
740 2315 936 2369 frustra
956 2316 1212 2385 quaeritur
1236 2323 1355 2384 post
1378 2315 1513 2369 hanc
1538 2316 1721 2372 vitam.

211 2403 270 2458 Ita
293 2406 338 2457 tit
363 2417 408 2458 ut
433 2420 580 2475 neque
604 2406 837 2461 inaniter
866 2406 1098 2461 Ecclesia
1129 2406 1211 2459 vel
1232 2420 1448 2460 suorum
1480 2422 1604 2461 cura
1631 2422 1724 2475 pro

208 2494 445 2561 defunctis,
487 2496 613 2566 quod
658 2497 898 2567 potuerit
950 2497 1221 2567 religionis
1249 2499 1269 2528 ²
1330 2497 1633 2570 impendat;
1662 2509 1716 2553 et

206 2593 343 2638 tamen
362 2584 479 2641 ferat
499 2590 854 2658 unusquisque
874 2587 1166 2643 secundum
1192 2602 1253 2643 ea
1277 2603 1394 2657 quae
1418 2603 1512 2658 per
1532 2605 1724 2659 corpus

205 2680 359 2746 gessit,
385 2681 484 2735 sive
528 2679 722 2736 bonum
774 2681 886 2735 sive
932 2680 1165 2745 malum,
1194 2679 1452 2735 reddente
1498 2681 1723 2735 Domino

205 2772 427 2842 unicuique
465 2774 751 2829 secundum
798 2788 958 2844 opera
994 2774 1131 2843 ejus.
1164 2773 1235 2829 Ut
1273 2774 1414 2828 enim
1453 2774 1555 2829 hoc
1582 2774 1722 2845 quod

208 2863 477 2931 impenditur,
504 2868 667 2936 possit
714 2867 772 2922 ei
824 2865 1076 2934 prodesse
1128 2875 1245 2936 post
1298 2881 1523 2936 corpus,
1557 2868 1607 2921 in
1659 2882 1720 2922 ea

204 2954 283 3007 vita
304 2957 573 3026 acquisitum
602 2967 680 3013 est
703 3000 719 3021 ,
758 2972 917 3026 quam
948 2957 1114 3026 gessit
1139 2956 1192 3011 in
1219 2972 1464 3027 corpore.

256 3046 300 3097 5.
328 3046 509 3101 Poterat
551 3047 890 3118 inquisitioni
937 3057 1040 3101 tua:
1089 3046 1338 3105 sufﬁcere
1385 3063 1501 3101 mea
1546 3028 1722 3102 brevis

204 3135 282 3189 ista
304 3140 562 3207 responsio;
592 3139 687 3195 sed
712 3154 840 3209 quae
861 3138 960 3191 alia
989 3147 1254 3202 moveant,
1280 3138 1469 3207 quibus
1498 3154 1721 3207 respon-

203 3224 384 3282 dendum
404 3231 661 3297 existimo,
698 3245 995 3301 parumper
1029 3229 1264 3284 attende.
1310 3229 1363 3283 In
1392 3230 1723 3285 Machabmo-

199 3332 290 3372 rum
325 3318 447 3375 libris
484 3322 705 3392 legimus
753 3320 988 3374 oblatum
1034 3336 1129 3389 pro
1157 3320 1377 3373 mortuis
1402 3321 1719 3375 sacrificium

197 3408 255 3475 (ll
277 3409 471 3465 Machab.
500 3428 566 3467 xu
588 3456 601 3479 ,
632 3414 763 3483 45).
793 3412 899 3467 Sed
926 3420 981 3466 et
1000 3412 1045 3465 si
1073 3427 1331 3482 nusquam
1362 3416 1411 3465 in
1437 3413 1722 3482 Scripturis

202 3500 419 3555 veteribus
438 3504 633 3559 omnino
682 3506 982 3573 legeretur,
1027 3518 1131 3558 non
1166 3518 1323 3573 parva
1353 3511 1434 3557 est
1464 3504 1721 3560 universa:

201 3589 428 3659 Ecclesiae,
441 3611 537 3663 qua:
565 3598 617 3651 in
648 3598 763 3651 hac
785 3596 1167 3651 consuetudine
1193 3597 1357 3649 claret
1377 3597 1718 3661 auctoritas“,

194 3682 562 3758 ubiinprecibus
598 3689 910 3746 sacerdotis
953 3704 1070 3759 qua:
1114 3688 1337 3744 Domino
1378 3689 1486 3743 Deo
1512 3689 1576 3744 ad
1607 3692 1722 3758 ejus

191 3779 324 3833 altare
365 3781 671 3847 funduntur,
726 3783 906 3837 locum
959 3795 1111 3835 suum
1162 3780 1321 3834 habet
1369 3780 1524 3833 etiam
1573 3796 1720 3835 Cunt-

193 3871 408 3926 mcudatio
434 3884 795 3930 mortuorum.

245 3962 429 4019 CAPUT
468 3967 527 4023 ll.
557 3997 629 4007 —
656 3965 803 4033 Quid
831 3964 1056 4031 conferat
1097 3965 1255 4017 bonos
1284 3963 1575 4031 sepultum.
1623 3963 1720 4018 Se-

192 4053 354 4119 pultum
377 4072 634 4121 corporum
662 4054 973 4110 Christianis
990 4054 1033 4108 si
1059 4054 1209 4122 fuerit
1238 4062 1440 4123 negata,
1460 4053 1586 4106 nihil
1608 4053 1721 4105 adi-

188 4146 271 4197 ruit.
309 4146 394 4202 Sed
423 4160 596 4204 utrum
645 4146 855 4217 aliquid
907 4146 1074 4214 prosit
1101 4145 1292 4199 anima:
1340 4145 1531 4199 mortui
1576 4145 1723 4199 locus

186 4238 379 4303 corporis
400 4240 513 4303 sui,
546 4237 837 4306 operosius
859 4234 1232 4304 inquirendum
1261 4243 1363 4289 est.
1395 4236 1469 4288 Ac
1496 4237 1722 4303 primum

184 4338 323 4383 utrum
350 4332 548 4385 intersit
575 4328 790 4400 aliquid
832 4327 898 4381 ad
944 4326 1274 4381 inferendam
1305 4326 1385 4380 vel
1429 4326 1721 4396 augendam

185 4420 403 4476 miseriam
426 4431 541 4493 post
569 4424 714 4477 hanc
746 4422 907 4489 vitam
937 4419 1209 4488 spiritibus
1237 4418 1507 4473 hominum
1525 4460 1539 4483 ,
1567 4421 1609 4472 si
1634 4434 1722 4473 eo-

184 4524 273 4563 rum
292 4527 496 4581 corpora
520 4514 741 4583 sepulta
762 4526 866 4566 non
893 4510 1121 4573 fuerint,
1156 4523 1261 4562 non
1290 4508 1582 4563 secundum
1605 4509 1722 4578 opi-

185 4601 354 4654 nionem
395 4613 682 4675 utcumque
734 4602 1030 4671 vulgatam,
1060 4599 1154 4654 sed
1208 4598 1380 4668 potius
1433 4599 1721 4653 secundum

184 4691 403 4759 religionis
422 4704 622 4750 nostra:
651 4706 836 4747 sacras
859 4691 1089 4745 Litteras
1113 4700 1194 4744 est
1215 4687 1520 4743 videndum.
1545 4688 1724 4757 Neque

184 4780 292 4834 enim
331 4786 651 4839 credendum
702 4792 816 4849 est,
844 4784 977 4836 sicut
1020 4778 1159 4848 apud
1200 4779 1467 4833 Maronem
1514 4779 1719 4848 legitur,

182 4871 426 4941 insepultos
441 4893 471 4929 a
492 4864 801 4945 navigando
817 4883 975 4942 atque
999 4870 1319 4925 transeundo
1343 4868 1548 4924 inferno
1567 4885 1725 4924 amne

183 4964 406 5026 prohiberi
430 4983 444 5018 :
471 4967 597 5037 quia
625 4965 832 5020 scilicet

274 5061 357 5105 nec
375 5059 503 5120 ripas
522 5056 674 5106 datur
689 5053 982 5120 horrendas,
1008 5065 1103 5120 nec
1123 5063 1269 5101 rauca
1289 5050 1474 5120 ﬂuenta

275 5113 605 5181 mm"
623 5118 780 5180 ’Μ’
798 5114 1276 5237 “(minus
1290 5113 1662 5232 ίίυῖῗθὲἓτῗίὲω.)

176 5254 283 5321 Quis
305 5275 391 5315 cur
417 5262 776 5317 christianum
820 5259 1037 5315 inclinet
1079 5257 1160 5311 his
1201 5252 1420 5326 poeticis
1447 5254 1725 5309 fabulosis-

180 5359 262 5414 que
285 5351 564 5420 figmentis,
595 5365 726 5406 cum
756 5350 1003 5404 Dominus
1022 5347 1206 5411 .lesus,
1237 5355 1293 5400 ut
1316 5347 1457 5400 inter
1483 5344 1723 5398 inimico-

230 5463 243 5490 '
272 5463 333 5510 sic
351 5472 449 5512 διεδ.
476 5471 531 5512 At
554 5463 679 5513 editi
703 5462 791 5510 hoc
811 5460 936 5517 loco,
959 5460 1133 5521 referat
1163 5471 1181 5508 :
1203 5460 1283 5521 qui
1304 5465 1463 5508 tamen
1479 5455 1599 5505 infra
1618 5469 1725 5505 cum

182 5525 265 5585 κδ-
294 5524 479 5583 hbent,
503 5530 551 5573 et
584 5531 750 5574 tantm
779 5524 918 5585 ferat.

234 5583 250 5610 ¹
278 5590 393 5632 t'nus
426 5580 475 5634 e'
493 5585 740 5635 Vaticanis
753 5580 879 5641 Mss,
904 5580 1184 5644 religiosum.

234 5645 251 5673 ³
279 5649 501 5697 rditiones
518 5648 630 5695 Bad.
662 5655 760 5693 Am.
787 5652 836 5693 et
858 5640 953 5701 Er,
977 5640 1065 5691 rion
1087 5655 1236 5704 parua
1273 5640 1363 5689 hac
1394 5640 1728 5691 curauetudine

184 5705 305 5754 dum
325 5706 573 5759 auctoritas
602 5720 621 5757 :
644 5705 989 5757 reluctantibus
1008 5711 1112 5754 Mss.
1149 5711 1199 5754 et
1220 5711 1325 5751 Iov.

3330 303 3432 361 51H

1857 411 1972 451 rum
1998 413 2215 465 manus,
2248 405 2335 472 qui
2378 420 2560 460 eorum
2603 424 2825 478 corpora
2873 411 2933 464 in.
2974 417 3233 478 potestate
3258 415 3421 470 habe.

1855 497 2002 555 rent,
2032 493 2215 547 securi.
2251 497 2627 553 occumberent
2675 501 3126 571 Christiani,.nec
3174 506 3423 575 capillum

1851 582 2037 648 capitis
2083 600 2265 639 eorum
2314 598 2519 643 asserat
2562 592 2888 659 periturum,
2917 597 3316 652 exhortans-ne
3357 599 3417 651 tie

1851 684 2029 728 meant
2053 690 2148 730 eos
2185 678 2273 746 qui
2322 693 2439 732 cum
2481 695 2674 751 corpus
2713 683 3033 749 occiderint,
3060 676 3290 757 amplius
3322 706 3424 742 non

1849 763 2044 819 habent
2071 767 2197 836 quid
2229 770 2458 825 faciant?
2484 771 2633 826 Unde
2666 773 2717 827 in
2748 774 2919 843 primo
2947 775 3081 830 libro
3106 777 3171 832 de
3196 777 3423 832 Civitate

1849 856 1941 911 Dei
1971 861 2098 914 satis
2118 902 2131 926 ,
2162 873 2411 931 quantum
2439 866 2715 934 existimo,
2748 883 2863 922 sum
2895 869 3101 924 locutus
3122 912 3134 935 ,
3159 881 3219 925 ut
3236 887 3421 927 eorum

1844 948 2059 1004 dentem
2088 954 2423 1008 retunderem
2441 998 2456 1022 ,
2482 957 2570 1026 qui
2590 957 2921 1013 barbaricam
2942 960 3265 1025 vastitatem,
3291 978 3421 1031 pra:-

1843 1040 1995 1110 cipue
2039 1059 2195 1111 quam
2244 1061 2415 1115 nuper
2460 1047 2627 1103 Roma
2677 1063 2929 1119 perpessa
2968 1059 3086 1116 est,
3118 1050 3422 1106 Christianis

1844 1134 2167 1201 temporibus
2196 1136 2536 1204 imputando,
2569 1138 2728 1193 etiam
2759 1138 2810 1192 id
2832 1139 3107 1210 objiciunt;
3142 1140 3283 1211 quod
3311 1141 3419 1195 suis

1840 1220 1949 1275 illic
1976 1239 2081 1280 non
2109 1224 2415 1280 subvenerit
2439 1226 2703 1282 Christus.
2732 1228 2936 1297 Quibus
2959 1244 3079 1284 cum
3107 1245 3419 1300 responsum

1840 1314 1993 1369 fuerit
2013 1316 2216 1371 animas
2230 1317 2458 1371 fidelium
2477 1334 2571 1389 pro
2585 1318 2701 1374 fidei
2717 1337 2826 1375 sua:
2846 1321 3050 1376 meritis
3066 1321 3240 1376 abillo
3259 1322 3420 1378 fuisse

1838 1416 2126 1476 susceptas,
2157 1408 2411 1463 insultant
2439 1410 2505 1465 de
2530 1410 2875 1466 cadaveribus
2891 1411 3193 1482 insepultis.
3225 1412 3417 1467 Totum

1840 1497 2012 1567 itaque
2028 1500 2182 1554 istum
2198 1500 2261 1554 de
2277 1504 2548 1571 sepultura
2562 1502 2733 1557 locum
2746 1503 2922 1559 verbis
2936 1504 3126 1560 talibus
3138 1505 3418 1575 explicavi.

1907 1589 1959 1643 4.
1996 1608 2015 1641 ι
2051 1590 2119 1643 At
2147 1592 2287 1646 enim
2314 1592 2364 1646 in
2394 1600 2537 1646 tanta
2559 1633 2575 1658 ,
2605 1592 2818 1663 inquam
2842 1635 2856 1659 ,
2886 1602 3063 1665 strage
3092 1595 3411 1650 cadaverum

1836 1695 1933 1732 nec
1962 1680 2171 1748 sepeliri
2199 1684 2524 1750 potuerunt?
2548 1683 2730 1753 Neque
2752 1684 2890 1739 istud
2922 1685 3005 1755 pia
3035 1684 3165 1740 fides
3198 1686 3416 1740 nimium

1835 1772 2172 1839 reformidat,
2206 1784 2391 1829 tenens
2430 1775 2770 1845 praedictum,
2803 1791 2901 1831 nec
2944 1778 3284 1832 absumentes
3326 1778 3418 1833 beo

1834 1863 1963 1917 stias
1989 1866 2370 1919 resurrecturis
2400 1866 2714 1935 corporibus
2741 1866 3015 1921 obfuturas
3033 1909 3047 1931 ,
3077 1881 3302 1937 quorum
3324 1881 3418 1919 ca-

1832 1953 1989 2023 pillus
2017 1957 2204 2024 capitis
2230 1972 2334 2010 non
2366 1958 2576 2025 peribit.
2607 1957 2714 2012 Nec
2748 1958 2855 2013 ullo
2882 1959 3042 2013 modo
3079 1958 3282 2013 diceret
3310 1958 3417 2012 Ve-

1831 2048 1960 2101 ritas
1981 2089 1996 2113 ,
2022 2046 2197 2102 Nolite
2223 2049 2394 2102 timere
2420 2066 2502 2102 eos
2545 2051 2633 2120 qui
2671 2067 2853 2120 corpus
2897 2051 3131 2103 occidunt
3151 2092 3165 2114 ,
3193 2051 3415 2103 animum

1830 2146 1998 2191 autent
2023 2155 2123 2192 non
2146 2149 2351 2207 possunt
2379 2141 2602 2194 occidere
2618 2158 2637 2205 ;
2673 2142 2715 2194 si
2742 2140 3029 2211 quidquam
3056 2142 3270 2195 obesset
3291 2142 3414 2194 vitae

1830 2227 2020 2281 futura:
2045 2228 2295 2299 quidquid
2326 2230 2524 2285 inimici
2552 2230 2620 2285 de
2645 2231 2961 2301 carpet-ibus
2990 2232 3297 2286 occisorum
3330 2232 3410 2285 fa»-

1830 2336 1953 2375 cere
1980 2322 2290 2377 voluissent.
2315 2322 2423 2376 Nisi
2454 2321 2591 2377 forte
2614 2323 2875 2392 quispiam
2904 2324 2982 2377 sic
3012 2323 3273 2377 absurdus
3298 2334 3409 2390 est,

1828 2420 1886 2466 ut
1906 2411 2192 2466 contendat
2215 2427 2308 2467 cos
2338 2413 2427 2483 qui
2458 2428 2652 2481 corpus
2680 2413 2950 2479 occidunt,
2981 2430 3086 2467 non
3117 2414 3315 2468 debere
3341 2414 3411 2467 ti-

1827 2504 1959 2557 meri
1975 2512 2096 2559 ante
2117 2513 2362 2571 mortem,
2384 2520 2449 2559 ne
2469 2520 2663 2575 corpus
2675 2505 2940 2572 occidant;
2959 2514 3012 2559 et
3029 2505 3200 2559 timeri
3217 2504 3411 2560 debere

1829 2600 1948 2662 post
1975 2602 2199 2647 mortem
2221 2636 2235 2661 ,
2268 2611 2335 2649 ne
2355 2610 2551 2664 corpus
2575 2595 2809 2649 occisum
2838 2595 3049 2664 sepeliri
3083 2610 3186 2648 non
3212 2595 3407 2649 sinant.

1828 2682 2042 2737 Falsum
2068 2694 2151 2738 est
2177 2700 2304 2754 ergo
2339 2684 2479 2754 quod
2520 2685 2596 2740 ait
2619 2684 2865 2740 Christus
2886 2680 2905 2750 ,γ
2939 2684 3039 2751 Qui
3067 2701 3250 2755 corpus
3279 2685 3414 2738 occi-

1827 2775 1988 2841 dunt,
2043 2784 2087 2830 et
2128 2786 2298 2847 postea
2339 2795 2441 2832 non
2482 2778 2663 2831 habent
2707 2779 2831 2848 quid
2873 2778 3065 2848 faciant
3098 2777 3307 2847 (Matth.
3340 2794 3407 2838 x.

1826 2866 1916 2932 28,
1939 2868 2036 2933 '50;
2066 2868 2189 2922 Luc.
2220 2885 2312 2931 xu,
2337 2869 2389 2936 4,
2419 2867 2511 2940 7);
2542 2871 2586 2923 si
2614 2868 2814 2923 habent
2844 2876 2984 2924 tanta
3011 2884 3131 2938 qua:
3155 2868 3221 2923 de
3248 2867 3410 2922 cada-

1827 2958 2041 3013 veribus
2090 2958 2327 3013 faciant?
2370 2960 2524 3013 Absit
2565 2968 2624 3013 ut
2671 2958 2863 3012 falsum
2906 2959 2977 3011 sit
3019 2956 3162 3027 quod
3207 2956 3411 3011 Veritas

1826 3048 1979 3102 dixit.
2012 3049 2216 3103 Dictum
2258 3058 2341 3103 est
2378 3050 2519 3103 enim
2550 3048 2750 3118 aliquid
2779 3062 2874 3102 eos
2899 3046 3076 3102 faccre
3113 3063 3233 3102 cum
3261 3048 3408 3101 oeci.

1826 3138 1986 3205 dunt,
2019 3138 2141 3207 quia
2184 3139 2238 3192 in
2268 3154 2491 3208 corpore
2530 3152 2719 3192 sensus
2757 3145 2837 3192 est
2864 3135 3191 3196 occidendo;
3224 3145 3408 3206 postea

1826 3247 1954 3287 vero
1976 3230 2103 3285 nihil
2130 3230 2326 3285 habere
2352 3230 2492 3300 quod
2525 3229 2739 3295 faciant,
2770 3229 2890 3299 quia
2913 3227 3088 3282 nullus
3112 3242 3302 3282 sensus
3328 3238 3407 3281 est

1788 3360 1791 3361 ν
1827 3325 1880 3379 in
1924 3339 2147 3393 corpore
2176 3323 2375 3377 occiso.
2418 3322 2577 3376 Multa
2606 3321 2783 3391 itaque
2810 3336 3036 3391 corpora
3073 3319 3409 3376 Christiano-

1825 3432 1943 3470 rum
1973 3425 2109 3470 terra
2139 3431 2243 3468 non
2285 3415 2451 3468 texit:
2495 3413 2589 3469 sed
2621 3414 2823 3467 nullum
2856 3428 3039 3467 eorum
3071 3412 3349 3482 quisquam
3378 3428 3407 3464 a

1827 3506 1965 3561 ccelo
1994 3515 2046 3560 et
2075 3516 2216 3559 terra
2245 3505 2541 3574 separavit,
2575 3519 2733 3574 quam
2763 3511 2925 3558 totam
2966 3503 3148 3571 implet
3176 3516 3411 3571 praesen-

1780 3614 1783 3619 ‘
1830 3598 1896 3651 tia
1923 3598 2027 3661 sui,
2057 3598 2143 3665 qui
2177 3596 2322 3649 novit
2342 3596 2482 3649 unde
2510 3595 2787 3649 resuscitet
2810 3593 2949 3663 quod
2971 3593 3187 3647 creavit.
3209 3592 3409 3647 Dicitur

1827 3689 2040 3760 quidem
2074 3690 2123 3742 in
2152 3689 2363 3743 Psalmo
2382 3730 2401 3760 ,1
2426 3687 2714 3741 Posuerunt
2748 3687 2982 3741 mortalia
3007 3704 3261 3741 servorum
3290 3697 3407 3741 tuo-

1825 3798 1941 3834 rum
1963 3797 2125 3834 escam
2160 3756 2445 3834 volatilibus
2484 3779 2627 3846 caeli,
2673 3795 2849 3832 carnes
2891 3788 3178 3832 sanctorum
3207 3788 3409 3832 tuorum

1826 3874 1993 3929 bestiis
2041 3884 2186 3927 terra:
2217 3890 2234 3926 :
2260 3873 2545 3938 effuderunt
2594 3872 2888 3943 sanguinem
2943 3887 3115 3925 eorum
3165 3880 3403 3939 tanquam

1826 3984 2009 4035 aquam
2046 3968 2099 4019 in
2139 3967 2349 4019 circuitu
2386 3965 2672 4019 Jerusalem
2694 4006 2707 4028 ,
2735 3974 2781 4018 et
2810 3980 2911 4018 non
2936 3974 3041 4017 erat
3067 3964 3151 4031 qui
3176 3961 3409 4032 sepeliret

1828 4056 1997 4129 (Psal.
2044 4058 2271 4117 LXXVIII,
2301 4054 2365 4116 2,
2399 4056 2485 4124 3);
2519 4054 2610 4108 sed
2662 4055 2830 4124 magis
2873 4052 2938 4107 ad
2984 4051 3404 4122 exaggerandam

1826 4147 2191 4201 crudelitatem
2218 4161 2402 4200 eorum
2433 4143 2523 4213 qui
2550 4144 2649 4197 ista
2682 4141 2921 4197 fecerunt
2942 4184 2957 4207 ,
2988 4156 3093 4194 non
3122 4141 3188 4194 ad
3218 4155 3401 4194 eorum

1828 4236 2190 4291 infelicitatem
2233 4235 2323 4304 qui
2366 4235 2464 4287 ista
2512 4232 2748 4301 perpessi
2791 4240 2931 4285 sunt.
2976 4230 3227 4298 Quamvis
3265 4230 3405 4283 enim

1826 4330 1941 4385 haec
1972 4329 2022 4383 in
2067 4336 2360 4395 conspectu
2399 4325 2671 4379 hominum
2703 4323 2833 4377 dura
2868 4330 2922 4376 et
2946 4321 3059 4375 dira
3103 4320 3404 4385 videantur,

1826 4421 1919 4475 sed
1952 4420 2167 4489 pretiosa
2193 4420 2246 4470 in
2283 4426 2550 4485 conspectu
2580 4414 2785 4468 Domini
2821 4429 2955 4467 mors
2989 4419 3274 4466 sanctorum
3299 4411 3408 4479 ejus

1828 4509 1996 4578 (Psal.
2019 4524 2141 4574 cxv,
2175 4506 2283 4580 15).
2328 4505 2559 4561 Proinde
2588 4504 2686 4559 ista
2726 4503 2903 4560 omnia
2924 4546 2938 4570 ,
2966 4502 3019 4557 id
3059 4510 3175 4567 est,
3204 4504 3408 4556 curaﬁo

1829 4599 2055 4665 funeris,
2112 4598 2346 4652 conditio
2389 4596 2705 4665 sepultum,
2754 4608 2943 4664 pompa
2998 4593 3405 4663 exsequiarum,

1828 4689 1994 4758 magis
2025 4695 2146 4742 sunt
2171 4687 2406 4740 vivorum
2451 4684 2669 4751 solatia,
2700 4698 2858 4752 quam
2898 4681 3132 4737 subsidia
3172 4691 3407 4735 mortuo-

1827 4796 1967 4836 rum.
2008 4779 2064 4835 Si
2107 4777 2307 4847 aliquid
2359 4774 2576 4846 prodest
2621 4773 2784 4845 impio
2823 4773 3090 4843 sepultura
3137 4772 3406 4842 pretiosa,

1827 4873 1999 4929 oberit
2028 4871 2115 4941 pio
2137 4871 2255 4923 vilis
2281 4867 2557 4923 autnulla.
2580 4866 2871 4921 Praiclaras
2893 4865 3171 4934 exsequias
3202 4864 3253 4917 in
3279 4878 3409 4917 cou-

1826 4972 2009 5034 spectu
2053 4962 2324 5017 hominum
2354 4966 2644 5032 purpurato
2684 4957 2763 5011 illi
2805 4957 2951 5012 diviti
2983 4958 3133 5011 turba
3166 4956 3410 5011 exhibuit

1829 5055 2141 5110 famulorum
2170 5068 2185 5104 :
2214 5051 2307 5106 sed
2330 5051 2494 5105 multo
2524 5049 2777 5104 clariores
2803 5048 2858 5103 in
2881 5056 3166 5117 conspectu
3196 5046 3409 5101 Domini

1828 5146 2072 5199 ulceroso
2096 5144 2165 5197 illi
2189 5141 2405 5213 pauperi
2423 5140 2771 5195 ministerium
2792 5139 3019 5209 praebuit
3044 5138 3405 5207 Angelorum;

1828 5239 1916 5306 qui
1943 5249 2062 5287 eum
2086 5248 2189 5288 non
2210 5231 2516 5287 extulerunt
2537 5230 2590 5283 in
2615 5242 2972 5282 marmoreum
3002 5227 3284 5290 tumulbm,
3312 5225 3406 5280 sed

1830 5329 1881 5383 in
1913 5327 2140 5382 Abraha:
2179 5323 2438 5395 gremium
2485 5320 2819 5377 sustulerunt
2856 5319 3005 5390 (Luc.
3039 5334 3163 5385 xvi,
3195 5315 3404 5386 lii-2‘2).

1829 5419 2024 5475 Rident
2057 5418 2168 5471 hzrc
2208 5414 2316 5480 illi,
2345 5421 2527 5469 contra
2562 5427 2695 5483 quos
2735 5410 3124 5466 defendendam
3167 5406 3409 5472 suscepi-

1831 5527 1947 5564 mus
1989 5507 2265 5562 Civitatem
2316 5505 2835 5559 Deizverumtamen
2885 5501 3172 5568 sepultum
3218 5511 3402 5550 curam

1831 5602 1987 5655 etiam
2014 5613 2195 5653 eorum
2222 5594 2518 5667 philosophi
2548 5598 3011 5659 contempserunt;
3040 5596 3092 5641 et
3116 5601 3257 5656 διξερε
3286 5586 3374 5639 uni
3393 5616 3407 5626 -

1838 5693 1972 5749 versi
2003 5692 2264 5747 exercitus
2286 5730 2299 5755 ,
2334 5686 2458 5741 dum
2488 5701 2580 5755 pro
2611 5692 2816 5737 terrena
2854 5681 3019 5753 patria
3048 5686 3405 5739 morerentur,
