3904 6362
1487 111 1516 128 \

202 293 280 350 τίη
825 345 838 356 _
1527 275 1727 330 LIBER
1767 274 1958 331 usus.

204 407 342 478 ργοιὶι.
362 403 474 458 Cum
523 413 649 469 ergo
686 395 847 451 ﬁdelis
885 404 1056 450 mater
1097 392 1265 447 tidelis
1313 392 1405 446 filii
1450 389 1686 446 defuncti

201 510 353 566 corpus
374 489 735 548 desideravitin
764 487 980 540 basilica
1005 485 1251 555 martyris
1292 482 1415 553 poni
1445 522 1461 547 ,
1489 481 1534 535 si
1579 481 1698 550 qui-

198 591 291 642 dem
308 583 495 640 credidit
521 581 634 650 ejus
659 578 881 632 animam
918 576 1125 630 meritis
1151 573 1397 644 martyris
1421 572 1658 642 adjuvari
1681 586 1697 636 ;

197 681 273 733 hoc
295 676 409 747 quod
430 677 494 729 ita
520 673 773 735 credidit,
820 669 1136 739 supplicatio
1177 666 1421 738 quaedam
1473 666 1606 730 fuit;
1643 673 1698 719 et

198 774 283 823 haec
307 765 497 835 profuit,
527 764 568 817 si
593 761 712 832 quid
741 759 960 831 profuit.
993 760 1056 812 Et
1083 758 1226 828 quod
1255 757 1319 810 ad
1354 757 1490 811 idem
1519 756 1701 825 sepul-

198 874 311 914 crum
329 856 522 910 recurrit
539 853 729 917 animo,
753 860 808 906 et
837 851 1000 904 filium
1028 849 1275 917 precibus
1299 847 1466 915 magis
1505 845 1701 915 magis-

198 966 274 1019 que
312 943 644 1009 commendat;
693 941 910 1011 adjuvat
960 938 1199 994 defuncti
1252 937 1538 1006 spiritum,
1588 950 1694 990 non

196 1037 342 1092 mortui
359 1034 575 1103 corporis
601 1033 761 1094 locus,
788 1031 881 1086 sed
909 1047 972 1085 ex
1002 1030 1102 1083 loci
1136 1027 1392 1083 memoria
1416 1028 1563 1081 vivus
1593 1041 1700 1080 ma-

195 1129 264 1180 tris
284 1126 486 1180 affectus.
532 1122 696 1177 Simul
727 1122 867 1176 enim
905 1129 958 1174 et
986 1120 1107 1190 quis
1151 1127 1205 1172 et
1236 1119 1321 1173 cui
1350 1116 1696 1172 commenda-

193 1220 287 1272 ωδε
311 1219 380 1280 sit,
409 1231 505 1270 non
538 1216 714 1283 utique
744 1212 1068 1266 infructuose
1114 1210 1418 1280 religiosam
1465 1215 1696 1264 mentem

195 1309 400 1378 precantis
424 1305 642 1374 attingit.
684 1303 814 1358 Nam
855 1311 908 1357 et
947 1310 1163 1356 orantes
1205 1300 1274 1356 de
1321 1300 1574 1355 membris
1614 1300 1696 1353 sui

194 1399 377 1468 corporis
402 1397 585 1451 faciunt
623 1395 765 1464 quod
810 1393 1230 1464 supplicantibus
1265 1393 1542 1462 congruit,
1575 1406 1696 1446 cum

189 1504 320 1559 genua
341 1489 488 1559 ﬁgunt
507 1527 519 1550 ,
546 1502 663 1542 cum
693 1485 989 1541 extendunt
1017 1499 1227 1549 manus,
1267 1484 1350 1538 vel
1387 1484 1544 1538 etiam
1576 1497 1698 1550 pro-

189 1590 440 1638 sternuntur
463 1581 587 1645 solo,
618 1588 671 1635 et
709 1579 754 1634 si
804 1579 927 1649 quid
972 1578 1112 1632 aliud
1143 1578 1424 1632 visibiliter
1467 1576 1703 1642 faciunt;

188 1674 381 1741 quamvis
398 1687 565 1727 eorum
594 1670 878 1725 invisibilis
911 1669 1154 1723 voluntas
1185 1677 1241 1723 et
1265 1668 1452 1723 cordis
1472 1667 1709 1722 intentio-

188 1768 274 1823 θαι
294 1777 398 1822 nota
422 1770 510 1833 sit,
533 1783 627 1822 nec
653 1767 742 1821 ille
775 1765 1008 1835 indigeat
1035 1765 1117 1818 his
1144 1763 1374 1828 indiciis,
1409 1771 1465 1816 ut
1503 1762 1695 1815 huma-

188 1873 270 1913 nus
299 1859 342 1914 ei
365 1858 596 1928 pandatur
626 1856 840 1910 animus
871 1874 884 1909 :
910 1854 1006 1909 sed
1047 1854 1172 1909 hinc
1219 1853 1388 1923 magis
1414 1867 1473 1906 se
1519 1852 1693 1921 ipsum

186 1950 350 2004 excitat
365 1949 502 2003 homo
517 1949 574 2003 ad
599 1947 856 2003 orandum
885 1946 1314 2017 gemendumque
1333 1943 1584 1998 humilius
1612 1950 1696 1996 at-

192 2056 286 2109 que
308 2039 568 2094 ferventius.
595 2041 652 2093 Et
689 2039 876 2092 nescio
916 2036 1216 2107 quomodo,
1264 2049 1384 2089 cum
1418 2034 1471 2088 hi
1517 2042 1694 2088 motus

194 2130 406 2198 corporis
433 2129 528 2184 ﬁeri
555 2130 640 2183 nisi
663 2140 808 2182 motu
841 2128 1004 2181 animi
1047 2125 1386 2196 praecedente
1429 2138 1534 2178 non
1565 2137 1693 2191 pos-

196 2221 314 2281 sint,
337 2218 505 2274 eisdem
530 2235 692 2275 rursus
719 2219 964 2273 exterius
986 2217 1269 2271 visibiliter
1289 2215 1465 2280 factis,
1491 2215 1578 2269 ille
1607 2214 1694 2268 in-

192 2311 333 2387 terior
367 2310 602 2366 invisibilis
645 2313 737 2383 qui
796 2326 892 2367 eos
934 2309 1060 2364 fecit
1084 2317 1341 2379 augetur:
1368 2322 1430 2362 ac
1456 2321 1551 2376 per
1592 2306 1695 2361 hoc

162 2390 329 2457 cordis
349 2403 558 2468 aﬂ'ectus,
595 2405 676 2475 qui
726 2412 791 2457 ut
841 2403 1030 2458 fierent
1085 2402 1185 2455 ista
1239 2400 1536 2470 praecessit,
1568 2398 1701 2469 quia-

182 2493 287 2548 facta
311 2506 413 2549 sunt
436 2496 632 2551 crescit.
676 2495 1073 2551 Verumtamen-
1098 2494 1142 2547 si
1183 2508 1249 2547 eo
1277 2492 1437 2546 modo
1466 2491 1693 2560 quisque

183 2593 392 2652 teneatur,
419 2587 490 2641 vel
517 2586 668 2642 etiam
701 2588 917 2656 ligetur,
962 2593 1020 2639 ut
1057 2585 1182 2639 haec-
1201 2583 1266 2638 de
1297 2583 1407 2636 suis
1436 2581 1694 2637 membris

179 2672 315 2729 ﬁcere
334 2685 550 2746 nequeat,
579 2693 682 2732 non
711 2675 839 2732 ideo
865 2691 974 2728 non
1017 2683 1139 2729 orat
1174 2673 1399 2728 interior
1422 2672 1608 2738 homo,
1638 2680 1694 2727 et

181 2775 277 2821 ante
297 2768 448 2823 oculos
463 2768 548 2824 Dei
579 2768 631 2823 in
657 2768 1033 2824 secretissima
1070 2766 1253 2831 cubili,
1273 2782 1276 2783 ν
1296 2765 1390 2819 ubi
1425 2779 1689 2834 compun-

183 2857 308 2926 gitur,
329 2861 567 2914 sternitur.
597 2859 671 2915 Ita
702 2860 874 2914 etiam
893 2873 1017 2912 cum
1041 2857 1329 2928 plurimum
1359 2856 1566 2912 intersit
1601 2856 1692 2911 ubi

177 2955 481 3020 pontem-pus
506 2953 698 3006 mortui
759 2949 864 3015 sui,
894 2949 985 3020 qui
1035 2963 1130 3018 pro
1177 2949 1367 3018 spiritu
1419 2950 1537 3017 ejus
1579 2948 1690 3002 Deo

175 3041 406 3108 supplicat,
438 3044 548 3113 quia
592 3053 646 3098 et
688 3040 1011 3115 praecedens
1054 3039 1277 3093 allectus
1319 3039 1495 3092 locum
1526 3036 1692 3108 elegit

178 3139 385 3198 sanctum,
402 3144 445 3187 et
462 3134 560 3189 illic
583 3148 823 3204 corpore
844 3132 1019 3202 posito
1046 3129 1356 3185 recordatus
1383 3129 1532 3184 locus
1559 3144 1688 3183 san-

179 3229 272 3276 ctus
288 3238 381 3278 eum
400 3227 477 3293 qui
503 3231 862 3295 pmcesserat
887 3231 1112 3278 renovat
1137 3231 1192 3276 et
1211 3230 1368 3291 auget
1388 3219 1640 3275 affectum
1673 3238 1686 3273 :

177 3321 312 3368 tanien
359 3317 539 3373 etiamsi
588 3334 695 3373 non
754 3318 952 3386 possit,
1000 3316 1089 3371 ubi
1138 3315 1417 3385 religiosus
1439 3314 1688 3368 animus'

173 3404 332 3474 elegit,
381 3408 573 3465 humare
619 3423 794 3480 quem
849 3407 1051 3478 diligit,
1110 3406 1253 3460 nullo
1305 3405 1462 3460 modo
1529 3403 1689 3460 debet

175 3506 200 3544 a
239 3497 639 3564 supplicationibus
679 3499 1009 3555 necessariis
1061 3499 1114 3551 in
1172 3497 1289 3566 ejus
1341 3495 1689 3551 commenda-

177 3583 295 3636 I'one
310 3600 498 3643 cessare.
519 3590 864 3659 Ubicumque
883 3589 1026 3642 enim
1047 3588 1223 3658 jaceat
1245 3588 1328 3641 vel
1367 3603 1473 3641 non
1513 3586 1690 3655 jaceat

171 3671 361 3730 defuncti
396 3693 517 3745 caro,
554 3682 773 3752 spiritui
808 3679 1021 3748 requies
1067 3677 1390 3748 acquirenda
1448 3685 1571 3732 est:
1600 3678 1688 3747 qui

169 3781 261 3820 cum
284 3768 386 3824 inde
409 3771 576 3837 exiret,
609 3786 807 3828 secum
845 3769 1064 3824 abstulit
1105 3784 1342 3834 sensum,
1372 3782 1478 3838 quo
1506 3770 1684 3823 inter-

171 3870 260 3909 esse
299 3862 438 3928 possit
458 3863 730 3934 quomodo
758 3861 1108 3931 quisque-sit,
1135 3861 1248 3915 sive
1277 3861 1330 3914 in
1362 3859 1538 3925 bonis,
1569 3861 1683 3914 sive

169 3945 209 3997 iu
233 3951 388 4005 malis:
416 3969 507 4009 nec
531 3955 606 4010 ab
637 3969 706 4009 ea
754 3967 916 4006 carne
955 3959 1231 4021 exSpectat
1255 3950 1490 4020 adjuvari
1522 3950 1683 4004 vitam

171 4050 308 4101 suam,
332 4045 399 4098 cui
440 4045 712 4114 praebebat
739 4043 871 4114 jipse
909 4042 1092 4108 vitam,
1135 4057 1292 4112 quam
1335 4041 1567 4096 detraxit
1605 4056 1691 4095 ex-

166 4130 333 4196 cedens,
359 4147 404 4190 et
422 4136 739 4192 redditurus
758 4147 840 4191 est
865 4134 1079 4191 rediens
1105 4152 1118 4199 ;
1147 4133 1398 4204 quoniam
1429 4147 1535 4188 non
1557 4147 1684 4188 caro

167 4221 356 4290 spiritui,
382 4227 468 4281 sed
508 4229 737 4298 spiritus
765 4227 914 4281 carni
939 4226 1104 4281 etiam
1135 4225 1300 4295 ipsius
1328 4224 1687 4278 resurrectio-

164 4312 226 4366 nis
260 4316 482 4372 meritum
522 4325 842 4388 comparat,
879 4326 1060 4372 utrum
1090 4316 1156 4372 ad
1215 4330 1427 4387 pennam
1449 4354 1464 4379 ,
1505 4329 1586 4369 an.
1623 4313 1702 4368 ad

164 4403 334 4471 gloriam
351 4410 644 4464 reviviscat.

213 4493 398 4562 CAPUT
420 4501 578 4557 VL—
591 4501 649 4556 8.
670 4499 901 4569 Corpora
924 4509 1203 4570 naartyrunt
1224 4506 1424 4561 exusta,
1442 4504 1484 4551 et
1502 4496 1691 4550 cineres

166 4585 362 4644 Rhodano
384 4593 610 4663 inspersi.
649 4591 908 4662 Legimus
943 4591 994 4645 in
1036 4588 1407 4645 Ecclesiastica
1438 4587 1688 4652 Historia,

164 4693 280 4746 (ιιιεηι
302 4698 458 4752 grates
484 4685 708 4757 scripsit
736 4683 1017 4749 Eusebius,
1044 4689 1099 4737 et
1125 4682 1182 4736 in
1208 4681 1429 4735 latinam
1457 4680 1688 4747 linguam

168 4770 284 4824 vertit
304 4772 548 4842 Ruffinus,
576 4783 875 4846 martyrum
905 4787 1130 4844 corpora
1167 4771 1221 4826 in
1259 4770 1425 4826 Gallia
1468 4769 1689 4825 canibus

164 4863 370 4929 "mila,
385 4881 690 4937 canumque
707 4865 727 4897 ³
758 4865 1008 4936 reliquias
1029 4872 1188 4934 atque
1211 4878 1334 4918 ossa
1359 4870 1688 4916 mortuorum

167 4961 294 5018 usque
318 4954 376 5008 ad
400 4965 697 5012 extremam
737 4955 1194 5024 consumptionem
1233 4951 1445 5023 ignibus
1473 4965 1693 5006 concrc-

163 5045 627 5118 "nuieosdcmque
699 5045 903 5101 cineres
930 5044 1090 5099 ﬂuvio
1117 5043 1401 5108 Rhodano,
1454 5057 1521 5096 ne
1564 5041 1690 5110 quid

163 5127 213 5178 id
243 5136 522 5190 uiemoriam
552 5136 996 5206 qualemcumque
1034 5135 1448 5205 relinqueretur,
1485 5133 1697 5202 insper-

163 5229 230 5270 ὀδ
252 5219 333 5291 (α).
367 5224 513 5290 Quod
544 5242 653 5281 non
687 5226 754 5280 ob
777 5226 920 5281 aliud
950 5225 1270 5280 credendum
1309 5232 1394 5279 est
1433 5223 1699 5277 divinitus.

213 5394 228 5470 ξ
253 5397 458 5470 gntum.
481 5408 577 5470 gn,
602 5402 1026 5470 cmmzendamtus.

211 5457 228 5522 ξ
253 5462 312 5508 Sic
329 5468 426 5511 lus.
444 5457 724 5522 Ediu'vero,
747 5465 948 5515 amicus.

215 5518 230 5547 '
254 5525 363 5590 Unus
377 5527 656 5590 evaticanis
679 5518 802 5586 uss...
1189 5526 1357 5590 Caneri
1382 5526 1580 5590 codices
1595 5538 1696 5574 ma-

373 5591 422 5634 et
441 5589 628 5648 excusi,
657 5584 920 5651 cautiusque
952 5584 1210 5651 reliquias;
1255 5589 1303 5637 id
1341 5594 1432 5646 est,
1449 5588 1645 5637 relictas
1670 5601 1698 5636 a

189 5654 338 5692 mimis.

215 5702 447 5764 (Uiltorum
484 5710 873 5773 Luglunensium
917 5720 1168 5776 martyrum
1212 5724 1409 5776 corpora
1455 5724 1545 5762 sex
1580 5710 1687 5760 dies

3284 293 3399 344 ’ωε-

1809 390 1971 446 fnisse
2012 392 2330 462 permissum
2357 437 2369 458 ,
2416 397 2515 450 nisi
2567 407 2621 450 nt
2666 399 2931 455 discerent
2973 400 3293 469 Christiani,
3327 407 3405 460 ιιιι

1806 483 2110 538 confitendo
2135 483 2429 550 Christum,
2469 487 2594 542 dum
2623 500 2968 548 contemnunt
3010 494 3146 550 hanc
3185 496 3382 561 vitam,

1807 577 1974 630 multo
2001 578 2166 647 magis
2191 587 2532 634 contemnere
2558 584 2902 650 sepulturam.
2932 585 3044 642 Hoc
3068 588 3209 643 enim
3239 591 3380 659 quod

1807 667 2006 736 ingenti
2037 670 2235 723 saevitia
2267 671 2334 725 de
2365 674 2679 742 corporibus
2719 687 3006 748 martyrum
3041 679 3234 736 factum
3263 691 3375 747 est,

1803 760 1848 814 si
1879 761 1958 815 eis
1972 761 2255 832 quidquam
2284 775 2637 836 noceret,quo
2663 769 2836 823 minus
2868 770 3020 825 beate
3039 773 3054 803 ¹
3074 776 3378 844 requiesce-

1804 859 1924 904 rent
1952 866 2136 905 eorum
2171 853 2591 908 victoriosissimi
2622 858 2860 926 spiritus,
2906 876 3010 914 non
3054 863 3236 932 utique
3267 865 3378 920 ﬁeri

1802 941 2087 997 sineretur.
2121 944 2198 999 Re
2227 946 2336 1016 ipsa
2363 961 2488 1016 ergo
2515 947 2840 1004 declaratum
2869 962 2982 1017 est,
3013 970 3116 1007 non
3149 956 3266 1011 ideo
3301 958 3385 1012 di-

1801 1031 1944 1086 xisse
1976 1033 2274 1098 Domimun,
2306 1034 2479 1090 Nolite
2529 1039 2699 1093 timere
2765 1057 2846 1094 eos
2889 1043 2974 1112 qui
3018 1060 3199 1115 corpus
3249 1047 3385 1100 occi-

1801 1121 1946 1187 dunt,
1970 1132 2016 1175 et
2041 1135 2211 1192 postea
2237 1142 2336 1178 non
2375 1126 2554 1181 habent
2594 1130 2715 1197 quid
2755 1132 2947 1202 faciant
2992 1132 3140 1202 (Luc.
3169 1151 3266 1198 xu,
3295 1135 3372 1207 4),

1801 1215 1941 1283 quod
1989 1230 2092 1269 non
2135 1225 2277 1272 esset
2320 1221 2672 1287 permissurus
2710 1223 2905 1293 aliquid
2948 1240 3042 1280 eos
3090 1226 3265 1281 facere
3313 1229 3380 1284 du

1801 1295 2017 1358 suorum
2046 1307 2359 1376 corporibus
2386 1318 2716 1364 mortuorum
2740 1315 2759 1344 ¹
2789 1331 2801 1367 :
2827 1314 2918 1368 sed
2949 1316 3199 1384 quoniam
3219 1318 3379 1386 quid-

1799 1394 1924 1464 quid
1968 1396 2142 1450 facere
2187 1399 2429 1466 permissi
2479 1411 2677 1465 essent,
2724 1403 2855 1458 nihil
2899 1420 3004 1472 quo
3039 1408 3400 1470 minueretur-

1801 1485 2086 1540 christiana
2116 1485 2486 1544 defunctorum
2519 1491 2936 1557 felicitasxfieret,
2981 1496 3120 1551 nihil
3153 1497 3274 1552 inde
3312 1499 3411 1552 ad‘

1800 1589 2012 1628 sensum
2054 1586 2172 1644 post
2201 1587 2425 1633 mortem
2457 1581 2753 1636 viventium
2786 1587 3121 1653 perveniret;
3153 1588 3282 1642 nihil
3311 1591 3379 1644 ad

1800 1664 2176 1721 detrimentum
2204 1669 2392 1723 saltem
2435 1671 2669 1740 ipsorum
2709 1688 3016 1745 corporum,
3057 1693 3163 1748 quo
3206 1679 3382 1734 minus

1800 1756 2000 1828 integra
2032 1768 2395 1828 resurgerem,
2427 1763 2734 1830 pertineret.

1869 1850 2092 1907 CAPUT
2150 1852 2262 1906 VII.
2283 1884 2354 1895 —-
2399 1856 2456 1910 9.
2504 1855 2638 1910 Cura
2662 1858 2936 1928 sepulturae
2957 1877 3020 1916 ea:
3047 1864 3269 1916 naturali
3294 1865 3383 1934 αι’-

1798 1941 1930 2010 fectu
1980 1959 2099 2013 erga
2135 1961 2339 2014 corpus.
2387 1947 2453 2000 Et
2481 1955 2656 2002 tamen
2698 1964 2766 2004 ex
2807 1950 2898 2004 illo
2938 1950 3154 2007 humani
3199 1955 3411 2010 cordis

1797 2031 2008 2099 atl'ectu,
2036 2049 2142 2103 quo
2169 2050 2326 2089 nemo
2355 2053 2586 2106 unquam
2623 2054 2849 2095 carnem.
2869 2056 3016 2096 suam
3057 2044 3181 2099 odio
3220 2045 3384 2101 habet

1803 2123 2016 2194 (Ep/tes.
2047 2141 2097 2190 v,
2129 2125 2262 2196 29),
2303 2127 2348 2181 si
2387 2139 2712 2197 cognoscant
2750 2132 2994 2188 homines
3022 2135 3216 2204 aliquid
3260 2147 3402 2205 post:

1797 2223 2022 2268 mortem
2050 2230 2198 2270 suam
2211 2217 2320 2271 suis
2335 2219 2650 2288 corporibus
2672 2220 2973 2276 defuturum
2996 2223 3037 2287 ³,
3057 2224 3198 2294 quod
3214 2226 3268 2279 in
3284 2241 3378 2281 sua

1797 2305 2053 2376 cujusque
2093 2315 2252 2376 gente
2294 2309 2375 2362 vel
2421 2310 2588 2377 patria
2631 2312 2802 2379 poscit
2841 2313 3152 2369 solemnitas
3193 2316 3380 2386 sepul-

1799 2407 1951 2465 turae,
1987 2399 2371 2454 contristantur
2397 2409 2453 2454 ut
2480 2400 2759 2467 homines;
2786 2413 2842 2458 et
2877 2405 3018 2473 quod
3049 2406 3115 2460 ad
3138 2421 3231 2461 eos
3261 2415 3382 2477 post

1797 2499 2026 2544 mortem
2048 2504 2154 2544 non
2181 2492 2429 2560 pertinet,
2448 2503 2571 2546 ante
2591 2502 2817 2548 mortem
2843 2496 2952 2549 suis
2975 2499 3288 2567 corporibus
3310 2500 3382 2553 ti-

1796 2590 1968 2637 ment:
1987 2584 2057 2637 ita
2072 2591 2128 2637 ut
2140 2583 2436 2637 inveniatur
2449 2584 2501 2637 in
2520 2584 2821 2655 Regnorum
2837 2586 2986 2642 libris
3003 2587 3144 2643 Deus
3161 2604 3256 2659 per
3266 2605 3382 2660 pro-

1797 2672 2009 2742 phetam
2036 2675 2224 2728 minari
2250 2675 2398 2729 alteri
2425 2675 2712 2744 prophetae,
2741 2676 2830 2746 qui
2867 2677 2984 2746 ejus
3018 2687 3382 2750 transgressus

1795 2771 1879 2817 est
1907 2765 2150 2830 verbum,
2173 2764 2314 2833 quod
2338 2780 2440 2818 non
2465 2765 2750 2822 inferretur
2765 2767 2992 2823 cadaver
3007 2769 3123 2839 ejus
3139 2771 3192 2825 in
3214 2773 3383 2842 sepul-

1795 2869 1942 2908 crum
1969 2863 2174 2924 patrum
2192 2855 2324 2925 ejus.
2339 2857 2468 2923 Qua:
2494 2857 2768 2928 Scriptura
2785 2860 2862 2914 sic
2879 2859 3040 2916 habet
3063 2880 3076 2916 :
3103 2861 3230 2917 Hec
3257 2864 3380 2920 dicit

1794 2943 2320 3013 Dominus,Quoniam
2337 2949 2623 3003 inobediens
2642 2950 2784 3021 fuisti
2799 2951 2877 3004 ori
2890 2951 3116 3020 Domini,
3131 2965 3289 3010 etnon
3299 2973 3393 3011 ευρ,

1792 3039 1989 3092 stadiin
2006 3041 2295 3093 mandatum
2310 3042 2444 3110 quod
2464 3043 2701 3112 praecepit
2715 3042 3066 3099 tibiDominus
3085 3045 3222 3100 Deus
3241 3057 3388 3114 tum,
3409 3101 3416 3107 ,

1795 3139 1839 3182 et
1867 3147 2091 3184 reversus
2128 3147 2199 3194 es,
2228 3142 2273 3184 et
2309 3133 2568 3186 comedisti
2609 3151 2812 3203 panem,
2833 3144 2880 3188 et
2909 3135 3072 3190 bibisti
3106 3155 3291 3208 aquam
3326 3141 3380 3194 in

1795 3220 1905 3273 loco
1925 3221 1976 3273 in
2005 3236 2102 3291 quo
2145 3223 2379 3292 praecepit
2406 3223 2495 3276 tibi
2541 3240 2604 3277 ne
2636 3226 2919 3279 comederes
2973 3243 3192 3295 panem,
3225 3246 3407 3298 neque

1796 3312 1982 3367 biberes
2003 3330 2208 3384 aquam,
2224 3331 2324 3368 non
2350 3315 2595 3385 inferetur
2615 3316 2830 3370 cadaver
2849 3327 2989 3369 tuum
3017 3317 3380 3389 insepultorum
3411 3355 3417 3360 -

1796 3415 1995 3473 patrum
2021 3413 2218 3457 tuorum
2245 3405 2264 3476 (
2291 3404 2353 3457 Ill
2383 3405 2511 3476 Reg.
2540 3421 2633 3460 xm
2653 3448 2666 3471 ,
2693 3407 2755 3461 ΩΙ
2783 3416 2828 3460 et
2850 3407 2920 3460 22
2940 3407 2984 3478 ).
3029 3408 3223 3476 Quanti
3267 3411 3398 3466 haec»

1795 3511 1952 3568 pana
1985 3497 2259 3566 pendendu
2288 3499 2376 3562 sit,
2407 3499 2450 3551 si
2480 3498 2774 3553 secundum
2807 3499 3150 3570 Evangelium
3179 3503 3388 3572 cogite.

1797 3603 1937 3653 mus,
1970 3587 2058 3641 ubi
2091 3596 2210 3656 post
2235 3602 2430 3656 corpus
2457 3588 2692 3643 occisum
2722 3589 2854 3643 nihil
2893 3591 3234 3646 metuendum
3260 3607 3381 3648 esse

1794 3678 2080 3732 didicimus
2109 3693 2174 3732 ne
2204 3679 2442 3734 membra
2469 3679 2715 3734 exanima
2762 3681 3048 3750 patiantur,
3081 3697 3182 3738 nec
3225 3699 3379 3753 paena

1793 3768 2018 3823 dicenda
2046 3778 2146 3823 est.
2176 3767 2237 3824 Si
2261 3778 2438 3824 autem
2485 3769 2777 3825 humanum
2819 3785 2943 3841 erga
2973 3787 3124 3828 suam
3165 3788 3390 3829 carnem.

1794 3859 2199 3914 consideremus
2226 3859 2496 3925 affectum,
2527 3860 2701 3931 potuit
2741 3861 2866 3917 inde
2906 3863 3096 3918 terreri
3127 3864 3208 3918 vel
3247 3879 3379 3919 con-

1796 3952 1994 4005 tristari
2032 3951 2203 4017 vivus,
2244 3952 2402 4022 quod.
2427 3967 2686 4008 sensurus
2723 3968 2828 4008 non
2869 3963 2985 4008 erat
3012 3965 3294 4011 mortuus:
3326 3965 3381 4011 et

1797 4045 1910 4099 lucc
1937 4053 2054 4099 erat
2082 4059 2260 4113 [)(BM,
2302 4046 2555 4114 quoniam
2601 4044 2816 4100 dolebat
2847 4047 3060 4101 animus
3095 4047 3145 4102 id
3175 4047 3243 4102 de
3280 4064 3381 4102 suo

1794 4149 2019 4205 corpore
2062 4133 2320 4200 futurum,
2366 4134 2610 4203 quamvis
2649 4149 2771 4189 cum
2815 4136 2969 4190 fieret
3012 4152 3118 4190 non
3150 4137 3375 4192 doleret.

1798 4226 2064 4279 Hactenus
2106 4225 2249 4278 enim
2289 4225 2456 4278 voluit
2499 4224 2753 4279 Dominus
2794 4241 3005 4280 servum
3051 4241 3207 4280 suum
3263 4228 3377 4295 ple-

1795 4326 1979 4381 ctere,
2028 4317 2115 4385 qui
2155 4331 2260 4370 non
2308 4331 2403 4370 sua
2475 4316 2807 4370 contumacia
2860 4325 3133 4384 spreverat
3181 4331 3382 4385 praece-

1796 4417 1944 4478 ptum
1961 4407 2076 4476 ejus
2094 4406 2338 4476 implere,
2352 4406 2448 4463 sed
2477 4406 2650 4462 aliena
2680 4406 2977 4476 decipiente
3008 4406 3214 4462 fallacia
3250 4408 3378 4462 obe—

1795 4498 1910 4552 dire
1935 4513 1994 4552 se
2025 4497 2269 4564 credidit,
2311 4497 2523 4567 quando
2570 4513 2676 4551 non
2719 4497 2972 4554 obedivit.
3011 4498 3194 4568 Neque
3237 4500 3380 4554 enim

1801 4589 2090 4659 putandum
2120 4597 2203 4644 est
2231 4589 2302 4643 ita
2333 4588 2498 4644 fuisse
2531 4590 2906 4659 interemptum
2938 4603 3118 4643 morsu
3161 4590 3378 4655 bestite,

1797 4688 1858 4735 ut
1883 4681 1948 4734 ad
1974 4679 2289 4750 supplicium
2319 4688 2604 4734 tartareum
2636 4678 2754 4748 ejus
2781 4678 2975 4733 deinde
3014 4680 3187 4733 anima
3227 4695 3381 4750 rape-

1799 4784 1994 4829 retur:
2039 4770 2468 4842 quandoquidem
2512 4772 2689 4840 ipsum
2735 4770 2849 4840 ejus
2894 4786 3087 4841 corpus
3127 4771 3266 4826 idem
3299 4772 3383 4826 leo

1798 4866 1886 4935 qui
1912 4864 2180 4920 occiderat
2211 4862 2514 4927 custodivit,
2554 4861 2804 4932 jumento
2827 4861 2989 4916 etiam
3017 4877 3123 4931 quo
3149 4862 3381 4918 veheba-

1800 4966 1886 5012 tur
1913 4956 2081 5012 illzeso
2103 4996 2126 5023 ,
2159 4964 2212 5010 et
2239 4955 2396 5010 simul
2423 4969 2543 5010 cum
2575 4953 2666 5008 illa
2695 4952 2913 5008 immani
2961 4953 3071 5008 fera
3116 4952 3379 5022 intrepida

1801 5047 2082 5119 prmsentia
2107 5046 2177 5102 ad
2205 5047 2285 5102 sui
2311 5046 2513 5101 domini
2554 5044 2710 5100 funus
2737 5053 2965 5100 astante.
2994 5045 3112 5111 Quo
3153 5045 3380 5099 mirabili

1800 5140 1957 5210 signo
1976 5147 2195 5209 apparet
2221 5138 2491 5193 hominem
2525 5136 2619 5191 Dei
2644 5137 2934 5191 coercitum
2967 5138 3144 5206 potius
3173 5146 3378 5204 tempo-

1801 5380 2052 5429 continuos
2071 5357 2163 5427 sub
2183 5377 2265 5426 dio
2285 5377 2492 5438 iacuisse
2512 5381 2676 5438 narrat
2699 5374 2949 5438 Eusebius,
2993 5374 3077 5422 lib.
3115 5373 3164 5434 5,
3201 5386 3304 5434 cap.
3335 5370 3384 5428 ι.

1803 5448 2070 5504 posteaque
2093 5436 2305 5488 cremata
2330 5445 2382 5489 et
2404 5439 2454 5486 in
2479 5436 2752 5486 Rhodanum
2777 5436 3010 5499 projedta.

1869 5523 1885 5555 ⁸
1922 5529 1969 5570 ιιι
1992 5519 2278 5582 quibusdam
2299 5525 2428 5575 Mss,
2452 5515 2593 5567 beati.

1867 5587 1887 5616 ²
1923 5581 2107 5644 Aliquot
2130 5581 2293 5644 proba:
2317 5586 2592 5644 uouentes,
2615 5582 2902 5644 martyrum.
2985 5635 3013 5644 Α,

1870 5648 1890 5678 ³
1921 5633 2201 5693 sic'stss.'At
2223 5648 2351 5697 Lov.,
2377 5639 2476 5689 suis
2501 5633 2777 5702 corporibiis
2800 5635 3036 5700 defunctis
3062 5633 3243 5685 deesse.
3287 5641 3383 5682 Am-

1810 5717 1859 5759 et
1882 5714 1976 5766 Era,
2003 5716 2285 5767 suorumque
2313 5700 2641 5764 defunctorum
2666 5700 2846 5749 deesse.
