3810 6502
546 360 649 414 5‘39

539 470 725 525 raliter
750 482 916 537 usque
954 464 1020 520 ad
1057 470 1302 527 mortem,
1347 474 1507 530 quam
1550 458 1788 528 punitum
1834 471 1951 511 esse
1998 464 2119 524 post

539 570 793 616 mortem.
826 559 898 614 De
923 572 1025 629 qua
1055 572 1116 611 re
1143 553 1449 624 Apostolus,
1474 567 1594 605 cum
1625 558 1840 620 propter
1863 547 2115 618 quasdam

541 652 771 717 offensas
794 654 1269 705 commemorasset
1294 643 1627 698 infirmitates
1653 651 1957 709 mortesque
1983 637 2120 692 ntul-

542 754 712 798 torum
738 759 751 795 :
785 740 847 796 Si
874 740 1007 794 enim
1030 754 1122 791 nos
1147 738 1302 806 ipsos,
1335 734 1523 803 inquit,
1554 732 1922 803 judicaremus,
1952 746 1983 781 a
2010 727 2121 781 Do-

542 833 678 885 mino
709 848 806 884 non
827 830 1197 900 judicaremur.
1228 823 1355 879 Cum
1386 823 1682 894 judicamur
1716 830 1884 874 autem
1904 863 1918 884 ,
1951 836 1982 872 a
2012 817 2121 871 Do-

539 925 676 976 mino
703 922 1024 990 corripiatur,
1053 934 1115 972 ne
1137 934 1251 973 cum
1277 915 1463 968 mundo
1491 913 1825 979 damnemur(
1851 911 1871 964 1
1896 910 2013 963 Cor.
2040 925 2116 973 xl,

541 1015 604 1067 5i
626 1024 670 1066 et
690 1014 807 1082 52).
828 1012 961 1065 Eum
989 1026 1117 1064 sane
1138 1010 1251 1077 ipse
1278 1006 1366 1076 qui
1393 1004 1675 1073 deceperat
1700 1003 1749 1055 iu
1777 1008 2120 1055 monumento

548 1104 761 1172 proprio
784 1103 913 1156 satis
937 1098 1230 1154 honorifice
1259 1094 1522 1165 sepelivit,
1557 1107 1721 1163 seque
1755 1089 2117 1161 sepeliendum

540 1194 686 1263 juxta
713 1208 833 1247 ossa
863 1192 977 1261 ejus
1004 1189 1238 1245 curavit:
1271 1188 1339 1242 ita
1368 1200 1588 1256 sperans
1617 1182 1758 1253 parci
1793 1196 1949 1250 posse
1988 1195 2120 1250 quo-

541 1300 645 1352 que
673 1285 882 1339 ossibus
906 1283 1037 1345 suis,
1069 1297 1189 1336 cum
1219 1280 1423 1334 veniret
1452 1286 1658 1345 tempus
1684 1272 1895 1341 quando
1924 1287 2118 1326 secun-

543 1377 670 1430 dum
712 1376 851 1429 illius
882 1373 1113 1432 hominis
1156 1371 1246 1426 Dei
1279 1368 1606 1440 prophetiam
1635 1366 1808 1420 Josias
1848 1378 1937 1417 rex
1985 1361 2119 1417 Juda

544 1470 596 1521 in
636 1468 722 1522 illa
751 1476 887 1521 terra
910 1465 1198 1519 multorum
1220 1462 1358 1516 eruit
1380 1474 1500 1514 ossa
1524 1469 1874 1520 mortuorum,
1899 1453 2121 1509 eisdem-

541 1576 647 1630 que
672 1559 882 1613 ossibus
909 1557 1159 1625 sacrilega
1188 1554 1396 1619 altaria,
1422 1568 1540 1622 qua:
1570 1549 1900 1618 sculptilibus
1925 1547 2123 1601 consti-

545 1660 655 1705 tuta
688 1650 917 1716 fuerant,
964 1648 1266 1703 funestavit.
1308 1644 1552 1715 Pepercit
1582 1643 1779 1713 quippe
1824 1641 1895 1695 illi
1928 1654 2118 1694 monu-

541 1754 724 1799 mento
752 1743 839 1798 ubi
862 1742 1071 1813 jacebat
1096 1740 1381 1811 Propheta,
1406 1738 1493 1807 qui
1519 1745 1643 1790 ante
1679 1749 1847 1788 annos
1892 1732 2120 1801 amplius

540 1852 699 1906 quam
726 1844 991 1890 trecentos
1022 1834 1119 1887 ista
1139 1830 1484 1901 prtedixerat;
1514 1836 1565 1882 et
1589 1835 1803 1896 propter
1827 1826 1996 1892 ipsum
2023 1838 2121 1877 nec

542 1932 682 1985 illius
703 1932 790 2000 qui
814 1944 935 1985 eum
953 1928 1254 1992 seduxerat,
1276 1924 1547 1995 sepultura
1570 1922 1761 1975 violata
1787 1926 1869 1973 est
1885 1917 1972 1988 (lll
1991 1916 2117 1985 Reg.

544 2038 659 2083 xm.
684 2019 1011 2086 πελέθων
1036 2018 1165 2090 Reg.
1188 2033 1315 2072 χχιιι
1335 2057 1349 2082 ,
1383 2011 1604 2085 16-18).
1646 2010 1850 2065 Alfectu
1894 2021 2121 2076 namque

544 2115 653 2179 illo,
690 2129 796 2181 quo
825 2126 982 2166 nemo
1024 2124 1255 2178 unquam
1302 2120 1518 2161 carnem
1559 2118 1708 2156 suam
1748 2101 1874 2155 odio
1921 2098 2119 2162 habet,

544 2203 844 2273 providerat
868 2200 1114 2257 cadaveri
1144 2214 1260 2263 suo,
1293 2199 1383 2268 qui
1412 2195 1681 2251 occiderat
1708 2191 1984 2247 mendacio
2008 2192 2123 2243 ani-

543 2308 682 2347 mam
709 2308 880 2347 suam.
915 2292 991 2345 Ex
1024 2291 1125 2345 hoc
1153 2290 1311 2359 igitur
1354 2286 1495 2357 quod
1539 2299 1753 2340 carnem
1783 2296 1933 2337 suam
1978 2280 2124 2350 quis-

546 2402 645 2457 que
677 2386 986 2441 naturaliter
1010 2384 1200 2453 diligit,
1229 2390 1284 2436 et
1308 2381 1384 2435 illi
1413 2394 1569 2449 poena
1594 2378 1691 2432 fuit
1715 2376 1991 2431 addiscere
2017 2388 2121 2426 non

542 2494 664 2533 eum
697 2478 927 2533 fttturttm
974 2478 1027 2530 in
1073 2476 1320 2541 sepulcro
1364 2481 1571 2541 patrum
1613 2484 1860 2532 suorum;
1905 2474 1960 2521 et
2004 2463 2125 2518 huic

544 2582 669 2621 cura
703 2567 1027 2637 prospicere,
1064 2576 1118 2618 ut
1150 2572 1456 2633 parceretur
1482 2561 1693 2615 ossibus
1731 2557 1863 2623 suis,
1905 2557 1949 2611 si
1975 2555 2121 2625 juxta

544 2672 665 2712 eum
693 2657 914 2726 jaceret,
946 2655 1098 2725 cujus
1125 2654 1429 2723 sepulcrum
1461 2664 1617 2705 nemo
1644 2650 1884 2703 violaret.

615 2748 841 2804 CAPUT
878 2746 1098 2801 Vlll.—
1116 2745 1201 2800 10.
1231 2744 1482 2814 Martyres
1508 2741 1784 2813 sepultura:
1807 2754 1981 2792 curam
2005 2753 2125 2790 con-

546 2847 872 2909 tempserunt.
900 2837 1051 2890 Hunc
1074 2835 1322 2889 affectum
1352 2841 1615 2903 martyres
1635 2829 1831 2885 Christi
1860 2842 1957 2897 pro
1987 2828 2124 2882 veri-

548 2939 653 2983 tate
683 2937 952 2983 certantes
975 2927 1217 2981 vicerunt
1245 2944 1258 2979 :
1288 2939 1386 2979 nec
1421 2920 1762 2991 mirumrquia
1788 2929 2122 2987 contempse-

546 3029 671 3075 runt
714 3019 856 3089 quod
894 3035 1001 3073 non
1040 3018 1250 3073 fuerant
1277 3027 1487 3087 peracta
1532 3023 1702 3069 morte
1744 3012 1993 3077 sensuri,
2034 3012 2121 3082 qui

546 3128 651 3169 non
681 3121 965 3183 potuerunt
992 3113 1091 3176 eis,
1133 3125 1266 3181 quos
1293 3110 1533 3164 viventes
1569 3106 1887 3171 sentiebant,
1918 3105 2123 3159 crucia-

547 3205 691 3259 tibus
727 3205 884 3259 vinci.
929 3204 1141 3258 Poterat
1173 3203 1354 3271 utique
1386 3201 1558 3264 Deus,
1606 3197 1694 3268 qui
1744 3198 1952 3253 leonem
1996 3195 2125 3251 Pro-

545 3295 721 3365 phetae
749 3309 964 3363 corpus,
994 3292 1135 3363 quod
1164 3292 1277 3362 ipse
1307 3290 1591 3355 occiderat,
1623 3288 1850 3343 ulterius
1873 3302 1980 3341 non
2008 3300 2128 3355 per-

546 3387 694 3441 misit
730 3387 1007 3453 attingere,
1054 3394 1108 3439 et
1147 3382 1272 3439 fecit
1314 3382 1382 3437 de
1430 3388 1767 3451 peremptore
1812 3376 2125 3443 custodem;

546 3485 775 3549 poterat,
809 3478 1047 3547 inquam,
1076 3490 1105 3529 a
1129 3489 1346 3529 suorum
1378 3472 1670 3527 interfectis
1696 3469 2008 3540 corporibus
2036 3482 2126 3522 ca-

547 3587 643 3626 nes
671 3571 860 3640 quibus
887 3569 1094 3623 fuerant
1126 3568 1361 3637 projecta
1392 3565 1707 3636 prohibere;
1740 3570 1947 3632 poterat
1969 3570 2023 3615 et
2049 3562 2128 3632 ip-

544 3677 724 3715 sorum
754 3661 1027 3714 hominum
1053 3657 1528 3712 innumerabilibus
1552 3655 1722 3709 modis
1749 3664 1950 3708 terrere
1974 3654 2129 3707 saevi-

554 3753 705 3818 tiam,
735 3766 802 3805 ne
838 3751 1094 3805 cadavera
1129 3748 1434 3813 incendere,
1480 3762 1546 3801 ne
1590 3747 1797 3800 eineres
1821 3744 2127 3814 dispergere

554 3844 815 3898 auderent
863 3859 877 3895 :
940 3841 1033 3896 sed
1084 3841 1185 3893 hoc
1244 3853 1455 3909 quoque
1519 3838 1939 3907 experimentum
1993 3836 2129 3889 mul-

552 3934 715 4004 tiplici
741 3932 983 3988 varietati
1015 3931 1366 3985 tentationum
1407 3929 1597 3984 deesse
1630 3930 1644 3959 ¹
1680 3943 1785 3982 non
1814 3926 2016 3991 debuit,
2061 3942 2128 3980 ne

549 4028 801 4085 fortitudo
828 4027 1196 4086 confessionis.
1230 4040 1348 4095 quae
1386 4022 1696 4077 immanitati
1744 4020 2128 4091 persecutionis

549 4134 649 4190 pro
684 4118 926 4190 corporis
968 4118 1137 4173 salute
1180 4130 1285 4171 non
1325 4114 1574 4180 cederet,
1621 4128 1715 4182 pro
1756 4112 1982 4183 sepulcri
2031 4110 2129 4165 lto-

549 4227 681 4268 nore
716 4210 1038 4282 trepidaret;
1084 4218 1387 4281 postremo,
1437 4223 1504 4262 ne
1549 4207 1678 4261 fides
1722 4204 2128 4259 resurrectionis

549 4303 1006 4372 consumptionem
1034 4316 1317 4370 corporum
1349 4299 1682 4354 formidaret.
1712 4296 2020 4352 Debuerant
2043 4312 2124 4349 er-

547 4409 618 4467 go
646 4404 720 4449 wet
749 4397 845 4450 ista
875 4394 1125 4464 permitti,
1160 4405 1216 4446 ut
1257 4393 1418 4447 etiam
1460 4399 1580 4460 post
1628 4390 1741 4443 lucc
1778 4388 1909 4442 tanti
1938 4386 2127 4441 horro-

547 4486 624 4541 ris
648 4488 670 4521 ³
694 4487 935 4555 exempla
963 4496 1225 4557 martyres
1255 4486 1305 4537 in
1332 4483 1526 4538 Christi
1556 4480 1891 4536 confessione
1920 4478 2127 4534 ferven-

549 4585 652 4641 tes,
684 4574 841 4646 hujus
867 4591 1079 4646 quoque
1109 4584 1273 4630 testes
1298 4574 1485 4628 fierent
1525 4572 1785 4636 veritatis,
1819 4570 1871 4624 in
1903 4585 2003 4639 qua
2044 4568 2126 4623 di-

549 4666 809 4728 dicerant,
844 4679 938 4718 eos
981 4681 1010 4717 a
1048 4665 1239 4734 quibus
1280 4678 1374 4717 sua
1412 4677 1635 4732 corpora
1675 4661 2121 4723 interficerentur,

551 4763 734 4823 postea
763 4752 891 4806 nihil
918 4753 1114 4807 habere
1137 4753 1277 4821 qttod
1305 4753 1538 4807 facerent
1562 4770 1575 4805 :
1601 4754 1847 4819 quoniam
1873 4750 2127 4821 quidquid

551 4845 776 4901 mortuis
819 4846 1132 4914 corporibus
1175 4844 1429 4909 facerent,
1472 4843 1653 4912 utique
1701 4841 1828 4895 nihil
1869 4842 2121 4905 facerent,

552 4936 766 5005 quando
794 4936 848 4989 in
893 4950 1054 4989 carne
1096 4935 1241 4989 omni
1266 4936 1370 4989 vita
1392 4942 1632 4996 carente,
1662 4946 1761 4987 nec
1785 4931 1978 5001 aliquid
2005 4947 2128 4987 sen-

554 5018 655 5080 tire
681 5033 862 5096 posset
888 5024 979 5094 qui
1020 5023 1142 5079 inde
1169 5024 1432 5093 migravit,
1476 5038 1576 5077 nec
1612 5021 1812 5092 aliquid
1842 5020 1962 5076 inde
2006 5037 2128 5091 per-

550 5120 680 5174 dere
710 5118 801 5189 qui
823 5115 1043 5172 creavit.
1076 5114 1181 5171 Sed
1215 5114 1353 5169 inter
1387 5114 1500 5168 hzcc
1528 5129 1647 5182 quae
1677 5112 1872 5168 fiebant
1899 5112 1968 5168 de
2010 5128 2128 5167 cor-

551 5210 768 5281 poribus
799 5207 1123 5273 occisorum,
1164 5220 1284 5261 cum
1314 5212 1575 5275 martyres
1600 5219 1662 5257 ea
1693 5219 1797 5257 non
1830 5212 2127 5259 metuentes

551 5317 739 5371 magna
766 5298 1075 5355 fortitudine
1105 5306 1440 5368 paterentur;
1468 5304 1644 5350 tamen
1670 5294 1809 5364 apud
1837 5294 2026 5348 fratres
2056 5295 2126 5347 ln-

548 5404 667 5449 ctus
693 5392 879 5462 ingens
906 5398 1041 5456 erat,
1069 5388 1210 5459 quod
1237 5387 1379 5442 nulla
1410 5387 1633 5442 dabatur
1658 5395 1893 5455 potestas
1918 5394 2128 5440 sancto-

551 5500 667 5538 rum
705 5481 980 5539 funeribus
1001 5479 1141 5550 justa
1170 5478 1492 5548 persolvere,
1533 5493 1631 5533 nec
1668 5478 1874 5532 occulte
1914 5476 2125 5531 subtra-

614 5665 629 5692 ι
668 5660 774 5710 ead.
803 5667 901 5708 Am.
929 5664 981 5708 et
1015 5663 1111 5717 Fr,
1135 5654 1513 5719 experimentum
1538 5650 1870 5717 nntltipliritmt
1910 5652 2126 5705 ιεηιαιὶο-

552 5734 663 5770 ηιήι
682 5724 861 5772 deesse.

614 5789 629 5813 ³
665 5787 734 5833 τίς
758 5792 861 5833 Mss.
888 5790 939 5831 Αι
965 5782 1101 5843 editi,
1125 5780 1332 5831 honoris.

1316 346 1404 400 DE
1432 343 1615 399 (ΖΠΗ
1657 342 1791 398 PRO
1826 338 2124 396 MORTUIS
2162 338 2507 405 GERENDA,
2549 337 2604 392 S.
2648 334 3010 393 AUGUSTINI
3596 353 3672 407 ωο

2229 452 2358 510 here
2376 453 2593 524 aliquid,
2620 455 2753 511 sicut
2777 454 2962 510 eadem
2989 464 3199 511 testatur
3221 458 3425 523 historia,
3447 464 3668 527 crudelium

2226 544 2507 599 custodum
2535 545 2725 615 vigilia:
2755 547 3119 614 permittebant
3141 548 3329 618 (Euseb.
3355 551 3463 607 Hist.
3484 555 3594 613 Eccl.
3612 559 3672 611 lii.

2226 637 2279 701 5,
2314 653 2427 707 cap.
2461 637 2548 708 1).
2583 638 2656 691 Ita
2683 653 2805 693 cum
2837 638 2960 692 illos
2998 639 3082 708 qui
3108 640 3256 693 occisi
3284 640 3477 710 fuerant,
3513 646 3554 699 in
3584 648 3675 701 dila-

2225 730 2497 785 ceratione
2524 731 2885 786 membrorum
2915 747 3142 797 suorum,
3176 735 3225 787 in
3251 736 3590 807 conﬂagratione
3615 756 3675 795 os-

2225 821 2383 887 sium,
2419 822 2469 875 in
2511 822 2846 893 dispersione
2874 825 3130 890 cinerum,
3167 826 3362 882 miseria
3389 830 3506 884 nulla
3528 834 3674 886 contin-

2226 921 2409 980 geret;
2434 911 2564 966 istos
2587 921 2760 967 tamen
2792 913 2881 983 qui
2908 914 3038 968 nihil
3064 929 3239 969 eorum
3265 918 3461 987 sepelire
3484 931 3673 989 poterant.

2227 1018 2414 1072 magna
2433 1004 2797 1059 misericordia
2814 1005 3082 1061 cruciabat
3099 1023 3112 1071 ;
3128 1008 3243 1077 quia
3259 1009 3306 1062 in
3323 1010 3583 1065 nullomodo
3596 1028 3677 1067 sen-

2230 1094 2513 1149 tientibus‘
2541 1096 2638 1165 ipsi
2664 1096 2893 1166 quodam
2915 1098 3072 1153 modo
3095 1099 3388 1165 sentiebant,
3404 1110 3450 1156 et
3465 1102 3622 1172 ubijam
3637 1105 3677 1157 il-

2228 1185 2399 1240 lorum
2414 1186 2559 1240 nulla
2573 1196 2685 1241 erat
2703 1188 2898 1257 passio,
2916 1200 3028 1243 erat
3042 1190 3251 1244 istorum
3269 1191 3436 1246 misera
3447 1195 3676 1262 compassiu.

2300 1276 2525 1333 CAPUT
2567 1276 2657 1331 IX.
2681 1308 2753 1317 —
2777 1280 2860 1334 H.
2891 1279 3120 1349 Oﬁicium
3138 1282 3387 1351 sepultura:
3406 1298 3480 1335 cur
3496 1283 3678 1337 ιαιιάιιιιιιη

2225 1372 2280 1425 in
2310 1372 2610 1441 Scripturis.
2654 1370 2954 1427 Secundum
3003 1374 3152 1427 istam
3196 1389 3341 1443 quam
3382 1373 3473 1428 dixi
3505 1376 3677 1430 miseram

2227 1463 2651 1533 compassionem
2681 1463 2965 1522 laudantur
2993 1464 3091 1529 illi,
3116 1474 3167 1520 et
3189 1482 3216 1517 ιι
3243 1480 3360 1535 rege
3381 1466 3513 1519 David
3533 1466 3680 1521 benedi-

2227 1565 2439 1619 cuntur,
2462 1555 2551 1625 qui
2574 1556 2747 1611 Saitlis
2770 1567 2823 1611 et
2843 1556 3083 1611 Jonatlue
3104 1558 3304 1613 ossibus
3319 1556 3461 1612 aridis
3480 1558 3677 1628 sepultura

2229 1645 2648 1701 misericordiam
2677 1648 3039 1714 praestiterunt
3068 1646 3086 1718 (
3110 1647 3149 1702 ll
3176 1647 3294 1718 Reg.
3321 1664 3372 1714 ιι,
3398 1648 3463 1714 5).
3488 1648 3582 1715 Qua:
3600 1656 3677 1702 tan-

2228 1736 2350 1792 dem
2396 1737 2757 1794 misericordia
2798 1747 3082 1809 prazstatur
3121 1740 3249 1794 nihil
3283 1740 3596 1795 sentientibus?
3624 1742 3675 1794 An

2228 1827 2363 1883 forte
2393 1827 2494 1883 hoc
2523 1829 2881 1885 revocandum
2913 1839 2997 1887 est
3033 1833 3098 1885 ad
3135 1830 3272 1885 illam
3301 1832 3566 1900 opinionem,
3587 1830 3675 1899 quod

2228 1922 2492 1977 infernum
2514 1926 2535 1956 ³
2558 1923 2774 1979 fluvium
2815 1925 3061 1995 insepulti
3088 1940 3189 1980 non
3214 1933 3435 1995 poterant
3451 1934 3673 1978 transmeare

2232 2015 2469 2083 (/Eneid.
2499 2016 2585 2070 lib.
2616 2017 2680 2082 6,
2711 2032 2805 2071 vv.
2832 2017 2958 2081 5‘27,
2987 2016 3153 2087 5‘28)?
3174 2018 3318 2072 Absit
3340 2016 3429 2071 hoc
3449 2030 3474 2069 a
3497 2013 3669 2069 Medati-

2229 2108 2399 2159 stiana
2436 2123 2450 2159 ι
2484 2106 2719 2176 alioquin
2762 2107 2993 2177 pessime
3022 2117 3195 2163 actum
3223 2117 3299 2162 est
3324 2122 3429 2161 cum
3466 2115 3569 2158 tanta
3586 2118 3673 2156 inar-

2229 2206 2407 2268 tyrum
2456 2199 2819 2265 multitudine,
2858 2214 3087 2270 quorum
3128 2215 3229 2253 non
3256 2205 3503 2269 potuerunt
3531 2208 3675 2262 mmora

2228 2290 2474 2359 sepeliri,
2519 2299 2575 2345 et
2613 2289 2874 2345 fallaciter
2899 2291 2979 2346 eis
3010 2290 3216 2346 Veritas
3239 2290 3388 2353 dixit,
3416 2286 3550 2340 Nolite
3569 2286 3678 2335 limat

2228 2397 2312 2436 eos
2336 2382 2422 2451 qui
2447 2397 2631 2451 corpus
2659 2382 2912 2449 occidunt,
2949 2391 2999 2436 et
3035 2392 3201 2452 postea
3232 2397 3325 2435 non
3352 2378 3501 2432 habent
3520 2374 3603 2446 quid
3625 2376 3677 2443 fa-

2228 2473 2396 2537 ciant;
2423 2474 2468 2528 si
2499 2474 2578 2529 eis
2607 2482 2750 2528 tanta
2778 2474 2913 2529 mala
2944 2473 3121 2529 facere
3159 2480 3435 2543 potuerunt,
3459 2468 3597 2538 quibus
3611 2465 3675 2516 nn-

2231 2564 2542 2632 pedirentur
2558 2563 2624 2618 ad
2644 2567 2754 2618 loca
2770 2574 3021 2635 exaptata
3037 2564 3274 2620 transire.
3297 2563 3391 2618 Sed
3408 2561 3505 2631 quia
3528 2558 3596 2612 hoc
3606 2556 3679 2611 sine

2229 2655 2333 2711 ulla
2358 2655 2686 2713 dubitatione
2708 2657 3053 2712 falsissimum
3071 2667 3170 2725 est,
3194 2672 3286 2713 nec
3303 2650 3473 2726 aliquid
3486 2648 3679 2707 obestltde-

2229 2746 2369 2802 libus
2386 2758 2571 2819 negata
2588 2765 2771 2805 eorum
2793 2752 3113 2822 corporibus
3134 2752 3402 2822 sepultura,
3416 2741 3641 2814 necaiiquitl
3651 2738 3677 2791 si

2230 2838 2545 2895 exhibeatur
2569 2842 2868 2897 infidelibus
2899 2843 3123 2913 prodest
3150 2862 3163 2898 :
3190 2859 3279 2898 cur
3300 2856 3413 2912 ergo
3434 2840 3492 2894 illi
3514 2836 3581 2907 qui
3597 2835 3679 2887 Sni-

2230 2930 2335 2986 lem
2379 2942 2433 2987 et
2463 2933 2629 2987 filium
2658 2934 2773 3003 ejus
2802 2935 3150 3005 sepelierunt,
3179 2931 3541 2989 misericordiam
3562 2926 3681 2980 fecisse

2229 3020 2499 3091 dicuntur,
2533 3033 2587 3078 et
2622 3024 2691 3078 ob
2730 3024 2832 3079 hoc
2875 3040 2905 3078 a
2947 3041 3081 3096 rege
3123 3026 3206 3096 pio
3248 3022 3586 3080 benedicuntur;
3619 3012 3681 3067 nisi

2229 3116 2352 3184 quia
2382 3115 2517 3171 bene
2543 3115 2849 3171 afficiuntur
2876 3119 3045 3173 corda
3072 3116 3406 3172 miserantium
3424 3155 3436 3179 ,
3461 3107 3618 3181 quando
3644 3116 3682 3154 θλ

2231 3205 2414 3261 dolent
2444 3208 2495 3261 in
2523 3216 2853 3262 mortuorum
2884 3209 3201 3279 corporibus
3223 3206 3415 3270 alienis,
3441 3216 3533 3272 qua:
3554 3190 3685 3251 illaal-

2231 3294 2394 3363 fectu,
2425 3313 2531 3367 quo
2566 3312 2723 3353 nemo
2763 3314 2994 3369 unquam
3037 3314 3249 3354 carnem
3276 3311 3405 3353 suam
3437 3292 3532 3348 odio
3562 3286 3684 3341 liabet.

2231 3388 2420 3441 nolunt
2439 3387 2551 3442 ﬁeri
2574 3398 2692 3459 post
2710 3397 2931 3443 mortem
2956 3404 3112 3444 suam
3131 3388 3415 3459 corporibus
3426 3382 3523 3444 suis;
3537 3370 3685 3443 etquod

2233 3478 2336 3534 sibi
2366 3477 2605 3533 exhiberi
2639 3480 2825 3534 volunt
2852 3481 3071 3550 quando
3104 3481 3305 3536 sensuri
3344 3492 3425 3532 non
3458 3478 3571 3531 sunt,
3597 3464 3686 3520 aliis

2235 3584 2342 3623 non
2367 3568 2724 3624 sentientibus
2752 3580 2939 3623 curant
2968 3572 3223 3626 exhibere
3248 3570 3360 3624 dum
3385 3564 3458 3635 ipsi
3488 3554 3687 3615 sentiunt?

2301 3659 2527 3715 CAPUT
2555 3658 2805 3714 Χ.-12.
2832 3659 3029 3715 Morlm'
3048 3662 3249 3734 quidam
3272 3664 3491 3731 apparent,
3508 3659 3550 3704 ιιι
3565 3646 3689 3702 tibi“.

2233 3753 2438 3821 pullum
2468 3751 2749 3820 praebeatur
2771 3769 2789 3805 :
2809 3753 3064 3823 quomodo
3089 3754 3194 3808 Itwc
3214 3754 3313 3807 visa
3337 3747 3583 3813 contingant.
3604 3736 3690 3790 Nar-

2234 3852 2420 3897 rantur
2441 3844 2554 3898 visa
2581 3844 2845 3914 qutedam,
2878 3860 3000 3916 qua:
3034 3847 3156 3901 huic
3190 3837 3490 3915 disputationi
3518 3846 3598 3888 non
3627 3842 3688 3879 tte-

2232 3933 2533 4003 gligendam
2578 3934 2860 3990 videantur
2899 3936 3103 3999 inferre
3144 3938 3476 4007 quaestionem.
3511 3923 3693 3980 Feruntur

2233 4025 2431 4095 quippe
2458 4027 2654 4080 mortui
2695 4027 2933 4081 nonnulli
2962 4029 3051 4083 vel
3080 4030 3130 4082 in
3161 4026 3369 4090 somnis,
3395 4019 3465 4076 vel
3499 4015 3581 4070 alio
3607 4021 3689 4077 ίιυοσ

2232 4131 2460 4187 cumque
2488 4117 2650 4173 modo
2674 4120 2985 4189 apparuisse
3012 4120 3304 4176 viventibus
3325 4126 3463 4186 atque
3484 4109 3554 4164 ubi
3574 4113 3693 4160 eontm

2232 4223 2453 4278 corpora
2498 4209 2740 4279 jacerent
2797 4209 3069 4267 inhumata
3121 4208 3484 4267 nescientibus,
3533 4197 3692 4259 locist“e

2234 4300 2546 4354 monstratis
2572 4300 2913 4356 admonuisse
2941 4312 3001 4356 ut
3031 4303 3131 4358 sibi
3161 4301 3413 4372 sepultura
3446 4307 3543 4364 quin
3572 4282 3694 4341 dem

2234 4399 2319 4444 rat
2362 4390 2709 4459 praeberetur.
2757 4391 2881 4445 Ilaec
2919 4393 2963 4446 si
3011 4393 3144 4453 falsa
3181 4406 3298 4447 esse
3339 4377 3691 4455 responderim.

2234 4491 2416 4534 contra
2462 4480 2813 4551 quorumdam
2856 4483 3056 4552 scripta
3089 4483 3349 4543 fidelium,
3387 4487 3433 4533 ει
3469 4480 3611 4528 contra
3639 4476 3697 4516 e0-

2236 4588 2353 4627 rum
2380 4588 2573 4627 sensus
2602 4575 2690 4643 qui
2724 4573 2845 4627 talia
2871 4573 2972 4628 sibi
3002 4574 3260 4630 accidisse
3285 4569 3572 4627 confirmant,
3593 4560 3693 4627 illi?“

2233 4663 2422 4718 denter
2475 4664 2658 4718 venire
2704 4664 3025 4720 videbimur.
3072 4664 3177 4721 Sed
3221 4654 3591 4732 respondendum
3622 4652 3696 4701 est.

2234 4770 2339 4809 non
2370 4754 2488 4809 ideo
2518 4754 2807 4823 putandum
2842 4770 2964 4811 esse
3002 4766 3243 4812 mortuos
3281 4756 3374 4809 ista
3407 4745 3595 4805 sentire,
3622 4734 3696 4803 qui!

2236 4844 2351 4899 lucc
2390 4846 2570 4901 dicere
2596 4846 2679 4901 vel
2708 4846 2945 4901 indicare
2972 4847 3058 4902 vel
3100 4857 3279 4918 petere
3316 4842 3531 4899 videntur
3550 4835 3587 4888 in
3610 4838 3698 4918 59"“

2241 4938 2344 4991 nis.
2385 4937 2517 4992 Nam
2545 4945 2601 4993 et
2633 4938 2873 4993 viventes
2912 4917 3173 5009 apparent
3201 4952 3336 5007 sa‘pe
3362 4928 3607 4988 viventibus
3625 4917 3703 4970 do"

2235 5028 2519 5082 mientibus
2539 5068 2555 5093 ,
2593 5027 2717 5082 dum
2747 5042 2806 5082 se
2836 5028 2935 5098 ipsi
2964 5029 3208 5084 nesciant
3242 5027 3262 5058 ³
3302 5034 3530 5096 apparere
3563 5010 3642 5083 (“li
3670 5010 3703 5055 ⁸⁸

2233 5123 2302 5174 ab
2343 5121 2421 5175 eis
2465 5120 2579 5174 haec
2618 5135 2737 5189 qua:
2782 5120 3169 5174 somniaverint
3212 5117 3422 5172 audiunt
3459 5100 3703 5190 dicentibus.

2234 5210 2372 5281 quod
2390 5202 2493 5265 eos
2524 5211 2575 5264 in
2603 5210 2807 5265 somnis
2829 5220 3045 5281 agentes
3074 5209 3273 5280 aliquid
3312 5208 3389 5262 vel
3418 5204 3636 5271 loquentes
3654 5200 3702 5234 “-

2233 5302 2428 5357 derint.
2473 5300 2527 5357 Si
2569 5316 2697 5372 ergo
2726 5317 2812 5356 me
2841 5310 3015 5372 petest
3059 5303 3252 5373 aliquis
3282 5302 3332 5355 in
3360 5293 3535 5353 somnis
3567 5283 3702 5373 ι’ἱάςῖεν

2235 5393 2333 5449 sibi
2378 5391 2580 5462 aliquid
2620 5370 2762 5463 quod
2806 5370 2999 5448 factum
3042 5401 3127 5447 est
3154 5370 3574 5451 indicantem,vel
3596 5370 3701 5427 etiam

2297 5532 2312 5563 ί
2349 5531 2486 5588 Editi,
2510 5528 2706 5581 miseria
2726 5528 3008 5589 cruciabat;
3040 5528 3160 5591 quia
3178 5528 3308 5579 nullo
3327 5524 3457 5575 modo
3473 5516 3553 5572 illis
3569 5503 3691 5561 θεατίκ

2232 5592 2373 5651 tibus,
2394 5601 2490 5641 etc.
2508 5607 2522 5652 ;
2547 5593 2706 5640 minus
2725 5593 2858 5641 bene
2881 5599 2933 5641 et
2946 5592 3345 5641 dissentientibus
3363 5594 3455 5638 Mss,

2297 5659 2316 5685 ³
2349 5654 2451 5702 Sola
2470 5654 2574 5716 fere
2599 5653 2749 5702 editio
2764 5660 2873 5703 ιον.
2893 5690 2907 5713 ,
2925 5652 3121 5716 inferni.

2300 5717 2319 5747 ³
2352 5721 2423 5763 Fr.
2450 5715 2594 5776 Lugd.
2620 5722 2737 5763 Ven.
2763 5722 2893 5773 Lov.,
2914 5712 3143 5764 nestirmt.
3209 5722 3263 5760 λι.

2304 5778 2377 5831 (".l
2404 5785 2423 5819 \
2440 5776 2502 5825 id.
2526 5789 2786 5829 sermones
2806 5776 2899 5827 322
2921 5784 2972 5829 et
2993 5776 3104 5823 525.
