3904 6362
234 337 291 391 50
302 336 318 387 ι
732 336 737 339 ’
1639 320 1766 376 LIBI

1880 319 2057 377 UNL’S
2078 314 2095 317 ”

238 446 356 520 quod
378 445 605 499 futurum
632 450 715 496 est
736 438 1202 511 prmnuntiantem;
1244 452 1364 492 cum
1393 436 1443 491 id
1486 450 1584 505 ego
1615 449 1768 504 pror-

234 530 316 596 sus
336 540 582 607 ignorem,
616 543 674 590 et
701 534 907 587 omnino
934 548 1036 585 non
1066 546 1245 585 curem
1266 570 1280 594 ,
1316 546 1419 583 non
1448 529 1619 583 solum
1645 526 1771 597 quid

235 634 311 685 ille
335 628 572 690 somniet,
606 625 704 680 sed
732 634 904 677 utrum
930 623 1227 677 dormiente
1257 636 1341 675 me
1369 620 1565 689 vigilet,
1597 634 1662 671 an
1688 618 1769 672 vi-

227 722 397 787 gilante
422 732 505 771 me
529 715 779 780 dormiat,
808 730 873 767 an
911 728 1016 767 uno
1041 712 1337 782 eodemque
1374 720 1613 781 tempore
1642 710 1771 778 vigi-

228 814 371 863 lemus
404 809 559 861 ambo
596 807 711 860 sive
736 804 1083 869 dormiamus,
1128 802 1339 871 quando
1378 802 1468 856 ille
1506 802 1766 855 somnium

230 900 347 953 videt
385 899 433 952 in
463 913 569 966 quo
616 912 705 951 me
743 897 886 950 videt
919 913 931 948 :
978 894 1104 965 quid
1151 895 1341 948 mirum
1381 894 1426 948 si
1473 894 1769 949 nescientes

234 988 391 1041 mortui
414 1002 510 1040 nec
535 988 634 1039 ista
666 986 975 1049 sentientes,
1004 993 1182 1040 tamen
1208 1001 1239 1039 a
1260 984 1562 1039 viventibus
1586 983 1769 1038 viden-

231 1089 299 1131 tur
333 1078 377 1130 in
421 1077 645 1142 somnis,
686 1086 737 1131 et
778 1075 975 1146 aliquid
1018 1075 1239 1141 dicunt,
1282 1074 1421 1145 quod
1460 1074 1768 1145 evigilantes

229 1184 385 1222 verum
420 1183 536 1220 esse
566 1168 923 1235 cognoscant?
951 1167 1220 1236 Angelicis
1247 1165 1405 1235 igitur
1445 1165 1766 1234 operationi-

229 1263 309 1315 bus
333 1260 434 1314 ﬁeri
462 1260 812 1319 crediderim,
855 1260 967 1314 sive
1014 1259 1350 1328 permittatur
1378 1258 1625 1329 desuper,
1656 1258 1767 1312 sive

226 1352 455 1423 juhcatur,
484 1359 540 1403 ut
568 1350 770 1420 aliquid
798 1349 976 1404 dicere
1012 1348 1080 1404 de
1116 1349 1434 1419 sepeliendis
1458 1350 1767 1419 corporibus

228 1443 317 1499 suis
336 1441 605 1494 videantur
639 1442 693 1499 in
732 1442 969 1505 somnis,
1011 1455 1131 1494 cum
1178 1440 1229 1493 id
1276 1442 1486 1511 penitus
1530 1444 1769 1495 nesciant

225 1546 421 1597 quorum
458 1531 541 1583 illa
571 1538 697 1584 sunt
724 1545 971 1599 corpora.
1015 1529 1068 1584 Id
1098 1539 1274 1587 autem
1303 1530 1587 1601 aliquando
1628 1530 1768 1585 utili-.-

226 1630 293 1679 ter
317 1621 404 1685 fit,
448 1620 556 1674 sive
584 1621 649 1673 ad
681 1621 924 1674 vivorum
955 1621 1337 1691 qualecumque
1378 1621 1675 1687 solatium,
1700 1620 1766 1673 ad

226 1728 341 1777 quos
362 1712 607 1777 pertinent
636 1711 713 1765 illi
737 1712 954 1777 mortui,
981 1728 1206 1783 quorum
1233 1719 1488 1782 apparent
1513 1712 1767 1782 imagines

224 1801 609 1867 Somniatttilms;
639 1803 756 1857 sive
787 1811 843 1855 ut
868 1802 948 1855 his
975 1803 1422 1861 admonitionibus
1448 1803 1627 1871 generi
1669 1802 1768 1859 hu-

224 1910 366 1947 mano
404 1897 671 1963 sepultura:
715 1895 1123 1950 commendetur
1162 1896 1463 1955 humanitas
1496 1913 1510 1949 :
1556 1911 1675 1965 qua:
1704 1896 1767 1949 Ii-

223 1995 303 2043 Cet
324 1984 561 2039 defunctis
588 2002 688 2040 non
727 1987 1040 2056 opituletur,
1082 1986 1340 2055 culpanda
1380 1996 1555 2041 tamen
1596 1987 1767 2042 irreli-

246 2078 466 2145 giositate
491 2080 763 2148 negligitur.
797 2078 1097 2148 Aliquando
1124 2088 1296 2132 autem
1337 2077 1615 2133 fallacibus
1639 2079 1765 2133 visis

246 2164 464 2221 homines
498 2168 514 2198 ⁸
557 2169 603 2220 in
639 2184 850 2238 magnos
891 2168 1170 2222 mittuntur
1211 2183 1446 2231 errores,
1479 2182 1613 2236 quos
1641 2168 1764 2231 talia

246 2257 422 2325 perpeti
455 2257 635 2325 justum
681 2267 783 2311 est.
814 2256 973 2312 Velut
1016 2258 1060 2311 si
1087 2259 1363 2327 quisquam
1392 2258 1569 2313 videat
1596 2258 1651 2312 in
1678 2274 1765 2313 so-

236 2350 377 2414 mnis,
403 2350 529 2418 quod
544 2349 737 2405 Aloeus
766 2350 965 2405 vidisse
988 2350 1126 2420 apud
1156 2350 1355 2407 inferos
1382 2353 1585 2421 poetica
1617 2352 1763 2406 falsi-

228 2448 322 2494 tate
342 2450 595 2495 narratur:
637 2452 690 2501 et
722 2445 777 2503 ei
823 2443 1112 2511 cujuspiam
1145 2456 1249 2503 non
1280 2442 1470 2511 sepulti
1511 2451 1766 2511 appareat

225 2530 391 2600 imago,
430 2532 774 2603 quuatnrque
815 2533 934 2586 talia
962 2574 976 2597 ,
1023 2532 1198 2605 qualia
1246 2534 1411 2587 fertur
1451 2532 1527 2593 illi
1561 2533 1764 2593 locutus

221 2622 356 2677 fuisse
380 2624 636 2680 Palinurus
665 2622 911 2699 (Eneid.
942 2624 1028 2677 lib.
1074 2624 1126 2688 ὓ,
1158 2639 1211 2677 v.
1240 2625 1490 2693 557-585)
1513 2640 1527 2686 ;
1550 2632 1605 2677 et
1641 2638 1761 2677 cum

222 2718 503 2785 evigilaverit
524 2760 540 2783 ,
588 2719 655 2772 ibi
702 2733 904 2786 corpus
933 2717 1048 2786 ejus
1076 2716 1337 2781 inveniat,
1368 2716 1453 2770 ubi
1477 2716 1657 2784 jacere
1683 2715 1765 2769 in-

221 2804 451 2861 humatum
479 2824 594 2863 cum
624 2808 929 2863 soniniaret
954 2808 1173 2871 audivit,
1202 2807 1506 2863 admonitus
1532 2815 1587 2861 et
1610 2821 1765 2877 roga-

225 2908 293 2948 tus
323 2908 368 2949 ut
400 2900 639 2967 sepeliret
678 2900 1000 2963 inventum;
1051 2909 1104 2952 et
1148 2900 1269 2969 quia
1317 2898 1369 2953 id
1412 2914 1595 2953 verum
1643 2912 1764 2955 esse

224 2990 453 3055 Comperit,
476 2990 651 3043 credat
682 2990 815 3043 ideo
840 2998 1079 3043 mortuos
1097 2990 1327 3058 sepeliri,
1352 3000 1409 3042 ut
1434 3004 1616 3044 eorum
1642 2991 1762 3046 ani-

220 3095 303 3132 ma:
327 3082 379 3133 ad
403 3084 505 3137 loca
534 3092 839 3147 transeant,
870 3082 1006 3137 unde
1036 3084 1417 3154 insepultorum
1449 3084 1655 3137 animas
1679 3084 1763 3137 in-

226 3170 346 3224 ferna
369 3174 613 3242 prohiberi
646 3176 778 3245 lege
803 3175 1082 3235 somniavit
1107 3193 1119 3227 :
1149 3190 1325 3236 nonne
1351 3177 1448 3229 ista
1473 3174 1697 3230 credens
1717 3176 1760 3241 ',

226 3262 455 3339 plurimum
484 3282 512 3318 a
541 3267 767 3320 tramite
799 3265 1031 3319 veritatis
1057 3264 1356 3319 exorbitat?

275 3355 467 3413 CAPUT
496 3359 581 3415 XI.
603 3390 677 3399 —
698 3361 724 3414 1
739 3360 795 3412 '5.
839 3357 1068 3412 Visornm
1094 3359 1144 3411 in
1168 3358 1355 3412 somnis
1376 3357 1609 3427 exempla
1638 3358 1759 3413 duo.

222 3444 349 3499 Pater
370 3449 610 3519 defunctus
637 3460 864 3521 apparet
897 3450 1025 3517 ﬁlio.
1064 3449 1370 3521 Augustinus
1403 3450 1511 3519 ipse
1551 3450 1603 3502 in
1641 3448 1766 3505 vivis

225 3555 352 3608 agens
372 3555 554 3611 apparet
574 3545 625 3596 in
649 3543 854 3597 somnis
881 3540 1099 3610 Eulogio
1126 3542 1333 3606 rhetori,
1366 3550 1411 3595 et
1438 3543 1599 3595 locum
1625 3540 1765 3595 Cice-

224 3632 342 3682 ranis
362 3635 550 3701 exponit.
588 3634 679 3690 Sic
726 3642 910 3687 autem
949 3632 1226 3686 infirmitas
1266 3634 1493 3685 humana
1520 3646 1640 3686 sese
1667 3632 1763 3685 ha-

218 3716 326 3785 bet,
352 3730 400 3775 ut
417 3739 519 3777 cum
548 3726 601 3780 in
627 3724 847 3780 somnis
883 3724 1103 3793 quisque
1132 3723 1322 3778 viderit
1350 3732 1611 3777 mortuum
1636 3763 1651 3785 ,
1676 3719 1765 3791 ip-

215 3812 309 3864 sius
332 3814 536 3869 animam
566 3832 626 3871 se
651 3814 847 3869 videre
866 3814 1150 3868 arbitretur
1182 3829 1196 3879 ;
1228 3830 1347 3868 cum
1378 3822 1555 3868 autem
1586 3814 1762 3867 vivum

217 3904 423 3960 similiter
446 3908 825 3971 somniaverit,
867 3922 968 3960 non
1008 3906 1123 3976 ejus
1150 3907 1381 3960 animam
1406 3947 1420 3968 ,
1450 3920 1621 3976 neque
1645 3920 1766 3960 coro

215 4010 326 4066 pus,
365 4001 451 4054 sed
488 4002 731 4056 hominis
772 4000 1165 4057 similitudinem
1196 4000 1293 4054 sibi
1324 4000 1632 4069 apparuisse
1660 4012 1765 4052 non

219 4086 424 4145 dubitet:
452 4094 602 4162 quasi
630 4108 749 4147 non
786 4093 993 4164 possint
1034 4099 1088 4144 et
1112 4098 1444 4145 mortuorum
1492 4090 1764 4145 hominum

219 4180 367 4235 eodem
392 4183 545 4238 modo
570 4183 972 4247 nescientium,
1005 4196 1107 4235 non
1134 4182 1352 4246 animm,
1394 4180 1488 4236 sed
1524 4181 1768 4239 similitu—

212 4266 339 4323 dines
363 4286 611 4341 apparere
642 4272 1057 4331 dormientibus.
1091 4271 1196 4333 Pro
1239 4284 1390 4325 certo
1411 4270 1432 4301 ³
1456 4311 1471 4334 ,
1502 4285 1621 4325 cum
1652 4270 1766 4325 Me-

213 4360 377 4417 diolani
399 4380 640 4419 essemus
667 4405 683 4430 ,
716 4362 1013 4417 audivimus
1036 4362 1175 4432 quod
1206 4376 1327 4415 cum
1352 4362 1590 4417 debitum
1617 4377 1768 4431 repe-

213 4462 385 4508 teretur
416 4471 444 4508 a
472 4456 708 4527 quodam
735 4495 751 4520 ,
778 4454 1013 4509 defuncti
1046 4454 1207 4523 patris
1236 4454 1481 4507 cautione
1520 4453 1723 4524 prolata
1749 4495 1764 4521 ,

213 4544 329 4609 quod
364 4546 467 4601 filio
506 4547 789 4602 nesciente
829 4560 857 4598 a
886 4556 1035 4615 patre
1055 4547 1163 4613 jam
1192 4543 1361 4598 fuerat
1404 4544 1764 4614 persolutum,

210 4635 477 4690 contristari
508 4637 676 4691 homo
696 4635 1007 4706 gravissime
1026 4635 1206 4704 coepit,
1230 4644 1387 4704 atque
1413 4635 1592 4689 mirari
1627 4634 1768 4705 quod

212 4726 250 4777 ei
276 4738 409 4794 pater
432 4731 672 4785 moriens
701 4743 807 4783 non
828 4728 1019 4782 dixerit
1040 4727 1163 4797 quid
1185 4727 1435 4791 deberet,
1467 4742 1586 4781 cum
1616 4730 1769 4786 fecis—

216 4826 279 4868 set
309 4819 456 4873 etiam
484 4827 890 4874 testamentum.
920 4819 1069 4873 Tunc
1092 4818 1140 4873 ei
1164 4816 1321 4872 nimis
1345 4817 1502 4880 anxio
1527 4820 1771 4888 apparuit

219 4908 332 4963 idem
374 4924 520 4981 pater
565 4914 691 4983 ejus
723 4912 773 4966 in
814 4911 1053 4976 somnis,
1098 4919 1153 4966 et
1179 4910 1267 4965 ubi
1310 4920 1451 4965 esset
1495 4921 1770 4965 recautum

218 5005 450 5068 'nm‘illa
493 5006 675 5059 cautio
701 5013 919 5060 vacuata
963 5002 1166 5069 fuerat,
1212 5002 1482 5057 indicavit.
1527 5003 1643 5073 Quo
1686 5002 1769 5055 in-

217 5104 349 5147 vento
363 5097 569 5164 juvenis
596 5106 760 5166 atque
781 5104 1093 5161 monstrato,
1114 5110 1230 5148 non
1261 5094 1431 5149 solum
1463 5093 1578 5148 falsi
1608 5093 1771 5148 debiti

218 5184 503 5242 calumniam
535 5187 903 5259 propulsavit,
944 5186 1038 5242 sed
1068 5187 1225 5245 etiam
1253 5195 1530 5256 paternum
1574 5186 1773 5254 recepit

275 5362 291 5393 ⁸
319 5364 418 5411 Had.
443 5374 543 5413 Am.
572 5372 626 5414 et
649 5372 746 5425 En,
766 5364 816 5416 hi
835 5364 1061 5417 homines.

279 5425 419 5486 τω.
445 5434 542 5475 Am.
569 5433 650 5475 Er.
680 5434 729 5475 et
751 5429 957 5476 Vaticani
979 5429 1074 5476 duo
1097 5435 1222 5486 Mss,
1255 5439 1408 5476 nonne
1429 5426 1499 5477 ita
1520 5426 1739 5476 credens.

224 5483 413 5593 w’unuo
432 5495 561 5548 Uss,
605 5498 758 5537 Porro
789 5495 937 5539 certe.
982 5497 1176 5552 Septem
1210 5483 1315 5548 alii,
1341 5498 1522 5549 Porro;
1563 5490 1739 5537 omisso
1758 5523 1772 5548 ,

280 5604 300 5633 δ
328 5607 426 5677 uad.
452 5619 549 5658 xm.
578 5618 631 5677 et
652 5616 780 5677 μοι,
804 5611 1059 5677 repositum
1081 5613 1239 5677 quod,
1264 5611 1525 5677 MeliusEr.
1553 5618 1604 5661 et
1646 5618 1775 5670 Mss,

471 5684 595 5739 quo;
618 5672 670 5720 id
692 5681 764 5723 est
796 5672 1024 5739 scripttun
1058 5672 1157 5736 quo
1194 5675 1272 5725 illa
1316 5676 1474 5727 cautio
1509 5681 1773 5739 revocata,

233 5731 319 5775 sive
341 5736 387 5779 ut
403 5731 672 5783 hic'dicitur
694 5768 707 5796 ,
731 5731 923 5792 vacuata
946 5731 1117 5786 fuerat.

3352 328 3458 389 ωε

1883 433 2329 504 chirographum,
2359 435 2502 506 quod
2551 446 2698 506 pater
2742 454 2846 494 non
2896 444 3457 521 receperatxquando

1878 534 1959 579 est
1997 526 2256 595 persoluta
2298 529 2537 597 pecunia.
2568 529 2663 584 Ilic
2691 531 2866 601 itaque
2900 542 3111 601 putatur
3148 533 3331 592 anima
3354 536 3456 592 Ito-

1877 617 2035 671 minis
2072 633 2250 672 cnram
2288 619 2517 687 gessisse
2562 635 2659 689 pro
2703 621 2846 687 lilio,
2894 632 2949 678 et
2974 624 3041 678 ad
3084 640 3205 679 eum
3246 628 3457 685 venisse

1876 705 2248 771 dormientem,
2274 716 2329 761 ut
2352 708 2549 764 docens
2574 710 2714 779 quod
2743 712 3036 781 ignorabat,
3064 731 3094 770 a
3120 732 3306 787 magna
3330 734 3454 774 eum

1877 799 2115 854 molestia
2159 800 2427 866 liberaret.
2469 801 2573 857 Sed
2622 803 2809 858 eodem
2860 806 2975 875 ipso
3018 808 3183 865 ferme
3215 821 3454 881 tempore

1874 906 1981 960 quo
2001 892 2051 944 id
2076 891 2369 946 audivimus
2389 933 2405 959 ,
2448 893 2573 948 item
2604 895 2753 950 nobis
2773 897 2911 966 apud
2939 897 3292 957 Mediolanum
3314 918 3449 959 con-

1874 982 2102 1047 stitutis,
2157 980 2489 1055 Carthaginis
2532 985 2714 1041 rhetor
2756 988 3040 1059 Eulogius,
3088 991 3176 1061 qui
3205 1007 3355 1049 meus
3398 995 3451 1051 in

1875 1071 2059 1127 eadem
2091 1084 2205 1129 arte
2249 1075 2539 1145 discipulus
2560 1076 2677 1143 fuit,
2720 1081 2856 1133 sicut
2901 1080 3030 1134 mihi
3078 1080 3212 1150 ipse,
3244 1093 3454 1151 postea.

1872 1179 2028 1233 quam
2056 1166 2107 1219 in
2137 1166 2365 1221 Africam
2394 1171 2745 1225 remeavimus
2764 1212 2778 1238 ,
2822 1172 3042 1237 retulit,
3072 1189 3192 1228 cum
3224 1175 3452 1232 rhetori.
3516 1208 3531 1217 ε

1871 1271 1963 1309 cos
1984 1256 2251 1312 Ciceronis
2272 1258 2436 1314 libros
2466 1260 2734 1329 discipulis
2754 1262 2865 1317 suis
2887 1263 3136 1328 traderet,
3165 1281 3452 1324 recensens

1872 1345 2150 1401 lectionem
2188 1364 2344 1417 quam
2382 1350 2634 1419 postridie
2681 1351 2854 1407 fuerat
2887 1354 3209 1420 traditurus,
3257 1373 3449 1426 quem-

1872 1436 1992 1489 dam
2022 1436 2193 1492 locum
2242 1438 2460 1493 offendit
2484 1440 2766 1496 obscurum
2815 1461 2829 1498 :
2869 1459 2974 1513 quo
3008 1460 3113 1500 non
3144 1447 3449 1516 intellecto,

1872 1528 1958 1585 vix
2009 1530 2175 1595 potuit
2212 1528 2445 1584 dormire
2476 1531 2733 1586 sollicitus
2762 1549 2793 1601 ;η
2822 1549 2923 1604 qua
2970 1546 3125 1591 nocte
3165 1539 3450 1594 somnianti

1872 1632 1971 1686 ego
2001 1618 2074 1671 illi
2103 1619 2243 1688 quod
2264 1634 2373 1673 non
2401 1620 2725 1691 intelligebat
2751 1626 2970 1692 exposui
3002 1643 3017 1691 ;
3052 1628 3157 1681 imo
3179 1645 3284 1682 non
3312 1645 3410 1699 ego
3430 1670 3446 1695 ,

1871 1708 1961 1780 sed
1985 1708 2158 1779 imago
2184 1724 2322 1775 mea,
2347 1711 2615 1769 nesciente
2636 1727 2741 1778 me,
2760 1724 2813 1767 et
2838 1722 2943 1768 tam
2966 1716 3119 1786 longe
3137 1725 3282 1773 trans
3304 1735 3451 1776 mare

1869 1800 2063 1870 aliquid
2103 1801 2243 1854 aliud
2281 1802 2392 1857 sive
2434 1812 2655 1873 agente,
2696 1805 2807 1860 sive
2848 1808 3177 1875 somniante,
3218 1818 3273 1865 et
3316 1811 3450 1867 nihil

1870 1890 1938 1944 de
1966 1890 2105 1945 illius
2133 1892 2275 1946 curis
2312 1893 2529 1947 omnino
2562 1903 2800 1950 curante.
2842 1896 3119 1963 Quomodo
3149 1902 3275 1965 fiant
3299 1899 3399 1955 ista
3428 1942 3448 1969 ,

1870 1983 2051 2036 nescio
2104 2000 2119 2036 :
2171 1982 2264 2037 sed
2317 1984 2716 2053 quomodolibet
2763 1986 2930 2054 fiant,
2970 2004 3065 2044 cur
3106 2006 3210 2045 non
3259 1992 3449 2047 eodem

1870 2073 2029 2126 modo
2064 2073 2177 2126 fieri
2220 2073 2519 2139 credimus,
2565 2083 2622 2129 ut
2668 2076 2721 2130 in
2764 2079 2968 2133 somnis
3004 2080 3228 2149 quisque
3275 2082 3451 2137 videat

1871 2173 2135 2219 mortuum
2153 2205 2168 2230 ,
2202 2160 2470 2233 quomodo
2500 2165 2558 2218 fit
2586 2173 2645 2219 ut
2672 2166 2847 2221 videat
2872 2177 2927 2222 et
2946 2170 3121 2223 vivum
3143 2171 3165 2223 ?
3190 2171 3451 2227 ambobus

1871 2261 2050 2329 utique
2090 2260 2482 2326 nescientibus,
2531 2276 2703 2331 neque
2746 2264 3052 2319 curantibus
3082 2266 3201 2334 quis
3233 2265 3316 2321 vel
3360 2265 3451 2321 ubi

1871 2350 1956 2403 vel
1983 2350 2193 2418 quando
2220 2366 2405 2405 eorum
2430 2352 2686 2420 imagines
2714 2356 2961 2407 somniet.

1938 2440 2163 2496 CAPUT
2185 2440 2299 2495 XII.
2322 2470 2394 2481 -—
2418 2442 2504 2496 Η.
2543 2439 2659 2495 Visa
2678 2442 3099 2511 phreneticorum.
3130 2444 3301 2498 Visum
3322 2442 3451 2500 Caro

1867 2547 1965 2585 mw
2005 2532 2231 2586 curiatis.
2277 2532 2479 2588 Similia
2526 2544 2651 2588 sunt
2698 2543 2876 2588 autem
2931 2536 3153 2589 somniis
3198 2536 3449 2591 nonnulla

1867 2622 2025 2676 etiam
2067 2623 2175 2677 visa
2219 2623 2541 2693 vigilantium
2566 2666 2581 2691 ,
2613 2625 2703 2695 qui
2735 2625 2972 2681 turbatos
3002 2626 3199 2683 habent
3227 2643 3446 2696 sensus,

1866 2711 2004 2777 sicut
2028 2711 2338 2779 phrenetici,
2363 2714 2445 2768 vel
2475 2729 2810 2785 quocumque
2830 2716 3063 2771 furentes
3090 2718 3248 2773 modo
3281 2736 3294 2771 :
3324 2736 3448 2775 nam

1867 2810 1921 2855 et
1964 2800 2062 2869 ipsi
2104 2802 2394 2871 loquuntur
2431 2819 2611 2859 secum
2640 2807 2788 2875 quasi
2827 2821 2952 2862 vere
2985 2808 3333 2877 praesentibus
3370 2809 3450 2865 lo-

1867 2902 2115 2960 quantur,
2146 2902 2199 2947 et
2230 2902 2333 2947 tam
2356 2908 2475 2948 cum
2497 2895 2806 2951 absentibus
2826 2912 2984 2967 quam
3014 2913 3136 2955 cum
3169 2901 3449 2969 prmsenti-

1866 2980 1965 3036 bus
1986 3023 2001 3047 ,
2032 2998 2255 3052 quorum
2285 2984 2538 3055 imagines
2563 2996 2821 3057 cernunt,
2852 2989 2964 3043 sive
2992 2989 3229 3044 vivorum
3248 2992 3302 3058 ,¹,
3332 2992 3445 3045 sive

1868 3082 2215 3129 mortuorum.
2258 3076 2363 3131 Sed
2393 3078 2838 3145 quemadmodum
2869 3080 2905 3133 ii
2928 3080 3019 3148 qui
3050 3081 3250 3148 vivunt,
3279 3082 3346 3137 ab
3369 3083 3450 3139 eis

1867 3178 1926 3219 se
1948 3164 2136 3231 videri,
2166 3175 2355 3220 etcum
2374 3166 2452 3221 eis
2472 3181 2531 3220 se
2558 3168 2784 3237 colloqui
2814 3168 3083 3233 nesciunt;
3116 3186 3284 3239 neque
3305 3172 3447 3226 enim

1866 3271 2051 3311 revera
2081 3257 2177 3327 ipsi
2205 3257 2428 3324 adsunt,
2464 3269 2553 3311 aut
2577 3259 2675 3327 ipsi
2705 3260 3127 3314 sermocinantur
3150 3301 3165 3326 ,
3210 3262 3303 3316 sed
3332 3272 3447 3317 tur-

1868 3349 2005 3403 batis
2045 3349 2289 3405 sensibus
2329 3349 2569 3405 homines
2609 3352 2727 3404 talia
2758 3353 2867 3405 visa
2897 3352 3202 3421 imaginaria
3236 3354 3449 3424 patiun-

1870 3449 1954 3494 tur
1986 3458 1998 3494 :
2027 3454 2091 3494 eo
2117 3440 2274 3495 modo
2296 3449 2350 3495 et
2375 3441 2411 3495 ii
2436 3441 2524 3511 qui
2554 3456 2621 3497 ex
2650 3440 2749 3496 hac
2774 3442 2880 3496 vita
2908 3442 3199 3512 migrartmt
3218 3484 3233 3510 ,
3263 3444 3339 3499 sic
3366 3443 3450 3498 af.

1868 3533 2017 3587 fectis
2046 3532 2346 3588 hominibus
2379 3534 2624 3589 videntur
2651 3534 2799 3604 quasi
2828 3545 3118 3606 prmsentes
3142 3579 3157 3604 ,
3190 3553 3308 3593 cum
3336 3538 3447 3594 sint

1867 3623 2148 3691 absentes,
2192 3634 2244 3678 et
2283 3632 2458 3678 utrum
2499 3626 2688 3696 aliquis
2716 3641 2811 3682 eos
2852 3627 3200 3698 imaginaliter
3234 3628 3446 3698 videat,

1868 3715 2085 3768 omnino
2115 3714 2433 3771 nescientes.

1941 3806 2029 3859 15.
2070 3805 2203 3863 Huic
2240 3806 2316 3860 rei
2352 3805 2526 3861 simile
2552 3814 2635 3861 est
2670 3807 2830 3863 etiam
2856 3807 3016 3872 illud,
3050 3823 3170 3864 cum
3206 3808 3450 3866 homines

1867 3898 2022 3955 altius
2050 3912 2206 3967 quam
2241 3898 2282 3951 si
2310 3898 2634 3963 dormirent,
2661 3898 3043 3955 subtrahuntur
3066 3903 3308 3971 corporis
3321 3917 3449 3959 senv

1868 3990 2015 4044 sibus
2033 4030 2048 4054 ,
2078 3997 2131 4042 et
2157 3998 2482 4057 occupantur
2506 3990 2696 4046 talibus
2725 3992 2872 4046 visis.
2899 3993 2966 4047 Et
3004 3993 3086 4047 his
3110 3994 3252 4049 enim
3281 4009 3448 4065 appa.

1868 4090 1989 4137 rent
2017 4081 2267 4150 imagines
2307 4084 2545 4137 vivorum
2573 4092 2732 4153 atque
2771 4094 3099 4140 mortuorum
3132 4103 3148 4151 ;
3193 4086 3286 4142 sed
3323 4103 3446 4144 cum

1869 4172 2067 4230 fuerint
2094 4172 2339 4227 sensibus
2364 4172 2578 4237 redditi,
2605 4190 2965 4245 quoscumque
2991 4186 3228 4233 mortuos
3255 4179 3451 4235 vidisse

1870 4279 1929 4317 se
1955 4264 2185 4317 dixerint
2203 4304 2216 4327 ,
2240 4278 2364 4318 vere
2386 4278 2506 4319 cum
2529 4265 2606 4319 eis
2632 4265 2791 4321 fuisse
2814 4267 3103 4322 creduntur
3127 4286 3141 4323 :
3164 4284 3262 4324 nec
3280 4278 3453 4325 atten-

1870 4356 2027 4420 dunt,
2059 4357 2145 4424 qui
2175 4356 2289 4411 haec
2314 4357 2563 4423 audiunt,
2585 4359 2827 4414 similiter
2845 4360 2913 4413 ab
2940 4362 3020 4415 eis
3038 4360 3338 4415 absentium
3360 4372 3445 4416 at-

1871 4465 1976 4519 que
2022 4449 2371 4504 nescientium
2417 4450 2766 4520 quorumdam
2808 4452 3262 4521 etiamimagines
3310 4453 3451 4508 visas

1872 4557 1991 4597 esse
2017 4542 2273 4596 vivorum.
2306 4542 2476 4596 Homo
2503 4541 2716 4612 quidam
2744 4543 2938 4598 Curma
2967 4544 3180 4599 nomine
3201 4546 3243 4610 ³,
3272 4546 3450 4599 muni-

1872 4634 1994 4703 cipii
2023 4634 2330 4698 Tulliensis,
2358 4634 2497 4704 quod
2523 4634 2751 4704 Hipponi
2775 4636 3067 4705 proximum
3098 4646 3181 4692 est
3199 4679 3215 4705 ,
3237 4638 3454 4697 curialis

1874 4740 2108 4796 pauper,
2139 4726 2224 4780 vix
2254 4727 2393 4783 illius
2422 4726 2520 4781 loci
2558 4727 2985 4782 duumviralitius
3031 4727 3109 4799 (a)
3144 4738 3199 4783 et
3245 4729 3455 4799 simpli-

1873 4820 2005 4874 citer
2035 4821 2350 4887 rusticanus,
2369 4836 2489 4874 cum
2518 4830 2821 4890 aegrotaret,
2852 4820 3058 4877 ablatus
3078 4837 3107 4876 a
3130 4822 3374 4878 sensibus
3408 4824 3450 4890 ³,

1940 4980 1955 5010 ί
1986 4985 2106 5044 pcto
2126 4985 2379 5044 Mss.,.\'mn
2409 4984 2455 5029 et
2472 4977 2583 5044 _ipsi
2607 4974 2862 5044 loqmmtur
2884 4991 3011 5044 sepe
3032 4992 3160 5044 :um_
3181 4992 3289 5031 rere
3324 4994 3458 5044 pra:-

1874 5039 2099 5112 sentilgus,
2125 5040 2380 5112 qummtnr
2418 5039 2562 5110 etiam
2584 5039 2695 5089 cunt
2736 5039 3004 5112 nominibus
3026 5042 3161 5105 quasi
3198 5056 3305 5091 cum
3324 5039 3458 5106 ἰη-ιε-

1874 5101 2084 5164 sentibus
2105 5101 2306 5163 quarum
2326 5101 2557 5164 imagines
2579 5110 2794 5164 cernunt.

1941 5165 1961 5193 ²
1994 5161 2183 5212 Bad.'et
2204 5169 2335 5222 Lov.,
2372 5161 2441 5212 de"
2456 5170 2615 5212 turma
2651 5163 2831 5213 (urina
2855 5162 3057 5214 nomine.
3102 5170 3157 5214 Et
3179 5164 3302 5221 infra
3340 5176 3457 5212 eon-

1877 5231 2062 5287 stanter
2086 5224 2282 5287 habent,
2322 5223 2517 5273 carina.
2552 5231 2605 5272 At
2623 5230 2729 5273 Mss.
2756 5227 2937 5287 ubique
2959 5226 3286 5287 fere,,(‘tirma
3311 5237 3328 5273 :
3353 5226 3459 5286 qui-

1877 5285 1969 5334 bus
2008 5285 2166 5346 hacin
2190 5298 2245 5333 re
2283 5286 2595 5335 consentiunt
2614 5294 2712 5334 Am.
2742 5295 2793 5335 et
2817 5285 2910 5346 Et;
2936 5286 3024 5335 sed
3045 5286 3288 5336 editiones
3310 5285 3458 5339 etiam

1876 5348 1984 5395 istae
2004 5345 2113 5395 duae
2143 5353 2279 5411 post,
2305 5356 2453 5396 Homo
2470 5346 2686 5411 quidam,
2714 5345 2977 5397 adduut'de
3004 5353 3165 5411 turma
3188 5361 3204 5397 :
3229 5347 3356 5411 quod
3376 5351 3462 5395 ah-

1880 5414 1956 5472 est
1977 5420 2004 5455 a
2025 5414 2129 5456 Mss.
2146 5408 2447 5470 videturque
2485 5408 2745 5470 irrepsisse
2771 5422 2800 5459 e
2824 5411 3043 5471 margine
3059 5444 3075 5469 ,
3121 5410 3170 5458 in
3193 5408 3289 5472 qua
3335 5411 3459 5456 forte

1879 5470 2035 5516 fuerat
2056 5476 2350 5524 annotautm,
2388 5488 2409 5516 ι
2430 5477 2500 5519 De
2521 5477 2707 5518 Curma.
2731 5486 2753 5515 ν

1864 5594 1871 5598 _
1946 5531 1966 5561 ³
1987 5531 2059 5579 sic
2079 5532 2293 5591 potiores
2322 5539 2430 5581 Mss.
2455 5539 2511 5581 At
2533 5532 2669 5591 editi,
2694 5530 2867 5581 ablatis
2880 5529 3114 5581 sensibus.

1942 5613 2015 5677 (a)
2039 5612 2428 5664 Duumviralitius
2448 5615 2578 5665 idem
2592 5621 2729 5664 sonat
2742 5614 2877 5677 quod
2900 5612 3233 5677 duumviralis,
3254 5612 3348 5677 hoc
3362 5619 3459 5677 est,

1882 5676 1963 5737 qui
1986 5672 2338 5745 duumviratum
2357 5677 2528 5745 gessit.
2554 5672 3125 5745 Duumvit‘irnagistratns
3144 5672 3460 5736 municipales

1889 5734 2271 5799 appellabantur,
2295 5734 2422 5801 quod
2445 5739 2541 5787 duo
2566 5743 2749 5799 essent,
2769 5736 2837 5786 ait
2854 5734 3131 5785 Brissonius.
