3904 6362
444 351 549 408 603

444 482 579 538 pene
622 473 860 523 mortuus
899 462 1062 534 jacuit
1086 461 1284 531 aiiquot
1306 458 1492 513 diebus
1524 474 1539 511 ε
1568 454 1909 510 tenuissimus
1935 451 2023 506 tia-

448 569 532 614 tus
563 559 614 613 in
645 556 880 622 naribus,
908 555 997 624 qui
1027 568 1184 607 manu
1210 550 1420 605 admota
1449 556 1735 617 utcumque
1760 542 2029 601 sentieba-

453 657 539 702 tur
574 656 628 702 et
664 654 779 701 erat
802 646 1049 715 exiguum
1079 641 1304 697 viventis
1334 639 1582 694 indicium
1614 639 1631 668 ¹
1653 677 1668 702 ,
1713 634 1926 705 sepeliri
1970 641 2028 687 ut

447 738 745 792 exanimem
775 749 883 791 non
912 734 1137 789 sinebat.
1178 731 1363 786 Nullos
1388 739 1535 783 artus
1564 725 1844 789 movebat,
1886 723 2027 778 nulla

446 828 689 883 sumebat
725 827 973 880 alimenta
1003 840 1018 889 ;
1050 822 1181 877 nihil
1208 821 1374 877 oculis
1393 860 1409 886 ,
1439 817 1566 872 nihil
1594 817 1702 871 ullo
1735 814 1843 869 alio
1868 826 2028 867 sensu

454 916 698 987 corporis
715 915 948 986 qualibet
974 916 1199 982 impacta
1228 909 1466 965 molestia
1492 906 1772 963 sentiebat.
1806 904 2029 959 Videbat

448 1018 627 1063 tamen
655 1008 816 1061 multa
845 1006 991 1061 velut
1016 1005 1070 1060 in
1090 1004 1294 1059 somnis
1312 1044 1328 1070 ,
1353 1016 1472 1071 qua:
1502 999 1714 1055 tandem
1740 994 2030 1067 aliquando

448 1109 571 1170 post
603 1100 719 1153 dies
745 1098 1000 1168 plurimos
1028 1096 1179 1167 quasi
1205 1094 1460 1164 evigilans
1480 1134 1495 1156 ,
1522 1093 1633 1147 visa
1665 1089 1921 1145 narravit.
1955 1090 2031 1142 Ac

446 1192 714 1260 primum,
742 1204 870 1243 mox
900 1197 956 1243 ut
998 1187 1207 1257 aperuit
1228 1185 1414 1240 oculos
1442 1201 1455 1237 :
1479 1184 1580 1238 Eat
1605 1182 1813 1251 aliquis,
1837 1180 2029 1249 inquit,

446 1281 516 1335 ad
541 1280 758 1335 domum
800 1278 1009 1335 Corma:
1052 1279 1183 1333 fabri
1222 1276 1465 1343 ferrarii,
1505 1283 1559 1329 et
1584 1274 1761 1329 videat
1803 1271 1929 1341 quid
1958 1270 2030 1324 ibi

446 1382 649 1442 agatur.
675 1370 793 1439 Quo
825 1386 947 1426 cum
990 1371 1119 1425 itum
1159 1376 1335 1434 esset,
1366 1367 1613 1421 inventus
1652 1372 1736 1419 est
1782 1370 2029 1417 mortuus

448 1478 515 1518 eo
540 1471 846 1529 momento,
893 1477 999 1532 quo
1037 1462 1137 1516 iste
1177 1459 1348 1513 fuerat
1374 1458 1617 1513 sensibus
1662 1454 1931 1518 redditus,
1976 1460 2032 1507 et

449 1568 588 1624 pene
613 1568 647 1607 a
672 1562 844 1608 morte
883 1553 1167 1608 revixerat.
1208 1549 1361 1604 Tunc
1400 1546 1618 1602 intentis
1643 1545 1733 1615 qui
1770 1542 2030 1607 aderant,

447 1645 600 1701 illum
627 1644 865 1699 exhiberi
882 1644 1089 1713 jussum
1117 1657 1237 1698 esse
1261 1639 1474 1712 quando
1499 1640 1613 1709 ipse
1637 1637 1885 1693 dimissus
1913 1644 1997 1691 est
2014 1675 2032 1701 ,

448 1735 742 1800 indicavit;
788 1749 951 1805 seque
993 1734 1100 1789 illic
1138 1733 1279 1788 unde
1322 1732 1558 1787 redierat
1604 1729 1737 1784 dixit
1779 1727 2030 1793 audisse,

448 1825 591 1896 quod
622 1838 724 1879 non
754 1825 950 1879 Corma
977 1824 1226 1885 curialis,
1258 1821 1351 1877 sed
1381 1821 1575 1876 Curma
1613 1818 1762 1875 faber
1785 1818 2035 1873 ferrarius

446 1914 515 1970 ad
550 1915 666 1969 loca
705 1915 792 1968 illa
822 1922 1152 1969 mortuorum
1194 1919 1490 1982 praeceptus
1514 1910 1702 1964 fuisset
1726 1908 1940 1964 adduci.
1975 1907 2034 1962 in

448 2006 555 2061 illis
588 2021 715 2075 ergo
735 2005 883 2072 visis,
908 2015 1154 2074 tanquam
1171 2004 1390 2059 somniis
1411 2003 1542 2068 suis,
1570 2002 1708 2056 inter
1726 2017 1819 2055 eos
1837 2003 1857 2033 ⁸
1883 2000 2035 2055 defu-

450 2104 626 2161 nctos,
641 2109 774 2164 quos
793 2093 1005 2149 videbat
1025 2108 1120 2163 pro
1141 2091 1506 2147 meritorumdi
1522 2089 1773 2145 versitate
1796 2089 2031 2154 tractari,

445 2184 663 2255 agnovit
713 2185 871 2239 etiam
914 2182 1201 2237 nonnullos
1234 2196 1368 2251 quos
1410 2188 1636 2235 noverat
1672 2183 1841 2234 vivos.
1887 2179 2035 2248 ipsos

447 2284 626 2330 autem
648 2288 775 2330 vere
799 2274 819 2306 ⁸
841 2273 1063 2328 forsitan
1101 2272 1484 2339 credidissem,
1542 2273 1588 2326 si
1629 2286 1734 2326 non
1764 2272 1903 2325 inter
1944 2271 2033 2325 illa

447 2364 598 2435 quasi
638 2364 845 2421 somnia
873 2377 967 2419 sua
1003 2362 1225 2418 vidisset
1268 2362 1429 2417 etiam
1457 2361 1718 2432 quosdam
1760 2361 1850 2431 qui
1895 2374 2036 2415 nunc

446 2471 617 2527 usque
640 2456 815 2511 adhuc
849 2457 1063 2521 vivunt,
1089 2455 1315 2510 clericos
1341 2454 1590 2509 videlicet
1616 2455 1823 2523 aliquos
1858 2453 2033 2523 regio-

447 2545 534 2599 nis
573 2559 684 2600 sum
705 2587 720 2613 ,
761 2561 791 2598 a
821 2560 1047 2616 quorum
1087 2546 1159 2600 ibi
1188 2545 1500 2617 presbytero
1525 2543 1763 2608 audivit,
1810 2552 1868 2598 ut
1895 2543 2034 2613 apud

446 2634 743 2705 Hipponem
778 2635 1138 2705 baptizaretur
1184 2650 1215 2689 a
1249 2651 1334 2690 me
1357 2673 1371 2700 ,
1413 2634 1553 2705 quod
1598 2643 1653 2690 et
1694 2636 1886 2689 factum
1916 2648 2036 2690 esse

449 2725 684 2781 dicebat.
731 2725 950 2782 Viderat
978 2727 1155 2797 itaque
1198 2727 1253 2781 in
1284 2726 1371 2780 illa
1402 2726 1605 2781 visione
1631 2726 2034 2797 presbyterum,

448 2819 711 2884 clericos,
751 2834 839 2875 me
880 2820 1083 2890 ipsum,
1130 2819 1364 2875 nondum
1407 2819 1612 2875 scilicet
1649 2831 1922 2887 mortuos,
1975 2820 2031 2876 in

448 2923 554 2979 qua
582 2917 764 2979 postea
796 2910 925 2964 vidit
952 2919 1007 2965 et
1042 2917 1299 2965 mortuos.
1339 2907 1447 2965 Cur
1469 2924 1573 2965 non
1600 2910 1760 2966 etiam
1783 2910 1901 2965 illos
1927 2909 2035 2965 sic-

451 3010 513 3057 ut
555 3016 655 3057 nos
711 3002 906 3057 vidisse
942 3001 1219 3068 credatur,
1262 3011 1516 3073 utrosque
1551 3003 1755 3058 scilicet
1787 3001 2036 3059 absentes

450 3101 611 3162 atque
637 3092 937 3147 nescientes
965 3107 981 3157 ;
1022 3106 1086 3147 ac
1114 3107 1211 3162 per
1239 3092 1339 3147 hoc
1378 3108 1484 3147 non
1516 3093 1659 3161 ipsos
1678 3134 1693 3157 ,
1724 3094 1818 3148 sed
1846 3093 2036 3148 simili-

447 3181 662 3237 tudines
684 3197 871 3237 eorum
887 3222 900 3246 ,
932 3183 1067 3237 sicut
1091 3182 1253 3238 etiam
1281 3183 1517 3238 locorum
1542 3183 1716 3238 ?Nam
1744 3193 1797 3239 et
1816 3184 2034 3240 fundum

449 3270 586 3326 vidit
605 3271 691 3325 ubi
713 3281 827 3326 erat
846 3271 935 3327 ille
958 3287 1081 3328 cum
1102 3272 1311 3327 clericis
1330 3273 1630 3344 presbyter,
1660 3283 1715 3328 et
1736 3273 2033 3344 Hipponem

448 3362 541 3418 ubi
581 3377 611 3416 a
650 3378 740 3419 me
777 3364 929 3434 quasi
956 3364 1255 3435 baptizatus
1283 3372 1368 3420 est
1400 3383 1413 3419 :
1445 3365 1499 3419 in
1532 3366 1726 3436 quibus
1754 3366 1887 3422 locis
1912 3381 2035 3435 pro-

448 3451 588 3509 iecto
612 3468 718 3507 non
742 3462 857 3508 erat
878 3494 895 3520 ,
924 3453 1137 3524 quando
1164 3454 1272 3509 illic
1303 3454 1403 3508 sibi
1434 3468 1554 3510 esse
1580 3454 1875 3510 videbatur.
1900 3455 2033 3511 Nam

446 3544 575 3615 quid
604 3545 677 3600 ibi
716 3555 963 3616 ageretur
980 3562 1048 3602 eo
1079 3557 1317 3615 tempore
1336 3588 1350 3613 ,
1381 3547 1650 3601 nesciebat
1684 3564 1697 3601 :
1726 3547 1867 3617 quod
1896 3561 2031 3617 pro-

447 3635 536 3689 cul
570 3634 736 3689 dubio
777 3636 973 3703 sciret,
1004 3637 1049 3691 si
1082 3652 1208 3692 vere
1250 3636 1322 3691 ibi
1349 3645 1510 3692 esset.
1546 3638 1667 3691 Visa
1703 3645 1826 3693 sunt
1874 3637 2034 3709 igitur

447 3723 546 3779 ista
572 3763 588 3790 ,
616 3739 735 3792 quae.
760 3740 864 3778 non
894 3734 1280 3793 praesentantur
1308 3724 1330 3756 ⁸
1358 3726 1412 3780 ἰη
1444 3725 1573 3795 ipsis
1620 3726 1777 3781 rebus
1802 3735 1859 3781 ut
1885 3734 2030 3795 sunt,

447 3815 541 3870 sed
589 3816 643 3870 in
692 3816 1006 3886 quibusdam
1052 3833 1231 3873 rerum
1263 3817 1579 3887 imaginibus
1625 3818 2029 3875 adumbrantur.

447 3909 686 3978 Denique
728 3917 845 3978 post
873 3910 1037 3964 multa
1067 3924 1185 3979 qua:
1214 3910 1384 3975 vidit,
1423 3910 1583 3963 etiam
1626 3910 1678 3963 in
1728 3910 2029 3980 paradisum

446 4013 507 4053 se
558 3998 914 4055 introductum
959 4015 1079 4054 esse
1108 3999 1374 4064 narravit,
1402 3998 1706 4069 dictumque
1743 4000 1843 4055 sibi
1868 4015 1989 4057 esse
2010 4043 2029 4067 ,

445 4102 568 4143 cum
598 4087 719 4142 inde
743 4087 1101 4144 dimitteretur
1126 4087 1393 4143 rediturus
1414 4087 1481 4143 ad
1509 4102 1637 4143 suos
1670 4105 1683 4142 :
1715 4088 1895 4154 Vade,
1929 4090 2029 4145 ba-

444 4180 649 4250 ptizare
673 4220 690 4246 ,
728 4181 773 4234 si
817 4181 903 4235 vis
923 4194 1044 4236 esse
1070 4180 1121 4233 in
1148 4179 1251 4234 isto
1276 4180 1394 4234 loco
1421 4179 1718 4237 beatorum.
1750 4179 1948 4236 Deinde
1972 4189 2032 4236 ut

443 4286 476 4323 ιι
520 4284 610 4326 me
638 4270 997 4340 baptizaretur
1020 4270 1357 4338 admonitus,
1394 4270 1504 4341 jam
1540 4270 1736 4326 factum
1790 4287 1911 4328 esse
1934 4288 2027 4328 re-

448 4361 681 4431 spondit.
706 4360 801 4418 Cui
824 4378 1010 4418 rursus
1035 4362 1125 4419 ille
1150 4363 1239 4435 qui
1265 4378 1386 4419 cum
1412 4379 1480 4419 eo
1500 4364 1841 4435 loquebatur:
1862 4364 2026 4433 Vade,

447 4453 618 4525 inquit
638 4493 656 4517 ,
684 4470 810 4511 vere
829 4455 1103 4526 baptizare
1132 4472 1148 4523 ;
1175 4471 1297 4512 nam
1327 4455 1459 4512 illud
1496 4456 1549 4511 in
1587 4457 1791 4512 visione
1826 4457 2025 4515 vidisti.

444 4546 574 4609 Post
603 4548 702 4603 ista
731 4550 1031 4615 convaluit,
1077 4549 1310 4621 perrexit
1338 4550 1656 4619 Hipponem.
1689 4551 1889 4606 Pascha
1915 4552 2027 4622 jam

447 4637 837 4707 propinquabat
854 4677 869 4702 ,
891 4638 1041 4694 dedit
1063 4654 1256 4696 nomen
1286 4640 1427 4694 inter
1453 4640 1590 4694 alios
1611 4639 1988 4710 Competentes
2007 4684 2023 4709 ,

444 4728 644 4797 pariter
687 4742 809 4783 cum
848 4729 1090 4798 plurimis
1145 4730 1445 4799 incognitus
1488 4730 1641 4785 nobis
1682 4746 1698 4795 ;
1741 4746 1843 4787 nec
1882 4731 2025 4789 illam

441 4816 570 4870 mihi
622 4817 879 4872 visionem
899 4858 915 4882 ,
945 4833 1044 4874 nec
1068 4818 1311 4888 cuiquam
1357 4827 1660 4874 nostrorum
1684 4819 1919 4877 indicare
1935 4837 2027 4878 cu-

442 4911 597 4965 ravit.
631 4910 937 4979 Baptizatus
966 4920 1083 4978 cst,
1114 4911 1342 4981 peractis
1370 4910 1559 4966 diebus
1590 4913 1789 4967 sanctis
1816 4928 2027 4970 remea-

438 5003 514 5057 vit
557 5001 625 5057 ad
662 5002 898 5072 propria.
941 5001 1159 5057 Biennio
1199 5004 1284 5058 vel
1326 5002 1555 5073 amplius
1597 5013 1895 5071 transacto,
1926 5022 2026 5078 ego

437 5099 630 5147 cuncta
655 5090 1001 5162 haecc03novi
1025 5109 1039 5146 :
1071 5092 1241 5162 primo
1270 5108 1364 5163 per
1378 5093 1658 5164 quemdam
1686 5111 1862 5150 meum
1884 5097 2029 5168 ejus-

436 5199 539 5253 que
578 5184 809 5241 amicum
852 5183 904 5237 in
946 5184 1189 5239 c0nvivio
1241 5199 1361 5240 meo
1389 5225 1405 5251 ,
1444 5184 1571 5239 dum
1615 5186 1856 5257 quaedam
1903 5187 2024 5242 talia

438 5274 782 5344 loqueremur
809 5274 1040 5332 :deiude
1067 5276 1230 5330 institi
1261 5289 1325 5331 ac
1350 5276 1448 5332 ieci
1480 5286 1536 5331 ut
1565 5277 1680 5334 hinc
1709 5279 1838 5333 mihi
1876 5295 2019 5350 pra:-

504 5472 521 5504 ¹
556 5477 686 5532 Lov.,
707 5471 941 5541 indicium
963 5470 1244 5541 quodith
1275 5472 1488 5537 sepeliri.
1523 5477 1869 5541 Expunximus,
1891 5477 2021 5541 quod

438 5532 1005 5607 illuni,_quod‘super_luo
1023 5534 1249 5607 additum
1261 5532 1490 5607 δεμ-μω
1508 5532 1756 5607 reperitur
1778 5540 1827 5588 in

504 5596 525 5627 ³
556 5594 829 5718 Editi,
846 5595 970 5647 inter
988 5609 1085 5646 eos.
1110 5598 1274 5657 Abest,
1299 5597 1392 5661 fuit
1411 5636 1425 5658 ,
1452 5612 1481 5649 a
1514 5594 1735 5663 pluribus
1757 5608 1861 5650 Mss.

504 5656 526 5688 ³
541 5661 607 5718 ita
632 5656 710 5705 edi
815 5669 925 5709 vero
951 5664 1182 5711 mrtuos.
1227 5659 1474 5711 nedundat
1496 5673 1609 5718 vox,
1655 5667 1861 5716 mortuos

442 5656 793 5766 gingiua,
815 5669 925 5709 vers
951 5664 1182 5711 mortuos.
1227 5656 1474 5711 nedundat
1496 5656 1609 5723 vos,
1655 5667 1891 5724 mortuos,
1929 5675 2024 5715 nec

506 5783 535 5814 τ
559 5786 631 5827 sic
653 5785 756 5829 Mss.
783 5787 835 5832 At
858 5782 995 5844 editi,
1019 5787 1329 5836 credantur.

1222 344 1309 399 DE
1345 342 1529 399 CUI“
1569 340 1702 396 PRO
1741 336 2039 393 MORTUIS
2078 334 2422 405 GEBENDA,
2465 338 2522 394 Β.
2565 339 2929 405 AUGUSTINI

3609 349 3710 408 σοι

2132 465 2257 507 sens
2280 452 2392 522 ipse
2415 466 2674 521 narraret,
2704 457 3071 515 attestantibus
3094 458 3330 518 honestis
3348 465 3556 522 civibus
3578 470 3710 533 suis,

2130 550 2184 595 et
2213 542 2280 598 de
2308 545 2531 600 mirabili
2557 547 2672 615 ejus
2697 549 3026 617 mgritudine,
3059 559 3117 606 ut
3140 534 3363 622 jacuerit
3394 572 3534 627 pene
3567 574 3714 614 mor-

2133 641 2254 687 tuus
2280 651 2377 703 per
2405 638 2518 693 dies
2554 640 2808 709 plurimos
2828 682 2847 708 ,
2870 650 2925 697 et
2957 643 3024 699 de
3056 645 3147 700 illo
3188 648 3292 703 alio
3326 651 3523 710 Corma
3562 656 3716 712 fabro

2132 723 2388 794 ferrario,
2416 731 2556 799 quod
2588 737 2999 791 commemoravi
3026 742 3291 810 superius,
3321 754 3373 800 et
3396 747 3464 803 de
3491 749 3577 805 bis
3604 766 3716 806 om-

2133 819 2288 873 nibus
2333 838 2453 891 quae
2487 838 2606 878 cum
2653 827 2781 879 mihi
2811 828 3041 897 diceret,
3081 834 3240 888 etiam
3294 846 3418 893 tunc
3442 842 3511 895 ab
3539 842 3640 895 illo
3664 861 3717 899 se

2132 910 2343 966 audisse
2372 914 2673 970 recolebant
2696 925 2856 989 atque
2890 920 3191 980 ﬁrmabant.
3219 926 3576 995 Quamobrem
3612 935 3718 991 sic-

2133 1011 2192 1057 ut
2230 1004 2359 1060 vidit
2399 1005 2717 1079 baptismum
2746 1028 2940 1081 suum,
2979 1026 3032 1071 et
3073 1034 3161 1075 me
3186 1021 3392 1089 ipsum,
3424 1037 3479 1081 et
3518 1027 3719 1098 Hippo-

2133 1109 2255 1150 nem
2281 1137 2295 1161 ,
2335 1106 2389 1152 et
2418 1098 2689 1155 basilicam
2713 1144 2727 1169 ,
2768 1115 2820 1159 et
2864 1106 3226 1177 baptisterium
3252 1154 3268 1177 ,
3315 1131 3420 1170 non
3461 1117 3516 1172 in
3556 1120 3720 1177 rebus

2134 1187 2301 1256 ipsis,
2333 1189 2427 1245 sed
2470 1190 2522 1245 in
2547 1193 2862 1262 quibusdam
2902 1199 3336 1260 similitudinibus
3380 1224 3560 1264 rerum
3593 1226 3612 1275 ;
3656 1212 3721 1267 ita

2134 1283 2190 1332 et
2230 1279 2362 1333 alios
2406 1282 2664 1351 quosdam
2706 1286 2887 1355 vivos,
2917 1289 3119 1348 eisdem
3150 1297 3512 1354 nescientibus
3541 1302 3718 1357 vivis:

2201 1367 2429 1426 CAPUT
2455 1371 2589 1427 Xlll.
2612 1376 3017 1436 —Hortnorum
3045 1387 3230 1441 anima:
3259 1405 3361 1443 non
3379 1389 3638 1445 intersunt
3660 1410 3725 1447 rs-

2134 1456 2226 1549 bus
2247 1460 2533 1517 viventium.
2566 1466 2672 1520 Cur
2696 1483 2799 1522 non
2830 1486 2956 1541 ergo
2983 1473 3053 1528 ita
3079 1483 3134 1531 et
3161 1476 3281 1533 illos
3306 1488 3551 1537 mortuos
3571 1522 3591 1549 ,
3621 1483 3722 1541 eis-

2134 1545 2255 1602 dem
2282 1551 2635 1609 nescientibus
2659 1560 2879 1614 mortuis
2908 1560 2933 1614 ?
3572 1545 3584 1549 '
3640 1549 3647 1552 ’

2207 1639 2295 1693 i6.
2316 1640 2426 1696 Cur
2450 1658 2555 1698 non
2589 1645 2717 1701 istas
2741 1651 3077 1719 Operationes
3101 1657 3367 1727 angelicas
3389 1660 3729 1732 credimus‘,

2137 1744 2233 1799 per
2258 1731 2709 1802 dispensationem
2753 1734 3098 1810 providentiae
3129 1747 3223 1804 Dei
3261 1751 3405 1807 bene
3427 1755 3642 1810 utentis
3676 1731 3726 1813 et

2129 1819 2290 1878 bonis
2317 1831 2372 1878 et
2399 1826 2574 1895 malis,
2617 1832 2911 1890 secundum
2951 1836 3342 1897 inscrutabilem
3380 1842 3719 1904 altitudinem

2132 1910 2452 1981 judiciorum
2498 1933 2714 1976 suorum
2769 1922 2793 1976 ?
2840 1924 2952 1982 sive
3002 1927 3329 1986 instruantur
3380 1932 3513 1995 hinc
3568 1953 3715 1994 men-

2137 2014 2220 2059 tes
2249 2009 2580 2077 mortalium,
2610 2013 2722 2067 sive
2743 2014 2992 2072 fallantur
3018 2060 3032 2084 ,
3064 2020 3177 2076 sive
3201 2024 3551 2083 consolentur
3569 2069 3589 2095 ,
3616 2031 3718 2086 sive

2138 2104 2439 2155 terreantur
2480 2119 2493 2156 :
2525 2103 2660 2159 sicut
2681 2106 2969 2178 unicuique
2982 2113 3063 2165 vel
3091 2113 3373 2182 prazbenda
3406 2125 3493 2173 est
3517 2121 3725 2176 miseri-

2138 2188 2317 2243 cordia
2340 2232 2353 2255 ,
2381 2192 2464 2246 vel
2500 2193 2778 2266 irroganda
2802 2199 3062 2267 vindicta,
3092 2204 3161 2260 ab
3195 2204 3285 2260 illo
3310 2208 3394 2262 cui
3417 2209 3705 2268 misericor

2138 2278 2279 2335 diam
2309 2291 2363 2336 et
2384 2283 2640 2353 judicium
2672 2302 2780 2343 non
2805 2289 3032 2347 inaniter
3054 2304 3230 2350 cantat
3264 2296 3505 2354 Ecclesia
3531 2303 3551 2373 (
3583 2301 3725 2360 Psal.

2138 2387 2189 2435 c,
2220 2374 2307 2445 1).
2341 2374 2409 2431 Ut
2436 2377 2577 2434 volet
2601 2381 2825 2452 accipiat
2849 2386 3072 2455 quisque
3092 2387 3231 2458 quod
3259 2389 3451 2446 dicam.
3483 2391 3542 2448 Si
3566 2394 3727 2450 rebus

2136 2462 2424 2521 viventium
2473 2468 2793 2528 interessent
2843 2474 3036 2531 animae
3083 2488 3410 2535 mortuorum
3444 2524 3463 2549 ,
3510 2493 3569 2539 et
3602 2486 3725 2554 ipsa

2137 2568 2236 2609 nos
2259 2598 2274 2621 ,
2307 2559 2519 2627 quando
2547 2575 2640 2617 cas
2669 2563 2940 2633 videmus,
2968 2568 3363 2640 alloquerentur
3390 2573 3443 2628 in
3485 2578 3724 2644 somnis;

2138 2654 2196 2700 ut
2223 2646 2292 2702 de
2315 2649 2439 2715 aliis~
2471 2659 2671 2707 taceam
2696 2694 2712 2717 ,
2744 2670 2831 2711 me
2870 2657 3042 2728 ipsum
3079 2662 3162 2732 pia
3192 2672 3361 2719 mater
3391 2666 3543 2721 nulla
3576 2679 3730 2726 nocte

2138 2735 2413 2794 desereret
2436 2783 2451 2806 ,
2485 2758 2605 2812 qua:
2645 2753 2784 2801 terra
2813 2742 3053 2820 marique
3084 2762 3263 2809 secuta
3292 2763 3377 2810 est
3412 2765 3474 2811 ut
3515 2774 3732 2817 meeum

2137 2828 2360 2885 viveret.
2389 2832 2542 2889 Absit
2582 2837 2724 2891 enim
2766 2848 2823 2894 ut
2851 2839 2985 2896 facta
3025 2843 3095 2899 sit
3136 2845 3241 2901 vita
3266 2846 3507 2905 ieliciore
3535 2853 3729 2910 crude-

2137 2920 2221 2988 lis,
2268 2939 2439 2996 usque
2466 2928 2601 2985 adeo
2645 2938 2700 2984 nt
2729 2934 2940 3003 quando
2976 2934 3174 3006 aliquid
3217 2940 3361 3009 angit
3394 2955 3497 2995 cor
3525 2958 3727 3009 meum.

2138 3022 2238 3069 nec
2282 3015 2488 3073 tristem
2536 3019 2703 3075 [ilium
2734 3025 3069 3092 consoletur,
3109 3043 3266 3101 quem
3305 3029 3497 3087 dilexit
3537 3034 3731 3104 unice,

2138 3122 2297 3176 quem
2325 3117 2605 3182 nunquam‘
2625 3114 2788 3169 voluit
2813 3124 3062 3172 maestum
3093 3118 3295 3176 videre.
3329 3121 3436 3177 Sed
3482 3125 3729 3193 profecto

2137 3198 2279 3269 quod
2312 3216 2464 3257 sacer
2500 3203 2741 3261 Psalmus
2766 3216 3039 3276 personat,
3069 3225 3256 3266 verum
3282 3220 3367 3267 est
3411 3232 3425 3268 :
3472 3213 3728 3280 Quoniam

2138 3301 2283 3361 pater
2320 3310 2458 3349 meus
2503 3304 2551 3351 et
2592 3308 2752 3352 mater
2777 3316 2889 3353 mea
2926 3300 3296 3372 dereliquerunt
3327 3323 3405 3360 me
3430 3348 3447 3370 ,
3475 3306 3727 3365 Dominus

2135 3392 2301 3438 autem
2325 3388 2595 3457 assumpsit
2626 3405 2705 3443 me
2724 3390 2743 3460 (
2764 3389 2911 3445 Psal.
2946 3408 3088 3458 xxvr,
3122 3394 3189 3451 10
3208 3393 3250 3466 ).
3274 3397 3329 3452 Si
3359 3413 3491 3469 ergo
3525 3399 3722 3457 dereli-

2135 3486 2364 3545 querunt
2402 3491 2500 3533 nos
2528 3492 2776 3549 parentes
2804 3485 3009 3552 nostri,
3044 3488 3311 3557 quomodo
3346 3490 3539 3545 nostris
3572 3492 3725 3547 curis

2137 3574 2189 3618 et
2218 3566 2377 3621 rebus
2408 3567 2669 3626 intersunt
2693 3572 2719 3626 τ
2743 3572 2800 3629 Si
2825 3584 3000 3630 autem
3032 3586 3277 3646 parentes
3304 3595 3408 3634 non
3435 3581 3723 3649 intersunt,

2136 3659 2225 3728 qui
2266 3670 2391 3717 sunt
2418 3663 2505 3718 alii
2535 3673 2869 3721 mortuorum
2910 3668 2999 3738 qui
3038 3668 3282 3725 noverint
3308 3672 3434 3743 quid
3461 3689 3685 3744 agamus
3706 3716 3722 3744 ,

2134 3749 2327 3820 quidve
2370 3754 2631 3822 patiamur
2658 3755 2682 3807 τ
2709 3755 2871 3812 lsaias
2907 3758 3163 3829 propheta
3193 3761 3320 3816 dicit
3351 3781 3363 3816 :
3402 3762 3482 3817 Tu
3506 3780 3561 3819 es
3595 3766 3727 3819 enim

2135 3850 2277 3913 pater
2302 3855 2465 3898 noster
2497 3863 2517 3911 ;
2544 3847 2665 3917 quia
2684 3848 2944 3903 Abraham
2965 3853 3170 3906 nescivit
3196 3870 3286 3907 nos
3306 3896 3321 3919 ,
3350 3864 3395 3907 et
3424 3854 3603 3912 Israel
3627 3875 3729 3912 non

2133 3936 2363 4005 cognovit
2390 3953 2481 3992 nos
2508 3937 2657 4009 (lsai.
2688 3956 2843 4006 LXIII,
2869 3940 2978 4014 16).
3010 3943 3065 3999 Si
3098 3946 3223 4000 tanti
3246 3946 3577 4005 Patriarcha:
3602 3950 3725 4021 quid

2133 4040 2257 4096 erga
2297 4029 2545 4097 populum
2583 4046 2647 4085 ex
2685 4029 2769 4087 his
2808 4044 3143 4104 procreatum
3171 4048 3418 4108 ageretur
3445 4040 3728 4112 ignorave-

2133 4127 2276 4183 runt,
2306 4118 2498 4188 quibus
2525 4120 2634 4177 Deo
2658 4122 2994 4180 credentibus
3014 4129 3243 4197 populus
3269 4130 3382 4200 ipse
3406 4129 3478 4187 de
3507 4131 3730 4189 illorum

2133 4210 2299 4278 stirpe
2329 4211 2622 4279 promissus
2646 4224 2727 4269 est
2768 4230 2784 4281 ;
2815 4218 3084 4286 quomodo
3123 4220 3315 4275 mortui
3352 4221 3603 4279 vivorum
3635 4240 3727 4282 re-

2131 4299 2230 4354 bus
2257 4309 2419 4372 atque
2460 4303 2666 4359 actibus
2703 4308 3086 4377 cognoscendis
3128 4311 3553 4386 adjuvandisque
3595 4317 3726 4371 mis«

2131 4400 2321 4446 centur
2348 4394 2373 4445 γ
2400 4392 2681 4460 Quomodo
2700 4395 2927 4454 dicimus
2951 4400 3029 4455 eis
3068 4400 3229 4456 fuisse
3256 4405 3557 4460 consultum
3576 4449 3591 4472 ,
3633 4409 3729 4479 qui

2131 4482 2375 4539 obierunt
2396 4494 2675 4559 antequam
2706 4490 2949 4547 venirent
2977 4493 3113 4547 mala
3135 4510 3254 4565 qua:
3276 4495 3489 4554 illorum
3514 4499 3727 4557 obitum

2130 4586 2415 4633 consecuta
2444 4590 2567 4635 sunt
2587 4621 2602 4646 ,
2628 4581 2672 4635 si
2698 4589 2752 4637 et
2781 4591 2902 4653 post
2928 4594 3153 4641 mortem
3184 4589 3423 4644 sentiunt
3441 4606 3725 4660 quaecum-

2130 4684 2234 4740 que
2250 4672 2301 4725 in
2322 4671 2443 4727 vitae
2470 4672 2716 4730 humanm
2740 4676 3074 4734 calamitate'
3101 4680 3453 4749 contingunt?
3474 4683 3558 4737 An
3585 4683 3724 4738 forte

2131 4774 2231 4815 nos
2266 4761 2495 4817 errando
2525 4762 2623 4817 ista
2668 4763 2894 4821 dicimus
2914 4808 2929 4834 ,
2974 4776 3026 4821 et
3055 4766 3152 4822 hos
3182 4778 3429 4839 putamus
3469 4772 3682 4843 quietos
3702 4814 3719 4835 .

2130 4863 2264 4920 quos
2301 4850 2531 4921 inquieta
2564 4852 2666 4908 vita
2699 4853 2935 4910 vivorum
2973 4857 3267 4913 sollicitat?
3303 4858 3441 4927 Quid
3468 4868 3553 4915 est
3590 4876 3725 4932 ergo

2130 4940 2270 5011 quod
2304 4942 2542 5012 piissimo
2568 4945 2677 5015 regi
2700 4944 2859 5001 Josize
2880 4961 2975 5018 pro
3001 4962 3192 5019 magno
3224 4948 3486 5005 beneﬂcio
3517 4950 3716 5021 promi-

2130 5035 2198 5090 sit
2222 5035 2360 5090 Dcus
2376 5078 2392 5103 ,
2424 5036 2564 5107 quod
2590 5045 2732 5093 esset
2757 5046 2881 5094 ante
2907 5040 3224 5107 moriturus,
3251 5055 3319 5095 ne
3346 5040 3555 5098 videret
3575 5043 3717 5099 mala

2130 5145 2250 5200 qua:
2275 5140 2496 5184 ventura
2528 5129 2600 5185 illi
2630 5130 2748 5187 loco
2771 5140 2827 5187 ct
2863 5133 3059 5205 populo
3086 5132 3428 5189 minabatur?
3458 5133 3590 5202 Qua
3618 5134 3716 5189 Dei

2130 5221 2291 5276 verba
2345 5221 2443 5277 ista
2495 5231 2617 5278 sunt
2670 5241 2683 5276 :
2735 5220 2859 5278 Haec
2887 5224 3015 5278 dicit
3033 5224 3282 5280 Dominus
3320 5224 3461 5280 Deus
3501 5224 3666 5281 Istud
3694 5241 3723 5279 :

2140 5312 2301 5367 Verba
2330 5330 2440 5367 mea
2467 5330 2580 5384 qua
2605 5314 2825 5381 audisti,
2856 5324 2904 5369 et
2931 5316 3115 5370 veritus
3139 5333 3189 5373 es
3214 5332 3247 5371 α
3283 5316 3419 5387 [acie
3443 5334 3553 5375 mea
3592 5332 3717 5371 cum

2129 5405 2339 5475 audisti,
2358 5422 2473 5470 quc
2496 5406 2691 5463 locutus
2710 5424 2821 5463 sum
2841 5407 2905 5463 de
2930 5409 3025 5464 isto
3045 5409 3156 5464 loco
3176 5450 3191 5477 ,
3214 5419 3262 5464 ct
3283 5410 3370 5480 qui
3395 5425 3711 5466 comm-

2157 5721 2169 5732 .
2193 5658 2212 5691 ι
2246 5664 2374 5708 Unus
2396 5670 2426 5707 e
2450 5654 2683 5733 Vaticanis
2722 5662 2860 5716 Mss,
2909 5652 3151 5707 crcdinms
3174 5649 3297 5718 ﬁeri
3329 5666 3420 5718 per
3462 5649 3705 5718 dum

2130 5728 2375 5834 Μζκ’ἔξω
2408 5793 2437 5832 ο
2472 5778 2707 5831 Vaticanis
2746 5785 2850 5830 Mss.
2869 5813 2887 5843 ,
2933 5779 2980 5830 in
3026 5778 3118 5831 rita
3144 5777 3353 5830 humana
3396 5774 3701 5830 calamitates.
