3904 6362
241 291 308 352 ωε
1490 328 1495 329 ,
1640 276 1839 333 unus
1878 275 2078 333 unus.

256 408 437 470 tuisse,
462 410 521 456 ιιι
550 394 841 456 deseratur
868 407 920 452 et
947 398 1009 452 in
1035 394 1296 451 maledicto
1314 393 1379 447 sit
1404 409 1424 457 ,°
1449 400 1494 445 et
1518 388 1804 444 conscidisti

260 502 467 554 vatim
489 506 583 547 tua
602 534 620 557 ,
656 500 707 545 et
740 489 939 560 ﬂeuisti
968 490 1025 542 in
1051 493 1325 555 conspectu
1357 498 1468 537 meo
1488 522 1504 547 ,
1531 489 1577 535 et
1599 496 1691 550 ego
1707 495 1808 542 att-

248 585 338 653 ἀεὶ,
360 586 476 640 dixit
516 582 790 637 Dominus
821 578 1045 635 δώροιή
1070 593 1091 629 ;
1122 592 1222 629 non
1249 576 1322 627 sic
1341 612 1357 639 ,
1388 587 1499 625 ecce
1529 587 1620 653 ego
1647 585 1809 640 appo-

243 689 323 732 ιρι
343 689 381 733 te
403 676 477 729 ad
521 684 705 744 patres
734 681 853 725 tuos
876 711 894 735 ,
917 678 967 724 et
990 666 1262 738 apponeris
1289 679 1406 717 cum
1441 677 1568 729 pace
1596 670 1683 724 ;et
1707 676 1809 713 non

238 766 414 825 ﬁdebant
434 766 586 821 oculi
616 765 695 819 tui
715 763 893 820 omnia
917 759 1057 813 mala
1075 773 1190 829 qua:
1208 772 1297 826 ego
1320 753 1504 809 induco
1532 753 1548 784 ί
1572 752 1622 805 in
1643 751 1813 805 locum

240 852 414 924 hanc:
440 857 539 921 qui
570 860 963 909 commorantur
988 851 1039 903 in
1059 864 1118 903 eo
1142 846 1230 917 (IV
1262 843 1387 914 Reg.
1416 858 1567 907 xxn,
1594 840 1809 912 18-20).

238 936 428 1004 Territus
470 949 589 1001 iste
635 943 735 999 Dei
787 937 1289 996 comminationibus
1328 933 1581 998 lleverat,
1614 939 1666 987 et
1718 944 1813 985 sua

236 1041 514 1095 'estimenta
547 1033 1005 1096 consciderat;et
1035 1029 1094 1083 lit
1120 1027 1358 1083 omnium
1386 1023 1649 1081 malorum
1678 1020 1816 1075 futu-

226 1121 374 1187 r(tt-um
410 1130 489 1184 de
524 1134 890 1198 properatum
929 1130 1102 1177 morte
1142 1131 1397 1181 securus,
1426 1113 1567 1184 quod
1612 1114 1684 1167 ita
1726 1127 1815 1168 re-

225 1218 482 1284 ‘luieturus
530 1227 693 1274 esset
733 1218 788 1270 in
830 1229 993 1285 pace,
1028 1220 1081 1265 ut
1114 1209 1205 1264 illa
1238 1207 1417 1263 omnia
1448 1220 1554 1260 non
1588 1204 1815 1259 videret.

232 1305 283 1370 lbi
321 1327 449 1382 ergo
491 1318 635 1364 sunt
678 1306 901 1377 spiritus
941 1302 1312 1359 defunctorum
1335 1340 1353 1366 ,
1382 1298 1469 1353 ubi
1500 1312 1607 1353 non
1636 1294 1820 1350 vident

230 1417 573 1475 qtnecumque
603 1408 839 1469 aguntur
875 1404 968 1449 aut
996 1392 1254 1449 eveniunt
1297 1390 1349 1445 in
1379 1389 1478 1445 ista
1507 1388 1613 1442 vita
1644 1384 1819 1443 homi-

224 1493 379 1549 nibus.
409 1488 719 1560 Quomodo
744 1501 872 1556 ergo
897 1484 1078 1539 vident
1103 1481 1335 1536 tumulos
1376 1493 1502 1534 suos
1521 1519 1537 1543 ,
1566 1487 1659 1532 aut
1691 1490 1816 1532 cors

223 1600 335 1655 pora
376 1597 521 1646 sua,
559 1588 740 1634 utrum
769 1576 978 1645 abjecta
1011 1573 1258 1642 iaceant,
1285 1585 1355 1625 an
1390 1567 1638 1638 sepulta?
1673 1566 1822 1655 Quo-

219 1652 373 1735 tuodo
408 1673 698 1725 intersunt
727 1664 959 1723 miseria:
997 1662 1269 1726 vivorum,
1314 1672 1435 1713 cum
1473 1656 1558 1711 vel
1586 1670 1683 1711 sua
1722 1652 1824 1723 ipsi

218 1765 351 1821 mala
380 1761 705 1833 patiantur,
736 1756 781 1812 si
829 1755 950 1811 talia
986 1752 1175 1809 merita
1200 1756 1585 1806 contraxerunt
1616 1762 1630 1812 ;
1662 1744 1744 1799 vel
1770 1744 1825 1801 in

213 1870 349 1930 pace
393 1852 783 1921 requiescant,
816 1847 953 1902 sicut
995 1843 1122 1899 huic
1146 1842 1307 1898 Josia:
1349 1840 1670 1911 promissum
1707 1846 1824 1905 est,

212 1929 310 2005 ubi
366 1947 525 2001 mala
566 1944 672 1997 ulla
711 1955 811 1995 nec
848 1935 1100 2010 patiendo
1128 1949 1228 1992 nec
1255 1930 1629 2003 compatiendo
1668 1929 1830 1985 susti-

216 2040 413 2094 neant
439 2076 458 2102 ,
509 2032 715 2088 liberati
755 2031 820 2085 ab
842 2028 1092 2084 omnibus
1134 2025 1286 2080 malis
1326 2039 1445 2095 quae
1489 2020 1738 2093 patiendo
1774 2028 1829 2077 et

216 2123 638 2196 componendo
655 2163 670 2189 ,
698 2136 812 2176 cum
837 2120 922 2175 hic
947 2118 1221 2180 viverent,
1254 2113 1631 2170 sustinebant?

312 2214 567 2274 CAPUT
604 2211 737 2268 XIV.
776 2240 845 2252 —
878 2211 967 2264 i7.
1012 2206 1237 2278 Objectio
1268 2205 1506 2259 adversus
1548 2201 1830 2273 superiora.

209 2309 458 2368 Dixerit
494 2306 688 2375 aliquis
718 2322 731 2358 :
772 2301 826 2358 Si
855 2301 1001 2356 nulla
1028 2308 1112 2356 est
1150 2295 1374 2353 mortuis
1415 2309 1543 2349 cura
1567 2292 1637 2347 de
1663 2290 1831 2359 vivis,

200 2397 518 2473 quomodo
551 2397 639 2450 ille
662 2394 810 2449 dives
836 2392 924 2464 qui
948 2388 1089 2462 apud
1119 2386 1319 2443 inferos
1345 2382 1711 2454 torquebatur,
1742 2395 1834 2436 ro.

198 2492 390 2564 gabat
414 2488 695 2544 Abraham
718 2493 942 2556 patrem,
967 2489 1025 2537 ut
1048 2480 1284 2536 mitteret
1309 2474 1566 2533 Lazarum
1588 2474 1656 2529 ad
1679 2473 1837 2564 quin-

200 2562 323 2653 que
359 2581 571 2634 fratres
598 2590 729 2632 suos
771 2572 1007 2631 nondum
1035 2579 1294 2633 mortuos,
1324 2576 1379 2622 et
1405 2572 1588 2637 ageret
1610 2579 1730 2619 cum
1757 2562 1838 2619 eis

203 2690 283 2732 ne
336 2672 610 2729 venirent
640 2676 698 2727 et
724 2667 825 2738 ipsi
853 2666 906 2720 in
928 2661 1175 2720 eumdem
1214 2666 1600 2716 tormentorum
1626 2656 1839 2711 locum?

205 2763 336 2821 Sed
354 2759 631 2832 numquid
648 2759 773 2829 quia
799 2756 901 2813 hoc
916 2755 1005 2810 ille
1024 2753 1172 2808 dives
1198 2750 1350 2815 dixit,
1370 2748 1489 2805 ideo
1507 2745 1635 2818 quid
1650 2744 1843 2802 fratres

214 2863 465 2924 agerent
487 2851 578 2907 vel
616 2848 745 2920 quid
793 2853 1099 2917 paterentur
1123 2842 1218 2897 illo
1256 2849 1519 2911 tempore,
1548 2835 1737 2893 scivit?
1766 2835 1842 2891 ιω

221 2944 309 3003 illi
340 2943 448 2998 fuit
470 2956 599 2999 cura
629 2940 701 2994 de
736 2937 900 3003 vivis,
932 2933 1174 3006 quamvis
1213 2930 1338 3002 quid
1363 2937 1585 3001 agerent
1626 2925 1843 2983 omnino

222 3036 515 3098 nesciret;
544 3028 996 3105 quemadmodum
1032 3033 1116 3082 est
1152 3025 1304 3080 nobis
1332 3038 1461 3078 cura
1500 3021 1568 3077 de
1596 3019 1843 3086 mortuis,

232 3127 497 3197 quamvis
519 3124 644 3196 quid
671 3129 833 3193 agant
853 3122 1035 3191 utique
1054 3116 1372 3172 nesciamus.
1395 3111 1528 3167 Nam
1553 3112 1597 3166 si
1620 3110 1752 3165 nihil
1779 3109 1846 3165 de

238 3217 485 3277 mortuis
501 3228 834 3276 curaremus,
861 3225 968 3264 non
991 3207 1170 3277 utique
1194 3219 1292 3276 pro
1316 3204 1420 3258 illis
1443 3203 1550 3256 Deo
1577 3198 1846 3270 supplico.

237 3322 464 3365 remus.
488 3307 723 3373 Denique
746 3301 1020 3358 Abraham
1043 3312 1142 3352 nec
1159 3295 1417 3352 Lazarum
1438 3292 1601 3358 misit,
1629 3300 1683 3346 et
1705 3289 1851 3359 Moyo

240 3402 392 3455 seu”
423 3414 481 3454 ac
506 3395 802 3469 Prophetas
830 3393 918 3448 hic
942 3406 1035 3447 eos
1058 3389 1254 3445 habere
1278 3384 1581 3456 respondit,
1606 3398 1739 3453 quos
1758 3396 1853 3436 an-

246 3491 391 3550 dire
424 3490 686 3555 deberent,
714 3497 773 3543 ut
802 3486 869 3541 ad
897 3485 987 3541 illa
1016 3480 1271 3554 supplicia
1309 3493 1416 3534 non
1446 3476 1706 3532 venirent.
1751 3473 1853 3532 Ubi

251 3594 469 3635 nsrsus
508 3579 725 3636 occurrit
751 3573 1023 3649 quomodo
1050 3570 1177 3643 quid
1203 3570 1291 3629 hic
1315 3577 1561 3640 ageretur
1585 3563 1854 3621 Abraham

248 3682 437 3743 pater
459 3670 568 3740 ipse
592 3669 879 3731 nesciebat,
912 3665 1002 3721 ubi
1030 3662 1228 3718 sciebat
1256 3673 1375 3715 esse
1397 3657 1613 3730 Moysen
1642 3664 1696 3711 et
1720 3654 1856 3710 Pro-

250 3762 498 3832 phetas,
524 3762 573 3816 id
613 3770 727 3826 est,
776 3759 941 3814 libros
968 3769 1187 3819 eorum,
1213 3750 1406 3823 quibus
1451 3748 1691 3805 homines
1731 3744 1859 3801 ohe-

258 3853 471 3909 diendo
495 3862 751 3908 tormenta
778 3849 985 3905 inferna
1009 3847 1030 3878 ⁸
1052 3845 1347 3901 evitarent:
1375 3840 1463 3895 ubi
1491 3837 1719 3907 denique
1756 3851 1854 3890 no-

263 3954 433 3997 verat
457 3943 665 3998 divitem
709 3942 857 3997 illum
889 3939 940 3993 in
969 3935 1193 3999 deliciis,
1220 3945 1508 4005 pauperem
1538 3942 1667 3984 vero
1694 3925 1859 3981 Laza-

275 4047 411 4086 rum
436 4034 483 4088 in
518 4032 788 4088 laboribus
825 4027 1203 4101 doloribusque
1240 4023 1456 4079 vixisse.
1488 4020 1620 4076 Nam
1666 4029 1720 4073 et
1758 4017 1862 4077 hoc

282 4122 363 4177 illi
386 4125 492 4177 ait:
518 4124 793 4187 Memento,
825 4120 921 4190 ﬁli,
952 4118 1070 4187 quia
1096 4115 1361 4186 percepisti
1387 4114 1516 4167 bona
1538 4112 1592 4164 in
1623 4109 1723 4163 vita
1754 4117 1860 4175 tua,

280 4214 511 4271 Lazarus
551 4225 716 4268 autem
761 4210 917 4265 mala.
959 4207 1170 4264 Sciebat
1195 4220 1322 4276 ergo
1364 4204 1499 4268 haec,
1530 4216 1648 4273 qua:
1687 4199 1867 4270 utique

278 4305 431 4372 apud
453 4306 611 4368 vivos,
640 4318 747 4357 non
789 4298 927 4370 apud
964 4305 1202 4354 mortuos
1227 4302 1371 4366 gesta
1413 4292 1639 4347 fuerant.
1668 4288 1867 4344 Verum

286 4407 402 4448 non
432 4408 542 4449 cum
582 4400 869 4463 agerentur
897 4389 952 4444 in
978 4388 1113 4441 vivis
1137 4428 1153 4452 ,
1197 4384 1291 4440 sed
1320 4383 1399 4438 eis
1435 4380 1657 4437 mortuis
1699 4378 1871 4448 potuit

293 4481 493 4539 Lazaro
523 4484 792 4539 indicante
819 4492 1176 4551 cognoscere,
1215 4491 1282 4531 ne
1308 4473 1494 4530 falsum
1524 4472 1595 4526 sit
1621 4468 1763 4541 quod
1795 4469 1870 4527 ait

296 4577 576 4647 propheta,
607 4576 864 4629 Abraham
892 4572 1093 4627 nescivit
1120 4585 1230 4623 nos.

367 4669 585 4726 CAPUT
621 4667 738 4723 XV.
767 4695 839 4707 —
868 4665 954 4720 l8.
988 4662 1175 4716 βιοτιηὶ
1203 4658 1453 4731 quomodo
1472 4655 1630 4711 sciant
1654 4652 1777 4724 quid
1792 4652 1873 4705 hic

304 4770 494 4829 agatur.
518 4757 749 4816 Proinde
775 4756 1041 4812 latendum
1067 4762 1149 4808 est
1169 4751 1372 4806 nescire
1396 4746 1608 4818 quidem
1633 4752 1872 4799 mortuos

306 4851 428 4918 quid
449 4852 529 4907 hic
557 4860 769 4923 agatur,
800 4847 894 4903 sed
914 4847 1039 4901 dum
1066 4843 1151 4898 hic
1180 4842 1354 4912 agitur
1380 4855 1393 4892 :
1426 4846 1606 4907 postea
1634 4849 1759 4891 vero
1782 4849 1876 4888 au-

306 4941 420 4996 dire
443 4943 505 4997 ab
532 4944 611 4998 eis
639 4942 728 5011 qui
762 4938 884 4992 hinc
913 4936 978 4992 ad
1017 4950 1109 4991 eos
1147 4929 1423 4987 moriendo
1464 4936 1721 4998 pergunt;
1768 4940 1875 4981 non

307 5032 507 5099 quidem
536 5010 736 5093 omnia,
767 5028 861 5084 sed
884 5042 1001 5098 qua:
1027 5010 1273 5079 sinuntur
1299 5020 1553 5081 indicare,
1581 5017 1667 5086 qui
1694 5016 1877 5069 sinum

310 5129 392 5174 tur
417 5123 567 5177 etiam
598 5124 696 5175 ista
734 5117 1072 5179 meminisse;
1104 5122 1158 5169 et
1194 5127 1312 5183 qua:
1352 5110 1502 5175 illos,
1530 5106 1720 5178 quibus
1764 5105 1879 5159 haec

290 5211 550 5277 indicant,
582 5219 798 5281 oportet
838 5207 1041 5263 audire.
1070 5205 1299 5261 Possunt
1328 5210 1383 5257 et
1425 5200 1491 5254 ab
1523 5197 1759 5268 Angelis,
1791 5195 1877 5265 qui

310 5303 460 5358 rebus
484 5319 602 5375 qum
632 5310 860 5372 aguntur
896 5299 1002 5364 hic,
1035 5304 1230 5368 praesto
1260 5301 1377 5348 sunt
1402 5332 1415 5356 ,
1459 5289 1641 5344 audire
1682 5286 1877 5355 aliquid

314 5396 526 5462 mortui,
566 5392 709 5465 quod
750 5404 1175 5461 unumquemque
1216 5386 1424 5441 illorum
1466 5380 1649 5437 audire
1687 5378 1882 5433 debere

373 5533 389 5563 ⁸
419 5529 523 5581 Sch
544 5530 655 5581 fee
689 5528 841 5580 editio
870 5533 1005 5584 Lov.,
1028 5522 1277 5587 ittducam.
1734 5575 1747 5587 ‘

372 5595 391 5625 ³
426 5579 674 5657 juxta
696 5589 967 5657 sedtum.
1117 5592 1169 5635 et
1199 5582 1467 5657 plerosque
1515 5579 1877 5639 manuscriptos.

327 5646 413 5711 litt
438 5646 669 5705 Lazarum
713 5648 858 5709 misit,
880 5647 967 5711 sed
994 5656 1199 5711 Moysen.

372 5718 392 5752 ³
422 5717 528 5770 Sola
550 5715 701 5765 editio
722 5708 851 5777 107.,
877 5708 1072 5773 inferni.

3388 279 3491 335 606

1909 388 2111 459 iudicat
2130 388 2216 444 cui
2238 398 2425 445 cuncta
2446 391 2683 461 subjecta
2711 400 2853 446 sunt.
2874 391 2985 446 Nisi
3005 392 3151 448 enim
3176 402 3354 448 essent
3376 396 3487 448 An-

1912 482 2018 553 geli
2048 484 2135 552 qui
2178 494 2393 552 possent
2431 484 2689 538 interesse
2717 493 2771 539 et
2798 485 3128 540 vivorumeet
3160 492 3490 540 mortuorum

1915 573 2066 638 locis,
2096 588 2202 627 non
2226 573 2446 628 dixisset
2471 574 2723 629 Dominus
2737 573 2894 628 Jesus
2917 591 2931 626 :
2953 574 3172 646 Contigit
3193 586 3361 629 autem
3382 591 3493 629 mo-

1913 665 1960 718 ri
1982 665 2183 735 inapem
2203 664 2369 729 illum,
2400 674 2447 718 et
2475 665 2665 733 auferri
2691 664 2752 718 ab
2778 665 2984 734 Angelis
3007 667 3061 718 in
3087 667 3253 720 sinum
3278 666 3498 722 Abrahat

1920 754 2068 826 (Luc.
2098 771 2208 820 xvr,
2232 754 2438 825 22-29).
2464 754 2615 810 Nunc
2632 770 2761 825 ergo
2788 755 2893 821 hic,
2917 769 3057 810 nunc
3082 756 3151 810 ibi
3172 772 3292 812 esse
3311 766 3503 826 potue-

1916 855 2072 909 runt,
2105 848 2193 916 qui
2232 846 2356 901 hinc
2393 847 2519 901 illuc
2553 862 2711 917 quem
2755 846 2898 902 Deus
2940 846 3105 901 voluit
3145 848 3494 903 abstulerunt.

1919 939 2150 995 Possunt
2195 939 2353 994 etiam
2397 938 2615 1009 spiritus
2654 947 2986 994 mortuorum
3033 940 3205 1009 aliqua
3252 955 3370 1009 qua:
3413 940 3501 996 hic

1919 1038 2146 1101 aguntur
2172 1045 2291 1099 quae
2319 1030 2678 1085 necessarium
2704 1039 2786 1084 est
2809 1044 2906 1085 eos
2942 1044 3099 1084 nosse
3120 1071 3134 1095 ,
3163 1038 3218 1084 et
3239 1043 3373 1099 quos
3403 1044 3499 1084 ne-

1919 1122 2209 1177 cessarium
2237 1129 2319 1175 est
2344 1135 2407 1176 ea
2455 1120 2651 1175 nosse‘
2681 1161 2695 1185 ,
2750 1136 2857 1175 non
2903 1121 3075 1175 solum
3123 1120 3390 1191 praiterita
3423 1121 3503 1174 vel

1921 1211 2225 1284 praesentia,
2266 1226 2451 1266 verum
2481 1212 2641 1267 etiam
2676 1210 2849 1266 futura
2873 1210 3072 1281 Spiritu
3107 1210 3197 1266 Dei
3231 1210 3505 1266 revelante

1922 1316 2246 1371 cognoscere
2274 1319 2288 1357 :
2316 1302 2454 1357 sicut
2477 1318 2582 1357 non
2603 1316 2791 1357 omnes
2816 1302 3079 1366 homines,
3110 1301 3202 1356 sed
3222 1300 3508 1371 Propheta:

1924 1392 2049 1448 dum
2089 1392 2174 1448 hic
2198 1393 2441 1449 viverent
2480 1395 2889 1463 cognoscebant,
2924 1409 3022 1449 nec
3051 1395 3149 1464 ipsi
3176 1394 3378 1460 omnia,
3410 1392 3507 1449 sed

1924 1498 2044 1552 qua:
2085 1483 2189 1538 illis
2225 1498 2347 1539 esse
2386 1484 2671 1539 revelanda
2707 1484 2800 1539 Dei
2842 1484 3170 1554 providentia
3214 1484 3507 1555 judicabat.

1926 1572 2060 1629 Mitti
2085 1588 2299 1644 quoque
2323 1573 2390 1628 ad
2417 1574 2565 1629 vivos
2583 1574 2790 1644 aliquos
2810 1588 2877 1629 ex
2899 1576 3147 1641 mortuis,
3173 1576 3310 1629 sicut
3332 1589 3364 1630 e
3382 1588 3512 1629 con-

1928 1665 2092 1721 trario
2110 1666 2304 1721 Paulus
2327 1682 2395 1721 ex
2416 1666 2552 1721 vivis
2574 1667 2628 1721 in
2656 1666 2960 1736 paradisum
2985 1676 3168 1736 raptus
3194 1677 3303 1733 est,
3330 1666 3511 1721 divina

1927 1757 2197 1828 Scriptura
2228 1768 2451 1814 testatur
2480 1757 2547 1833 (ll
2586 1758 2703 1813 Cor.
2745 1775 2842 1825 xu,
2872 1759 2951 1829 2).
2982 1758 3115 1814 Nam
3145 1758 3358 1815 Samuel
3391 1771 3515 1826 pro—

1928 1849 2087 1920 pheta
2115 1850 2394 1907 defunctus
2418 1852 2539 1906 vivo
2564 1850 2712 1908 Sauli
2742 1851 2902 1907 etiam
2933 1852 3045 1922 regi
3073 1851 3242 1906 futura
3270 1849 3516 1921 praedixit

1934 1940 1994 2012 (l
2022 1940 2150 2012 Reg.
2195 1958 2379 2008 xxvnl,
2412 1941 2581 2010 7-19)
2616 1958 2630 1996 :
2663 1942 2903 2013 quamvis
2937 1942 3175 1997 nonnulli
3205 1957 3313 1998 non
3342 1943 3515 2013 ipsum

1933 2031 2097 2088 fuisse
2125 2034 2215 2104 qui
2243 2035 2502 2103 potuisset
2545 2033 2765 2102 magicis
2793 2034 2994 2088 artibus
3021 2033 3264 2099 evocari,
3293 2032 3387 2089 sed
3413 2032 3518 2086 ali-

1933 2140 2091 2196 quem
2120 2127 2363 2196 spiritum
2391 2135 2497 2180 tam
2523 2126 2678 2180 malis
2702 2126 2952 2195 operibus
2972 2133 3352 2195 congruentem
3376 2123 3520 2178 illius

1934 2215 2240 2270 existiment
2258 2214 2660 2270 similitudinem
2686 2214 2941 2284 ﬂgurasse
2966 2213 3046 2284 (a)
3077 2228 3234 2268 :cum
3263 2212 3399 2267 liber
3418 2211 3523 2266 Ec-

1936 2303 2284 2368 clesiastieus,
2311 2319 2471 2374 quem
2499 2303 2653 2358 Jesus
2678 2302 2816 2357 ﬁlius
2839 2301 3026 2358 Sirach
3051 2300 3329 2371 scripsisse
3358 2300 3522 2356 tradi-

1938 2402 2042 2462 tur,
2069 2403 2125 2451 et
2158 2405 2375 2466 propter
2401 2394 2596 2466 eloquii
2634 2393 2944 2449 nonnullam
2983 2391 3386 2447 similitudinem
3419 2389 3523 2446 Sa-

1939 2485 2168 2542 lomonis
2194 2487 2566 2557 pronuntiatur
2597 2484 2691 2557 (b),
2713 2486 2984 2541 contineat
3010 2486 3064 2539 in
3094 2484 3250 2539 laude
3281 2491 3518 2555 patrum,

1940 2579 2080 2649 quod
2126 2579 2339 2636 Samuel
2377 2581 2538 2635 etiam
2590 2588 2831 2633 mortuus
2874 2576 3272 2650 prophetaverit
3318 2573 3523 2647 (Eccli.

1942 2686 2091 2735 xui,
2119 2669 2231 2741 S3).
2261 2668 2370 2726 Sed
2412 2669 2457 2725 si
2486 2669 2609 2725 huic
2651 2670 2787 2725 libro
2813 2683 2878 2724 ex
2929 2668 3272 2724 Hebraeorum
3300 2666 3443 2738 (quia
3472 2666 3528 2721 in

1942 2775 2128 2817 eorum
2155 2775 2262 2816 non
2288 2760 2393 2832 est)
2418 2756 2624 2816 canone
2661 2759 3075 2825 contradicitur;
3105 2757 3233 2829 quid
3257 2756 3326 2812 de
3350 2756 3531 2827 Moyse

1944 2853 2138 2910 dicturi
2163 2867 2370 2920 sumus,
2398 2853 2487 2924 qui
2513 2862 2659 2909 certe
2684 2861 2739 2908 et
2761 2853 2815 2907 in
2846 2850 3260 2907 Deuteronomio
3287 2857 3532 2904 mortuus

1948 2944 2123 3017 (Deut.
2159 2959 2353 3011 xxxiv,
2374 2944 2453 3014 5),
2477 2952 2533 2999 et
2560 2944 2613 2998 in
2642 2942 2932 3012 Evangelia
2957 2956 3078 2996 cum
3106 2940 3248 3004 Elia,
3278 2939 3367 3009 qui
3390 2951 3534 2992 mor-

1950 3046 2071 3092 tuus
2095 3050 2201 3092 non
2247 3043 2363 3102 est,
2394 3035 2587 3106 legitur
2620 3033 2931 3104 apparuisse
2970 3031 3270 3087 viventibus
3298 3030 3316 3099 (
3342 3027 3531 3083 Matth.

1949 3144 2091 3192 xvu,
2119 3128 2217 3199 3)?

2021 3217 2245 3273 CAPUT
2283 3215 2421 3273 XVI.
2447 3245 2522 3256 —
2546 3214 2614 3271 l9
2664 3214 2920 3284 Martyres
2951 3214 3127 3268 adesse
3152 3211 3409 3266 nonnullis
3436 3211 3535 3264 ad-

1945 3308 2207 3381 juvandis.
2237 3308 2496 3374 Quomodo
2523 3315 2769 3377 martyres
2796 3305 2963 3359 adsint
2991 3301 3411 3373 periclitantibus,
3442 3316 3539 3355 ne-

1953 3409 2038 3472 gat
2057 3416 2110 3455 se
2134 3415 2280 3470 posse
2296 3398 2526 3467 deﬁnire.
2552 3397 2687 3451 Hinc
2709 3404 2762 3451 et
2784 3396 2869 3450 illa
2895 3394 3117 3449 solvitur
3139 3392 3380 3463 quaestio,
3404 3405 3540 3461 quo-

1956 3490 2117 3549 modo
2144 3498 2406 3560 martyres
2431 3489 2560 3558 ipsis
2586 3486 2857 3542 beneﬁciis
2880 3500 2999 3555 qua:
3019 3484 3214 3539 dantur
3240 3483 3536 3546 orantibus,

1958 3582 2195 3640 indicant
2221 3596 2282 3637 se
2306 3581 2563 3635 interesse
2589 3578 2748 3633 rebus
2770 3577 3039 3641 humanis,
3066 3575 3111 3630 si
3130 3574 3373 3629 nesciunt
3393 3586 3541 3627 mor-

1961 3673 2035 3729 tui
2060 3671 2187 3743 quid
2212 3678 2371 3742 agant
2392 3670 2523 3725 vivi.
2546 3668 2663 3724 Non
2688 3667 2831 3722 enim
2855 3666 2985 3721 solis
3006 3664 3385 3720 beneficiorum
3415 3661 3544 3718 effe-

1961 3765 2157 3828 ctibus,
2192 3776 2377 3817 verum
2404 3760 2561 3817 etiam
2593 3758 2726 3828 ipsis
2762 3756 3034 3812 hominum
3076 3754 3381 3826 aspectibus
3408 3766 3542 3807 con-

1963 3854 2222 3912 fessorem
2262 3852 2571 3923 apparuisse
2599 3849 2830 3905 Felicem
2847 3890 2862 3915 ,
2885 3848 3036 3917 cujus
3060 3845 3431 3916 inquilinatum
3455 3842 3547 3913 pie

1964 3945 2141 4017 diligis
2156 3946 2200 4011 ⁸,
2244 3957 2365 3998 cum
2396 3956 2426 3996 a
2458 3940 2708 3995 Barbaris
2739 3938 2871 3993 Nola
2900 3943 3317 4007 Oppugnaretur,
3343 3932 3551 3988 audivi-

1967 4053 2104 4101 mus,
2128 4050 2233 4091 non
2272 4034 2487 4089 incertis
2512 4030 2836 4095 rumoribus,
2860 4029 2954 4085 sed
2982 4028 3207 4084 testibus
3231 4027 3415 4084 certis.
3447 4024 3549 4080 Ven

1967 4144 2085 4185 rum
2114 4127 2212 4181 ista
2231 4124 2485 4180 divinitus
2513 4122 2851 4186 exhibentur,
2884 4120 3038 4189 longe
3060 4119 3215 4172 aliter
3238 4131 3395 4187 quam
3426 4129 3552 4169 sese

1970 4218 2129 4273 habet
2165 4215 2392 4269 usitatus
2434 4212 2568 4267 ordo
2601 4211 2822 4281 singulis
2865 4217 3226 4264 creaturarum
3267 4203 3551 4275 generibus

1970 4309 2271 4365 attributus.
2299 4307 2412 4362 Non
2438 4305 2580 4361 enim
2605 4303 2729 4373 quia
2754 4302 2807 4356 in
2835 4301 3018 4355 vinum
3040 4310 3198 4370 aqua,
3227 4311 3346 4351 cum
3376 4293 3549 4352 voluit

1974 4403 2248 4468 Dominus,
2271 4408 2491 4471 repente
2514 4411 2769 4452 conversa
2799 4404 2878 4449 est
2900 4391 3079 4464 (lacn.
3108 4405 3166 4453 ιι,
3192 4387 3270 4460 9),
3304 4388 3424 4442 ideo
3445 4400 3554 4445 non

1973 4495 2231 4551 debemus
2254 4534 2269 4558 ,
2301 4490 2428 4562 quid
2458 4504 2594 4560 aqua
2631 4487 2805 4542 valeat
2845 4485 2897 4539 in
2927 4483 3311 4538 elementorum
3365 4476 3561 4531 ordine

1975 4584 2209 4657 proprio,
2235 4583 2305 4638 ab
2327 4583 2479 4636 istius
2506 4579 2671 4635 divini
2700 4577 2878 4647 operis
2898 4574 3115 4630 raritate
3138 4573 3222 4626 vel
3248 4570 3423 4640 petitis
3444 4568 3559 4623 sin-

1975 4676 2255 4747 gularitate
2278 4672 2589 4731 discernere
2619 4686 2633 4723 :
2664 4684 2764 4723 nec
2801 4665 3054 4737 quoniam
3096 4663 3330 4719 Lazarus
3372 4672 3557 4715 resur-

1979 4769 2116 4824 rexit
2153 4766 2278 4839 (Id.
2322 4781 2400 4831 XI,
2430 4763 2501 4818 44
2522 4761 2563 4833 ),
2595 4762 2715 4816 ideo
2743 4768 2984 4814 mortuus
3011 4756 3185 4812 omnis
3211 4751 3422 4824 quando
3449 4748 3562 4804 vult

1980 4860 2177 4929 surgit,
2202 4866 2297 4912 aut
2321 4871 2387 4912 eo
2422 4855 2582 4909 modo
2625 4852 2886 4908 exanimis
2914 4866 2942 4901 τι
2962 4848 3203 4929 vivente,
3231 4842 3501 4916 quomodo
3530 4856 3563 4895 ιι

1980 4928 2229 5021 vigilante
2247 4948 2519 5005 dormiens
2542 4948 2823 5001 excitatur.
2852 4928 3100 4996 Alii-sunt
3118 4939 3468 4994 humanarum
3500 4933 3565 4986 li-

1982 5043 2140 5099 mites
2160 5055 2358 5105 rerum,
2382 5038 2481 5092 alia
2499 5036 2796 5091 divinarum
2820 5033 2969 5103 signa
2994 5031 3283 5093 virtutum;
3311 5026 3413 5080 alia
3438 5031 3565 5078 sunt

2048 5263 2066 5294 ¹
2101 5262 2174 5310 sic
2186 5259 2544 5322 praestantiores
2566 5265 2671 5306 Mss.
2697 5263 2753 5307 At
2776 5255 2912 5315 editi,
2935 5258 2981 5303 et
3004 5264 3115 5316 quae
3134 5244 3564 5301 necessariumnon

1985 5329 2055 5375 est
2069 5335 2149 5373 eos
2169 5334 2263 5371 non
2277 5333 2430 5370 nosse.

2050 5368 2546 5443 thlva
2568 5378 2759 5443 felice!!!
2790 5376 2970 5443 εῑυίὺιςε
2990 5373 3064 5427 vel
3360 5368 3440 5443 Ρὲσ
3460 5378 3569 5443 ψ

1987 5427 2406 5519 ιιίιεεῐεξξίἱίῖιζιιὲ
2424 5427 3026 5493 ’Βέιὶέέιίῖέιυέίάέιιίικιε
3055 5427 3200 5486 editis
3219 5431 3327 5482 aliis
3363 5427 3420 5480 'et
3461 5427 3565 5490 pic.

1988 5512 2462 5630 ωδιιςθνῗιῗέιιρη,
2489 5564 2575 5614 lib.
2593 5564 2640 5630 Δ2
2670 5564 2728 5615 ad
2761 5551 3420 5630 simplicianuquutgstf}:

2076 5609 2639 5739 ii;i§é§£iié¢7£
2671 5609 2728 5677 Ei
2762 5609 3077 5674 deboctrina
3109 5609 3387 5676 christiana,
3411 5612 3496 5668 lib.
3519 5609 3573 5676 Ξ.

2076 5708 2099 5738 ὀ
2159 5725 2176 5739 ι
2235 5728 2246 5739 ο
2332 5725 2347 5739 ο
3420 5723 3422 5726 .

1994 5704 2099 5753 Cap.
2125 5704 2176 5752 δ,
2198 5704 2246 5741 ιι.
2274 5704 2347 5739 te.
3420 5723 3422 5726 ,
