3904 6362
476 366 578 421 607

478 493 595 545 qua,
637 473 962 534 naturaliter,
991 469 1092 523 alia
1117 483 1235 536 qum
1261 463 1569 520 mirabiliter
1594 460 1727 517 fiunt
1763 475 1776 511 :
1807 453 2050 527 quamvis

479 578 531 621 et
560 574 760 619 naturae
789 563 923 615 Deus
950 559 1088 613 adsit
1122 567 1177 612 ut
1204 557 1303 623 sit,
1334 564 1388 609 et
1424 554 1692 608 miraculis
1733 559 1918 605 natura
1946 561 2050 600 non

481 652 634 711 desit.
666 654 782 709 Non
823 652 980 722 igitur
1008 650 1126 705 ideo
1164 646 1449 717 putandum
1489 653 1569 699 est
1615 644 1851 696 vivorum
1895 637 2054 691 rebus

479 746 741 817 quoslibet
776 744 1035 799 interesse
1062 755 1215 811 posse
1239 737 1540 797 defunctos,
1564 733 1813 803 quoniam
1840 728 2054 799 quibus-

479 836 602 891 dam
641 834 893 891 sanandis
932 832 1020 888 vel
1060 828 1368 900 adjuvandis
1407 836 1666 896 martyres
1700 822 1931 876 adsunt:
1962 817 2057 871 sed

484 926 603 982 ideo
631 928 808 996 potius
836 922 1229 994 intelligendum
1274 930 1357 975 est
1396 917 1536 988 quod
1574 931 1668 985 per
1695 913 1927 969 divinam
1961 926 2059 981 po-

484 1015 703 1070 tentiam
731 1023 992 1083 martyres
1028 1013 1267 1067 vivorum
1311 1008 1468 1063 rebus
1497 1007 1779 1067 intersunt,
1808 1002 2057 1071 quoniam

486 1104 721 1159 defuncti
753 1121 849 1175 per
875 1114 1117 1158 naturam
1145 1102 1411 1173 propriam
1438 1099 1677 1153 vivorum
1704 1095 1861 1149 rebus
1892 1094 2059 1147 inter-

487 1210 609 1248 esse
636 1210 739 1248 non
766 1204 1004 1264 possunt.

556 1284 646 1338 20.
687 1284 998 1354 Quanquam
1022 1283 1117 1337 ista
1139 1283 1360 1351 quazstio
1381 1281 1521 1335 vires
1546 1276 1905 1346 intelligentizc
1930 1288 2064 1328 meae

490 1373 687 1439 vincit,
720 1373 1162 1442 quemadmodum
1188 1372 1511 1440 opitulentur
1550 1378 1812 1438 martyres
1842 1366 1906 1419 iis
1931 1378 2063 1434 quos

489 1478 585 1533 per
612 1477 707 1518 eos
737 1470 939 1518 certum
966 1472 1046 1517 est
1074 1461 1340 1531 adjuvari;
1375 1471 1551 1514 utrum
1583 1459 1681 1527 ipsi
1712 1472 1808 1527 per
1837 1471 1895 1510 se
1923 1455 2065 1522 ipsos

487 1551 662 1607 adsint
693 1567 797 1605 uno
826 1563 1062 1621 tempore
1089 1561 1195 1605 tam
1224 1551 1449 1605 diversis
1470 1549 1630 1613 locis,
1662 1558 1716 1602 et
1759 1556 1901 1601 tanta
1930 1546 2067 1599 inter

490 1660 549 1699 se
577 1644 961 1713 longinquitate
978 1643 1243 1708 discretis,
1272 1643 1383 1697 sive
1402 1642 1489 1695 ubi
1510 1650 1635 1695 sunt
1657 1654 1840 1695 eorum
1869 1653 2069 1691 memo-

490 1736 584 1789 ria:
608 1775 622 1799 ,
669 1736 779 1788 sive
810 1745 1004 1803 praeter
1047 1748 1169 1789 suas
1207 1734 1493 1788 memorias
1530 1732 1845 1799 ubicumque
1884 1728 2069 1782 adesse

503 1826 801 1878 sentiuntur
829 1842 841 1877 :
873 1838 937 1877 an
971 1824 1097 1892 ipsis
1124 1825 1175 1877 in
1205 1824 1323 1877 loco
1352 1823 1463 1876 suis
1506 1822 1712 1875 meritis
1745 1834 1979 1889 congruo
2006 1818 2070 1871 ab

492 1914 636 1966 otnui
666 1914 965 1967 mortalium
993 1913 1396 1967 conversatione
1425 1912 1663 1973 remotis,
1691 1920 1742 1965 et
1777 1921 1949 1963 tamen
1979 1923 2073 1978 ge.

494 2004 743 2057 neraliter
770 2004 1045 2057 orantibus
1075 2019 1170 2072 pro
1200 2003 1498 2072 indigentiis
1524 2002 1911 2071 supplicantum
1941 2000 2071 2068 (sic-

496 2105 553 2148 ut
585 2111 681 2148 nos
710 2111 926 2150 oramus
958 2111 1051 2164 pro
1089 2096 1310 2149 mortuis
1330 2136 1345 2159 ,
1376 2095 1566 2164 quibus
1593 2095 1772 2163 utique
1799 2109 1903 2147 non
1934 2092 2075 2162 pra:-

493 2196 790 2251 sentamur,
827 2202 923 2242 nec
954 2188 1040 2242 ubi
1080 2188 1187 2241 sint
1212 2188 1297 2242 vel
1324 2187 1449 2257 quid
1477 2197 1635 2257 agant
1661 2186 1902 2254 scimus),
1934 2186 2075 2240 Deus

495 2277 833 2347 omnipotens
860 2279 949 2347 qui
987 2286 1071 2333 est
1112 2278 1309 2348 ubique
1352 2294 1618 2348 prmsens,
1650 2293 1751 2333 nec
1790 2288 2075 2332 concretus

495 2368 670 2432 nobis,
724 2384 822 2423 nec
869 2380 1107 2423 remotus
1150 2384 1179 2422 a
1227 2369 1411 2433 nobis,
1445 2369 1738 2423 exaudiens
1780 2374 2073 2438 martyrum

496 2475 681 2529 preces
702 2503 715 2523 ,
748 2476 841 2528 per
877 2462 1113 2531 angelica
1149 2461 1442 2515 ministeria
1484 2475 1861 2531 usquequaque
1887 2460 2075 2515 diffusa

498 2552 729 2622 pra-beat
758 2552 1057 2607 hominibus
1086 2553 1183 2607 ista
1214 2553 1400 2606 solatia
1421 2592 1437 2616 ,
1466 2552 1657 2622 quibus
1687 2553 1737 2605 in
1769 2550 1927 2620 hujus
1956 2551 2077 2605 vita:

496 2645 711 2699 miseria
753 2644 953 2713 jndicat
1001 2660 1122 2700 esse
1168 2644 1489 2713 praebenda;
1524 2656 1578 2699 et
1622 2660 1837 2698 suorum
1890 2644 2076 2697 merita

497 2746 790 2807 martyrum
826 2737 913 2791 ubi
940 2737 1069 2803 vult,
1094 2736 1304 2807 quando
1328 2738 1458 2804 vult,
1492 2737 1763 2807 quomodo
1788 2736 1899 2791 vult
1918 2778 1932 2802 ,
1961 2751 2076 2790 ma-

499 2830 748 2899 ximeque
793 2847 887 2901 per
928 2846 1110 2885 eorum
1157 2831 1460 2895 memorias,
1490 2830 1738 2899 quoniam
1792 2829 1893 2883 hoc
1936 2828 2081 2882 novit

499 2921 754 2989 expedire
782 2921 937 2975 nobis
955 2921 1021 2976 ad
1051 2921 1415 2976 aediﬁcandam
1439 2921 1596 2975 fidem
1616 2920 1836 2982 Christi.
1865 2935 1959 2990 pro
1987 2935 2079 2974 cu-

495 3013 585 3080 jus
624 3013 699 3068 illi
734 3014 1071 3069 confessione
1100 3023 1225 3067 sunt
1258 3014 1419 3084 passi,
1454 3013 1680 3067 mirabili
1702 3021 1862 3081 atque
1893 3011 2082 3066 ineffa-

502 3107 593 3161 bili
626 3116 889 3176 potestate
918 3122 980 3161 ac
1007 3106 1242 3162 bonitate
1268 3104 1625 3159 commendet.
1652 3104 1758 3159 [les
1788 3105 1899 3157 hrcc
1925 3103 2084 3158 altior

502 3208 585 3253 est
611 3214 765 3267 quam
795 3207 905 3252 uta
948 3213 1034 3253 me
1061 3198 1227 3267 possit
1254 3197 1437 3267 attingi
1464 3238 1477 3261 ,
1508 3206 1561 3251 et
1588 3196 1886 3251 abstrusior
1921 3210 2080 3265 quam

502 3297 611 3343 uta
646 3304 731 3343 me
767 3288 938 3342 valeat
963 3289 1282 3358 perscrutari
1309 3307 1321 3341 :
1350 3298 1405 3343 et
1430 3288 1551 3342 ideo
1577 3287 1701 3357 quid
1733 3286 1922 3340 horum
1954 3287 2086 3340 duo-

503 3394 620 3432 rum
650 3378 737 3443 sit,
765 3394 831 3432 an
860 3394 986 3433 vero
1010 3377 1253 3433 fortassis
1290 3388 1572 3447 utrttmque
1597 3377 1683 3441 sit,
1715 3384 1773 3430 ut
1801 3376 2084 3445 aliquando

508 3471 607 3523 ista
635 3468 761 3521 fiant
788 3484 879 3537 per
904 3470 1069 3538 ipsam
1098 3468 1432 3538 pnesentiam
1457 3475 1769 3537 martyrum,
1801 3466 2085 3535 aliquando

510 3574 606 3625 per
648 3558 875 3628 Angelos
915 3559 1265 3627 suscipientes
1294 3571 1575 3626 personam
1608 3565 1918 3625 martyrum,
1950 3556 2084 3611 deli-

506 3648 620 3704 nire
647 3665 748 3701 non
779 3648 950 3704 audeo
974 3665 987 3713 ;
1022 3649 1229 3704 mallem
1256 3663 1284 3701 a
1308 3647 1600 3703 scientibus
1628 3647 1724 3701 ista
1751 3647 2083 3717 perquirere.

506 3739 689 3807 Neque
717 3740 856 3793 enim
886 3754 1041 3794 nemo
1068 3748 1151 3793 est
1167 3738 1255 3808 qui
1282 3738 1397 3792 lucc
1417 3737 1568 3799 sciat,
1592 3752 1697 3791 non
1716 3738 1804 3807 qui
1827 3738 1926 3791 sibi
1950 3736 2087 3794 scire

506 3828 809 3884 videaturet
828 3830 1026 3884 nesciat
1042 3848 1055 3883 :
1070 3828 1208 3883 dona
1229 3828 1371 3883 enim
1388 3827 1481 3881 Dei
1501 3837 1644 3889 sunt,
1666 3828 1748 3880 his
1768 3828 1889 3893 alia,
1913 3836 1967 3882 ct
1985 3829 2087 3884 illis

508 3927 608 3973 alia
630 3920 921 3990 largientis,
944 3919 1235 3975 secundum
1261 3918 1595 3987 Apostolum,
1622 3918 1711 3987 qui
1736 3918 1863 3972 dicit
1883 3919 2088 3973 unicui-

508 4025 613 4078 que
642 4010 753 4063 dari
785 4009 1259 4065 manifestationem
1289 4007 1518 4079 Spiritus
1543 4007 1609 4062 ad
1637 4008 1914 4062 utilitatem
1945 4026 1956 4060 :
1986 4009 2089 4062 Alii

508 4101 743 4171 quidem,
782 4101 987 4169 inquit,
1019 4101 1174 4155 datur
1200 4117 1288 4171 per
1312 4100 1561 4170 Spiritum
1601 4117 1764 4155 sermo
1792 4101 2087 4171 rapientite;

509 4192 600 4245 alii
622 4208 782 4245 serum
807 4193 1026 4245 scientiae
1052 4193 1327 4245 secundum
1360 4190 1589 4245 eumdem
1616 4192 1863 4261 Spiritum
1888 4210 1905 4257 ;
1944 4193 2089 4247 alteri

509 4292 675 4335 autem
700 4282 825 4351 ﬁdes
845 4283 895 4337 in
914 4282 1089 4336 eodem
1114 4283 1351 4353 Spiritu;
1373 4284 1519 4337 alteri
1544 4284 1750 4337 donatio
1775 4286 2089 4338 curationum

508 4376 560 4429 in
592 4391 689 4427 uno
718 4374 951 4445 Spiritu;
977 4375 1065 4428 alii
1093 4376 1406 4446 operatione:
1430 4376 1718 4443 virtutum;
1752 4375 1842 4429 alii
1871 4376 2091 4445 prophe-

509 4468 579 4520 tia
603 4484 622 4530 ;
650 4468 741 4521 alii
765 4468 1060 4537 dijudicatio
1089 4469 1388 4537 spirituum;
1431 4468 1521 4521 alii
1554 4483 1737 4538 genera
1767 4468 2089 4537 linguarum;

508 4558 597 4612 alii
623 4559 963 4628 interpretatio
987 4575 1292 4613 sermonum.
1324 4557 1509 4612 Omnia
1537 4568 1704 4611 autem
1729 4558 1834 4610 luet:
1854 4567 2092 4625 operatur

510 4662 641 4699 unus
682 4657 829 4715 atque
868 4648 999 4701 idem
1030 4648 1289 4717 Spiritus,
1319 4648 1545 4701 dividens
1583 4648 1792 4717 propria
1827 4648 2093 4716 unicuique

512 4745 658 4805 prout
686 4736 788 4789 vult
814 4736 854 4807 (Ι
880 4737 997 4791 Cor.
1032 4753 1128 4800 xu,
1162 4738 1326 4804 7-H).
1355 4735 1555 4790 Horum
1579 4736 1816 4790 omnium
1843 4736 2091 4804 spiritua-

512 4826 636 4879 lium
669 4824 927 4879 donorum
948 4867 964 4891 ,
995 4842 1114 4897 quze
1152 4825 1594 4881 commemoravit
1622 4826 1908 4895 Apostolus
1928 4869 1942 4893 ,
1972 4829 2090 4883 cui-

512 4931 738 4985 cumque
764 4915 883 4971 data
912 4927 993 4971 est
1018 4917 1323 4988 dijudicatio
1364 4916 1677 4988 spirituum,
1715 4916 1829 4987 ipse
1865 4919 1969 4974 scit
1993 4920 2089 4975 ista

514 5010 649 5065 sicut
671 5010 883 5065 scienda
915 5019 1059 5065 sunt.

583 5105 807 5160 CAPUT
847 5104 1008 5159 XVII.
1040 5135 1110 5145 --
1134 5104 1224 5160 21.
1257 5103 1336 5157 De
1374 5102 1575 5158 Joanne
1617 5104 1880 5158 monacho.
1910 5104 2088 5159 Talem

514 5196 674 5252 fuisse
721 5197 1042 5253 credendum
1094 5207 1177 5252 est
1227 5197 1374 5251 illum
1422 5196 1679 5252 Joannem
1735 5196 2086 5261 monachum,

512 5302 671 5357 quem
696 5287 763 5343 de
788 5288 910 5343 belli
939 5288 1108 5343 civilis
1131 5296 1324 5344 eventu
1351 5290 1521 5357 major
1545 5287 1875 5343 Theodosius
1899 5304 2091 5343 consu-

515 5379 615 5434 luit
662 5381 989 5450 imperator:
1023 5381 1249 5436 habebat
1288 5381 1481 5451 quippe
1528 5381 1687 5436 etiam
1735 5381 2086 5451 prophetiam.

514 5470 696 5541 Neque
727 5471 868 5526 enim
907 5472 1140 5543 singulos
1167 5473 1370 5543 singula
1403 5488 1677 5527 munerum
1719 5473 1963 5539 istorum,
1996 5474 2089 5529 sed

514 5563 671 5617 etiam
702 5568 850 5633 plura
878 5580 1039 5618 unum
1064 5563 1260 5619 habere
1289 5580 1446 5635 posse
1469 5580 1574 5619 non
1604 5566 1832 5635 ambigo.
1861 5566 2091 5620 Joannes

515 5670 645 5725 ergo
678 5656 795 5720 iste,
822 5658 1047 5727 quadam
1086 5658 1306 5713 muliere
1330 5658 1723 5727 religiosissima
1758 5659 2093 5727 impatienter

517 5761 637 5802 eum
667 5747 843 5805 videre
872 5751 1136 5821 cupiente,
1165 5761 1320 5823 atque
1342 5758 1396 5806 ut
1427 5749 1527 5806 hoc
1549 5752 1855 5821 impetraret
1875 5765 1967 5820 per
1989 5765 2093 5805 ma-

1006 358 1093 412 DE
1129 355 1313 410 CURA
1353 350 1483 404 PRO
1522 344 1816 402 MURTUIS
1854 339 2199 403 GERENDA,
2241 338 2299 393 S.
2342 335 2706 392 AUGUSTINI
2761 334 2964 390 LIBER
3004 334 3200 393 UNUS.

3625 333 3714 392 608

2158 450 2313 503 ritum
2358 462 2508 503 suum
2555 447 2894 503 vehementer
2942 449 3201 511 instante,
3243 463 3362 504 cum
3407 449 3500 503 ille
3542 450 3721 516 nollet,

2158 538 2408 606 quoniam
2454 538 2502 590 id
2541 552 2806 606 nunquam
2835 539 3149 606 permiserat
3180 536 3431 593 feminis:
3459 537 3629 603 ‘t’ade,
3655 539 3722 592 in-

2160 629 2295 696 quit,
2323 628 2409 682 die
2432 627 2582 681 uxori
2611 633 2736 690 tum,
2769 626 2966 681 videbit
2992 642 3077 681 me
3104 637 3258 682 nocte
3286 629 3552 698 proxima,
3575 629 3661 682 sed
3683 631 3724 683 in

2161 717 2383 771 somnis.
2412 716 2479 771 Et
2507 716 2704 771 factum
2740 725 2822 771 est
2850 735 2862 769 :
2891 718 3199 787 monuitque
3231 718 3369 771 illam
3396 717 3649 787 quidquid
3676 720 3725 771 li-

2162 808 2340 863 delem
2365 810 2696 879 ronjugatam
2730 810 2933 863 moneri
2958 810 3255 878 Oportebat.
3279 810 3407 877 Quae
3436 824 3561 864 eum
3587 810 3728 879 evigi-

2164 901 2343 966 lasset,
2372 903 2529 957 talem
2557 918 2615 957 se
2644 902 2839 957 vidisse
2865 902 3132 956 hominem
3156 903 3245 957 Dei
3266 903 3377 957 viro
3398 918 3519 964 suo,
3540 903 3729 970 qualem

2166 989 2256 1044 ille
2291 1005 2411 1045 eum
2452 999 2693 1057 noverat,
2720 999 2775 1045 et
2802 990 2928 1060 quid
2957 990 3026 1044 ab
3068 990 3158 1044 illo
3193 990 3439 1054 audierit,
3473 990 3729 1045 indicarit.

2166 1079 2266 1146 Qui
2302 1081 2402 1134 hoc
2441 1082 2508 1135 ah
2547 1082 2625 1135 eis
2660 1082 2939 1150 comperit,
2982 1082 3165 1135 retulit
3203 1081 3351 1145 mihi,
3385 1082 3468 1135 vir
3496 1082 3669 1152 gravis
3691 1090 3733 1135 et

2167 1172 2382 1235 nobilis,
2422 1180 2474 1226 et
2516 1172 2856 1242 dignissimus
2897 1172 3063 1227 credi.
3101 1172 3205 1228 Sed
3244 1171 3291 1226 si
3324 1172 3474 1226 illum
3510 1182 3731 1227 sanctum

2169 1262 2484 1315 monachum
2528 1263 2641 1331 ipse
2682 1263 2954 1329 vidissem,
2983 1264 3126 1332 quia,
3159 1264 3295 1317 sicut
3325 1262 3519 1328 fertur,
3554 1264 3735 1333 patien-

2170 1354 2372 1407 tissime
2412 1354 2829 1423 interrogabatur
2856 1364 2910 1408 et
2951 1355 3338 1424 sapientissime
3372 1355 3730 1423 reSpondebat,

2168 1442 2477 1510 quzcsissem
2509 1442 2576 1495 ab
2603 1457 2670 1496 eo
2692 1442 2829 1512 quod
2852 1442 2915 1496 ad
2948 1443 3102 1497 istam
3131 1444 3355 1513 pertinet
3378 1444 3731 1513 quaestionem,

2172 1541 2346 1586 utrum
2376 1534 2487 1604 ipse
2511 1533 2575 1587 ad
2610 1534 2752 1588 illam
2783 1535 3030 1589 feminam
3068 1535 3299 1590 venisset
3340 1536 3391 1589 in
3427 1537 3664 1601 somnis,
3696 1537 3736 1590 id

2144 1620 2145 1623 “
2171 1632 2272 1688 est,
2299 1623 2515 1692 spiritus
2536 1624 2653 1692 ejus
2679 1625 2728 1678 in
2750 1624 2924 1695 effigie
2942 1627 3179 1695 corporis
3200 1626 3305 1692 sui,
3330 1627 3469 1681 sicut
3494 1642 3595 1681 nos
3618 1628 3735 1696 ipsos

2174 1711 2227 1767 in
2266 1713 2439 1783 effigie
2472 1716 2714 1783 corporis
2756 1716 2921 1770 nostri
2963 1718 3320 1780 somniamus;
3348 1734 3415 1771 an
3459 1718 3735 1787 ipso'aliud

2173 1813 2381 1873 agente,
2424 1805 2528 1871 vel,
2562 1807 2605 1860 si
2649 1806 2967 1874 dormiebat,
2994 1806 3139 1862 aliud
3176 1809 3496 1875 somniante,
3526 1810 3637 1862 sive
3664 1826 3737 1878 per

2175 1895 2456 1964 angelum,
2498 1895 2614 1949 sive
2656 1911 2995 1966 quocumque
3041 1897 3146 1951 alio
3194 1898 3353 1952 modo
3409 1900 3461 1952 in
3518 1899 3732 1953 mulieris

2178 1987 2389 2040 somnio
2420 1985 2538 2039 talis
2567 1985 2699 2039 facta
2728 1987 2979 2051 sitvisio;
3001 1996 3159 2057 atque
3188 1987 3239 2041 id
3270 1987 3528 2053 futurum,
3560 2000 3613 2043 ut
3639 1990 3731 2057 ipse

2178 2079 2531 2147 promitteret,
2564 2078 2856 2149 prophetia:
2880 2079 3077 2149 Spiritu
3112 2081 3379 2136 revelante
3408 2083 3735 2152 pnescivcrit.

2179 2168 2233 2222 Si
2266 2169 2406 2222 enim
2439 2169 2549 2236 ipse
2582 2168 2816 2223 interfuit
2847 2170 3151 2235 somnianti,
3184 2170 3409 2226 mirabili
3450 2171 3619 2243 gratia
3661 2172 3739 2225 uti-

2178 2274 2281 2327 que
2319 2259 2369 2312 id
2416 2260 2607 2328 potuit,
2646 2276 2749 2313 non
2779 2272 2999 2327 natura;
3033 2272 3085 2316 et
3116 2264 3205 2317 Dei
3234 2279 3475 2327 munere,
3503 2280 3607 2319 non
3641 2280 3739 2333 pro-

2180 2352 2293 2421 pria
2334 2351 2598 2406 facultate.
2635 2352 2689 2408 Si
2719 2364 2894 2408 autem
2935 2355 3051 2423 ipso
3079 2354 3218 2409 aliud
3249 2366 3461 2427 agente,
3496 2358 3610 2411 sive
3634 2358 3740 2410 dor-

2181 2444 2379 2498 miente
2419 2452 2473 2499 et
2513 2446 2639 2500 visis
2678 2447 2797 2501 aliis
2840 2458 3116 2518 occupato,
3153 2464 3273 2504 eum
3306 2450 3501 2504 mulier
3540 2450 3668 2504 vidit
3700 2450 3741 2503 in

2183 2538 2421 2601 somnis;
2454 2538 2689 2607 profecto
2723 2540 2827 2594 tale
2860 2541 3055 2609 aliquid
3100 2540 3292 2595 factum
3323 2549 3425 2605 est,
3454 2542 3611 2611 quale
3638 2542 3744 2595 illud

2183 2636 2268 2683 est
2296 2628 2436 2698 quod
2465 2628 2518 2682 in
2546 2629 2768 2684 Actibus
2792 2630 3166 2700 Apostolorum
3198 2632 3439 2701 legimus,
3474 2632 3565 2685 ubi
3586 2632 3745 2686 Domi-

2185 2734 2283 2773 nus
2304 2719 2458 2773 Jcsus
2482 2720 2711 2790 loquitur
2727 2722 2944 2775 Ananim
2966 2722 3032 2776 de
3052 2722 3233 2787 Saulo,
3257 2732 3309 2778 et
3336 2722 3538 2778 indicat
3557 2724 3606 2779 ei
3628 2708 3744 2794 quod

2183 2809 2372 2865 Saulus
2397 2811 2526 2865 vidit
2551 2811 2615 2865 ad
2642 2827 2700 2867 se
2722 2813 3019 2868 venientem
3047 2814 3327 2880 Ananiam,
3350 2829 3475 2869 cum
3505 2814 3605 2868 hoc
3625 2817 3745 2867 Ana-

2186 2902 2298 2956 nias
2329 2902 2439 2971 ipse
2470 2904 2697 2957 nesciret
2726 2904 2878 2975 (Act.
2910 2920 2981 2970 1x,
3009 2904 3173 2961 10-15
3197 2905 3236 2975 ).
3265 2904 3555 2973 Quodlibet
3584 2905 3747 2960 horum

2186 2991 2313 3045 tnihi
2342 2992 2688 3061 responderet
2722 2994 2811 3049 ille
2835 2994 2992 3048 homo
3030 2994 3144 3061 Dei,
3171 3004 3227 3049 et
3253 2995 3319 3049 de
3349 2996 3671 3064 martyribus
3694 2995 3749 3049 ab

2186 3082 2278 3136 illo
2318 3097 2589 3152 pergerem
2632 3100 2890 3153 qumrere,
2921 3094 3093 3138 utrum
3126 3085 3224 3153 ipsi
3253 3084 3429 3138 adsint
3460 3087 3514 3138 iu
3546 3086 3745 3148 somnis,

2186 3174 2271 3228 vel
2297 3190 2631 3244 quocumque
2661 3176 2765 3229 alio
2786 3174 2944 3229 modo
2963 3174 3259 3230 videntibus
3280 3190 3373 3230 eos
3400 3176 3452 3229 in
3479 3192 3580 3245 qua
3606 3176 3748 3245 ligor:

2187 3267 2483 3330 voluerint;
2512 3276 2565 3321 et
2596 3268 2823 3321 maxime
2853 3267 3064 3337 quando
3089 3267 3156 3320 ab
3184 3267 3264 3322 eis
3292 3281 3351 3321 se
3382 3268 3613 3337 torqueri
3651 3267 3749 3319 dae-

2189 3372 2377 3411 mones
2405 3358 2456 3410 in
2484 3357 2786 3412 hominibus
2808 3359 3147 3422 confitentur,
3172 3368 3225 3413 et
3245 3366 3433 3428 rogant
3462 3372 3553 3412 eos
3574 3368 3624 3410 ut
3640 3372 3751 3426 par-

2189 3457 2312 3503 cant
2350 3449 2451 3503 sibi
2476 3468 2488 3503 :
2518 3464 2583 3503 an
2627 3450 2726 3503 ista
2769 3450 2893 3503 fiant
2924 3450 3015 3505 Dei
3046 3462 3174 3504 nutu
3202 3466 3297 3519 per
3326 3450 3581 3520 angelicas
3606 3461 3749 3517 pote-

2190 3550 2374 3605 states,
2419 3541 2469 3594 in
2514 3540 2769 3600 honorem
2810 3540 3432 3610 commendationemque
3468 3547 3753 3594 sanctorum

2189 3632 2254 3686 ad
2287 3633 2569 3687 utilitatem
2599 3632 2892 3698 hominum,
2918 3634 3021 3687 illis
3048 3633 3099 3688 in
3130 3648 3336 3687 summa
3362 3634 3542 3703 quiete
3565 3631 3751 3701 positis,

2190 3734 2245 3779 et
2283 3726 2348 3780 ad
2390 3724 2493 3779 alia
2537 3726 2693 3796 longe
2733 3727 2951 3781 meliora
2981 3727 3091 3780 visa
3120 3726 3431 3779 vacantibus
3472 3740 3699 3781 seorsum
3727 3740 3752 3775 a

2192 3819 2365 3883 nobis,
2404 3820 2783 3889 orantibusque
2827 3834 2924 3890 pro
2964 3818 3135 3873 nobis.
3166 3818 3296 3872 Nam
3325 3817 3606 3871 Mediolani
3634 3813 3755 3885 apud

2193 3920 2407 3965 sanctos
2439 3912 2739 3966 Protasium
2780 3922 2833 3967 et
2870 3912 3179 3969 Gervasinm
3211 3920 3493 3987 martyres,
3524 3924 3755 3980 expresso

2196 4004 2431 4069 nomine,
2461 4004 2597 4058 sicut
2625 3994 2995 4059 defunctorum
3037 4018 3169 4074 quos
3203 4003 3391 4058 eodem
3434 4003 3595 4057 modo
3628 4017 3757 4056 com-

2193 4095 2581 4163 memorabant,
2611 4095 2787 4153 adhuc
2816 4099 2991 4151 vivum
3023 4098 3294 4151 daemones
3320 4097 3623 4166 episcopum
3646 4109 3754 4148 con-

2195 4184 2476 4240 fitebantur
2512 4188 2871 4253 Ambrosium,
2900 4195 3060 4257 atque
3087 4195 3148 4243 ut
3190 4187 3291 4242 sibi
3332 4196 3575 4257 parceret
3614 4186 3754 4239 obse-

2194 4275 2432 4341 crabant,
2482 4276 2575 4331 illo
2622 4277 2762 4331 aliud
2805 4287 3016 4347 agente,
3045 4286 3204 4348 atque
3231 4277 3333 4331 hoc
3368 4292 3490 4331 cum
3530 4285 3757 4346 ageretur

2195 4367 2411 4423 omnino
2472 4370 2765 4425 nesciente.
2822 4372 2903 4425 Au
2954 4386 3083 4425 vero
3139 4370 3422 4438 aliquando
3466 4384 3560 4439 per
3606 4370 3753 4440 ipsam

2195 4460 2531 4530 pnesentiam
2562 4470 2853 4533 martyrum
2878 4460 3025 4527 ﬁant,
3055 4460 3152 4514 ista
3178 4459 3463 4530 aliquando
3492 4474 3583 4529 per
3604 4463 3756 4527 Ange-

2196 4549 2401 4614 lorum;
2434 4558 2489 4604 et
2526 4558 2701 4605 utrum
2734 4552 2955 4621 possint,
2983 4551 3065 4606 vel
3102 4550 3293 4621 quibus
3322 4551 3486 4620 signis
3514 4551 3702 4620 possint
3725 4562 3751 4600 ιι

2196 4643 2349 4697 nobis
2378 4642 2484 4698 duo
2526 4644 2623 4698 ista
2658 4643 2921 4708 discerni;
2951 4660 3016 4698 an
3045 4659 3103 4698 ea
3145 4644 3343 4699 sentire
3382 4658 3443 4698 ac
3485 4642 3753 4713 dijudicare

2198 4752 2304 4791 non
2330 4737 2516 4800 valeat,
2551 4737 2650 4791 nisi
2678 4737 2766 4805 qui
2796 4736 2955 4791 habet
2984 4736 3109 4791 illud
3139 4735 3336 4789 donum
3363 4750 3459 4805 per
3487 4734 3577 4789 Dei
3603 4732 3752 4804 Spiri-

2197 4836 2306 4882 tum
2336 4829 2659 4883 dividentem
2689 4830 2900 4901 pr0pria
2931 4830 3211 4899 unicuique
3240 4839 3394 4898 prout
3422 4828 3532 4883 vult
3559 4847 3571 4881 :
3604 4828 3749 4882 disse-

2196 4929 2339 4975 reret
2362 4920 2511 4986 mihi,
2536 4929 2591 4975 ttt
2613 4921 2863 4985 arbitror,
2892 4921 3003 4992 ipse
3027 4920 3257 4976 Joannes
3283 4920 3397 4976 iure
3417 4921 3615 4986 omnia,
3637 4918 3751 4972 sicut

2083 5023 2101 5039 ⁸
2195 5012 2420 5077 vellem;
2454 5021 2511 5066 ut
2535 5022 2624 5067 aut
2652 5029 2717 5067 eo
2742 5013 2967 5067 docente
3000 5012 3282 5077 discerem,
3310 5022 3363 5067 et
3386 5028 3448 5067 ea
3478 5027 3596 5082 qua:
3625 5007 3752 5063 audi-

2196 5118 2309 5158 rem
2344 5120 2466 5158 vera
2504 5114 2558 5160 Cl.
2585 5114 2730 5159 certa
2760 5120 2878 5160 CSSG
2906 5119 3318 5173 c0gnusccrem;
3345 5114 3438 5159 aut
3465 5119 3563 5174 ego
3589 5100 3753 5158 ειεάο-

2196 5212 2309 5252 rem
2344 5214 2462 5269 qua:
2500 5199 2758 5258 nescirem
2780 5240 2793 5261 ,
2828 5199 2916 5253 illo
2942 5197 3154 5253 dicente
3182 5213 3299 5268 qua:
3328 5198 3506 5252 sciret.
3538 5192 3681 5265 Quod
3712 5191 3750 5245 si

2196 5288 2327 5343 mihi
2356 5288 2575 5343 forsitan
2600 5288 2664 5342 de
2687 5298 2867 5343 saneta
2889 5288 3157 5359 Scriptura
3187 5287 3534 5357 responderet
3552 5301 3613 5340 ac
3629 5285 3751 5339 dice

2197 5392 2299 5448 ret,
2328 5382 2519 5436 Altiora
2546 5394 2593 5436 te
2618 5399 2680 5436 ne
2707 5384 2983 5455 qumieris,
3013 5392 3059 5435 et
3090 5383 3302 5451 fortiora
3342 5391 3389 5434 te
3427 5401 3494 5434 ne
3523 5386 3749 5433 scrutatus

2198 5476 2390 5546 fueris;
2418 5476 2505 5529 sed
2529 5491 2639 5545 qua:
2670 5474 2905 5543 pra'cepit
2935 5473 3021 5526 tibi
3052 5470 3318 5536 Dominus,
3342 5471 3435 5525 illa
3462 5468 3618 5540 cogita
3637 5480 3747 5521 settl-

2198 5584 2284 5636 per
2315 5566 2333 5638 (
2369 5567 2525 5619 Eccli.
2559 5582 2633 5631 ιιι,
2661 5565 2805 5633 22);
2847 5565 2898 5619 id
2941 5566 3099 5619 etiam
3142 5570 3414 5634 gratanter
3454 5560 3743 5628 accipereut.

2198 5659 2311 5715 Non
2345 5660 2486 5715 enim
2519 5674 2708 5728 parvus
2735 5668 2817 5712 cst
2844 5660 3062 5722 fructus,
3089 5658 3133 5709 si
3163 5656 3337 5725 aliqtta
3368 5654 3584 5709 obscura
3609 5656 3657 5702 et
3679 5648 3744 5697 inv

2203 5761 2368 5820 certa,
2398 5766 2515 5823 qum
2544 5747 2998 5820 comprehendere
3027 5760 3130 5803 non
3158 5745 3414 5813 valemus,
3436 5744 3626 5799 clarum
3651 5733 3739 5791 sal-
