3904 6362
467 302 568 359 615

470 419 708 478 viciantis
751 410 1037 488 opprobria
1081 404 1364 467 toleravit,
1415 409 1462 456 et
1508 414 1624 452 cum
1674 394 1826 488 facile
1869 400 2047 463 posset

472 512 687 577 ulcisci,
899 501 1072 560 solum
1109 514 1213 554 non
1253 494 1408 560 fecit,
1456 506 1638 545 verum
1669 485 1921 577 etralium
1952 496 2048 552 pro

473 619 532 661 se
569 602 836 657 dolentem
872 599 1303 658 commotumque
1326 579 1655 652 compescuit
1693 576 1760 647 (ll
1782 576 1906 645 Reg.
1937 587 2045 637 xvi,

473 693 663 763 5-12);
714 698 768 744 et
804 692 1117 758 potestatem
1161 678 1360 747 regiam
1408 672 1573 741 magis
1612 667 1849 763 adhibuit
1875 663 2051 734 proin-

472 759 680 850 bend'o,
724 796 882 853 quam
927 772 1224 831 exercendo
1272 766 1556 822 vindictam
1605 764 1645 814 ί.
1699 759 1888 853 Neque
1927 767 2051 809 tunc

470 880 581 949 ejus
609 849 802 943 corpus
845 871 1022 938 aliquo
1066 863 1253 918 morbo
1304 856 1639 926 affligebatur
1678 860 1769 949 aut
1805 849 2047 949 vulnere2

469 938 563 1024 sed
592 938 903 1019 humilitatis
932 966 1141 1024 tempus
1170 947 1557 1021 agnoscebatur
1577 986 1590 1009 ,
1636 958 1697 995 ac
1736 938 2003 993 ferebatur
2029 938 2049 968 ¹

469 1063 714 1115 voluntas
763 1053 896 1117 Dei,
951 1056 1165 1119 propter
1217 1057 1376 1112 quam
1435 1034 1824 1108 patientissimo
1871 1030 2051 1084 animo

474 1144 771 1204 amaritudo
815 1136 1154 1197 contumelim
1202 1132 1499 1187 bibebatur.
1552 1126 1697 1181 llane
1744 1120 2049 1192 patientiam

477 1240 733 1297 Dominus
758 1233 976 1297 docuit,
1002 1226 1213 1300 quando
1240 1221 1519 1279 commotis
1544 1219 1564 1251 ³
1582 1216 1901 1271 zizaniorum
1928 1227 2053 1281 per;

480 1332 734 1388 mixtione
796 1325 963 1381 servis
995 1362 1010 1386 ,
1054 1329 1108 1375 et
1161 1315 1460 1373 volentibus
1496 1327 1558 1366 ea
1596 1310 1882 1378 colligere,
1925 1303 2056 1357 dixit

474 1420 817 1493 respondisse
859 1411 1325 1488 patremfamilias,
1379 1405 1545 1461 Sinite
1590 1412 1799 1471 utraque
1840 1411 2057 1452 crescere

476 1490 633 1585 usque
656 1512 723 1566 ad
754 1524 961 1564 messem
991 1504 1204 1575 (Matth.
1236 1516 1330 1555 xui
1351 1539 1366 1565 ,
1399 1497 1511 1568 '50).
1548 1494 1770 1564 Oportet
1795 1490 1933 1545 enim
1956 1503 2056 1585 pa-

481 1580 671 1661 tienter
726 1601 881 1664 ferri,
922 1595 1061 1668 quod
1113 1593 1423 1649 festinanter
1470 1603 1575 1641 non
1626 1590 1832 1654 oportet
1883 1580 2057 1634 aufer-

481 1694 546 1750 ri.
602 1692 771 1762 Hujus
807 1698 861 1746 et
904 1688 1018 1757 ipse
1051 1683 1314 1755 patientia:
1340 1677 1560 1749 praebuit
1599 1687 1653 1729 et
1680 1668 2061 1762 demonstravit

482 1759 825 1855 exemplum,
880 1776 1094 1850 quando
1140 1784 1262 1827 ante
1310 1771 1611 1841 passionem
1666 1763 1904 1832 corporis
1943 1759 2055 1855 sui,

483 1851 803 1945 discipulum
836 1870 859 1902 ⁸
889 1868 1076 1924 Judam
1129 1864 1432 1935 priusquam
1482 1855 1787 1945 ostenderet
1841 1851 2059 1905 tradito-

481 1942 863 2034 rem,_pertulit
888 1959 1060 2014 furem
1090 1954 1264 2026 (Joan.
1299 1967 1393 2014 xu,
1422 1950 1475 2014 6,
1500 1958 1546 2001 et
1572 1961 1684 2010 xm,
1707 1942 1828 2011 29);
1860 1951 1913 1995 et
1936 1949 2058 2034 ante

480 2033 902 2128 experimentum
933 2048 1257 2104 vinculorum
1289 2054 1343 2098 et
1371 2042 1543 2096 crucis
1568 2048 1621 2093 et
1650 2036 1834 2091 mortis
1859 2077 1872 2099 ,
1907 2033 2059 2088 labiis

479 2125 594 2217 ejus
617 2144 816 2200 dolosis
847 2157 950 2196 non
982 2138 1191 2208 negavit
1215 2133 1453 2189 osculum
1483 2129 1625 2200 pacis
1658 2125 1867 2197 (Matth.
1900 2139 2054 2187 xxvi,

478 2236 593 2308 29).
627 2236 751 2289 llaec
780 2231 956 2287 omnia
978 2270 993 2294 ,
1039 2236 1093 2283 et
1119 2227 1164 2280 si
1192 2241 1293 2295 qua
1324 2223 1422 2276 alia
1446 2230 1707 2289 suntquae
1737 2229 2061 2271 commemo-

480 2307 600 2382 rare
625 2324 838 2394 longum
867 2329 969 2387 est,
1000 2318 1068 2372 ad
1088 2333 1210 2372 eum
1235 2312 1498 2385 patientia:
1526 2310 1740 2365 modum
1771 2307 2055 2379 pertinent,

479 2435 586 2490 quo
609 2419 817 2472 animus
845 2429 950 2468 non
975 2426 1068 2465 sua
1096 2415 1331 2480 peccata,
1361 2402 1458 2459 sed
1483 2416 1830 2473 qtttecumque
1857 2397 2060 2452 extrin-

480 2525 638 2568 secus
662 2509 800 2564 mala
824 2506 1083 2577 patienter
1107 2500 1331 2556 sustinet
1355 2497 1407 2551 in
1440 2510 1498 2550 se
1525 2495 1641 2563 ipso
1664 2534 1678 2558 ,
1714 2506 1811 2546 suo
1843 2502 2060 2560 prorsus

478 2616 704 2672 corpore
723 2599 907 2653 iilmso.

552 2671 777 2748 CAPUT
815 2687 885 2743 Χ.
925 2714 995 2726 -—
1047 2681 1303 2737 Patientia
1350 2679 1404 2731 in
1451 2675 1668 2730 externis
1710 2671 2056 2727 incommodis.

492 2784 715 2853 Utraque
744 2778 982 2851 patientia
1017 2776 1071 2829 in
1099 2770 1429 2843 Martyribus.
1475 2766 1743 2821 Patientia:
1768 2764 1931 2834 majus
1950 2778 2060 2816 cer-

486 2886 653 2929 tamen
677 2871 877 2926 diabolo
902 2869 1149 2923 sa'viente.
1177 2864 1323 2919 Alius
1350 2870 1431 2915 est
1458 2867 1634 2913 autem
1667 2855 1931 2927 patienlize
1956 2868 2063 2908 mo-

485 2966 622 3029 dus,
665 2976 772 3032 quo
810 2959 949 3014 idem
993 2958 1105 3027 ipse
1135 2954 1344 3007 animus
1373 2962 1719 3020 quascumque
1765 2945 1984 3000 molesta
2010 2953 2064 2996 et

483 3054 661 3126 gravia
691 3052 745 3106 in
781 3050 863 3104 sui
891 3046 1128 3117 corporis
1158 3043 1493 3114 passionibus
1524 3038 1753 3109 perfert;
1799 3051 1902 3090 non
1929 3035 2063 3089 sicut

488 3145 637 3202 stulti
664 3144 745 3199 vel
770 3140 985 3211 maligni
1007 3138 1250 3192 homines
1268 3177 1282 3201 ,
1310 3142 1531 3205 propter
1560 3128 1899 3199 adipiscenda
1930 3142 2062 3180 vana

486 3237 568 3293 vel
595 3235 801 3291 scelera
835 3227 1223 3303 perpetranda;
1265 3224 1358 3279 sed
1404 3224 1539 3278 sicut
1564 3238 1593 3275 a
1623 3221 1846 3275 Domino
1874 3217 2063 3273 delini-

486 3336 595 3382 tum
612 3334 711 3388 est,
736 3319 1194 3393 prapterjustltiam
1213 3314 1425 3385 (Matth.
1445 3328 1500 3379 ν,
1519 3312 1628 3381 10).
1647 3309 1883 3379 Utroque
1908 3306 2065 3362 modo

487 3418 654 3474 sancti
684 3423 945 3485 martyres
968 3415 1325 3467 certaverunt.
1353 3405 1481 3459 Nam
1504 3413 1557 3458 et
1576 3402 1856 3471 impiorum
1880 3413 2066 3469 opproo

491 3508 619 3564 briis
646 3504 866 3561 saturati
895 3510 1051 3566 sunt,
1080 3499 1169 3554 ubi
1199 3497 1410 3551 animus
1439 3505 1664 3563 corpore
1692 3493 1889 3546 intacto
1915 3504 2065 3561 quas-

486 3600 610 3654 dam
652 3596 814 3652 veluti
862 3594 1039 3665 plagas
1074 3605 1197 3646 suas
1237 3591 1440 3658 integer
1468 3586 1732 3648 sustinet;
1777 3592 1832 3639 et
1864 3584 1916 3636 iu
1943 3598 2063 3636 cor-

493 3689 714 3760 poribus
747 3685 904 3739 vincti
933 3692 1054 3738 sunt
1077 3724 1090 3748 ,
1124 3680 1313 3736 inclusi
1342 3685 1499 3742 sunt,
1525 3676 1663 3730 fame
1688 3690 1751 3729 ac
1780 3674 1865 3728 siti
1889 3673 2063 3728 affecti

494 3790 654 3844 sunt,
688 3778 811 3832 torti
845 3784 1006 3841 sunt,
1050 3772 1180 3828 secti
1205 3778 1357 3835 sunt,
1407 3768 1641 3822 dilaniati
1671 3775 1821 3831 sunt,-
1863 3765 2063 3821 incensi

490 3878 654 3933 sunt,
701 3866 943 3923 trucidati
971 3873 1095 3919 sunt
1123 3882 1135 3917 :
1165 3870 1219 3917 et
1251 3864 1445 3932 pietate
1486 3858 1742 3913 immobili
1770 3859 1790 3889 ⁸
1817 3856 2066 3912 subdide-

491 3970 619 4016 runt
644 3961 753 4015 Deo
776 3962 1029 4022 mentem,
1055 3969 1175 4010 cum
1207 3960 1519 4023 paterentur
1544 3951 1595 4004 in
1623 3964 1783 4005 carne
1812 3949 2064 4020 quidquid

496 4050 792 4121 exquirenti
817 4046 1112 4104 crudelitati
1142 4044 1284 4098 venit
1311 4042 1361 4096 in
1389 4050 1643 4096 mentem.

490 4158 491 4161 ‘
565 4142 621 4198 9.
652 4140 818 4210 Maius
842 4153 972 4194 sane
1001 4135 1267 4207 patientia:
1291 4143 1558 4189 certamen
1589 4141 1698 4199 est,
1724 4132 1934 4204 quando
1962 4149 2066 4189 non

486 4232 718 4289 visibilis
752 4231 996 4286 inimicus
1022 4225 1390 4297 persequendo
1425 4233 1583 4294 atque
1626 4224 1894 4279 saaviendo
1921 4232 2070 4294 urget

489 4326 544 4378 in
564 4323 734 4391 nefas,
766 4322 853 4394 qui
882 4320 1054 4391 palam
1082 4324 1137 4372 et
1160 4326 1341 4387 aperte
1368 4330 1398 4370 a
1429 4330 1535 4370 non
1558 4316 1922 4371 consentiente
1953 4317 2068 4369 vin-

490 4426 644 4470 catur
668 4430 683 4482 ;
708 4412 801 4470 sed
830 4412 942 4483 ipse
963 4409 1226 4473 diabolus,
1252 4407 1342 4478 qui
1368 4406 1527 4462 etiam
1559 4413 1653 4476 per
1679 4406 1823 4460 filios
1844 4406 2070 4461 infideli-

499 4508 654 4574 tatis,
697 4516 945 4574 tauquam
976 4518 1069 4572 per
1093 4516 1186 4555 sua
1222 4511 1346 4552 vasa
1372 4539 1386 4561 ,
1432 4498 1565 4551 filios
1596 4497 1727 4551 lucis
1757 4497 2069 4566 insequitur,

499 4614 593 4667 per
616 4612 674 4649 se
696 4597 865 4663 ipsum
891 4592 1128 4647 occultus
1154 4592 1445 4658 impugnat,
1495 4588 1761 4641 saeviendo
1788 4589 1989 4642 instans
2014 4595 2072 4639 ut

494 4696 678 4743 contra
709 4688 872 4738 Ileum
904 4684 992 4735 fiat
1015 4679 1213 4747 aliquid
1241 4681 1320 4733 vel
1350 4678 1577 4733 dicatur.

573 4774 801 4831 CAPUT
830 4773 1010 4827 XL—
1048 4770 1303 4824 Patientia
1335 4773 1493 4824 sancti
1529 4770 1648 4826 Job.
1696 4770 1876 4826 Talem
1924 4771 2068 4825 illum

502 4868 601 4925 Job
627 4872 840 4921 sanctus
869 4871 1115 4933 expertus
1136 4871 1215 4917 est
1232 4903 1246 4928 ,
1270 4872 1489 4933 utraque
1516 4864 1803 4918 tentatione
1829 4872 2067 4930 vexatus,

500 4958 594 5014 sed
626 4960 679 5014 in
708 4967 929 5027 utraque
954 4955 1126 5009 stabili
1160 4954 1426 5024 patientia:
1465 4957 1655 5010 robore
1684 4966 1737 5009 et
1760 4955 1924 5009 armis
1957 4957 2070 5024 pie-

497 5049 902 5108 tatisinvictus.
944 5047 1077 5102 Nam
1110 5048 1255 5117 prius
1284 5048 1447 5102 illaesa
1484 5061 1708 5116 corpore
1732 5056 1921 5101 cuneta
1949 5064 2069 5117 quae

499 5142 725 5198 habebat
750 5140 949 5208 amisit,
971 5148 1029 5196 ut
1051 5141 1259 5197 animus
1277 5149 1402 5195 ante
1425 5154 1536 5195 sua:
1554 5139 1730 5193 carnis
1754 5140 2067 5208 cruciatum,

556 5338 573 5370 ί
608 5334 849 5387 Casallnus
879 5344 983 5395 Ms,
1016 5337 1283 5387 exserme
1303 5334 1579 5385 vindictam.

562 5398 594 5431 '
614 5397 718 5448 Sola
742 5398 887 5448 editio
910 5405 1043 5460 Lov.,
1066 5396 1378 5460 referebatur.

561 5460 582 5492 ⁸
612 5466 743 5519 Lov.,
782 5459 975 5521 quando
1016 5456 1323 5508 commonitus
1347 5458 1424 5506 de.
1464 5464 1559 5518 Er.,
1585 5456 1776 5521 quando
1792 5465 2067 5510 commotus.

496 5523 798 5584 t'astigantm'
822 5534 885 5584 ex
910 5528 1012 5569 Ms.

496 5583 584 5698 bo;
614 5579 835 5633 (iallicani
870 5589 1063 5644 septeni
1085 5587 1220 5641 Mss,
1264 5579 1523 5630 diabolum.
1541 5584 1747 5632 vaticani
1785 5590 1916 5643 tres,
1968 5584 2073 5634 dia-

575 5658 645 5694 its.

575 5658 645 5694 318.

561 5708 577 5738 τ
610 5705 850 5754 casahnus
876 5713 939 5753 Ms
966 5742 974 5766 ε
1000 5704 1175 5769 pietate
1207 5702 1509 5755 immobilem.

1589 266 1675 331 DE
1718 270 2101 335 P.\TIENTIA,
2145 268 2203 323 S.
2244 268 2611 325 AL'GUSTINI
3614 264 3703 321 616

2157 390 2442 445 subtractis
2472 396 2633 446 rebus
2653 404 2784 461 quas
2808 388 2982 460 magni
3010 386 3246 459 pendere
3269 384 3507 443 homines
3530 388 3706 454 solent,

2153 481 2521 553 frangeretur,
2567 492 2620 538 et
2663 482 2919 537 adversus
2959 482 3125 535 Deum
3172 480 3469 550 loqueretur
3504 480 3706 551 aliquid,

2151 575 2236 627 nis
2284 576 2492 629 amissis
2545 584 2760 644 propter
2823 590 2941 644 qua:
3006 574 3151 628 illum
3197 572 3373 628 colere
3430 573 3709 643 putabatur.

2154 666 2444 719 Percussus
2472 676 2553 719 est
2581 668 2740 719 etiam
2766 654 3003 719 omnium
3024 664 3195 719 subita
3228 664 3455 719 orbitate
3481 664 3707 733 ﬁliorum,

2156 766 2212 809 ut
2240 771 2371 824 quos
2412 756 2716 824 singillatim
2748 764 3089 823 susceperat,
3136 755 3293 809 simul
3324 754 3585 823 perderet,
3610 766 3711 811 tan-

2156 862 2311 916 quam
2334 863 2515 901 eorum
2545 847 2901 901 numerositas
2921 887 2936 911 ,
2965 861 3069 898 non
3100 845 3240 899 unde.
3265 844 3489 898 felicitas
3514 860 3711 901 ornare-

2158 945 2242 991 tur
2287 937 2584 1002 exstiterit,
2630 936 2725 990 sed
2772 936 2912 990 unde
2953 935 3232 989 calamitas
3280 944 3580 1003 augeretur.
3626 935 3712 991 Ubi

2156 1037 2331 1082 autem
2370 1028 2465 1080 ista
2509 1041 2794 1096 perpessus
2834 1027 2885 1079 in
2920 1026 3028 1080 Deo
3057 1040 3156 1080 suo
3196 1028 3394 1080 mansit
3429 1026 3717 1092 immobilis,

2157 1120 2272 1185 ejus
2297 1117 2489 1171 affixus
2515 1126 2595 1171 est
2622 1117 2876 1170 voluntati
2904 1158 2919 1180 ,
2954 1132 3114 1186 quem
3156 1133 3260 1170 non
3292 1127 3473 1185 posset
3500 1118 3715 1173 amittere

2159 1210 2259 1263 nisi
2290 1209 2504 1278 propria
2543 1209 2849 1272 voluntate;
2899 1216 2952 1261 et
2989 1222 3084 1276 pro
3127 1208 3190 1261 iis
3219 1223 3339 1276 qua:
3367 1207 3589 1275 perdidit
3613 1224 3715 1263 eum

2159 1300 2246 1370 qui
2275 1300 2492 1355 abstulit
2520 1300 2713 1361 tenuit,
2760 1301 2810 1352 in
2853 1316 2957 1370 quo
3004 1300 3266 1355 inveniret
3304 1300 3446 1370 quod
3476 1317 3714 1369 nunquam

2163 1392 2375 1460 periret.
2418 1390 2597 1460 Neque
2635 1391 2777 1445 enim
2820 1390 2905 1444 ille
2946 1390 3237 1444 abstulerat
3262 1391 3352 1460 qui
3383 1392 3608 1446 nocendi
3635 1392 3716 1446 ha-

2161 1482 2273 1535 buit
2300 1483 2624 1536 voluntatem
2646 1522 2661 1547 ,
2692 1481 2783 1535 sed
2812 1482 2898 1535 ille
2924 1482 3016 1551 qui
3044 1480 3262 1536 dederat
3291 1490 3628 1551 potestatem.

2229 1573 2453 1629 CAPUT
2483 1573 2596 1627 XII.
2624 1603 2692 1614 ——
2728 1572 2825 1625 Job
2855 1574 3050 1627 cautior
3078 1572 3294 1627 Artamo.
3329 1575 3625 1643 Aggressus
3648 1586 3717 1630 est

2162 1666 2405 1720 inimicus
2446 1675 2499 1721 et
2540 1680 2773 1735 corpus,
2824 1682 2921 1720 nec
2964 1682 3027 1720 ea
3070 1681 3188 1735 qutn
3233 1666 3436 1721 homini
3487 1669 3714 1723 extrinse-

2162 1773 2254 1811 cus
2286 1758 2527 1821 inerant,
2582 1757 2675 1810 sed
2717 1757 2887 1825 ipsum
2914 1756 3021 1825 jam
3067 1758 3335 1813 hominem
3368 1758 3420 1812 in
3448 1773 3555 1828 qua
3580 1762 3716 1828 potuit

2165 1858 2313 1919 parte
2357 1848 2637 1918 percussit.
2682 1849 2722 1901 A
2753 1848 2925 1918 capite
2969 1864 3137 1918 usque
3174 1849 3237 1901 ad
3286 1849 3447 1917 pedes
3501 1851 3715 1907 ardebant

2163 1940 2374 1994 dolores
2395 1980 2409 2004 ,
2443 1939 2716 1993 scatebant
2738 1953 2975 2003 vermes,
3007 1940 3182 1993 sanies
3206 1938 3484 1993 defluebat
3524 1958 3536 1994 :
3567 1958 3707 1995 tuane-

2164 2031 2251 2084 bat
2279 2031 2327 2083 in
2363 2031 2497 2098 putri
2540 2044 2762 2097 corpore
2800 2029 3007 2082 animus
3052 2028 3254 2098 integer
3277 2069 3291 2091 ,
3343 2029 3710 2099 horrendosque

2163 2123 2428 2178 cruciatus
2478 2122 2652 2177 carnis
2696 2120 3123 2176 eontabescentis
3168 2120 3413 2173 inviolata
3461 2122 3643 2190 pietate
3676 2133 3719 2177 et

2163 2216 2466 2283 incorrupta
2489 2212 2742 2284 patientia
2770 2210 3087 2280 perferebat.
3122 2210 3319 2265 Aderat
3344 2228 3487 2265 uxor
3508 2254 3521 2278 ,
3550 2228 3633 2266 uec
3658 2211 3717 2267 fed

2168 2304 2321 2360 rebat
2344 2319 2500 2373 opem
2526 2303 2757 2373 aliquam
2782 2303 2896 2357 viro
2916 2344 2930 2365 ,
2963 2302 3056 2356 sed
3085 2304 3135 2356 in
3167 2303 3332 2357 Deum
3365 2302 3719 2372 blasphemiam

2163 2396 2496 2466 suggerebat.
2521 2393 2635 2448 Non
2667 2396 2808 2448 enim
2833 2409 2949 2448 eam
2976 2393 3237 2458 diabolus,
3269 2409 3391 2447 cum
3422 2396 3588 2449 etiam
3611 2395 3719 2449 filios

2162 2488 2509 2555 abstulisset,
2562 2497 2812 2557 tanquam
2862 2487 3086 2541 nocendi
3120 2488 3395 2557 imperitus
3424 2491 3717 2559 reliquerat;

2164 2597 2282 2651 quae
2310 2589 2569 2651 quantum
2600 2588 2745 2634 esset
2776 2580 3074 2634 necessaria
3109 2582 3357 2635 tentatori
3378 2624 3392 2646 ,
3421 2583 3540 2651 jam
3567 2584 3613 2636 in
3638 2583 3719 2636 Era

2163 2674 2419 2728 didicerat
2447 2670 2598 2741 (Gen.
2631 2688 2723 2737 ιιι,
2759 2672 2888 2742 Hi).
2944 2672 3051 2727 Sed
3096 2672 3254 2727 modo
3290 2674 3525 2729 alterum
3564 2674 3719 2735 Adam.

2164 2781 2319 2835 quem
2346 2780 2441 2835 per
2464 2764 2740 2818 mulierem
2768 2772 3013 2833 caperet,
3050 2780 3159 2843 non
3198 2764 3503 2819 invenerat.
3544 2766 3723 2820 Cautior

2166 2857 2264 2911 fuit
2308 2858 2408 2911 iste
2457 2856 2508 2909 in
2537 2855 2813 2911 doloribus
2838 2897 2853 2922 ,
2901 2871 3058 2925 quam
3090 2855 3179 2909 ille
3209 2856 3260 2909 in
3290 2858 3631 2912 nemoribus:
3655 2858 3724 2912 ille

2169 2948 2339 3001 victus
2363 2954 2446 3001 est
2477 2947 2527 2999 in
2568 2945 2802 3009 deliciis,
2851 2946 2954 3000 iste
2999 2946 3124 2999 vicit
3159 2946 3210 2999 in
3241 2946 3444 3016 prunis;
3486 2947 3725 3004 consensit

2167 3041 2253 3095 ille
2277 3039 2703 3104 oblectamentis,
2742 3054 2845 3093 non
2874 3039 3033 3092 cessit
3061 3039 3160 3092 iste
3188 3042 3491 3095 tormentis.
3523 3040 3725 3095 Aderant

2167 3141 2220 3186 et
2239 3132 2417 3197 amici,
2446 3146 2549 3184 non
2575 3130 2698 3183 utin
2722 3131 2873 3184 malis
2898 3128 3325 3196 consolarentur,
3351 3133 3445 3187 sed
3475 3144 3534 3187 ut
3555 3134 3721 3186 malum

2168 3222 2586 3293 suspicarentur.
2620 3221 2798 3291 Neque
2823 3222 2965 3277 enim
2992 3238 3113 3278 eum
3136 3229 3222 3293 qui
3255 3232 3398 3277 tanta
3429 3225 3721 3293 patiebatur,

2168 3314 2504 3367 innocentem
2538 3328 2657 3368 esse
2685 3313 3009 3377 credebant,
3054 3328 3153 3368 nec
3196 3315 3406 3368 tacebat
3427 3330 3608 3369 eorum
3635 3316 3721 3368 lin-

2167 3421 2265 3475 gua
2309 3405 2448 3475 quod
2498 3405 2639 3458 illius
2679 3404 3004 3458 conscientia
3049 3418 3152 3459 non
3202 3405 3467 3470 habebat;
3518 3415 3565 3459 ut
3601 3406 3721 3459 inter

2171 3498 2433 3551 immanes
2458 3496 2725 3550 cruciatus
2748 3496 2989 3565 corporis
3012 3538 3027 3563 ,
3058 3498 3217 3551 etiam
3241 3497 3387 3552 falsis
3412 3500 3605 3553 animus
3628 3512 3696 3552 ea:

2168 3587 2384 3641 deretur
2409 3585 2731 3656 opprobriis.
2758 3588 2826 3640 At
2852 3586 2939 3640 ille
2967 3588 3236 3641 sustinens
3264 3588 3314 3641 in
3335 3603 3500 3644 carne
3535 3589 3727 3643 dolores

2168 3694 2293 3734 suos
2316 3721 2332 3745 ,
2381 3680 2433 3733 in
2462 3678 2624 3733 corde
2668 3693 2882 3733 errores
2926 3678 3133 3733 alienos
3156 3721 3169 3741 ,
3210 3679 3455 3750 conjugis
3494 3682 3723 3751 eorripie~

2168 3774 2259 3829 bat
2286 3774 2642 3843 insipientiam
2663 3814 2677 3838 ,
2707 3772 2909 3826 amicos
2936 3772 3161 3828 docebat
3190 3774 3506 3842 sapientiam
3528 3816 3542 3839 ,
3574 3788 3726 3828 semi-

2169 3863 2258 3918 bat
2293 3862 2484 3932 ubique
2506 3862 2831 3930 patientiam.

2240 3954 2463 4010 CAPUT
2493 3953 2632 4008 Xlll.
2664 3984 2735 3995 —
2780 3954 2864 4010 10.
2898 3954 3221 4026 Impatientia
3246 3954 3629 4009 Donatistarum
3650 3953 3727 4006 sibi

2170 4062 2349 4100 manus
2394 4045 2749 4112 offerentium,
2804 4047 3007 4116 quando
3041 4064 3073 4100 a
3110 4047 3384 4101 Catholicis
3431 4056 3726 4118 qumntar.

2171 4138 2323 4192 Hune
2349 4136 2654 4191 intueantur
2673 4178 2687 4203 ,
2729 4138 2817 4207 qui
2845 4137 2942 4190 sibi
2973 4138 3218 4207 ingerunt
3247 4148 3513 4203 mortem,
3540 4136 3730 4207 quando

2172 4237 2484 4300 quaeruntur
2505 4228 2570 4283 ad
2604 4231 2800 4290 vitam;
2848 4237 2902 4283 et
2943 4230 3043 4283 sibi
3082 4230 3372 4284 auferendo
3411 4240 3729 4299 praesentem,

2172 4320 2435 4390 abnegant
2465 4329 2520 4375 et
2549 4319 2793 4373 futuram.-
2834 4319 2935 4388 Qui
2964 4320 3007 4373 si
3036 4321 3101 4373 ad
3130 4320 3399 4375 Christum
3428 4321 3728 4392 negandum.

2173 4413 2255 4468 vel
2281 4413 2476 4482 aliquid
2498 4423 2679 4467 contra
2698 4413 2953 4479 justitiam
2978 4412 3296 4479 faciendum,
3320 4415 3459 4468 sicut
3479 4416 3588 4469 veri
3619 4429 3733 4466 mar-

2175 4511 2336 4573 tyres,
2360 4511 2694 4572 cogerentur,
2718 4504 2894 4556 omnia
2919 4504 3090 4573 potius
3117 4504 3377 4572 patienter
3404 4504 3562 4569 ferre,
3591 4518 3729 4573 quam

2175 4594 2274 4647 sibi
2320 4593 2659 4659 impatienter
2686 4605 2913 4648 mortem
2947 4593 3142 4648 inferre
3171 4595 3486 4649 debuerant.
3523 4595 3669 4664 Quod
3696 4595 3731 4645 si

2175 4684 2542 4754 fugiendorum
2585 4686 2842 4738 malorum
2883 4700 3042 4739 causa
3084 4695 3227 4740 recte
3255 4686 3368 4741 fieri
3406 4699 3621 4756 posset,
3646 4686 3733 4738 Job

2175 4784 2389 4828 sanctus
2430 4790 2489 4829 se
2524 4774 2635 4843 ipse
2667 4775 2988 4845 perimeret,
3042 4784 3099 4829 ut
3130 4786 3269 4830 tanta
3315 4778 3451 4830 mala
3492 4776 3542 4829 in
3590 4776 3733 4831 rebus

2175 4866 2304 4929 suis,
2330 4865 2381 4918 in
2406 4864 2524 4919 ﬁliis
2553 4868 2694 4931 suis,
2734 4866 2784 4919 in
2812 4867 3066 4921 membris
3095 4867 3225 4933 suis,
3268 4867 3541 4922 diabolica:
3569 4865 3736 4921 crude-

2178 4958 2337 5011 litatis
2360 4958 2635 5028 effugeret.
2665 4958 2778 5011 Non
2810 4968 2984 5012 autem
3014 4959 3154 5014 fecit.
3184 4961 3337 5015 Absit
3369 4962 3503 5015 enim
3532 4969 3590 5014 ut
3617 4960 3663 5012 in
3687 4972 3737 5011 se

2174 5049 2529 5103 committeret
2567 5049 2678 5118 ipse
2716 5050 2796 5103 vir
2823 5051 3067 5118 sapiens,
3108 5052 3248 5122 quod
3290 5069 3389 5108 nec
3417 5053 3601 5107 mulier
3624 5064 3739 5115 sug-

2174 5140 2337 5207 gessit
2362 5140 2642 5209 insipiens.
2681 5138 2812 5205 Quia
2841 5141 2960 5195 etsi
2989 5143 3358 5211 suggessisset,
3382 5143 3565 5198 merito
3584 5150 3639 5195 et
3664 5139 3741 5193 hic

2177 5231 2304 5285 illud
2326 5231 2577 5297 audisset,
2602 5232 2743 5301 quod
2762 5233 2961 5287 audivit
2981 5235 3311 5303 suggerendo
3333 5232 3735 5303 blasphemiam:

2176 5322 2370 5376 Locuta
2404 5339 2455 5375 es
2479 5331 2713 5392 tanquam
2748 5340 2849 5377 una
2882 5340 2943 5378 ea:
2968 5324 3313 5394 insipientibus
3342 5323 3643 5380 inulieribus.
3684 5318 3736 5374 Si

2180 5415 2308 5467 bona
2332 5414 2649 5480 suscepimus-
2668 5414 2730 5468 de
2756 5431 2908 5468 manu
2939 5415 3164 5479 Domini,
3207 5418 3343 5470 mala
3372 5433 3466 5471 non
3482 5411 3735 5468 sustinebi-

2178 5520 2287 5557 mus
2333 5502 2475 5571 (Job.
2504 5520 2554 5568 l,
2586 5520 2658 5569 ιι,
2691 5504 2845 5575 etc.)?
2902 5506 2962 5559 Et
3009 5507 3120 5575 ipse
3153 5509 3166 5537 ¹
3199 5508 3391 5576 quippe
3440 5502 3732 5576 patientiam

2179 5595 2527 5666 perdidisset,
2560 5597 2670 5650 sive
2701 5598 3156 5675 blasphemando,
3201 5602 3336 5655 sient
3376 5601 3456 5654 illa
3481 5596 3727 5657 voluerat.

2245 5708 2260 5738 ί
2298 5713 2473 5756 Novem
2496 5712 2626 5765 uss,
2650 5713 2701 5757 Et
2734 5707 2901 5769 ipsam.
