3904 6362
215 258 294 316 bl?
1626 259 1824 318 LIBER
1866 262 2059 321 UNUS.

214 378 305 432 sive
323 372 777 438 seinterﬁciendo,
799 372 945 444 quod
974 388 1070 429 nec
1091 373 1175 428 illa
1202 388 1329 429 ausa
1349 371 1525 430 fuerat
1561 378 1762 444 dicere,

218 479 463 525 moreretur
493 484 510 522 :
536 477 703 538 atque
742 475 888 522 esset
926 466 1065 521 inter
1091 466 1207 521 illos
1236 465 1301 521 de
1343 467 1533 536 quibus
1563 467 1762 523 dictum

219 572 302 631 est,
346 560 418 615 Vir
450 561 515 615 iis
536 562 625 632 qui
657 560 987 632 perdiderunt
1012 560 1303 630 patientiam
1337 559 1521 631 (Eccli.
1550 578 1607 622 ιι.
1637 563 1760 634 l6)!

216 666 255 705 et
278 662 466 725 augeret
494 654 675 722 potius
701 668 859 722 quam
890 650 1141 707 evaderet
1168 665 1356 722 pmnas
1376 694 1389 717 ,
1417 652 1507 722 qui
1534 662 1652 723 post
1680 654 1764 710 sui

219 750 411 816 corporis
439 755 693 811 mortem,
725 747 838 800 sive
861 744 930 800 ad
954 744 1410 815 blasphemorum,
1434 747 1547 802 sive
1575 747 1641 802 ad
1669 747 1765 802 ho-

224 841 478 895 micidarum
499 880 515 906 ,
558 839 647 894 vel
679 840 839 893 etiam
873 837 991 908 plus
1015 850 1173 907 quam
1215 837 1597 907 parricidarum
1633 855 1762 910 sup-

228 934 340 998 plicia
365 941 651 1002 raperetur.
698 930 757 985 Si
782 930 927 985 enim
956 927 1216 999 parricida
1249 945 1314 985 eo
1343 930 1652 987 sceleratior
1678 941 1763 987 est

223 1042 344 1094 quam
370 1027 579 1097 quilibet
605 1024 906 1091 homicida,
949 1024 1069 1093 quia
1108 1039 1214 1078 non
1239 1032 1439 1078 tantum
1468 1024 1759 1093 hominem,

225 1133 365 1172 verum
384 1119 533 1173 etiam
555 1118 917 1189 propinquum
947 1126 1143 1182 necat;
1182 1116 1344 1187 inque
1384 1117 1513 1186 ipsis
1544 1118 1760 1187 parrici-

224 1208 299 1273 dis,
327 1222 502 1281 quanto
531 1210 968 1281 propinquiorem
1007 1208 1229 1279 quisque
1272 1210 1581 1279 peremerit,
1617 1219 1761 1265 tanto

218 1300 433 1367 judicatur
465 1302 795 1358 immanior:
826 1302 942 1356 sine
976 1300 1138 1355 dubio
1167 1300 1321 1371 pejor
1356 1310 1438 1356 est
1467 1304 1556 1371 qui
1587 1318 1644 1357 se
1672 1318 1763 1358 oc-

219 1390 346 1457 cidit;
393 1393 511 1463 quia
560 1406 724 1447 nemo
765 1397 849 1445 est
880 1388 1083 1445 homini
1124 1405 1182 1445 se
1227 1375 1343 1461 ipso
1393 1391 1757 1461 propinquior.

214 1481 318 1545 Quid
336 1500 454 1554 ergo
480 1483 665 1538 miseri
688 1480 922 1545 faciunt,
955 1481 1044 1551 qui
1070 1496 1189 1535 cum
1220 1489 1276 1536 et
1315 1480 1401 1536 hic
1430 1482 1643 1537 sibimet
1669 1484 1757 1536 in-

205 1584 380 1642 gestas,
431 1585 485 1630 et
531 1584 723 1645 postea
781 1588 889 1627 non
941 1572 1114 1626 solum
1162 1572 1450 1641 impietatis
1503 1572 1761 1627 adversus

201 1661 361 1732 Deum,
389 1667 482 1721 sed
512 1668 677 1721 etiam
711 1664 881 1735 ipsius
910 1678 1067 1733 quam
1096 1662 1148 1716 in
1177 1677 1236 1717 se
1265 1673 1616 1717 exercuerunt
1640 1678 1761 1719 cru-

193 1748 399 1813 delitatis
446 1757 598 1811 luant
641 1756 852 1811 debitas
889 1769 1114 1826 pcenas,
1164 1753 1381 1822 insuper
1423 1764 1665 1824 quaerunt
1706 1763 1761 1810 et

183 1858 459 1923 martyrum
485 1850 685 1922 glorias
704 1850 729 1901 ἲ
756 1863 878 1904 cum
903 1846 1108 1903 etiamsi
1133 1862 1227 1917 pro
1255 1862 1385 1901 vero
1398 1844 1594 1901 Christi
1622 1847 1761 1902 testi-

174 1940 355 1996 IIIonio
388 1940 814 2011 persecutionem
847 1947 1188 2008 paterentur,
1217 1945 1271 1991 et
1294 1952 1353 1992 se
1380 1936 1757 2005 interﬁcerent,
1787 1978 1797 1987 .

176 2033 251 2088 he
297 2032 499 2102 aliquid
539 2048 569 2085 a
595 2031 1015 2101 persecutoribus
1068 2038 1377 2099 paterentur
1405 2071 1420 2097 ,
1464 2038 1608 2085 recte
1654 2030 1758 2085 illis

191 2124 482 2191 diceretur,
540 2124 628 2179 Vm
650 2127 707 2180 iis
741 2126 814 2195 qui
859 2123 1187 2196 perdiderunt
1227 2123 1558 2194 patientiam!
1608 2122 1756 2191 Quo-

190 2216 345 2272 modo
384 2217 525 2272 enim
560 2216 759 2286 justum
800 2217 814 2247 ¹
856 2215 1135 2285 prmmium
1182 2215 1449 2283 patientiae
1496 2213 1754 2281 redditur,

183 2310 222 2364 si
250 2321 302 2365 et
338 2310 620 2379 impatiens
649 2308 823 2378 paSsio
865 2305 1187 2362 coronatur?
1230 2306 1336 2361 Aut
1374 2304 1642 2376 quomodo
1672 2305 1756 2360 in-

179 2417 366 2457 nocens
380 2401 712 2473 judicabitur
731 2441 747 2465 ,
775 2399 862 2455 cui
884 2400 1083 2454 dictum
1111 2408 1215 2465 est,
1252 2398 1441 2469 Diliges
1472 2399 1756 2468 proximum

184 2504 312 2551 tum
338 2498 470 2552 sicut
494 2507 543 2550 te
567 2496 737 2564 ipsum
774 2493 989 2568 (Malh.
1016 2508 1131 2560 nx,
1161 2491 1250 2563 l9)
1277 2530 1295 2559 ,
1339 2491 1385 2546 si
1412 2491 1755 2546 homicidium

182 2589 448 2643 committit
486 2588 541 2642 in
584 2602 650 2643 se
689 2587 845 2658 ipso,
886 2584 1030 2657 quod
1067 2584 1401 2641 committere
1442 2583 1757 2654 prohibetur

184 2678 223 2733 in
247 2681 527 2751 proximo?

237 2770 458 2828 CAPUT
495 2769 640 2827 XIV.
666 2799 743 2812 —
783 2770 875 2826 il.
916 2767 1177 2824 Patientia
1216 2767 1483 2824 bonorum.
1524 2767 1758 2824 Audiant

183 2874 301 2933 ergo
320 2864 476 2918 sancti
503 2863 573 2918 de
598 2862 893 2934 Scripturis
921 2862 1119 2917 sanctis
1149 2868 1413 2932 praecepta
1436 2858 1706 2930 patientia:
1737 2875 1753 2914 :

181 2950 313 3020 Fili,
364 2957 600 3010 accedens
659 2956 729 3007 ad
738 3018 745 3021 _
775 2954 1058 3009 servitutem
1114 2950 1246 3020 Dei,
1304 2962 1381 3006 sta
1442 2952 1495 3005 in
1554 2951 1757 3023 justitia

178 3050 217 3091 et
243 3044 453 3108 timore,
482 3050 526 3095 et
572 3056 812 3111 prtepara
853 3040 1075 3092 animam
1114 3048 1251 3091 tuam
1286 3036 1354 3090 ad
1393 3038 1712 3091 tentationem
1738 3050 1759 3092 .'

178 3128 401 3201 deprime
425 3148 504 3185 cor
527 3140 710 3197 tuum,
733 3140 780 3184 et
803 3130 1027 3193 sustine;
1063 3137 1118 3181 ut
1158 3136 1348 3182 crescat
1380 3127 1435 3180 in
1474 3127 1756 3181 novissimis

177 3223 276 3276 sita
298 3234 405 3276 tua.
431 3222 583 3278 Omne
602 3223 742 3292 quod
763 3220 849 3275 tibi
871 3219 1211 3291 supervenerit
1229 3219 1418 3289 accipe,
1445 3228 1491 3271 et
1512 3219 1564 3272 in
1586 3219 1759 3273 dolore

172 3317 364 3371 sustine
384 3359 399 3385 ,
421 3328 465 3371 et
492 3318 545 3370 in
576 3315 864 3369 humilitate
895 3323 983 3366 tua
1009 3313 1302 3383 patientiam
1328 3312 1471 3365 habe.
1506 3311 1758 3379 Quoniam

167 3403 215 3459 in
242 3410 369 3480 igne
398 3411 637 3477 probatur
676 3423 861 3460 aurum
887 3414 931 3459 et
957 3414 1252 3474 argentum,
1284 3403 1509 3457 homines
1537 3419 1652 3457 vero
1678 3420 1759 3456 rev

166 3502 507 3570 ceptibilcsin
524 3502 717 3554 camino
742 3498 1107 3552 humiliationis
1130 3494 1319 3567 (Eccli.
1344 3510 1410 3560 tt,
1444 3496 1588 3564 1-5).
1612 3494 1680 3548 Ει
1706 3495 1755 3549 in

164 3586 300 3644 loco
329 3591 440 3645 alio
459 3592 637 3660 legitur
663 3600 675 3644 ὲ
706 3590 815 3644 Fili
837 3633 851 3656 ,
886 3605 947 3643 ne
968 3589 1172 3656 deﬁcias
1199 3588 1253 3640 in
1277 3586 1548 3658 disciplina
1576 3584 1757 3639 Domi-

164 3684 219 3734 ni
238 3728 253 3749 ,
287 3702 456 3753 neque
480 3686 699 3757 [aligeris
727 3701 839 3737 cum
867 3683 929 3735 ab
968 3682 1058 3735 illo
1092 3681 1389 3751 increparis.
1432 3679 1590 3746 Quem
1624 3680 1759 3733 enim

165 3772 340 3848 diligit
375 3776 633 3841 Dominus,
660 3775 869 3845 corripit
893 3793 911 3840 ;
934 3772 1157 3844 ﬂagellat
1184 3782 1350 3825 autem
1373 3787 1571 3826 omnem
1595 3771 1759 3840 [ilium

166 3885 320 3936 quens
336 3875 507 3945 recipit
530 3873 712 3945 (Prov.
734 3888 812 3938 ιιι,
834 3873 892 3926 Η
915 3881 966 3924 et
982 3869 1093 3941 η).
1117 3867 1269 3935 Quod
1291 3868 1378 3921 hic
1402 3865 1631 3937 positum
1655 3872 1756 3929 est,

170 3962 349 4028 ﬁlium
368 3983 500 4035 quem
526 3966 735 4035 recipit;
757 3964 857 4017 hoc
890 3962 942 4016 in
974 3975 1133 4031 supra
1158 3960 1301 4014 dicto
1324 3956 1756 4037 testimonioest,

184 4052 411 4110 homines
440 4055 767 4128 receptibiles.
806 4054 917 4109 Hoc
946 4054 1086 4108 enim
1114 4052 1313 4121 justum
1338 4057 1450 4115 est,
1481 4058 1540 4103 ut
1568 4045 1660 4117 qui
1689 4044 1759 4101 de

196 4146 409 4216 pristina
434 4151 677 4206 felicitate
708 4148 934 4219 paradisi
962 4155 1184 4218 propter
1223 4154 1591 4200 contumacem
1623 4140 1759 4195 deli—

198 4240 390 4295 ciarum
437 4242 789 4313 appetentiam
838 4239 1043 4294 dimissi
1089 4252 1315 4300 sumus,
1360 4250 1457 4305 per
1505 4232 1757 4287 humilem

198 4334 538 4389 molestiarum
587 4334 895 4405 patientiam
942 4330 1260 4400 recipiamur
1305 4345 1319 4381 :
1364 4325 1579 4396 fugaces
1619 4322 1760 4377 mala

198 4424 453 4493 faciendo,
483 4429 705 4483 reduces
728 4424 864 4479 mala
888 4422 1171 4493 patiendo;
1201 4419 1271 4473 ibi
1295 4428 1482 4474 contra
1500 4416 1760 4488 justitiam

196 4515 476 4587 facientes,
498 4521 579 4574 hic
610 4534 709 4591 pro
735 4517 939 4586 jnstitia
965 4514 1248 4584 patientes.

280 4609 480 4667 CAPUT
504 4610 619 4665 XV.
637 4609 812 4663 -12.
837 4605 1090 4660 Patientia
1112 4621 1210 4658 non
1230 4602 1359 4656 venit
1379 4616 1443 4655 ea:
1463 4599 1605 4654 liberi
1628 4598 1767 4652 arbi-

196 4702 297 4756 trii
316 4705 504 4768 viribus,
522 4704 609 4758 sed
630 4720 692 4757 ex
712 4702 882 4755 divino
909 4699 1185 4769 adjutorio.
1220 4694 1325 4751 Sed
1355 4709 1481 4749 vera
1511 4693 1763 4763 patientia

198 4810 327 4864 quae
352 4796 487 4866 hujus
513 4809 595 4854 est
614 4795 834 4851 nomine
860 4793 1017 4862 digna
1043 4790 1274 4852 virtutis,
1298 4786 1644 4858 qumrendum
1682 4792 1766 4839 est

195 4887 347 4942 mide
372 4900 608 4944 sumatur.
642 4888 778 4943 Sunt
817 4884 961 4940 enim
1000 4883 1090 4954 qui
1130 4895 1249 4936 eam
1289 4879 1524 4933 tribuant
1563 4876 1766 4930 viribus

188 4978 473 5035 voluntatis
494 4982 760 5044 humanae,
791 4993 897 5031 non
924 4990 1054 5046 quas
1083 4973 1282 5028 habent
1307 4987 1369 5026 ex
1392 4970 1573 5025 divino
1608 4967 1765 5035 adju-

187 5072 373 5135 torio.
397 5073 478 5128 sed
514 5088 645 5144 quas
679 5087 761 5140 ex,
782 5069 950 5124 libero
987 5065 1229 5121 arbitrio.
1262 5064 1425 5118 Error
1454 5071 1633 5115 autem
1665 5060 1767 5113 iste

182 5166 455 5231 superbus
476 5178 553 5223 est
584 5185 597 5220 :
627 5179 813 5221 eorum
841 5170 924 5217 est
947 5160 1090 5216 enim
1121 5158 1212 5228 qni
1240 5156 1531 5220 abundant,
1556 5154 1621 5209 de
1650 5153 1768 5223 qui-

182 5263 317 5318 bus
334 5258 503 5314 dicitur
526 5260 578 5314 in
602 5258 814 5313 Psalmo
846 5273 860 5307 :
892 5251 1236 5324 Opprobrium
1262 5252 1331 5304 eis
1358 5249 1444 5321 qui
1468 5245 1726 5301 abundant
1749 5286 1767 5312 ,

184 5362 258 5409 et
298 5350 512 5423 despcaio
530 5350 759 5422 superbis
781 5345 952 5421 (Psal.
975 5360 1139 5409 oxxu,
1165 5342 1241 5413 4).
1270 5340 1383 5396 Non
1406 5355 1535 5409 ergo
1561 5347 1644 5392 est
1669 5338 1770 5391 ista

190 5442 434 5519 ραιίιιιιὶα
461 5459 741 5517 pauperum
760 5482 776 5506 ,
807 5455 925 5510 qua:
964 5455 1064 5492 non
1099 5437 1224 5504 perit
1248 5436 1300 5489 in
1326 5444 1567 5488 aeternum
1600 5429 1771 5502 (Psal.

188 5537 417 5611 II.l9).
449 5538 510 5593 lli
552 5538 696 5593 enim
736 5544 996 5605 pauperes
1039 5530 1106 5583 ab
1147 5527 1237 5581 illo
1274 5540 1391 5581 eam
1429 5524 1591 5578 divite
1633 5520 1774 5576 acci-

190 5627 367 5703 νίοηι,
392 5632 475 5687 cui
493 5630 690 5685 dicitur
710 5667 726 5693 ,
758 5624 894 5678 Deus
922 5638 1062 5676 meus
1081 5636 1133 5676 es
1154 5628 1241 5684 tu,
1268 5616 1503 5689 quoniam
1531 5615 1775 5669 bonorum

276 5735 377 5797 ‘ua
404 5754 506 5795 atas.
530 5751 588 5794 At
607 5741 748 5801 editi,
769 5741 921 5800 justo.

395 5830 621 5899 Sacr.
662 5828 947 5888 Αυθυετ.
981 5816 1088 5889 γι.

3348 287 3451 348 618

1876 398 2098 435 meorum
2120 399 2217 438 non
2245 398 2356 456 eges
2378 385 2546 458 (Psal.
2577 406 2660 455 xv,
2684 394 2770 463 ‘2);
2792 408 2821 446 a
2850 410 2954 465 quo
2980 407 3063 453 est
3082 410 3241 455 omne
3260 399 3442 458 datum

1873 473 2161 566 optimum,
2191 484 2244 530 et
2267 491 2426 534 omne
2454 480 2651 537 donum
2687 485 2974 554 perfectum
3004 488 3210 559 (Jacobi
3228 508 3276 559 ι,
3311 494 3399 566 17)
3425 511 3441 560 ;

1872 563 1937 617 ad
1959 581 2115 635 quem
2137 567 2331 624 clamat
2362 586 2560 642 egenus
2586 584 2641 630 et
2666 591 2886 648 pauper,
2921 580 3010 651 qui
3038 582 3216 639 laudat
3249 563 3443 641 nomen

1872 654 1986 724 ejus
2009 696 2025 722 ,
2054 667 2107 712 et
2134 659 2364 728 petendo
2385 703 2400 729 ,
2427 666 2714 734 quaerendo
2736 708 2751 734 ,
2785 670 3070 738 pulsando,
3100 672 3229 730 dicit
3261 692 3275 729 :
3306 676 3444 732 Deus

1870 761 2010 800 meus
2029 788 2044 811 ,
2069 748 2204 818 eripe
2232 768 2309 804 me
2334 753 2397 807 de
2421 771 2572 808 manu
2609 761 2887 826 peccatoris
2906 802 2923 827 ,
2951 772 2996 815 et
3025 764 3087 816 de
3104 781 3256 820 manu
3285 769 3442 838 legem

1871 842 2218 906 praztereuntis
2246 852 2293 897 et
2331 845 2489 915 iniqui
2522 865 2540 901 :
2565 851 2803 918 quoniam
2840 862 2893 906 tu
2925 870 2977 907 es
3017 858 3259 925 patientia
3298 878 3438 927 mea,

1868 925 2104 995 Domine,
2133 949 2245 1003 spes
2270 951 2381 989 mea
2407 953 2437 989 a
2460 939 2715 1006 iuventute
2742 959 2854 997 mea
2883 943 3052 1013 (Psal.
3078 963 3204 1012 ιιι,
3235 950 3270 1003 4
3294 961 3340 1003 et
3361 925 3439 1021 5).

1868 1016 1958 1073 lsti
1988 1031 2166 1085 autem
2193 1024 2281 1093 qui
2312 1026 2605 1093 abundant,
2628 1041 2681 1085 et
2701 1047 2859 1102 egere
2879 1034 2944 1089 ad
2967 1035 3129 1091 Deum
3154 1016 3445 1109 dedignan-

1870 1117 1982 1177 tur,
2013 1128 2080 1167 ne
2108 1113 2175 1169 ab
2202 1114 2294 1169 illo
2332 1118 2593 1188 accipiant
2630 1136 2811 1177 veram
2858 1125 3199 1194 patientiam,
3243 1129 3311 1184 de
3347 1146 3442 1185 sua

1866 1199 1999 1256 falsa
2019 1202 2338 1273 gloriantes,
2367 1210 2645 1265 consilium
2671 1212 2844 1282 inopis
2884 1216 3068 1270 volunt
3091 1218 3442 1287 confundere,

1866 1295 2114 1363 quoniam
2150 1296 2409 1354 Dominus
2447 1315 2571 1372 spes
2599 1302 2714 1372 ejus
2744 1314 2826 1359 est
2857 1304 3027 1376 (Psal.
3061 1325 3150 1362 xm
3170 1351 3186 1375 ,
3227 1310 3305 1381 6).
3334 1311 3444 1366 Nec

1866 1387 2146 1443 attendunt
2165 1405 2284 1445 cum
2309 1391 2552 1447 homines
2584 1403 2742 1462 sunt,
2766 1405 2821 1451 et
2841 1414 2971 1465 suae,
2996 1399 3047 1453 id
3068 1410 3169 1467 est,
3195 1400 3443 1457 humana:

1865 1480 2124 1537 voluntati
2153 1493 2353 1539 tantum
2385 1486 2641 1553 tribuunt,
2675 1488 2727 1542 in
2751 1488 2877 1543 illud
2906 1506 2963 1545 se
2990 1492 3261 1549 incurrere
3298 1494 3441 1564 quod

1865 1571 2118 1641 scriptum
2146 1582 2230 1628 est
2259 1593 2271 1628 :
2304 1575 2609 1631 Maledictus
2635 1579 2796 1633 omnis
2825 1581 2912 1650 qui
2949 1599 3091 1651 spem
3118 1600 3265 1637 suam
3303 1588 3445 1655 ponit

1864 1661 1917 1715 in
1941 1662 2141 1718 homine
2163 1664 2374 1737 (Jerem.
2400 1684 2533 1736 xvu,
2564 1667 2644 1741 5).
2670 1669 2819 1726 Unde
2839 1672 3044 1728 etiamsi
3074 1674 3151 1729 eis
3170 1677 3444 1746 contingat

1864 1762 1922 1807 ut
1949 1753 2125 1824 aliqua
2156 1755 2287 1809 dura
2317 1766 2372 1811 et
2393 1773 2611 1828 aspera,
2638 1762 2721 1815 vel
2762 1776 2831 1817 ne
2868 1762 3185 1831 displiceant
3210 1765 3446 1821 homini-

1862 1844 1991 1913 bus,
2024 1848 2105 1901 vel
2135 1864 2201 1903 ne
2226 1851 2469 1919 graviora
2501 1852 2798 1921 patiantur,
2827 1855 2909 1909 vel
2949 1856 3050 1911 sibi
3089 1857 3348 1927 placendo
3387 1866 3446 1913 et

1862 1937 2090 1993 amando
2110 1942 2573 2011 prmsumptionem
2598 1960 2749 1998 suam
2768 1986 2784 2011 ,
2807 1945 2990 2001 eadem
3024 1947 3135 2016 ipsa
3165 1950 3445 2019 superbis-

1864 2029 1996 2085 sima
2034 2032 2305 2087 voluntate
2344 2034 2671 2102 sustineant;
2700 2036 2801 2091 hoc
2831 2038 2936 2092 illis
2959 2038 3239 2094 dicendum
3269 2051 3352 2096 est
3376 2042 3446 2098 de

1864 2121 2138 2189 patientia,
2168 2124 2307 2193 quod
2330 2125 2397 2180 de
2424 2127 2681 2195 sapientia
2704 2128 2888 2183 beatus
2914 2128 3141 2185 Jacobus
3170 2134 3442 2201 apostolus

1862 2212 1991 2267 dicit
2017 2231 2029 2266 :
2062 2213 2182 2268 Non
2209 2225 2280 2283 cst
2305 2216 2401 2270 ista
2423 2219 2673 2286 sapientia
2701 2219 2962 2273 desursum
2992 2220 3328 2289 descendens;
3355 2223 3445 2278 sed

1864 2314 2077 2371 terrena,
2108 2308 2345 2361 animalis
2367 2350 2382 2373 ,
2422 2309 2671 2363 diabolica
2693 2310 2895 2379 (Jacobi
2919 2328 2994 2377 ut,
3032 2311 3140 2382 l5).
3170 2311 3277 2368 Cur
3299 2314 3444 2369 enim

1863 2411 1970 2451 non
1998 2397 2066 2451 sit
2091 2397 2439 2467 superborum
2470 2398 2598 2453 falsa
2621 2399 2897 2470 patientia,
2929 2402 3060 2456 sicut
3088 2403 3443 2472 superborum

1862 2496 1946 2542 est
1974 2488 2103 2542 falsa
2132 2489 2387 2559 sapientia
2413 2489 2531 2563 (a)?
2556 2492 2598 2545 A
2628 2506 2735 2562 quo
2762 2501 2845 2547 est
2868 2502 3046 2548 autem
3076 2510 3199 2550 vera
3228 2495 3444 2566 sapien-

1863 2580 1957 2647 tia,
1983 2579 2052 2634 ab
2078 2580 2169 2635 illo
2195 2591 2276 2636 est
2300 2591 2354 2637 et
2381 2598 2505 2636 vera
2531 2584 2801 2652 patientia.
2833 2584 2965 2639 Huic
2989 2586 3129 2640 enim
3152 2595 3331 2642 cantat
3353 2587 3444 2643 ille

1861 2671 2052 2741 Spiritu
2082 2687 2279 2743 pauper
2312 2691 2325 2726 :
2358 2671 2467 2727 Deo
2496 2674 2720 2745 subjecta
2746 2685 2817 2729 est
2842 2675 3013 2729 anima
3038 2694 3179 2745 mea,
3204 2680 3443 2749 quoniam

1861 2762 1925 2816 ab
1944 2764 2053 2834 ipso
2083 2772 2155 2817 est
2184 2764 2428 2841 patientia
2453 2781 2562 2818 mea
2590 2763 2756 2835 (Psal.
2787 2782 2873 2821 LXI
2892 2809 2908 2834 ,
2939 2764 3016 2838 6).

1932 2852 2157 2911 CAPUT
2178 2854 2317 2910 XVI.
2337 2886 2407 2895 ——
2421 2857 2506 2910 15.
2524 2855 2752 2926 Objectio
2769 2874 2789 2911 :
2805 2875 2895 2912 cur
2915 2859 3186 2915 voluntatis
3200 2861 3327 2915 vires
3343 2877 3444 2916 non

1861 2945 2110 3015 suﬁiciunt
2138 2946 2206 2997 ad
2236 2946 2529 3014 patiendum
2555 2964 2645 3015 pro
2661 2948 2888 3018 justitia,
2911 2949 3039 3002 sicut
3061 2967 3152 3021 pro
3172 2951 3442 3023 injustitia.

1861 3036 1966 3092 Sed
1997 3037 2322 3107 respondent
2366 3047 2420 3093 et
2449 3039 2738 3109 loquuntur
2778 3039 3014 3095 dicentes
3048 3058 3061 3094 :
3102 3040 3158 3097 Si
3196 3043 3445 3099 voluntas

1864 3126 2097 3183 hominis
2124 3129 2240 3183 sine
2268 3128 2379 3183 ullo
2407 3129 2500 3183 Dei
2528 3128 2794 3197 adjutorio
2823 3131 3025 3185 viribus
3053 3131 3207 3187 liberi
3234 3134 3441 3187 arbitrii

1865 3228 1972 3275 tam
2005 3220 2167 3273 multa
2198 3219 2379 3289 gravia
2407 3228 2461 3274 et
2488 3218 2753 3273 horrenda
2784 3219 3000 3288 perfert,
3027 3222 3138 3275 sive
3162 3221 3439 3289 inanimo,

1864 3311 1976 3366 sive
2005 3312 2055 3365 in
2082 3326 2327 3381 corpore,
2354 3321 2410 3366 ut
2434 3311 2670 3365 mortalis
2700 3314 2821 3366 vitae
2842 3312 2998 3381 hujus
3026 3323 3081 3368 et
3108 3324 3445 3383 peccatorum

1865 3403 2218 3460 delectatione
2248 3404 2584 3475 perfruatur;
2612 3419 2709 3458 cur
2734 3419 2839 3459 non
2861 3405 3051 3461 eodem
3075 3407 3235 3463 modo
3253 3408 3441 3463 eadem

1864 3496 1977 3566 ipsa
2006 3496 2250 3550 voluntas
2276 3495 2507 3551 hominis
2537 3495 2738 3551 eisdem
2768 3496 2968 3551 viribus
3010 3498 3163 3553 liberi
3197 3500 3441 3567 arbitrii,

1865 3603 1971 3642 non
2010 3587 2075 3641 ad
2125 3588 2227 3643 hoc
2271 3596 2587 3658 exspectans
2628 3601 2687 3641 se
2729 3587 2979 3641 divinitus
3021 3588 3293 3658 adjuvari,
3346 3591 3440 3645 sed

1865 3676 1964 3733 sibi
1994 3677 2219 3731 naturali
2247 3678 2598 3747 possibilitate
2622 3675 2895 3732 sufficiens
2914 3719 2930 3742 ,
2957 3680 3214 3751 quidquid
3244 3681 3445 3737 laboris

1866 3772 1952 3827 vel
1984 3770 2185 3825 doloris
2210 3771 2468 3842 ingeritur
2489 3812 2504 3838 ,
2546 3785 2640 3840 pro
2665 3770 2863 3840 justitia
2890 3781 2944 3826 et
2973 3773 3078 3825 vita
3120 3782 3315 3828 aeterna
3352 3790 3448 3845 pa-

1868 3863 2184 3919 tientissime
2222 3863 2486 3919 sustinet?
2525 3864 2605 3916 An
2645 3877 2805 3928 vero,
2835 3863 3111 3933 inquiunt,
3142 3865 3331 3920 idonea
3362 3875 3446 3921 est

1868 3956 2168 4026 iniquorum
2197 3956 2459 4019 voluntas,
2493 3953 2603 4009 Deo
2629 3969 2734 4008 non
2763 3953 3065 4023 adjuvante,
3098 3963 3155 4009 ut
3181 3970 3239 4011 se
3260 3957 3357 4025 ipsi
3390 3956 3445 4011 in

1868 4047 2187 4103 cruciatibus
2214 4061 2312 4116 pro
2339 4044 2646 4115 iniquitate,
2673 4053 2728 4099 et
2753 4053 3035 4114 antequam
3067 4045 3134 4098 ah
3162 4047 3278 4101 aliis
3319 4062 3442 4101 cru-

1868 4139 2080 4194 cientur
2098 4180 2114 4205 ,
2140 4146 2461 4201 exerceant;
2501 4134 2691 4190 idonea
2717 4146 2800 4190 est
2826 4135 3076 4189 voluntas
3101 4152 3279 4191 moras
3317 4140 3445 4194 vitae

1868 4230 2027 4300 hujus
2053 4229 2344 4282 amantium
2368 4268 2384 4292 ,
2417 4235 2474 4280 ut
2502 4227 2612 4279 Deo
2648 4240 2753 4279 non
2783 4225 3098 4293 adjuvante,
3130 4226 3266 4280 inter
3294 4236 3444 4280 atro-

1868 4320 2083 4375 cissima
2110 4326 2164 4372 et
2201 4317 2359 4386 longa
2386 4326 2643 4370 tormenta
2672 4316 2722 4369 in
2761 4315 3040 4369 mendacio
3064 4326 3443 4385 perseverent,

1870 4428 1938 4469 ne
1964 4426 2055 4465 sua
2084 4409 2317 4464 facinora
2344 4408 2657 4462 confitentes
2678 4448 2691 4471 ,
2715 4407 3003 4475 jubeantur
3021 4407 3227 4474 occidi;
3258 4417 3313 4464 et
3338 4425 3449 4468 non

1870 4516 1954 4563 est
1981 4504 2168 4558 idonea
2200 4502 2465 4572 justorum
2497 4501 2743 4555 voluntas
2765 4542 2777 4566 ,
2810 4499 2909 4553 nisi
2946 4499 3024 4554 eis
3055 4500 3193 4556 vires
3219 4502 3454 4572 desuper

1870 4604 2252 4668 suggerantur,
2284 4592 2548 4662 quaslibet
2574 4606 2758 4661 poenas
2777 4632 2791 4655 ,
2820 4591 2903 4646 vel
2944 4591 3109 4660 ipsius
3142 4592 3337 4649 decore
3360 4592 3447 4664 ju-

1872 4688 2053 4750 stitiae,
2084 4686 2168 4741 vel
2196 4692 2408 4739 aeternae
2430 4684 2551 4738 vitae
2579 4699 2759 4738 amore
2788 4682 3058 4753 perferre?

1942 4776 2168 4834 CAPUT
2206 4764 2368 4831 Xvu.
2396 4775 2575 4829 -ι4.
2608 4774 2808 4830 Salutio
2840 4791 2859 4829 .-
2890 4776 3086 4846 iniquos
3124 4776 3359 4832 duritiem
3389 4795 3455 4835 er!

1872 4870 2181 4940 cupiditate,
2209 4868 2318 4938 pios
2360 4867 2707 4938 fortitudinem
2743 4883 2806 4920 ea:
2837 4867 3081 4921 cltaritale
3111 4868 3311 4924 habere.
3339 4869 3451 4925 Pa-

1875 4963 2061 5017 tientia:
2089 4961 2233 5031 falsa:
2257 4959 2435 5029 suﬂicit
2460 4958 2691 5012 voluntas
2719 4958 2960 5023 humana,
2985 4976 3083 5013 non
3110 4970 3278 5015 autem
3298 4977 3454 5018 vera.

1876 5056 1975 5123 Qui
2004 5056 2121 5110 haec
2148 5053 2370 5117 dicunt,
2405 5066 2508 5107 non
2543 5051 2841 5120 intelligunt
2875 5060 2930 5106 et
2955 5067 3220 5122 quemque
3245 5054 3457 5123 iniquo-

1877 5162 1996 5202 rum
2024 5154 2169 5199 tanto
2193 5159 2312 5199 esse
2349 5142 2414 5197 ad
2449 5158 2797 5212 quaecumque
2837 5143 2973 5196 mala
3015 5143 3328 5212 perferenda
3354 5143 3458 5199 du-

1877 5240 2074 5294 riorem
2096 5279 2110 5302 ,
2142 5244 2338 5307 quanto
2364 5238 2418 5291 in
2444 5251 2510 5292 eo
2534 5237 2705 5306 major
2730 5245 2814 5291 est
2842 5236 3109 5305 cupiditas
3149 5237 3363 5303 mundi;
3397 5248 3457 5295 et

1879 5344 2141 5400 quemque
2172 5329 2435 5399 justorum
2482 5335 2627 5382 tanto
2670 5342 2791 5383 esse
2832 5326 2900 5382 ad
2929 5343 3278 5399 quaecumque
3316 5330 3459 5384 mala

1882 5422 2190 5493 perferenda
2215 5421 2510 5487 fortiorem,
2533 5429 2733 5491 quanto
2762 5422 2815 5475 in
2840 5436 2905 5475 eo
2924 5428 3010 5476 est
3032 5421 3202 5491 major
3222 5421 3473 5477 charitas

1934 5600 2019 5711 L(a)
2038 5603 2313 5663 Cyprianus,
2337 5601 2384 5648 in
2419 5597 2504 5649 lib.
2534 5598 2599 5647 de
2631 5605 2756 5648 Bono
2787 5597 3071 5659 patientia}:
3105 5611 3131 5642 α
3149 5597 3193 5644 Si
3214 5596 3459 5669 sapienti.

1972 5662 2031 5711 lic
2065 5674 2181 5711 vera
2215 5676 2310 5711 non
2363 5670 2467 5711 est.
2515 5674 2625 5711 esse
2669 5673 2766 5709 non
2810 5665 2971 5711 potest
3014 5665 3067 5708 et
3108 5670 3226 5708 vera
3265 5665 3459 5711 muen-

1893 5662 2031 5774 sigillo
2065 5662 2181 5711 vera
2215 5676 2310 5712 non
2363 5670 2467 5723 est,
2515 5674 2625 5711 esse
2669 5673 2766 5709 non
2809 5665 2971 5720 potest
3014 5665 3067 5708 et
3108 5670 3226 5708 vera
3263 5662 3459 5722 patien-

1896 5736 1920 5771 ι
1977 5736 2022 5773 a.
2050 5742 2070 5769 ιι

2689 5803 2986 5887 (Vingt.)
