3810 6540
472 516 578 579 619

472 626 590 695 Dei.
619 631 729 690 Sed
767 626 1033 702 Cupiditas
1072 620 1260 682 mundi
1303 616 1510 679 lnitlum
1540 620 1703 676 habet
1729 634 1793 675 ex
1837 618 2056 674 arbitrio

474 726 780 793 voluntatis,
812 734 1152 799 pregressum
1174 732 1240 775 ex
1265 704 1597 793 jucunditate
1623 712 1930 784 voluptatis,
1965 710 2057 767 ﬁr-

477 826 803 875 mamentum
835 828 901 871 ex
928 812 1138 869 vinettlo
1166 806 1568 867 consuetudinis
1597 825 1610 861 :
1634 804 1870 862 Charitas
1891 812 2058 858 autem

475 909 573 965 Dei
594 907 781 975 cli/fusa
800 914 871 961 est
897 903 951 958 in
971 902 1205 958 cordibus
1235 900 1439 966 nostris,
1465 913 1573 953 non
1593 897 1774 968 utique
1795 912 1857 951 ex
1879 894 2056 961 nobis,

476 1000 570 1057 scd
598 1017 686 1074 per
708 996 957 1070 Spiritum
984 1005 1213 1051 sanctum
1238 992 1326 1066 qui
1351 993 1499 1046 datus
1526 1000 1597 1045 est
1634 988 1774 1045 nobis
1800 987 1972 1062 (Rom.
2002 1004 2058 1056 v,

488 1096 567 1166 5).
593 1085 822 1148 Proinde
848 1090 916 1145 ab
943 1086 1035 1146 illo
1065 1097 1147 1145 est
1172 1085 1426 1161 patientia
1453 1083 1748 1159 iustorum,
1778 1099 1873 1155 per
1901 1097 2061 1154 quem

479 1185 789 1243 diffunditur
827 1184 1064 1240 Charitas
1109 1178 1298 1238 eorum
1328 1181 1367 1234 ³.
1396 1178 1564 1248 Quam
1594 1177 1904 1233 charitatem
1950 1175 2065 1229 lan-

481 1279 614 1334 dans
640 1282 797 1353 atque
819 1275 1202 1333 commendans
1224 1270 1532 1345 Apostolus,
1564 1271 1702 1327 inter
1728 1278 1917 1325 caetera
1945 1267 2062 1338 ejus

479 1372 616 1425 bona
642 1367 775 1428 dixit
801 1384 920 1424 eam
958 1376 1013 1423 et
1050 1377 1239 1424 cuncta
1265 1364 1512 1420 sufferre.
1546 1362 1812 1429 Charitas,
1856 1360 2077 1439 inquit,

480 1460 805 1537 magnanima
853 1470 945 1517 est.
993 1458 1059 1516 Et
1104 1460 1262 1532 paulo
1309 1468 1428 1533 post
1471 1458 1547 1513 ait
1589 1474 1602 1510 :
1647 1454 1834 1539 Omnia
1885 1452 2063 1507 tolerat

480 1551 680 1624 (lCor.
706 1568 821 1621 xui,
847 1550 883 1607 4
903 1560 950 1607 ει
975 1548 1053 1624 7).
1084 1550 1290 1619 Quanto
1318 1565 1446 1621 ergo
1471 1547 1641 1618 major
1668 1555 1750 1602 est
1784 1544 1835 1599 in
1866 1539 2076 1598 sanctis

480 1644 715 1703 charitas
754 1644 872 1715 Dei,
910 1654 1055 1702 tanto
1090 1642 1259 1719 magis
1297 1658 1394 1717 pro
1433 1657 1499 1697 eo
1534 1640 1676 1713 quod
1713 1638 1976 1710 diligitur,
2009 1645 2063 1690 et

479 1743 676 1811 quanto
712 1734 884 1807 major
923 1734 1004 1792 est
1045 1736 1098 1792 in
1140 1734 1509 1809 peccatoribus
1548 1732 1808 1804 cupiditas
1847 1728 2060 1796 mundi,

480 1834 630 1883 tanto
655 1828 822 1898 magis
852 1843 949 1899 pro
976 1842 1040 1881 eo
1068 1823 1209 1895 quod
1244 1822 1668 1896 concupiscitur,
1712 1820 1889 1874 omnia
1934 1813 2064 1873 lolc-

478 1927 683 1973 rantur.
708 1919 785 1972 Ac
812 1934 906 1989 per
932 1917 1033 1973 hoc
1060 1908 1182 1971 inde
1212 1925 1293 1971 est
1320 1912 1571 1987 patientia
1598 1928 1721 1968 vera
1755 1911 2019 1991 justorum
2044 1953 2059 1977 ,

480 2011 623 2069 unde
658 2021 738 2066 est
782 2011 834 2065 in
878 2010 957 2066 eis
994 2009 1226 2065 charitas
1266 2004 1395 2073 Dei;
1441 2016 1495 2062 et
1534 2006 1656 2061 inde
1685 2015 1766 2060 est
1810 2002 2060 2076 patientia

480 2096 613 2161 falsa
651 2104 987 2176 iniquorum,
1033 2101 1171 2157 unde
1215 2108 1297 2157 cst
1339 2101 1391 2154 in
1433 2099 1510 2153 eis
1549 2097 1808 2168 cupiditas
1855 2092 2057 2150 mundi.

479 2195 706 2269 Propter
726 2192 865 2269 quod
886 2194 1015 2251 dicit
1038 2193 1269 2249 Joannes
1297 2190 1583 2263 Apostolus
1617 2207 1629 2243 :
1665 2187 1837 2243 Nolite
1857 2189 2064 2259 diligere

478 2274 724 2341 mundum
744 2329 759 2356 ,
790 2302 878 2341 nec
906 2304 967 2342 ea
1003 2300 1116 2356 qua:
1147 2285 1197 2338 in
1223 2298 1411 2337 munao
1438 2291 1574 2336 sunt.
1606 2278 1668 2337 Si
1693 2278 1807 2353 quis
1831 2278 2064 2334 dilexerit

478 2374 723 2431 mundum
745 2417 763 2444 ,
790 2376 991 2433 dilectio
1019 2373 1192 2430 Patris
1221 2392 1322 2428 non
1364 2382 1436 2428 est
1481 2373 1535 2426 in
1570 2372 1681 2441 ipso
1717 2386 1737 2424 :
1772 2371 1891 2443 quia
1918 2387 2064 2424 omne

479 2468 615 2536 quod
640 2468 692 2527 in
716 2466 904 2521 mundo
929 2477 1021 2534 est,
1056 2465 1461 2538 concupiscentia
1487 2463 1654 2517 carnis
1677 2471 1773 2530 est,
1798 2471 1844 2516 et
1874 2478 2062 2516 concu-

478 2556 720 2629 piscentia
760 2560 1021 2613 oculorum
1044 2601 1059 2626 ,
1089 2570 1135 2614 et
1157 2559 1362 2637 ambitio
1398 2558 1609 2623 steculi;
1636 2573 1747 2628 qtae
1774 2573 1875 2611 non
1901 2567 1972 2611 est
2000 2574 2063 2611 ea:

478 2648 657 2719 Patre,
680 2648 770 2705 sed
794 2666 855 2704 ea:
875 2650 1061 2704 mundo
1082 2659 1153 2704 est
1184 2646 1237 2722 (Ι
1259 2646 1418 2703 Ioan.
1442 2664 1499 2716 ιι,
1531 2648 1598 2704 15
1617 2659 1663 2702 ει
1688 2647 1795 2719 16).
1819 2642 1944 2702 ΙΙωο
1968 2646 2064 2718 igi-

477 2751 564 2796 tur
601 2740 1031 2812 concupiscentia
1078 2757 1196 2813 qute
1242 2758 1347 2796 non
1396 2748 1480 2795 est
1519 2756 1585 2796 es
1629 2741 1820 2807 Patre,
1862 2736 1955 2794 sed
1995 2756 2063 2795 ex

475 2835 676 2891 mundo
695 2878 709 2902 ,
737 2845 934 2907 quanto
964 2835 1123 2899 fuerit
1153 2835 1204 2889 in
1249 2834 1465 2890 homine
1491 2833 1862 2889 vehementior
1889 2844 1941 2888 et
1970 2848 2059 2887 ar-

475 2928 723 3001 dentior,
758 2937 902 2983 tanto
945 2926 1004 2983 fit
1041 2926 1265 3000 quisque
1310 2940 1405 2997 pro
1434 2939 1499 2980 eo
1528 2924 1668 2996 quod
1697 2923 2056 2994 concupiscit,

476 3019 716 3073 omnium
744 3016 1108 3073 molestiarum
1130 3017 1479 3087 dolorumque
1503 3017 1809 3088 patientior.
1834 3013 2056 3084 Idcirco,

473 3106 611 3165 sicut
644 3121 801 3182 supra
832 3110 1095 3177 diximus,
1134 3125 1239 3165 non
1267 3118 1348 3164 est
1373 3109 1471 3163 ista
1497 3108 1745 3178 patientia
1781 3107 2059 3162 desursum

474 3184 805 3257 descendens
851 3217 865 3254 :
907 3201 1157 3270 patientia
1201 3216 1329 3256 vero
1372 3199 1578 3271 piorum
1620 3199 1897 3257 desursum
1942 3193 2080 3267 est,

474 3290 805 3351 descendens
826 3310 858 3350 a
888 3294 1046 3351 Patre
1071 3295 1351 3350 luminum.
1385 3293 1563 3364 Itaque
1595 3293 1677 3347 illa
1706 3303 1913 3348 terrena
1946 3303 2057 3363 est,

474 3391 574 3444 ista
614 3389 880 3454 caelestis;
925 3382 1011 3443 illa
1042 3388 1287 3456 animalis
1307 3429 1321 3455 ,
1347 3387 1444 3441 ista
1468 3387 1794 3457 spiritualis;
1828 3376 2057 3439 illa'dia—

472 3481 640 3536 bolica
660 3522 675 3545 ,
711 3479 808 3534 ista
849 3479 1056 3534 deilica.
1089 3479 1350 3547 Quoniam
1379 3475 1807 3545 concupiscentia
1827 3516 1839 3540 ,
1869 3491 1973 3546 qua
2002 3475 2062 3531 fit

472 3582 531 3626 ut
562 3580 840 3643 peccantes
873 3570 1048 3626 omnia
1079 3570 1420 3641 pertinaciter
1448 3569 1735 3644 patiantur,
1768 3582 1831 3621 ex
1861 3567 2059 3622 lllllllth

471 3673 589 3730 est;
626 3660 857 3718 charitas
891 3672 1065 3719 autem
1088 3702 1103 3729 ,
1134 3678 1234 3731 qua
1261 3662 1320 3715 lit
1354 3671 1409 3716 ut
1434 3670 1579 3716 recte
1619 3661 1856 3729 viventes
1881 3660 2058 3714 omnia

471 3756 679 3821 fortiter
706 3756 990 3826 patiantur,
1009 3770 1074 3809 ex
1098 3754 1209 3809 Deo
1228 3762 1328 3809 est.
1349 3752 1415 3809 Et
1433 3752 1551 3811 ideo
1570 3752 1641 3806 illi
1674 3751 1821 3806 falsa:
1848 3751 2055 3822 patien-

473 3847 561 3903 tiae
588 3855 763 3917 potest
791 3846 907 3901 sine
942 3844 1204 3917 adjutorio
1236 3844 1327 3898 Dei
1359 3843 1602 3897 voluntas
1641 3841 1868 3896 humana
1903 3840 2056 3897 sulti-

472 3956 629 4007 cere;
659 3948 803 3995 tanto
823 3938 1025 4005 durior,
1049 3945 1246 4008 quanto
1271 3934 1539 4007 cupidior;
1570 3945 1620 3990 et
1643 3949 1707 3988 eo
1733 3935 2057 3991 tolerabilius

472 4034 612 4089 mala
633 4033 900 4088 sustinens
920 4071 935 4098 ,
961 4045 1066 4105 quo
1094 4030 1206 4101 ipsa
1240 4029 1297 4082 lit
1325 4027 1474 4098 pejor
1504 4044 1516 4079 :
1552 4027 1673 4081 huic
1698 4036 1876 4080 autem
1899 4068 1914 4094 ,
1938 4043 2058 4097 qua:

471 4141 596 4183 vera
620 4125 873 4197 patientia
894 4131 995 4190 est,
1020 4121 1139 4183 ideo
1160 4121 1401 4193 voluntas
1427 4118 1676 4185 humana,
1704 4119 1801 4172 nisi
1828 4117 2058 4193 desuper

471 4220 651 4292 adjuta
689 4228 743 4279 et
778 4217 1099 4273 inﬂammata
1118 4257 1133 4283 ,
1162 4232 1267 4270 non
1298 4202 1515 4282 sufﬁcit,
1539 4212 1661 4286 quia
1681 4211 1908 4287 Spiritus
1931 4227 2057 4268 san-

471 4323 589 4379 ctus
608 4321 693 4370 est
716 4312 851 4384 ignis
867 4310 1011 4383 ejus;
1032 4324 1136 4380 quo
1156 4307 1256 4364 nisi
1279 4321 1502 4363 accensa
1528 4306 1710 4378 diligat
1733 4302 2059 4376 impossibile

472 4411 671 4466 bonum
690 4450 707 4474 ,
733 4405 875 4463 ferre
904 4420 1009 4461 non
1038 4410 1213 4474 potest
1241 4400 1383 4475 quod
1410 4400 1603 4471 patitur
1632 4398 1851 4453 malum.

516 4501 768 4571 CAPUT
806 4498 990 4557 XV’IU.
1017 4526 1089 4538 -—
1124 4497 1214 4553 15.
1256 4494 1323 4550 Ut
1358 4494 1581 4551 Charitas.
1619 4510 1681 4549 ea:
1715 4491 1859 4558 Deo,
1886 4493 1957 4548 ita
1995 4510 2058 4548 ea;

473 4596 580 4664 ipso
614 4592 854 4663 patientia
880 4606 995 4645 vera
1028 4604 1141 4659 qua:
1168 4596 1340 4642 manat
1372 4603 1405 4639 a
1442 4587 1704 4642 charitate.
1734 4585 1883 4647 Sicut
1913 4587 2056 4655 enim

471 4686 648 4739 divina
674 4692 935 4740 testantur
962 4682 1192 4752 eloquia,
1229 4680 1362 4736 Deus
1382 4680 1602 4734 Charitas
1625 4688 1697 4735 est
1715 4720 1730 4744 ,
1760 4688 1808 4733 et
1830 4680 1916 4749 qui
1942 4696 2072 4757 tua-q

473 4785 555 4829 act
582 4776 634 4827 iu
673 4774 917 4827 charitate
940 4813 956 4840 ,
981 4774 1035 4827 iu
1062 4771 1168 4827 Deo
1200 4781 1365 4825 tildttt’l
1389 4812 1406 4837 ,
1434 4780 1480 4825 et
1519 4770 1657 4826 Deus
1682 4771 1734 4824 in
1762 4770 1850 4825 illo
1890 4781 2056 4827 manet

472 4865 695 4937 (lJoan.
716 4881 792 4930 iv,
828 4864 940 4937 16).
965 4864 1215 4933 Quisquis
1241 4878 1367 4935 ergo
1389 4862 1662 4921 contendit
1688 4862 1871 4918 haberi
1898 4879 2055 4936 posse

471 4958 571 5025 Dei
587 4956 901 5012 charitatem
931 4958 1047 5013 sine
1076 4957 1168 5013 Dei
1195 4956 1479 5027 adiutorio,
1509 4957 1632 5027 quid
1662 4956 1807 5013 aliud
1827 4967 2053 5014 conten-

471 5053 584 5119 dit,
629 5051 731 5106 nisi
773 5050 953 5107 haberi
994 5052 1159 5107 Deum
1205 5066 1363 5121 posse
1390 5052 1506 5107 sine
1534 5051 1678 5107 Deo?
1717 5052 1845 5120 Quis
1875 5062 2052 5109 autem

469 5145 576 5203 hoc
602 5143 745 5201 dicat
772 5143 1121 5209 Christianus,
1151 5145 1293 5215 quod
1323 5145 1498 5200 nullus
1528 5145 1705 5201 dicere
1744 5145 1936 5202 audeat
1964 5148 2051 5203 in-

470 5241 669 5295 sanus‘l
712 5236 999 5293 Exsultans
1033 5252 1162 5306 ergo
1200 5237 1340 5307 apud
1383 5237 1701 5306 Apostolum
1741 5254 1901 5307 vera,
1934 5241 2045 5309 pia,

470 5330 1026 5401 ﬁdelisquetpatientia
1045 5371 1062 5397 ,
1090 5329 1219 5393 dicit
1254 5346 1348 5385 ore
1376 5340 1682 5389 sanctorum
1712 5335 1732 5367 ²
1762 5351 1776 5387 :
1805 5332 1929 5398 Quis
1960 5351 2052 5390 nos

465 5423 720 5495 separabit
747 5440 780 5477 a
802 5423 1050 5481 charitate
1082 5422 1302 5481 Christi?
1341 5423 1662 5483 Tribulatio?
1686 5443 1752 5489 aa
1778 5428 2052 5496 angustia?

469 5532 545 5583 an
561 5515 884 5589 persecutio?
922 5532 989 5570 an
1027 5515 1226 5586 fames?
1249 5533 1317 5571 tm
1346 5517 1549 5573 auditas
1571 5517 1596 5570 ?
1619 5534 1686 5572 an
1726 5518 2001 5587 periculum
2025 5520 2059 5585 2,

466 5625 536 5663 an
555 5609 804 5681 gladius?
827 5609 952 5663 sicut
971 5608 1214 5678 scriptum
1239 5617 1310 5661 est
1335 5651 1351 5676 ,
1381 5608 1512 5676 Quia
1533 5619 1737 5680 propter
1761 5620 1805 5664 te
1832 5611 2048 5680 morti/i-

466 5716 643 5759 am
666 5711 772 5759 tota
795 5701 877 5758 die
891 5744 915 5771 ,,
943 5702 1172 5776 deputati
1189 5718 1362 5757 smnus
1382 5704 1510 5756 sicut
1537 5719 1649 5758 oues
1677 5704 1908 5758 victima.
1942 5703 2050 5760 Sed

465 5791 524 5846 in
542 5793 622 5850 his
649 5796 878 5851 omnibus
904 5798 1297 5867 supervincimas
1330 5813 1421 5871 per
1439 5812 1552 5852 eum
1578 5797 1663 5868 qui
1699 5796 1876 5854 dilexit
1914 5814 2005 5856 nos
2030 5815 2043 5857 :

534 5930 553 5964 ³
585 5939 686 5982 Duo
708 5940 835 5994 Mss,
858 5932 907 5984 in
933 5933 1157 5986 cordibus
1179 5944 1362 5985 eorum.

581 5995 822 6042 Cttsalinus
845 6004 944 6054 \ls.,
968 5996 1193 6058 patientia
1215 6005 1490 6051 statuarum
1513 5999 1664 6063 dicit,

1598 498 1693 562 ne
1725 500 2109 565 PATIENTIA,
2150 498 2207 555 ε.
2247 482 2614 556 aucusrtm
3631 498 3725 559 ego

2162 630 2270 670 non
2301 628 2395 684 per
2430 630 2556 681 nos,
2585 610 2678 669 sed
2707 630 2795 685 per
2825 629 2937 669 eum
2959 613 3044 683 qui
3077 604 3253 670 dilexit
3276 630 3385 671 nos.
3415 614 3617 674 'Deinde
3642 633 3715 676 se-

2164 708 2343 783 quitur
2362 717 2415 761 et
2439 704 2697 777 adj'ungit,
2731 705 2905 761 Certus
2934 692 3046 783 sunt
3070 708 3221 773 enim,
3252 708 3372 778 quia
3396 726 3554 780 neque
3580 729 3714 779 mors,

2163 814 2319 869 neque
2345 794 2467 863 vita,
2495 814 2652 869 neque
2676 796 2844 869 angeli
2865 840 2879 865 ,
2908 815 3066 869 neque
3089 799 3402 869 principatus
3420 843 3434 866 ,
3466 818 3621 872 neque
3646 821 3718 871 po.

2166 892 2362 944 (estates
2382 929 2398 954 ,
2424 882 2587 959 neque
2602 890 2871 959 praesentia
2890 932 2904 956 ,
2928 898 3081 960 neque
3100 893 3295 961 futura,
3324 908 3482 959 neque
3503 891 3717 961 altitudo,

2166 998 2321 1053 neque
2384 982 2726 1054 profundum,
2776 997 2934 1052 neque
2985 990 3213 1036 creatura
3266 984 3369 1037 alia
3424 986 3607 1053 poterit
3649 1003 3721 1042 not

2164 1091 2401 1146 separare
2452 1090 2485 1128 a
2534 1070 2777 1129 charilate
2823 1072 2955 1141 Dei,
2998 1091 3111 1146 qua:
3162 1084 3235 1130 est
3285 1077 3339 1130 in
3379 1070 3578 1132 Christo
3619 1077 3723 1133 Iesu

2166 1168 2385 1222 Domino
2415 1178 2582 1223 nostra
2613 1166 2786 1238 (Rom.
2809 1178 2934 1234 Vm,
2968 1166 3177 1237 δεῇ-59).
3209 1167 3334 1223 ΠὲῐὍ
3361 1178 3438 1223 est
3459 1169 3545 1223 illa
3574 1170 3723 1223 chari-

2165 1270 2243 1315 tas
2279 1258 2406 1327 Dei,
2437 1275 2554 1330 qua:
2592 1258 2896 1327 diﬂ'ttsa'est
2938 1260 2992 1314 in
3030 1256 3263 1315 cordibus
3289 1262 3472 1315 nostris
3498 1277 3515 1314 :
3545 1278 3650 1315 non
3675 1280 3725 1318 ex

2166 1351 2319 1405 nobis
2344 1393 2359 1419 ,
2388 1348 2480 1406 sed
2521 1368 2609 1422 per
2645 1348 2895 1421 Spiritum
2924 1362 3154 1405 sanctum
3194 1352 3282 1422 qui
3309 1352 3453 1406 datus
3480 1362 3553 1406 est
3586 1356 3725 1408 nobis.

2168 1443 2423 1497 Malorum
2463 1450 2639 1498 autem
2684 1443 3116 1512 concupiscentia,
3148 1452 3364 1513 propter
3389 1460 3543 1513 quam
3591 1445 3642 1499 in
3667 1447 3731 1500 eis

2166 1543 2248 1589 est
2277 1534 2402 1590 falsa
2425 1534 2696 1605 patientia,
2720 1550 2821 1588 non
2841 1543 2913 1589 est
2941 1552 3004 1589 ea:
3026 1532 3203 1602 Patre,
3231 1532 3367 1591 sicut
3389 1536 3517 1591 dicit
3535 1548 3728 1607 aposto-

2168 1625 2249 1680 lus
2278 1627 2512 1681 Joannes
2530 1669 2543 1692 ,
2578 1626 2667 1680 sed
2690 1642 2753 1680 ex
2780 1627 2970 1681 mundo
2992 1635 3083 1682 est.

2237 1714 2459 1773 CAPUT
2482 1716 2623 1772 XIX.
2642 1749 2712 1758 —
2734 1718 2817 1773 16.
2836 1714 2898 1773 Si
2922 1716 3170 1788 cupiditas
3186 1735 3248 1774 ea:
3268 1720 3478 1787 mundo,
3500 1722 3728 1789 φέρητοόο

2167 1824 2230 1863 ea:
2252 1794 2472 1862 humana
2498 1809 2766 1864 voluntate.
2798 1808 2948 1877 Quod
2986 1811 3096 1882 quis
3126 1828 3227 1864 non
3247 1811 3310 1865 sit
3328 1828 3389 1867 ex
3412 1814 3626 1879 mundo,
3649 1828 3729 1868 non

2168 1912 2361 1957 natura:
2379 1911 2469 1971 est,
2500 1902 2587 1957 sed
2612 1903 2808 1974 gratim.
2838 1901 2935 1957 llic
2962 1902 3103 1957 dicet
3123 1901 3315 1975 aliquis
3338 1921 3351 1956 :
3376 1903 3433 1958 Si
3454 1920 3520 1960 ex
3558 1908 3727 1960 niundo

2167 2004 2249 2052 cst
2286 1992 2711 2068 concupiscentia
2750 1996 3034 2065 malorum,
3082 2011 3179 2069 per
3218 2014 3378 2068 quam
3421 1999 3478 2051 lit
3513 2006 3571 2052 ut
3605 1999 3718 2052 mala

2167 2089 2342 2146 Omnia
2373 2105 2468 2161 pro
2503 2106 2567 2144 eo
2594 2082 2737 2160 quod
2781 2089 2847 2143 ah
2881 2086 2985 2143 illis
3022 2082 3418 2159 concupiscitur
3448 2090 3719 2158 perferant,

2167 2198 2274 2252 quo
2305 2181 2463 2236 modo
2504 2196 2570 2236 ex
2612 2196 2795 2235 eorum
2839 2174 3032 2235 dicitur
3077 2181 3381 2235 veluutate?
3420 2182 3590 2249 Quasi
3627 2198 3730 2236 vero

2150 2273 2273 2329 ’non
2296 2284 2346 2331 et
2376 2273 2475 2346 ipsi
2504 2289 2568 2329 ex
2600 2273 2798 2328 mundo
2823 2273 2949 2341 sint,
2977 2282 3098 2328 cum
3129 2272 3197 2327 ah
3226 2274 3304 2328 eis
3330 2272 3577 2345 diligitur
3604 2290 3731 2330 man.

2166 2369 2266 2424 dus
2286 2411 2300 2436 ,
2330 2367 2545 2425 deserto
2574 2383 2640 2424 eo
2668 2368 2685 2400 ί
2714 2384 2810 2439 per
2836 2383 2996 2438 quem
3030 2366 3201 2421 factus
3225 2373 3307 2422 est
3344 2364 3607 2422 mundus.
3632 2366 3732 2421 Ser-

2141 2461 2303 2515 ὐὶιιιιι
2332 2461 2470 2516 enim
2499 2471 2743 2515 creaturae
2767 2456 2933 2532 potius
2950 2476 3102 2531 quam
3124 2450 3369 2525 Creatori,
3390 2459 3487 2530 qui
3515 2468 3591 2515 est
3610 2458 3733 2513 bene-

2166 2553 2330 2608 dictus
2354 2554 2406 2618 iu
2434 2553 2620 2606 saecula
2643 2548 2817 2623 (Rom.
2842 2569 2893 2619 ι,
2921 2550 3036 2623 9.5).
3071 2551 3191 2608 Sive
3226 2551 3405 2621 itaque
3447 2552 3634 2607 mundi
3660 2567 3735 2604 vo-

2166 2645 2353 2700 calmlo
2412 2642 2643 2699 Joannes
2703 2644 2976 2717 apostolus
3028 2642 3315 2697 dilectores
3372 2640 3738 2719 signiﬁcaverit

2167 2732 2347 2791 niundi
2368 2779 2381 2801 ,
2409 2734 2652 2792 voluntas
2688 2752 2807 2806 quae
2841 2751 2906 2790 ex
2942 2728 3071 2804 ipsis
3100 2740 3181 2788 est
3203 2777 3216 2799 ,
3249 2722 3441 2805 utique
3469 2752 3543 2790 ex
3568 2728 3740 2791 mundo

2164 2838 2248 2901 est
2278 2846 2291 2882 :
2319 2829 2430 2883 sive
2473 2828 2654 2883 mundi
2689 2828 2903 2897 nomine
2940 2828 3136 2897 coelum
3173 2836 3228 2882 et
3266 2837 3473 2891 terram
3518 2836 3576 2885 et
3613 2844 3740 2899 qua:—

2164 2937 2391 2993 cumque
2428 2921 2479 2974 in
2514 2922 2592 2975 eis
2628 2929 2783 2987 sunt,
2818 2922 2918 2974 hoc
2953 2922 3059 2983 est,
3101 2914 3406 2974 universam
3442 2922 3742 2992 completus

2163 3012 2233 3069 sit
2270 3022 2596 3081 creaturam,
2629 3010 2872 3071 voluntas
2903 3011 3082 3083 procul
3112 3008 3271 3065 dubio
3305 3023 3616 3078 creaturae,
3647 3028 3747 3082 quin

2164 3124 2271 3162 non
2295 3119 2376 3162 est
2394 3100 2683 3172 Creatoris,
2707 3122 2770 3183 ex
2796 3105 2995 3159 mundo
3017 3114 3119 3159 est.
3144 3096 3368 3175 Propter
3388 3106 3550 3176 quod
3578 3107 3749 3160 talibus

2163 3201 2419 3256 Dominus
2448 3198 2576 3255 dicit
2606 3218 2619 3255 :
2663 3198 2758 3254 Vos
2800 3199 2859 3253 de
2889 3197 3123 3253 deorsum
3149 3198 3293 3266 estis,
3318 3215 3413 3269 ego
3452 3200 3525 3254 de
3563 3218 3751 3254 sursum

2161 3310 2270 3359 sum
2287 3308 2305 3347 :
2323 3308 2407 3347 vos
2428 3294 2490 3347 de
2514 3292 2607 3345 hoc
2629 3292 2813 3347 mundo
2833 3292 2971 3358 estis,
2987 3307 3077 3363 ego
3098 3308 3198 3344 non
3215 3308 3327 3345 sunt
3349 3292 3415 3344 de
3446 3288 3552 3347 hoc
3575 3292 3752 3345 maudo

2164 3385 2338 3458 (Joan.
2369 3402 2457 3441 vm
2477 3427 2493 3452 ,
2523 3385 2641 3456 25).
2680 3384 2949 3455 Apostolis
2974 3393 3151 3438 autem
3177 3383 3307 3438 dicit
3336 3401 3352 3437 :
3383 3384 3453 3439 Si
3478 3382 3548 3437 de
3571 3382 3757 3437 mando

2163 3480 2255 3534 hoc
2275 3480 2465 3547 essetis,
2496 3479 2712 3533 mundus
2733 3478 2867 3550 quod
2886 3495 3034 3533 suum
3053 3487 3126 3531 est
3148 3476 3387 3549 diligeret.
3417 3472 3533 3532 Sed
3555 3493 3629 3529 ne
3654 3475 3763 3529 ειιιί

2162 3573 2389 3642 amplius
2414 3579 2754 3642 arrogarent,
2787 3586 2946 3642 quam
2973 3564 3426 3625 eorum'mensura
3464 3568 3764 3639 poscebat,

2162 3673 2215 3719 et
2255 3645 2367 3719 hoc
2395 3663 2539 3737 quod
2579 3678 2672 3720 eos
2712 3679 2818 3733 non
2858 3677 2977 3718 esse
3018 3661 3149 3716 dixit
3174 3677 3239 3716 ex
3270 3660 3474 3715 mundo
3501 3703 3521 3728 ,
3551 3669 3764 3715 natura:

2162 3765 2409 3827 putarent
2429 3770 2568 3822 esse,
2588 3769 2693 3809 non
2714 3755 2897 3825 gratia:
2918 3772 2931 3808 :
2949 3754 3081 3820 Quia
3100 3771 3236 3822 vero,
3256 3753 3455 3823 inquit,
3484 3755 3553 3807 de
3577 3754 3764 3806 mundo

2161 3868 2261 3907 non
2282 3851 2419 3915 estis,
2442 3849 2529 3903 sed
2555 3865 2646 3919 ego
2671 3847 2796 3919 elegi
2815 3863 2900 3905 vos
2922 3848 2983 3901 de
3008 3849 3218 3915 mundo,
3242 3857 3527 3919 propterea
3556 3847 3667 3902 odit
3692 3861 3764 3900 rei

2162 3942 2379 3996 mundus
2418 3939 2530 4013 (Id.
2564 3955 2666 4007 xv,
2700 3940 2814 4011 19).
2847 3940 2988 4010 Ergo
3017 3938 3083 3995 de
3117 3939 3316 3994 mundo
3342 3950 3519 3995 erant
3546 3942 3568 3972 ⁸
3605 3959 3620 3993 :
3654 3951 3764 3993 natu

2163 4018 2221 4087 ιιί
2247 4033 2313 4088 de
2343 4033 2540 4087 mundo
2569 4048 2675 4089 non
2702 4041 2880 4088 essent
2900 4074 2912 4097 ,
2945 4030 3098 4086 electi
3129 4042 3252 4085 sunt
3276 4028 3343 4085 de
3365 4032 3615 4089 mundo.

2230 4125 2470 4201 CAPUT,
2494 4124 2613 4180 XX.
2635 4155 2706 4166 --
2728 4127 2812 4180 17.
2853 4122 3049 4179 Electio
3087 4124 3267 4196 gratia:
3296 4128 3566 4194 prwvenit
3608 4126 3764 4181 omina

2161 4221 2337 4276 merita
2384 4220 2533 4275 bona.
2585 4218 2761 4282 Gratia
2800 4219 2887 4273 dat
2933 4220 3147 4286 merita,
3190 4234 3294 4272 non
3342 4220 3563 4276 meritis
3608 4220 3764 4274 dum.

2161 4312 2413 4369 Prwvenit
2437 4313 2609 4383 ﬁdem.
2642 4313 2788 4370 lianc
2818 4321 2996 4369 autem
3032 4312 3350 4368 electionem
3399 4330 3531 4371 non
3572 4330 3764 4387 praecor

2162 4409 2399 4464 dentium
2442 4410 2492 4464 in
2541 4409 2694 4465 bonis
2729 4410 2980 4481 operibus
3019 4408 3357 4476 meritorum,
3406 4412 3522 4467 sed
3563 4414 3764 4469 electio

2162 4517 2283 4556 nem
2307 4502 2493 4572 gratia:
2522 4501 2895 4557 demonstrans
2921 4500 3227 4572 Apostolus,
3257 4501 3336 4556 sic
3363 4500 3574 4575 inquit
3604 4524 3619 4559 :
3648 4502 3713 4558 Et
3736 4506 3764 4556 ii

2163 4592 2257 4646 hoc
2286 4602 2507 4675 tempore
2549 4592 2777 4661 reliquite
2812 4608 2902 4663 per
2946 4593 3237 4647 electionem
3269 4595 3473 4664 gratia:
3521 4599 3691 4652 ωιυω
3714 4598 3764 4668 {a

2160 4694 2256 4751 cla:
2278 4693 2415 4739 sunt.
2450 4684 2513 4739 Si
2539 4692 2707 4739 autem
2737 4685 2920 4757 gratia,
2943 4684 3059 4756 jam
3087 4702 3187 4740 non
3230 4702 3294 4739 ea:
3319 4693 3595 4758 ορετᾱιηιε
3612 4708 3634 4757 ς
3663 4694 3763 4745 αὔοι

2160 4776 2281 4846 quin
2308 4776 2472 4846 gratia
2487 4775 2603 4847 jam
2628 4792 2729 4835 non
2754 4785 2826 4830 est
2849 4776 3014 4847 gratia
3047 4775 3222 4848 (Rom.
3252 4792 3309 4832 ιι
3330 4819 3346 4845 ,
3385 4780 3428 4834 5
3459 4794 3518 4837 et
3550 4784 3640 4857 6).
3678 4786 3764 4840 [ιλιι

2161 4877 2244 4923 est
2271 4867 2461 4921 electio
2484 4866 2689 4937 gratim,
2727 4866 2778 4922 id
2805 4878 2905 4933 est,
2935 4867 3129 4924 electio
3156 4883 3258 4939 qua
3290 4885 3390 4940 per
3424 4873 3539 4929 Dei
3566 4880 3764 4947 gratim:

2159 4956 2407 5013 homines
2433 4958 2716 5029 eliguntur.
2757 4958 2882 5015 lltcc
2915 4969 3016 5023 est,
3046 4960 3285 5032 inquam,
3316 4962 3548 5021 electio
3588 4970 3763 5039 gratia

2160 5064 2261 5119 qua
2311 5048 2487 5104 omnia
2533 5049 2672 5105 bona
2719 5050 2907 5106 merita
2949 5051 3347 5121 prteveniuntur
3402 5054 3702 5114 hurnana.
3754 5068 3764 5111 ε

2158 5144 2299 5198 enim
2329 5142 2451 5203 ullis
2478 5142 2635 5199 bonis
2665 5124 2868 5201 meritis
2892 5144 3069 5211 datur,
3095 5146 3207 5216 jam
3236 5162 3343 5202 non
3376 5153 3585 5219 gratis
3621 5154 3763 5209 datu:

2156 5235 2252 5298 sed
2291 5235 2469 5291 debita
2506 5235 2766 5304 redditur,
2814 5252 2878 5293 ac
2919 5252 3018 5309 per
3057 5239 3159 5295 hoc
3200 5255 3308 5295 non
3364 5257 3528 5300 vero
3578 5251 3764 5304 nouum

2155 5326 2324 5397 gratia
2363 5337 2733 5399 nuncupatur;
2770 5327 2856 5382 ubi
2884 5344 3089 5393 merces,
3123 5329 3260 5384 sicut
3287 5329 3447 5387 idem
3486 5336 3643 5394 dicit
3676 5352 3763 5409 ap»:

2156 5417 2344 5481 stolus,
2370 5435 2471 5473 non
2498 5420 2775 5490 imputatur
2802 5419 3077 5474 secundum
3097 5421 3336 5491 gratiam,
3362 5429 3477 5478 sed
3502 5436 3763 5484 secunda

2156 5510 2373 5566 debitum
2405 5509 2513 5585 (Id.
2559 5526 2630 5578 tv,
2663 5509 2737 5582 4).
2786 5510 2841 5566 Si
2881 5520 3056 5565 autem
3099 5521 3157 5565 ut
3183 5528 3310 5566 vera
3352 5514 3440 5569 sit.
3487 5523 3712 5591 gratia,
3761 5520 3764 5577 i

2156 5613 2259 5669 cst,
2286 5603 2532 5674 gratuita,
2575 5602 2705 5657 nihil
2735 5604 2935 5661 invenit
2963 5604 3015 5659 in
3049 5603 3285 5673 homine,
3317 5606 3412 5660 cui
3457 5619 3689 5671 merito
3719 5615 3764 5667 ὠ

2155 5696 2374 5766 beatur;
2411 5697 2551 5769 quod
2581 5698 2717 5754 bene
2746 5698 3059 5770 intelligitur
3093 5708 3147 5754 et
3192 5697 3245 5752 iu
3287 5715 3353 5757 eo
3379 5708 3564 5774 quod
3600 5710 3763 5769 dlCllll

2218 5880 2234 5911 ι
2270 5879 2434 5956 ttditi,
2453 5876 2743 5956 “deserentes
2786 5891 2910 5931 eum.
2936 5886 2994 5956 SA‘t
3024 5885 3141 5956 315s.
3162 5913 3190 5956 ,Ι
3224 5880 3431 5956 deserto
3461 5898 3535 5938 ειο
3572 5902 3595 5941 :
3624 5898 3764 5956 me

2149 5956 2297 5992 uzrun
2330 5951 2373 5985 ἰν
2397 5947 2586 5989 tensam
2608 5940 2841 5999 codicem,
2865 5940 2947 6004 qui
2965 5942 3135 6001 habet;
3152 5941 3415 6004 deset'mte
3439 5961 3539 6001 eo.

2215 6006 2233 6034 -‘
2267 6012 2396 6066 Low,
2421 6015 2513 6053 non
2530 6010 2684 6054 erant.
2710 6001 3003 6067 Abest,'twn,
3027 6006 3090 6054 ab
3112 6011 3188 6055 Er.
3207 6012 3306 6056 eta
3326 6001 3608 6068 pluribus
3631 6024 3756 6070 uss.
