3904 6362
191 304 263 367 iii

194 435 266 487 est,
292 418 381 474 Pro
406 410 563 470 nihilo
589 410 753 465 salvos
778 409 934 480 facies
970 420 1054 460 eos
1084 401 1252 477 (Psal.
1282 414 1372 467 ιγ,
1401 398 1454 470 8)
1486 415 1499 450 :
1530 396 1710 469 profe-

197 514 352 582 rtuipsa
377 507 463 563 dat
492 504 703 567 merita,
734 515 841 557 non
870 498 1079 554 meritis
1100 496 1272 550 datur.
1298 491 1560 551 Pl‘tUVCDll
1590 503 1718 558 ergo

192 610 306 661 ctiam
343 602 520 664 ﬁdem,
571 614 639 654 ex
681 610 781 667 qua
828 594 1008 648 omnia
1048 593 1188 648 bona
1233 603 1393 660 opera
1439 586 1714 657 incipiunt.

188 700 316 756 Justus
356 697 507 760 enim,
554 693 692 748 sicut
731 689 989 759 scriptum
1032 696 1133 750 est,
1182 700 1243 739 ea:
1279 682 1382 753 ﬁde
1424 681 1539 736 vivit
1579 678 1717 749 (lla-

189 796 265 853 ίηιε.
292 806 340 855 ιι,
374 789 449 857 τί).
498 786 668 842 Porro
704 793 884 839 autem
930 779 1098 851 gratia
1140 792 1244 832 non
1294 776 1464 831 solum
1507 773 1724 844 adjuvat

194 888 349 951 iustitia,
371 894 553 935 verum
586 878 750 932 etiam
771 873 1024 944 justiﬁcat
1052 870 1290 942 impium.
1324 870 1389 923 Et
1419 868 1536 923 ideo
1563 865 1723 921 etiam

194 992 272 1027 tum
304 971 507 1040 adjuvat
540 968 771 1038 justum,
805 973 861 1019 et
904 963 1114 1019 videtur
1154 962 1268 1031 ejus
1309 958 1513 1014 meritis
1550 955 1718 1023 reddi,

194 1068 330 1121 music
358 1062 551 1119 desinit
580 1076 704 1116 esse
736 1058 904 1129 gratia
929 1074 942 1122 ;
971 1056 1221 1126 quoniam
1262 1052 1315 1111 id
1342 1052 1555 1122 adjuvat
1583 1048 1723 1121 quod

194 1166 265 1229 ipsi
299 1170 369 1214 est
399 1156 608 1226 largita.
663 1155 888 1222 Propter
928 1150 1065 1205 hanc
1108 1149 1288 1218 itaque
1331 1146 1574 1219 gratiam,
1608 1157 1726 1212 quae

191 1265 328 1309 ιιιιιριει
375 1253 513 1311 bona
562 1249 753 1304 merita
794 1246 1025 1301 humana
1072 1240 1347 1314 praecedit,
1397 1255 1501 1293 non
1552 1238 1722 1291 solum

193 1350 377 1404 tlhristus
403 1347 471 1401 ab
500 1344 681 1412 impiis
710 1340 919 1397 occisus
960 1347 1064 1404 est,
1094 1350 1282 1392 verum
1312 1334 1472 1389 etiam
1513 1348 1603 1402 pro
1632 1332 1725 1389 im-

190 1440 255 1505 piis
278 1448 484 1492 mortuus
530 1443 604 1490 est
633 1432 811 1502 (Rom.
846 1446 898 1497 v,
946 1428 1022 1498 6).
1057 1427 1123 1482 Et
1161 1436 1445 1503 antequam
1493 1436 1729 1477 morere-

189 1541 263 1597 tur,
288 1548 380 1585 non
418 1530 600 1598 utique
626 1528 818 1596 justos,
863 1522 956 1578 sed
979 1520 1351 1591 justilicandos
1396 1517 1553 1586 elegit
1581 1518 1726 1585 Apo-

188 1624 329 1687 stolus,
374 1622 561 1691 quibus
598 1620 694 1683 ait,
738 1616 851 1687 Ego
877 1631 963 1669 eos
992 1614 1053 1667 de
1102 1612 1288 1667 mundo
1338 1611 1484 1681 elegi.
1528 1609 1729 1681 Quibus

189 1716 296 1768 enim
321 1712 463 1778 dixit,
498 1711 574 1767 De
620 1708 810 1763 mundo
856 1724 957 1761 non
994 1707 1143 1769 estis;
1191 1713 1245 1758 et
1289 1718 1355 1758 ne
1385 1711 1631 1773 putarent
1672 1715 1730 1756 se

192 1822 414 1875 nunquam
440 1804 598 1861 fuisse
637 1802 704 1858 de
731 1800 953 1867 mundo,
997 1815 1120 1854 mox
1156 1796 1379 1861 addidit,
1410 1796 1498 1851 sed
1530 1811 1618 1865 ego
1647 1812 1731 1850 vos

191 1900 241 1950 de
273 1898 435 1950 mundo
469 1897 591 1967 elegi
619 1912 637 1949 :
662 1893 904 1964 profecto
944 1901 999 1947 ut
1027 1891 1093 1946 de
1140 1889 1339 1945 mundo
1383 1904 1486 1943 non
1527 1896 1728 1955 essent,

197 1989 341 2057 ipsius
369 1989 415 2042 in
446 2004 531 2043 eos
567 1986 828 2042 electione
867 1985 1117 2039 Collatum
1144 1991 1245 2038 est.
1272 1982 1533 2048 Quocirca
1563 1980 1607 2035 si
1634 1994 1732 2051 per

208 2093 337 2132 suam
352 2078 603 2147 justitiam,
630 2092 726 2131 non
752 2092 849 2146 per
873 2075 1100 2146 gratiam
1122 2075 1237 2144 ejus
1257 2073 1601 2144 eligerentur,
1628 2086 1733 2125 non

211 2169 271 2225 de
293 2170 464 2225 arundo
488 2169 631 2229 electi
657 2177 861 2224 essent:
887 2167 1138 2238 quoniam
1170 2164 1236 2221 de
1268 2164 1466 2220 mundo
1486 2164 1596 2235 jatn
1627 2178 1733 2217 non

210 2269 378 2327 essent,
415 2261 455 2315 si
472 2261 575 2332 jam
592 2260 715 2330 justi
744 2268 949 2314 essent.
984 2256 1182 2311 Deinde
1213 2256 1257 2310 si
1296 2263 1579 2325 propterea
1611 2259 1736 2307 sunt

201 2354 349 2421 electi,
382 2354 490 2424 quia
512 2354 614 2422 jam
645 2353 776 2423 justi
821 2359 1002 2415 erant;
1036 2350 1137 2420 ipsi
1167 2348 1372 2418 priores
1406 2354 1515 2417 jam
1557 2345 1737 2403 Domi-

196 2465 303 2504 num
344 2449 615 2520 elegerant.
657 2449 788 2514 Quis
831 2446 973 2501 enim
1020 2451 1198 2513 potest
1237 2458 1356 2498 esse
1390 2442 1587 2511 justus,
1637 2438 1738 2495 nisi

196 2541 401 2610 eligendo
422 2542 715 2611 justitiam?
748 2539 894 2594 Finis
923 2547 1089 2593 autem
1122 2539 1246 2608 legis
1278 2538 1527 2603 Christus,
1559 2535 1625 2588 ad
1650 2536 1739 2600 ju-

191 2635 349 2687 stitiam
384 2635 514 2693 omni
550 2634 774 2689 credenti
814 2631 922 2704 (Id.
954 2649 1007 2699 ιι,
1039 2633 1119 2701 4).
1164 2631 1262 2697 Qui
1289 2633 1454 2702 factus
1498 2639 1569 2683 est
1598 2628 1740 2683 nobis

192 2730 400 2793 sapientia
430 2747 459 2782 α
487 2728 609 2794 Deo,
640 2738 688 2782 et
722 2729 945 2797 justitia,
988 2736 1036 2782 et
1072 2727 1423 2794 sanctiﬁcatio,
1462 2735 1507 2779 et
1540 2726 1740 2779 redem-

196 2819 280 2887 ptio
301 2838 317 2875 .'
336 2802 403 2887 ut,
425 2821 847 2891 quenwdmodum
878 2820 1119 2887 scriptum
1148 2826 1236 2881 est,
1265 2816 1364 2883 Qui
1389 2818 1657 2888 gloriatur,
1688 2818 1742 2870 in

198 2908 376 2965 Domino
406 2913 651 2983 glorietur
686 2910 727 2979 (1
762 2909 880 2965 Cor.
910 2925 948 2978 1,
979 2908 1068 2976 50,
1099 2908 1208 2979 51).
1240 2908 1359 2978 ipse
1383 2916 1616 2981 estergo
1644 2923 1742 2963 no-

191 3011 279 3055 stra
294 3003 499 3071 iustitia.

252 3093 451 3153 (LAI‘ET
478 3095 620 3153 XXI.
640 3124 712 3134 —
734 3094 819 3150 18.
862 3092 1051 3151 Gratia
1075 3101 1119 3147 et
1147 3093 1265 3161 ﬁdei
1287 3092 1419 3153 dono
1444 3094 1593 3153 etiam
1614 3093 1746 3153 auti-

196 3187 269 3254 qui
290 3200 385 3242 ante
400 3189 798 3243 incarnationem
819 3188 1086 3261 justiﬁcati
1115 3203 1252 3245 sum.
1296 3188 1422 3244 Sine
1447 3188 1549 3258 ﬁde
1573 3189 1745 3244 nullus

192 3287 561 3355 unquamjustus
585 3284 706 3355 fuit.
736 3283 882 3339 Unde
904 3292 957 3339 et
984 3284 1187 3355 antiqui
1204 3283 1474 3354 justiante
1495 3285 1747 3345 incarna-

190 3372 358 3428 tionem
388 3375 582 3443 Nerhi,
634 3376 688 3430 in
741 3374 841 3435 hac
884 3376 988 3431 lide
1029 3376 1250 3442 Christi,
1300 3385 1355 3432 et
1400 3377 1454 3432 in
1495 3377 1597 3433 hac
1621 3392 1747 3432 vera

187 3465 383 3531 iustitia,
423 3467 569 3539 quod
613 3475 698 3524 est
739 3468 895 3523 nobis
942 3467 1209 3536 Christus,
1261 3468 1539 3537 justiﬁcati
1582 3478 1743 3537 sunt;

194 3551 285 3608 hoc
306 3559 566 3615 credentes
597 3560 829 3617 futurum
852 3560 993 3631 quod
1022 3576 1118 3614 nos
1138 3559 1405 3617 credimus
1429 3560 1626 3617 factum
1658 3581 1671 3616 :
1696 3570 1751 3618 et

186 3644 278 3716 ipsi
300 3650 456 3718 gratia
498 3650 627 3706 salvi
665 3651 788 3705 facti
820 3666 914 3719 per
942 3651 1118 3716 ﬁdem,
1148 3667 1255 3706 non
1287 3668 1353 3707 ex
1385 3666 1443 3707 se
1475 3653 1622 3722 ipsis,
1653 3653 1749 3711 sed

181 3738 267 3793 Dei
293 3740 455 3809 dUllO;
508 3759 617 3798 non
664 3759 735 3798 ex
767 3744 1037 3814 operibus,
1083 3758 1151 3798 ne
1196 3743 1335 3801 forte
1364 3744 1749 3805 extollerentur

180 3829 372 3901 (Ep/tes.
405 3852 460 3901 ιι,
490 3838 553 3902 8,
581 3834 660 3906 9).
692 3836 835 3890 Bona
857 3836 1051 3913 quippe
1076 3851 1238 3911 opera
1266 3852 1451 3893 eorum
1481 3854 1584 3893 non
1608 3854 1747 3913 prae-

178 3937 409 3982 venerunt
445 3927 882 3983 misericordiam
906 3928 1020 3992 Dei,
1047 3928 1141 3984 sed
1167 3930 1447 3989 subsecuta
1475 3940 1615 3984 sunt.
1645 3930 1749 4001 ipsi

179 4020 349 4093 quippe
390 4023 711 4089 audierunt,
756 4021 855 4092 ipsi
895 4023 1226 4092 scripserunt
1269 4024 1425 4093 longe
1466 4033 1751 4096 antequam

179 4111 391 4171 Christus
438 4117 690 4174 venisset
736 4116 787 4171 in
838 4131 1036 4171 carne:
1068 4116 1348 4171 Misercbor
1392 4119 1471 4172 cui
1522 4120 1752 4173 misertus

168 4221 260 4272 ero,
298 4218 341 4262 et
373 4208 785 4265 misericordiam
816 4208 1062 4279 praestabo
1087 4210 1169 4265 cui
1198 4210 1485 4263 misericors
1512 4210 1677 4280 fuero.
1709 4211 1752 4269 E

170 4298 341 4367 quibus
371 4302 466 4358 Dei
497 4301 714 4367 verbis,
746 4309 891 4357 tanto
918 4310 1038 4372 post
1080 4302 1353 4371 apostolus
1384 4302 1580 4359 Paulus
1609 4302 1752 4359 dice-

166 4402 253 4455 ret,
281 4394 448 4466 Igitur
485 4412 596 4451 non
625 4396 833 4450 volentis
861 4412 1018 4466 neque
1048 4396 1313 4465 currentis,
1342 4396 1431 4451 sed
1470 4397 1754 4457 miserentis

168 4495 228 4536 est
262 4484 349 4540 Dei
378 4488 587 4559 (Exod.
622 4503 814 4551 χχχιιι,
847 4488 934 4555 19,
968 4498 1013 4541 et
1044 4488 1195 4543 Rom.
1224 4504 1298 4554 rx,
1336 4489 1425 4553 15,
1464 4488 1575 4557 16).
1609 4489 1756 4559 Ipso-

167 4592 269 4631 rum
296 4582 458 4635 etiam
500 4597 612 4637 vox
642 4589 725 4634 est
752 4580 908 4650 longe
936 4590 1221 4652 antequam
1248 4580 1495 4641 Christus
1520 4582 1755 4638 venisset

170 4668 211 4720 in
245 4686 441 4728 carne:
473 4672 629 4735 Deus
662 4690 823 4737 meus,
861 4675 1206 4739 misericordia
1246 4676 1353 4745 ejus
1381 4678 1646 4745 praeveniet
1679 4693 1755 4731 me

171 4759 316 4827 (ρωι.
340 4782 494 4831 tun,
526 4765 648 4838 11).
676 4765 953 4833 Quomodo
978 4776 1155 4823 autem
1196 4778 1416 4837 possent
1446 4769 1604 4824 alieni
1635 4784 1756 4826 esse

169 4866 192 4902 ει
217 4854 307 4910 tide
330 4856 569 4923 Christi,
594 4873 825 4927 quorum
854 4858 1114 4917 charitate
1139 4858 1301 4919 etiam
1328 4859 1482 4915 nobis
1508 4876 1759 4931 praenun-

168 4944 305 5001 tiatus
330 4959 414 5004 est
441 4949 741 5015 Christus;
774 4948 891 5005 sine
934 4950 1085 5019 cujus
1114 4949 1219 5005 [ide
1249 4950 1528 5021 quisquam
1560 4960 1760 5011 morta-

166 5034 278 5091 lium
313 5056 412 5098 nec
439 5042 577 5108 fuit,
612 5057 711 5097 nec
734 5050 837 5108 est,
878 5056 976 5097 nec
1001 5056 1122 5097 esse
1147 5041 1430 5113 aliquando
1460 5043 1653 5112 poterit
1673 5044 1758 5113 ju-

166 5133 298 5186 stus?
336 5136 395 5191 Si
440 5152 589 5209 ergo
630 5136 740 5206 jam
766 5137 897 5207 justi
943 5154 972 5191 a
1002 5136 1216 5195 Christo
1254 5137 1577 5207 eligerentur
1614 5139 1759 5209 Apo-

164 5225 291 5289 stoli,
314 5230 470 5297 prius
489 5230 653 5291 illum
679 5230 780 5300 ipsi
801 5230 1108 5301 elegissent,
1134 5237 1191 5285 ut
1208 5229 1335 5300 justi
1356 5230 1479 5302 eligi
1506 5240 1756 5302 possent;

165 5317 272 5385 quia
296 5321 413 5377 sine
441 5323 542 5378 illo
578 5322 713 5395 justi
742 5338 860 5381 esse
902 5338 1009 5379 non
1036 5332 1275 5395 possent.
1314 5322 1420 5378 Sed
1449 5340 1554 5379 non
1584 5324 1652 5378 ita
1682 5323 1761 5379 fa-

167 5418 294 5465 ctum
322 5425 407 5470 est
442 5434 456 5469 :
492 5418 623 5485 ipse
657 5415 853 5486 quippe
883 5414 988 5471 illis
1018 5416 1110 5481 ait,
1154 5414 1275 5470 Non
1303 5432 1387 5470 vos
1421 5433 1497 5469 me
1523 5415 1756 5487 elegistis,

169 5505 244 5557 ted
270 5525 357 5578 ego
386 5526 474 5564 vos
504 5507 665 5577 elegi.
690 5507 840 5566 Unde
879 5507 1008 5565 dicit
1050 5510 1321 5580 apostolus
1351 5508 1603 5572 Joannes,
1640 5507 1761 5563 Non

167 5601 285 5663 quod
311 5603 659 5656 dilexerimus
686 5600 870 5669 Deum,
897 5603 985 5658 sed
1008 5604 1127 5673 quia
1162 5605 1269 5675 ipse
1297 5605 1435 5675 prior
1462 5604 1635 5657 dilexit
1670 5619 1759 5657 nos

169 5688 208 5759 (Ι
230 5694 381 5748 Ιοση.
412 5712 491 5762 tv,
524 5694 650 5763 10).

254 5756 488 5847 ΩΔΡΙΓῘ
530 5756 708 5849 XXII.
732 5818 805 5829 —
834 5787 915 5849 l9.
954 5787 1082 5847 Aule
1120 5789 1299 5864 gratia:
1344 5788 1643 5857 0136M!»

1550 274 1752 335 LIBER
1790 271 1990 333 UNUS.
2070 291 2080 305 ί

3316 273 3426 337 62?

1821 394 1951 465 justi
1991 407 2178 447 onmes.
2207 390 2358 461 Quod
2388 404 2506 445 cum
2554 391 2622 446 ita
2661 390 2749 459 sit,
2789 392 2909 463 quid
2940 400 3020 449 est
3048 392 3210 449 homo
3252 404 3410 452 utens

1829 484 1885 538 in
1912 482 2010 539 hac
2037 483 2143 539 vita
2178 484 2390 554 prOpria
2416 484 2705 549 voluntate,
2735 496 3016 556 antequam
3057 486 3217 558 eligat
3242 497 3298 544 et
3324 488 3411 544 di-

1829 574 1956 647 ligat
2003 575 2185 643 Deum,
2239 576 2340 631 nisi
2383 577 2609 647 injustas
2651 587 2702 632 et
2744 579 2973 648 impius?
3003 579 3139 647 Quid
3182 591 3285 647 est,
3334 583 3417 638 in~

1830 684 2009 743 quam,
2040 667 2200 725 homo
2227 668 2481 725 oberrans
2507 687 2536 725 a
2558 670 2809 726 Creatore
2838 681 3100 739 creatura,
3130 675 3229 730 nisi
3256 676 3422 732 Crea-

1833 773 1913 819 tor
1934 765 2049 836 ejus
2085 780 2288 842 memor
2318 764 2385 819 sit
2409 764 2525 837 ejus
2553 765 2723 839 (Psal.
2759 783 2869 835 Vlll,
2903 766 2982 839 5),
3014 778 3067 823 et
3110 769 3268 842 eligat
3293 787 3417 826 eum

1831 860 2016 931 gratis,
2050 838 2313 931 et/diligat
2346 861 2543 933 gratis?
2564 838 2705 927 Quia
2733 861 2845 931 ipse
2875 838 2979 915 non
3024 838 3197 931 potest
3221 864 3420 934 eligere

1834 952 1919 1007 vel
1957 952 2198 1022 diligere,
2246 954 2346 1007 nisi
2388 953 2532 1023 prius
2571 954 2772 1008 electus
2815 952 3149 1026 dilectusque
3178 968 3416 1024 curetur,

1831 1048 1917 1121 qui
1953 1049 2191 1107 caecitate
2237 1048 2477 1121 eligenda
2524 1064 2631 1104 non
2678 1049 2865 1116 cernit,
2913 1057 2967 1105 et
3010 1050 3264 1121 languore
3302 1050 3425 1105 dili-

1832 1140 2003 1219 genda
2034 1140 2248 1199 fastidit.
2279 1140 2382 1199 Sed
2414 1140 2550 1197 forte
2591 1143 2709 1212 quis
2749 1142 2892 1197 dicat
2919 1160 2931 1197 :
2955 1143 3236 1212 Quomodo
3277 1144 3420 1201 Deus

1833 1234 1979 1305 prius
2020 1234 2167 1303 eligit
2206 1244 2259 1289 et
2292 1236 2460 1306 diligit
2506 1236 2733 1307 iniquos,
2766 1237 3099 1308 utjustificet
3137 1254 3254 1305 eos,
3297 1254 3419 1294 curn

1832 1328 2088 1397 scriptum
2120 1328 2207 1391 sit,
2244 1329 2429 1393 Odisti,
2462 1328 2696 1396 Domine,
2730 1348 2899 1386 omnes
2938 1342 3201 1402 operantes
3229 1334 3424 1404 iniqui-

1836 1428 1983 1473 tatem
2012 1418 2180 1491 (I’sal.
2213 1436 2265 1489 v,
2296 1420 2387 1491 7)?
2422 1420 2700 1488 Quomodo
2741 1432 3006 1494 putamus,
3056 1422 3158 1479 nisi
3201 1425 3338 1479 miro
3370 1434 3426 1480 et

1837 1512 2088 1567 inelfabili
2114 1513 2311 1568 modo?
2340 1515 2403 1568 Ει
2429 1524 2600 1569 tamen
2626 1515 2785 1569 etiam
2810 1532 2907 1570 nos
2935 1531 3218 1585 possumus
3237 1518 3253 1547 ¹
3274 1516 3420 1587 cogi-

1821 1612 1986 1670 ‘tare,
2036 1604 2174 1673 quod
2222 1604 2457 1659 medicus
2497 1606 2666 1660 bonus
2703 1617 2958 1678 aegrotum
3010 1618 3065 1662 et
3110 1609 3222 1663 odit
3265 1616 3317 1663 et
3347 1606 3422 1662 di-

1836 1694 2125 1765 ligitzodit
2161 1697 2326 1765 enim,
2383 1697 2505 1769 quia
2554 1708 2809 1769 azgrotat;
2866 1699 3054 1773 diligit,
3102 1709 3161 1755 ut
3212 1699 3403 1770 :egritu

1837 1789 2015 1870 dinpm
2046 1791 2224 1860 pellat.
2594 1824 2613 1851 π,

1909 1882 2131 1939 CAPUT
2180 1883 2441 1940 XXlll.—
2458 1886 2548 1941 20.
2594 1886 2857 1951 Quomodo
2896 1887 3118 1942 Charitas
3157 1903 3286 1942 verte
3329 1904 3427 1959 pa-

1841 1976 2048 2043 tientiw,
2075 1980 2145 2031 ita
2168 1979 2420 2049 cupiditas
2453 1983 2566 2050 fons
2591 1980 2741 2035 uiola:
2766 1982 3041 2052 patientiae.
3067 1982 3190 2039 Haec
3214 1991 3430 2053 propter

1841 2070 2155 2126 charitatetn
2186 2072 2325 2127 dicta
2366 2075 2492 2139 sint,
2527 2076 2641 2129 sine
2672 2090 2773 2145 qua
2816 2076 2869 2130 in
2917 2076 3072 2131 nobis
3121 2093 3224 2132 non
3256 2086 3432 2147 potest

1841 2177 1959 2218 esse
1990 2178 2113 2218 vera
2144 2167 2437 2234 patientia:
2466 2167 2586 2238 quia
2628 2166 2681 2222 in
2726 2168 2878 2223 bonis
2918 2168 3150 2226 charitas
3191 2170 3286 2229 Dei
3326 2178 3430 2236 est,

1841 2272 1958 2326 qum
1989 2258 2179 2313 tolerat
2209 2261 2408 2328 omnia,
2454 2262 2590 2317 sicut
2637 2262 2689 2315 in
2739 2261 2893 2315 malis
2920 2246 3107 2317 mundi
3142 2262 3429 2331 cupiditas.

1843 2349 1947 2405 Sed
1978 2350 2091 2409 lucc
2119 2350 2351 2411 Charitas
2382 2368 2475 2422 per
2508 2353 2764 2422 Spiritum
2793 2361 3035 2409 sanctum
3064 2362 3143 2408 est
3169 2353 3223 2407 in
3250 2354 3430 2424 nobis,

1843 2442 1932 2512 qui
1965 2442 2119 2497 datus
2149 2452 2231 2499 est
2265 2444 2433 2499 nobis.
2470 2442 2622 2499 Unde
2670 2461 2700 2499 a
2730 2460 2836 2515 quo
2868 2444 3024 2500 nobis
3064 2453 3147 2500 est
3175 2444 3431 2514 Charitas,

1844 2534 1911 2589 ab
1942 2535 2035 2589 illo
2064 2544 2148 2591 est
2179 2535 2453 2605 patientia.
2488 2536 2664 2593 Mundi
2706 2545 2882 2591 autem
2911 2536 3193 2606 cupiditas,
3214 2524 3436 2608 quando

1846 2626 2108 2697 patienter
2150 2628 2374 2682 sustinet
2418 2643 2581 2682 onera
2620 2628 2901 2697 cujuslibet
2945 2628 3284 2695 calamitatis,
3328 2629 3437 2699 glo-

1846 2718 2013 2775 riatur
2034 2719 2099 2774 de
2126 2720 2328 2775 viribus
2354 2722 2581 2792 propria:
2612 2722 2918 2787 voluntatis,
2943 2730 3197 2792 tanquam
3223 2721 3291 2779 de
3321 2732 3442 2777 stu-

1848 2828 1975 2883 pore
2005 2814 2198 2882 morbi,
2227 2817 2421 2870 nonde
2446 2817 2637 2883 robore
2666 2816 2928 2872 sanitatis.
2962 2816 3184 2873 lnsana‘
3224 2825 3307 2875 est
3336 2815 3440 2871 ista

1847 2907 2091 2976 gloriatio
2115 2925 2129 2974 ;
2158 2924 2262 2963 non
2291 2918 2373 2964 est
2400 2910 2689 2979 patientim,
2722 2909 2817 2965 sed
2837 2910 3143 2965 dementire.
3172 2910 3435 2965 Voluntas

1850 3001 1950 3061 ista
1999 3010 2146 3056 tanto
2195 3002 2407 3058 videtur
2453 3003 2740 3072 patientior
2784 3003 3100 3061 acerborum
3148 3002 3435 3071 malorum,

1850 3103 2051 3166 quanto
2089 3104 2170 3150 est
2206 3095 2411 3157 avidior
2437 3097 2810 3167 temporalium
2838 3096 3123 3165 bonorum,
3165 3096 3287 3169 quia
3324 3096 3441 3152 ina-

1849 3185 1973 3249 nior
1998 3195 2344 3245 teternorum.

1922 3278 2146 3343 CAPUT
2188 3280 2374 3341 XXIV.
2395 3280 2569 3337 —2|.
2625 3281 2937 3337 Voluntatem
2958 3283 3144 3337 malam
3168 3299 3274 3339 esse
3295 3299 3443 3353 posse

1850 3374 2004 3430 etiam
2053 3374 2163 3433 sine
2218 3375 2427 3447 spiritus
2472 3377 2596 3430 mali
2635 3377 2972 3447 instigatione.
3030 3376 3183 3443 Quod
3222 3377 3271 3431 si
3322 3390 3444 3432 eam

1852 3468 2085 3539 exagitat
2131 3476 2187 3525 et
2235 3468 2531 3525 inﬂammat
2584 3468 2859 3531 fallacibus
2915 3467 3086 3524 visis3
3138 3476 3195 3523 et
3238 3468 3445 3523 suasio-

1854 3561 2012 3623 nibus
2062 3560 2350 3619 immundis
2406 3561 2701 3616 diabolieus
2766 3560 3028 3630 spiritus“
3105 3568 3158 3616 et
3206 3560 3443 3630 maligna

1853 3654 2251 3723 conspiratione
2304 3653 2556 3719 sociatus,
2602 3652 2767 3709 efﬁcit
2815 3651 3048 3709 hominis
3091 3651 3443 3717 voluntatem,

1857 3747 1940 3803 vel
1982 3761 2167 3803 errore
2210 3746 2531 3813 dementem,
2574 3746 2657 3801 vel
2696 3744 2933 3815 appetitu
2966 3743 3248 3813 cujuslibet
3288 3758 3446 3799 mun-

1856 3839 2010 3903 dana:
2064 3840 2429 3897 delectationis
2486 3838 2759 3896 ardentem
2802 3854 2815 3893 :
2858 3852 2978 3907 quae
3021 3852 3147 3894 cum
3199 3836 3447 3893 videtur'

1857 3932 2208 3992 intolerabilia
2248 3932 2562 3993 mirabiliter
2608 3933 2902 3998 sustinere,
2960 3946 3066 3987 non
3115 3938 3294 3986 tamen
3323 3929 3446 3985 ideo

1856 4031 2017 4088 etiam
2057 4029 2304 4087 voluntas
2342 4028 2480 4082 mala
2519 4028 2634 4082 sine
2684 4027 3023 4096 instigatione
3067 4025 3288 4081 alterius
3340 4024 3445 4081 im-

1858 4124 2041 4180 mundi
2086 4124 2323 4192 spiritus,
2370 4122 2509 4176 sicut
2556 4121 2803 4177 voluntas
2844 4120 2982 4183 bona
3025 4120 3142 4174 sine
3180 4119 3446 4189 adjutorio

1858 4216 2027 4272 sancti
2050 4214 2277 4284 Spiritus
2308 4229 2415 4269 non
2442 4221 2615 4284 potest
2643 4228 2784 4269 esse.
2828 4212 2961 4269 Nam
3002 4226 3121 4267 esse
3149 4225 3309 4280 posse
3336 4225 3442 4265 vo-

1859 4310 2117 4364 luntatem
2162 4307 2356 4362 malam
2393 4305 2551 4361 etiam
2602 4307 2718 4362 sine
2758 4305 2936 4376 aliquo
2987 4304 3176 4375 spiritu
3223 4304 3308 4359 vel
3359 4318 3445 4359 se-

1860 4402 2087 4457 ducente
2115 4400 2201 4455 vel
2228 4400 2501 4465 incitante,
2533 4398 2587 4453 in
2616 4399 2731 4469 ipso
2760 4398 2978 4453 diabolo
3022 4397 3153 4454 satis
3200 4397 3445 4453 ostendi-

1862 4492 2086 4562 tur,.qui
2112 4507 2205 4561 per
2226 4491 2428 4549 nullum
2457 4490 2618 4545 alium
2647 4489 2937 4555 diabolum,
2974 4489 3069 4544 sed
3097 4488 3309 4559 propria
3346 4503 3445 4544 vo-

1862 4585 2064 4640 luntate
2144 4583 2313 4639 iactus
2370 4582 2611 4638 diabolus
2672 4582 2956 4638 invenitur.
3022 4580 3280 4639 Voluntas
3347 4581 3449 4635 ita-

1864 4694 1965 4749 que
2030 4677 2169 4732 mala
2221 4678 2333 4732 sive
2382 4676 2669 4746 cupiditate
2734 4676 3012 4746 rapiatur,
3076 4674 3192 4730 sive
3254 4675 3448 4733 timore

1864 4780 2176 4837 revocetur,
2228 4771 2340 4825 sive
2409 4771 2593 4825 laetitia
2657 4767 3021 4834 diffundatur,
3091 4769 3209 4825 sive
3278 4769 3449 4824 tristi-

1865 4866 1935 4921 tia
1974 4866 2337 4932 contrahatur,
2368 4872 2528 4934 atque
2563 4864 2617 4918 in
2672 4863 2757 4918 his
2795 4863 3041 4919 omnibus
3091 4862 3452 4932 perturbatio-

1865 4960 2020 5016 nibus
2060 4959 2223 5014 animi
2265 4972 2615 5029 quaecumque
2652 4965 2777 5015 sunt
2819 4956 2937 5010 aliis
2979 4955 3067 5010 Vel
3106 4956 3212 5010 alio
3248 4964 3450 5027 tempo—

1864 5053 1957 5108 re“
1992 5052 2235 5123 graviora
2273 5058 2582 5107 contemnat
2633 5058 2688 5106 et
2734 5048 2996 5120 perferat;
3023 5057 3203 5118 potest
3236 5058 3293 5105 et
3333 5050 3451 5106 sine

1932 5234 1945 5305 τ
1984 5238 2051 5283 tta
2068 5232 2166 5282 duo
2187 5229 2399 5282 Vaticani
2418 5236 2527 5281 Mss.
2552 5228 2639 5283 Alii
2655 5240 2775 5280 vero
2795 5227 3024 5292 plerique
3041 5238 3155 5281 eum
3177 5226 3340 5289 editis,
3364 5240 3459 5279 non

1868 5308 2133 5361 possumus.

1932 5359 1953 5388 ²
1986 5358 2058 5406 sic
2078 5364 2184 5405 Mss.
2210 5359 2267 5404 Αι
2290 5353 2423 5413 editi,
2455 5351 2664 5405 Insania.

1934 5420 1954 5451 ³
1988 5419 2153 5469 Plures
2167 5426 2297 5483 lissi,
2318 5415 2514 5483 tisicus.
2532 5424 2584 5466 1n
2606 5415 2843 5483 persimili
2856 5415 2972 5483 loco
2994 5414 3106 5483 libri
3122 5416 3186 5464 de
3202 5415 3447 5483 Coutinerr

1868 5484 1952 5542 tia,
1977 5494 2082 5545 cap.
2107 5483 2154 5549 2,
2182 5476 2294 5549 n_._5,
2321 5479 2502 5541 legitur
2526 5494 2540 5532 :
2574 5476 2834 5549 «Quisquis
2852 5480 2901 5526 in
2925 5477 3071 5527 corde
3090 5476 3456 5549 occurrentibus

1876 5563 1899 5593 α
1921 5543 2319 5606 suggestionibus
2343 5554 2645 5614 quorumque
2669 5543 2981 5612 v'isorum:....
3008 5543 3315 5613 consensit.)

1932 5607 1956 5640 δ
1991 5606 2178 5661 Aliquot
2196 5612 2324 5661 Mss,
2347 5605 2626 5655 munundus
2646 5608 2694 5651 et
2717 5601 3220 5661 dmboltcusspmtus.
3256 5605 3310 5649 ιιι
3342 5610 3456 5657 mox

1932 5623 1956 5640 ν
1991 5623 2178 5669 linquat
2196 5623 2324 5665 mss,
2347 5623 2626 5655 ιηιιηωιαπδ
2646 5623 2694 5651 et
2717 5623 3220 5669 umwuwsmruu.

1871 5670 2078 5719 Vaticani
2102 5671 2214 5728 duo,
2237 5665 2281 5717 ei
2298 5666 2510 5731 nutligna
2527 5663 2871 5731 conspiratione
2893 5667 3115 5713 sectatus.
3150 5722 3163 5731 _
3188 5723 3199 5731 _

1934 5732 1955 5763 ⁵
1988 5732 2059 5793 Sic
2083 5722 2246 5793 proba)
2271 5736 2396 5778 nota:
2415 5722 2525 5793 diss.
2552 5734 2604 5775 At
2630 5722 2763 5785 editi,
2790 5736 3102 5787 quaecumque
3118 5722 3358 5777 videntur.

1938 5794 1958 5826 θ
1992 5790 2216 5857 Plerique
2238 5798 2367 5855 Mss,
2390 5790 2462 5843 vel
2479 5804 2534 5842 eo
2556 5795 2784 5853 tenuiore.
