3810 6472
383 414 489 483 623

383 539 603 597 alterius
644 529 860 603 spiritus
900 517 1155 578 instinctu
1198 526 1259 567 se
1306 509 1417 578 ipsa
1459 501 1736 564 seducere,
1776 500 1830 550 et
1879 489 1973 546 de-

387 636 529 690 l'ectu
562 646 593 684 a
634 617 998 696 superioribus
1058 610 1111 666 in
1142 603 1393 662 inferiora
1451 590 1727 666 lapsando,
1778 591 1979 657 quanto

386 722 672 802 jucundius
700 673 1095 772 rexistimaverit,
1141 696 1283 771 quod
1332 690 1555 763 adipisci
1608 681 1842 755 appetit,
1897 673 1982 731 vel

989 799 1001 802 -
1094 794 1108 802 .
1451 782 1529 802 ,Α
1593 778 1675 802 Ἦ,
1726 773 1978 802 nmmum

389 773 637 875 amittere
674 806 884 867 metuit,
921 799 1006 854 vel
1045 794 1296 863 adeptum
1340 782 1553 857 gaudet,
1593 778 1679 834 vel
1726 773 1981 828 amissum

395 910 559 971 dolet,
589 863 1100 960 tantotolerabilius
1123 898 1219 954 pro
1244 894 1310 936 eo
1338 878 1476 931 ferre
1505 868 1649 942 quod
1676 865 1775 922 sibi
1808 863 1986 917 minus

394 949 574 1058 ἐξίνέᾶ
590 949 931 1065 patiendum,
963 949 1276 1051 quam-illud
1298 970 1363 1023 ad
1391 962 1691 1021 fruendum.
1719 949 1987 1025 Quidquid

398 1095 542 1149 enim
571 1084 697 1142 illud
743 1090 846 1144 est,
890 1092 957 1132 ex
984 1077 1227 1128 creatura
1268 1071 1372 1127 est,
1404 1058 1557 1125 cuius
1597 1062 1722 1107 nota
1751 1048 1991 1115 voluptas

404 1182 548 1239 est‘.
584 1174 827 1247 Quodam
868 1164 1028 1223 modo
1072 1159 1214 1217 enim
1254 1148 1497 1209 l'amiliari
1541 1148 1791 1200 contactu
1837 1146 1995 1204 atque

401 1288 649 1335 connexu
692 1268 759 1324 ad
810 1257 1190 1334 experiendam
1241 1249 1358 1319 ejus
1412 1239 1729 1298 suavitatem
1788 1228 1997 1299 adiacet

405 1368 603 1427 amanti
634 1369 894 1420 creaturas
924 1359 1097 1408 amata
1127 1353 1392 1402 creatura.

939 1474 1010 1487 -—
1035 1441 1125 1496 22.
1168 1438 1313 1493 Bona
1359 1429 1591 1485 uoluntas
1634 1436 1736 1476 non
1782 1414 1879 1470 nisi
1936 1426 2001 1466 ea:

414 1555 549 1613 Deo.
581 1550 838 1618 Voluptas
860 1548 1037 1597 autem
1067 1527 1359 1592 Creatoris,
1391 1523 1458 1578 de
1478 1534 1581 1590 qua
1612 1513 1867 1582 scriptum
1897 1513 2000 1569 est,

1535 1608 1596 1618 "‘
1667 1607 1677 1618 ·
1814 1615 1878 1618 η--
1922 1592 1978 1618 n\

413 1648 485 1703 Et
515 1592 752 1701 torrent;
768 1629 1043 1705 voluptatis
1070 1638 1169 1680 tua:
1198 1618 1392 1693 potabis
1423 1629 1505 1667 eos
1528 1607 1698 1680 (Psal.
1734 1615 1899 1663 xxxv,
1922 1592 2002 1669 9),

413 1738 574 1809 longe
613 1730 832 1789 alterius
879 1722 1090 1797 generis
1135 1722 1217 1771 est
1247 1730 1261 1766 :
1295 1720 1467 1776 neque
1505 1701 1670 1764 enim,
1712 1696 1849 1750 sicut
1884 1702 2005 1753 nos,

1359 1798 1370 1808 ·
1493 1793 1506 1809 ·
1548 1800 1629 1809 um
1669 1784 1788 1809 ε-υι..
1832 1778 1983 1809 ..Αιιςο

418 1778 506 1795 .ν..
542 1778 574 1793 ν
613 1778 830 1789 ...-ν.----
880 1778 935 1797 υ-

418 1778 663 1884 creztura
696 1829 798 1876 est.
828 1816 941 1873 Nisi
984 1823 1112 1880 ergo
1147 1817 1299 1860 amor
1325 1798 1441 1868 ejus
1476 1793 1631 1846 detur
1668 1784 1791 1841 inde
1832 1778 2006 1843 nobis,

421 1936 527 1977 non
550 1925 635 1973 est
654 1913 795 1969 unde
825 1921 944 1964 esse
977 1900 1144 1973 possit
1174 1898 1226 1950 in
1258 1890 1432 1947 nobis.
1467 1887 1543 1940 Ac
1571 1897 1669 1954 per
1690 1879 1800 1932 hoc
1820 1875 2011 1930 volun-

423 1976 506 2070 tas
549 2012 711 2073 bona,
753 2018 855 2075 qua
884 1996 1119 2067 diligitur
1162 1991 1321 2053 Deus,
1359 1985 1412 2038 in
1444 1981 1661 2035 homine
1704 1988 1810 2028 non
1839 1976 2016 2041 potest

423 2122 564 2172 esse,
600 2101 700 2157 nisi
730 2065 789 2153 iri
818 2108 923 2166 quo
955 2065 1093 2145 Deus
1126 2089 1380 2154 operatur
1412 2084 1467 2131 et
1494 2072 1630 2127 velle
1659 2065 1915 2140 (Philipp.
1953 2078 2013 2129 ιι,

427 2158 701 2271 iii-idum
731 2158 889 2262 igitur
919 2184 1168 2238 voluntas
1209 2178 1369 2237 bona,
1404 2169 1455 2224 id
1502 2178 1604 2231 est,
1634 2163 1879 2217 voluntas
1909 2158 2019 2212 Deo

430 2246 661 2349 ﬁdeliter
698 2246 932 2345 stibdita,
982 2276 1227 2331 voluntas
1264 2261 1544 2321 sanctitate
1568 2254 1781 2323 superni
1815 2246 2023 2304 ardoris

438 2663 552 2717 sive
579 2659 787 2721 timore,
815 2649 883 2705 de
903 2620 1017 2717 quo
1047 2640 1172 2695 dicit
1199 2633 1473 2707 apostolus
1514 2624 1731 2687 Paulus,
1761 2622 1813 2676 in
1856 2620 2033 2673 timore

441 2764 489 2809 et
522 2763 733 2805 tremore
778 2750 996 2798 vestram
1033 2736 1261 2806 ipsorum
1299 2727 1515 2781 salutem
1560 2712 1841 2786 operamini
1879 2709 2035 2783 (Phi-

446 2806 573 2917 lipp.
603 2857 659 2905 ll,
687 2834 811 2909 I2);
835 2835 947 2887 sive
973 2826 1183 2901 gaudio,
1207 2821 1275 2877 de
1300 2835 1406 2889 quo
1427 2814 1578 2879 dicit,
1609 2811 1716 2882 Spe
1734 2806 2032 2880 gaudentes,

444 2893 848 2990 inrlribulatione
878 2893 1122 2991 patientes
1148 2912 1323 2981 (Rom.
1360 2923 1453 2970 χιι,
1481 2902 1572 2975 η)
1598 2918 1613 2967 ;
1647 2901 1760 2955 sive
1798 2893 2033 2956 tristitia,

448 3025 659 3099 qualem
705 3034 763 3075 se
800 3014 931 3071 dicit
959 3021 1202 3079 magnam
1247 2999 1496 3055 habuisse
1525 3007 1623 3065 pro
1650 2987 1900 3045 fratribus
1928 2982 2040 3037 suis

1508 3096 1515 3099 Α
1726 3098 1737 3099 κ
1802 3078 2017 3099 -υινΑ-Δι

458 3120 568 3194 (Id.
601 3134 674 3183 ιχ,
701 3114 758 3184 2)
797 3113 1193 3179 :qumcumque
1236 3107 1417 3149 amara
1469 3096 1523 3143 et
1563 3098 1750 3154 aspera
1800 3078 2040 3140 sulierat,

1279 3185 1291 3194 ·
1375 3192 1382 3194 -
1428 3181 1441 3194 ι
1543 3187 1555 3194 .
1603 3174 1637 3194 ιΙ
1677 3172 1774 3194 μη,
1824 3184 1917 3194 ,ηη
1965 3165 2020 3194 ι-ιχ

454 3165 687 3269 charitas
730 3165 821 3258 Dei
862 3165 972 3262 est,
1000 3165 1121 3263 qua;
1147 3185 1326 3243 omnia
1370 3181 1563 3236 tolerat
1598 3174 1641 3248 (I
1675 3172 1792 3229 Cor.
1823 3184 1938 3231 χιιι,
1965 3165 2042 3237 7),

455 3320 576 3376 quae
606 3316 710 3355 non
740 3257 1050 3350 diffunditur
1080 3283 1133 3338 in
1154 3278 1404 3336 cordibus
1434 3269 1652 3334 nostris,
1685 3264 1785 3319 nisi
1811 3276 1907 3334 per
1927 3257 2048 3329 Spi-

459 3356 622 3454 ritum
650 3399 889 3448 sanctum
918 3381 1009 3454 qui
1035 3378 1190 3434 datus
1211 3382 1295 3428 est
1324 3368 1477 3427 nobis
1503 3365 1679 3435 (Rom.
1710 3375 1766 3425 v,
1798 3356 1877 3429 5).

530 3450 757 3543 CAPUT
808 3450 1000 3534 XXIlI.
1038 3501 1109 3513 -—
1148 3468 1362 3522 Piorum
1413 3458 1655 3531 patientia
1700 3452 1795 3511 Dei
1840 3450 2048 3503 donum.

467 3577 921 3640 Schismaticorum
968 3562 1211 3639 patientia
1268 3572 1359 3627 pro
1403 3552 1604 3607 Christo
1657 3563 1724 3599 an
1771 3541 2051 3599 laudanda.

469 3674 620 3731 Unde
664 3633 997 3739 nequaquam
1049 3656 1325 3714 dubitante
1379 3647 1594 3717 pietate,
1642 3639 1778 3695 sicut
1825 3633 2056 3690 charitas

469 3774 654 3822 sancte
688 3722 1000 3817 amantium,
1048 3750 1119 3805 ita
1167 3739 1422 3817 patientia
1463 3737 1549 3806 pie
1593 3727 1932 3787 tolerantium
1964 3722 2059 3778 Dei

472 3860 669 3916 donum
711 3862 816 3909 est.
858 3848 1041 3916 Neque
1083 3842 1224 3895 enim
1267 3834 1449 3890 divina
1490 3827 1762 3896 Scriptura
1803 3818 1935 3874 fallit
1971 3823 2064 3871 aut

476 3911 691 4013 innititur,
726 3959 844 4017 qua:
872 3911 979 3995 non
1011 3935 1185 3992 solum
1211 3932 1263 3985 in
1283 3924 1552 3982 veteribus
1578 3918 1751 3975 Libris
1778 3914 1940 3969 habet
1960 3911 2062 3965 hu-

474 4048 560 4117 jus
599 4042 677 4098 rei
706 4033 1026 4094 testimonia,
1056 4044 1177 4085 cum
1215 4025 1324 4079 Deo
1348 4018 1563 4082 dicitur,
1596 4009 1851 4065 Patientia
1876 4021 1986 4059 mea
2011 4013 2067 4058 tu

479 4098 746 4207 ἑφθαί.
803 4143 908 4183 Lxx
962 4124 1055 4194 5);
1113 4128 1196 4181 et.
1255 4113 1329 4168 Ab
1380 4112 1492 4181 ipso
1550 4114 1622 4160 est
1674 4098 1915 4172 patientia
1957 4112 2070 4151 mea

483 4190 655 4297 (I’sal.
696 4239 803 4289 LXI,
837 4219 891 4289 6)
917 4234 931 4277 :
961 4190 1014 4271 et
1041 4211 1129 4269 ubi
1174 4210 1307 4263 alius
1333 4202 1591 4275 propheta
1638 4193 1787 4259 dicit,
1828 4190 2072 4259 accipere

485 4337 586 4377 nos
605 4317 859 4389 Spiritum
887 4302 1213 4365 fortitudinis
1246 4316 1259 4353 :
1290 4310 1475 4352 verum
1508 4291 1665 4346 etiam
1690 4287 1741 4340 in
1769 4280 2074 4354 apostolicis

487 4373 704 4470 Litteris
747 4405 957 4476 legitur,
1004 4397 1136 4466 Quia
1173 4390 1310 4446 vobis
1347 4387 1591 4441 donatum
1627 4388 1701 4434 est
1732 4392 1823 4447 pro
1852 4373 2074 4437 Christo,

490 4462 875 4561 non‘solumvut
913 4490 1130 4547 credatis
1169 4486 1222 4539 in
1248 4498 1381 4543 eum,
1420 4477 1508 4532 sed
1550 4483 1603 4528 ut
1638 4472 1788 4525 etiam
1815 4462 2079 4539 patiamini

491 4559 696 4670 prapter
724 4608 836 4648 eum
864 4585 1120 4660 (Philipp.
1162 4594 1201 4643 ι,
1231 4576 1350 4644 29).
1377 4571 1493 4626 Non
1528 4580 1654 4635 ergo
1682 4559 1835 4632 quasi
1856 4559 1923 4613 de
1953 4569 2079 4627 pro-

494 4645 615 4758 prio
636 4685 791 4739 faciat
817 4645 1276 4733 ariimuni'elatum
1304 4660 1447 4734 quod
1487 4656 1589 4713 sibi
1630 4652 1781 4708 audit
1822 4663 1945 4704 esse
1980 4645 2081 4701 do-

494 4788 758 4924 Μὶξὲέί
806 4861 927 4932 quis
972 4862 1148 4911 autem
1196 4863 1301 4904 non
1340 4843 1542 4899 habens
1585 4833 1922 4895 charitatem,
1967 4842 2088 4899 qua;

501 4960 731 5036 pertinet
755 4954 821 5009 ad
848 4951 1104 5006 unitatem
1146 4942 1365 5013 spiritus
1403 4942 1458 4989 et
1493 4927 1764 4985 vinculum
1790 4922 1956 4994 pacis,
1984 4933 2089 4990 quo

1580 5018 1760 5036 _-.2.___
1825 5014 1874 5036 ε..
1912 5012 2089 5036 ..ιι,...Α

502 5012 1039 5108 catholicaEcclesia
1082 5012 1400 5102 congregata
1429 5018 1782 5079 connectitur,
1825 5014 1877 5068 in
1911 5012 2091 5079 aliquo

506 5145 792 5201 schismate
834 5129 1176 5190 constitutus,
1228 5138 1297 5177 ne
1348 5116 1620 5174 Christum
1669 5116 1847 5179 neget,
1897 5103 2093 5174 patitur

510 5233 904 5291 tribulationes,
927 5217 1219 5291 angustias,
1253 5212 1469 5269 famem,
1500 5203 1815 5266 nuditatem,
1844 5208 2091 5269 persecu-

510 5331 730 5387 tionem,
773 5314 1026 5391 pericula,
1068 5319 1333 5366 carceres,
1388 5297 1618 5362 vincula,
1648 5298 1937 5353 tormenta,
1979 5284 2094 5355 gla-

511 5425 682 5485 dium,
719 5415 803 5470 vel
840 5412 1113 5469 ﬂammas,
1145 5400 1229 5455 vel
1260 5394 1494 5454 bestias,
1539 5387 1624 5442 vel
1664 5386 1832 5454 ipsam
1883 5389 2096 5434 crucem

517 5521 711 5574 timore
734 5506 1122 5580 gehennarum,
1148 5501 1205 5549 et
1230 5489 1366 5561 ignis
1396 5481 1615 5544 :eterni;
1645 5477 1789 5533 nullo
1814 5471 1974 5528 modo
2000 5468 2100 5522 ista

595 5922 611 5955 ⁸
646 5916 783 5974 Editi.
800 5911 1011 5965 voluntas
1032 5912 1118 5959 est.
1146 5914 1168 5953 κ
1183 5906 1315 5954 crius
1337 5910 1464 5959 Mss,
1488 5896 1697 5960 ralitle

1272 386 1360 446 DE
1402 375 1786 443 PATIENTIA,
1826 366 1887 430 S.
1926 356 2298 428 AUGUSTINI
2336 351 2540 416 LIBER
2579 346 2781 407 UNUS.

3552 322 3678 382 62‘

2086 491 2168 539 est
2190 472 2519 537 confitendo;
2552 467 2645 524 sed
2671 454 3078 521 existimandum
3108 457 3190 506 est
3215 447 3442 504 fortasse
3468 440 3678 497 tolera-

2085 574 2246 631 bilius
2286 570 2335 625 ei
2375 567 2612 622 futurum
2649 555 2926 628 judicium,
2966 562 3123 620 quam
3162 544 3206 600 si
3246 540 3516 597 Christum
3566 551 3680 588 ne-

2088 666 2261 740 gando
2297 669 2484 719 cuncta
2515 657 2604 712 illa
2640 653 2830 707 vitaret
2860 665 2873 701 :
2903 656 2957 698 ut
2988 639 3115 698 illud
3147 635 3287 708 quod
3326 635 3402 693 ait,
3438 635 3683 700 Aposto-

2092 762 2197 827 lus,
2228 758 2288 814 Si
2318 751 2573 810 tradidero
2608 760 2791 814 corpus
2818 753 2980 794 meum
3021 743 3078 787 ut
3115 729 3344 792 ardeam,
3374 723 3690 777 charitateus

2094 815 2259 910 autem
2285 868 2385 905 non
2416 845 2643 905 habeam,
2670 836 2801 892 nihil
2833 832 2955 887 mihi
2983 825 3184 899 prodest
3224 820 3266 894 (I
3291 820 3409 875 Cor.
3439 831 3555 873 χιιι,
3577 815 3643 882 ’5)
3668 828 3688 878 ;

2096 945 2229 1003 nihil
2264 940 2519 1015 prodesse
2556 930 2883 999 intelligatur
2913 921 2978 977 ad
3005 930 3225 989 regnum
3255 912 3513 969 caelorum
3544 905 3697 959 obti-

2097 997 2355 1102 nendrim,
2384 1048 2491 1089 non
2518 1029 2584 1084 ad
2626 997 2853 1081 extremi
2888 1013 3073 1088 iudicii
3100 1005 3433 1065 tolerabilius
3476 997 3698 1069 suppli-

2099 1136 2239 1191 cium
2270 1125 2622 1187 subeundum.

2436 1214 2648 1273 XXVII.
2677 1241 2751 1253 --
2783 1208 2874 1264 24.
2905 1203 2985 1259 An
3021 1202 3127 1256 haec
3154 1210 3329 1252 eorum
3358 1186 3603 1261 patientia
3638 1184 3707 1237 sit

2103 1315 2202 1371 Dei
2225 1315 2432 1368 donum.
2458 1306 2564 1365 Sed
2590 1303 2779 1360 merito
2803 1296 2968 1368 quaeri
2997 1300 3172 1364 potest
3196 1298 3371 1343 utrum
3399 1289 3455 1337 et
3478 1280 3577 1334 ista
3608 1291 3710 1346 pa-

2106 1406 2288 1463 tientia
2317 1404 2514 1459 donum
2547 1398 2639 1454 Dei
2669 1398 2759 1462 sit,
2790 1409 2856 1447 an
2880 1387 3084 1444 viribus
3112 1377 3387 1439 tribuenda
3414 1375 3482 1429 sit
3506 1372 3709 1426 volun-

2108 1500 2230 1554 tatis
2256 1498 2523 1561 humanm,
2547 1505 2650 1563 qua
2672 1487 2896 1559 quisque
2920 1480 2987 1535 ab
3009 1475 3245 1534 Ecclesia
3271 1479 3570 1541 separatus,
3596 1480 3708 1518 non

2109 1606 2207 1663 pro
2232 1603 2417 1645 errore
2444 1585 2533 1657 qui
2563 1598 2685 1639 eum
2712 1574 2996 1649 separavit,
3028 1570 3121 1628 sed
3152 1583 3248 1640 pro
3271 1564 3491 1621 veritate
3517 1572 3707 1613 saera-

2112 1682 2279 1739 menti
2322 1696 2416 1736 seu
2462 1676 2611 1733 verbi
2658 1690 2776 1745 qua:
2819 1666 2958 1740 apud
3005 1680 3128 1721 eum
3174 1656 3467 1720 remansit,
3512 1653 3711 1705 timore

2114 1789 2392 1848 pinnarum
2423 1739 2740 1826 :eternarum
2782 1739 2969 1834 painas
2995 1755 3191 1828 patitur
3220 1746 3561 1820 temporales.
3603 1739 3711 1795 Ca-

2115 1865 2347 1923 vendum
2369 1871 2451 1919 est
2474 1861 2615 1916 enim
2642 1872 2710 1913 ne
2736 1856 2894 1919 forte,
2916 1851 2961 1907 si
2983 1848 3079 1904 Dei
3100 1846 3298 1902 donum
3323 1843 3477 1896 istam
3502 1835 3709 1904 patien-

2121 1961 2246 2017 tiam
2270 1959 2582 2019 dixerimus,
2610 1952 2665 2007 hi
2691 1950 2883 2022 quibus
2910 1946 3063 2007 inest,
3091 1940 3251 1996 etiam
3276 1933 3347 1991 ad
3372 1944 3579 2001 regnum
3606 1924 3699 1980 Dei

2123 2051 2393 2124 pertinere
2421 2046 2706 2104 credantur
2734 2060 2749 2097 :
2780 2042 2825 2095 si
2853 2047 3028 2093 autem
3058 2034 3201 2088 illam
3240 2028 3441 2083 donum
3470 2021 3559 2076 Dei
3582 2032 3704 2074 esse

2126 2142 2497 2215 negaverimus
2518 2181 2532 2206 ,
2565 2146 2818 2208 cogamur
2857 2128 3038 2195 fateri,
3071 2126 3186 2179 sine
3215 2116 3482 2190 adiutorio
3508 2122 3568 2168 et
3595 2126 3717 2165 mu-

2126 2254 2257 2295 nere
2278 2235 2373 2291 Dei
2399 2234 2450 2289 in
2478 2202 2751 2286 voluntate
2772 2222 3004 2280 hominis
3027 2232 3147 2274 esse
3171 2227 3328 2286 posse
3351 2205 3553 2277 aliquid
3573 2202 3719 2258 boni.

2128 2332 2313 2402 Neque
2358 2327 2500 2384 enim
2545 2325 2647 2378 hoc
2694 2336 2799 2375 non
2846 2324 2930 2372 est
2975 2315 3207 2374 bonum,
3247 2315 3304 2360 ut
3342 2299 3533 2359 credat
3566 2297 3726 2351 homo

2131 2436 2335 2482 :eterno
2380 2417 2641 2490 supplicio
2684 2429 2742 2469 se
2788 2425 2908 2467 esse
2950 2401 3306 2479 puniendum,
3358 2396 3402 2450 si
3452 2389 3727 2461 negaverit

2133 2518 2400 2574 Christum
2422 2485 2535 2579 {et
2580 2525 2674 2581 pro
2715 2508 2814 2562 ista
2857 2502 2959 2558 [ide
2988 2499 3376 2572 qualecumque
3402 2485 3729 2560 supplicium

2135 2608 2370 2683 perferat
2398 2614 2452 2661 et
2479 2608 2786 2659 contemnat
2812 2597 3122 2651 humanum.

2207 2702 2298 2757 25.
2319 2697 2548 2755 Proinde
2570 2696 2707 2750 sicut
2728 2688 3025 2761 negandum
3049 2699 3152 2739 non
3169 2690 3250 2737 est
3268 2678 3373 2733 hoc
3389 2690 3518 2731 esse
3538 2672 3735 2729 donum

2144 2796 2258 2860 Dei,
2292 2795 2361 2849 ita
2389 2788 2786 2860 intelligendum
2817 2791 2899 2839 est
2925 2780 3026 2860 alia
3056 2792 3176 2834 esse
3205 2774 3297 2829 Dei
3326 2771 3470 2828 dona
3509 2769 3736 2823 ﬁliorum

2145 2889 2286 2945 illius
2305 2885 2623 2950 Jerusalem,
2651 2894 2770 2950 qua:
2793 2858 3004 2932 sursum
3027 2873 3191 2928 libera
3218 2876 3300 2924 est
3331 2875 3511 2922 mater
3538 2872 3739 2918 nostra.

2215 2977 2441 3035 CAPUT
2489 2973 2723 3030 XXVIII.
2752 3000 2821 3011 —
2848 2968 2998 3023 Dona
3027 2965 3249 3035 ﬁliorum
3278 2957 3542 3013 heredum
3583 2963 3630 3010 et
3660 2953 3746 3005 do-

2146 3090 2215 3127 na
2256 3071 2483 3141 ﬁliorum
2528 3062 2963 3122 exhairedatorum
2993 3057 3207 3111 diversa.
3247 3050 3398 3121 (Haec
3438 3056 3570 3101 sunt
3609 3051 3745 3099 enim

2149 3139 2378 3237 quodam
2408 3159 2567 3215 modo
2596 3152 2966 3218 haereditaria,
2998 3150 3050 3204 in
3081 3146 3274 3218 quibus
3303 3156 3495 3198 sumus
3526 3139 3748 3193 harredes

2151 3234 2269 3325 Dei,
2298 3251 2583 3309 coheredes
2611 3256 2777 3302 autem
2806 3241 3017 3312 Christi)
3042 3257 3056 3306 ;
3087 3239 3190 3292 alia
3219 3249 3346 3290 vero
3374 3246 3498 3303 quae
3526 3234 3753 3299 possunt

2154 3350 2396 3419 accipere
2424 3345 2583 3400 etiam
2616 3340 2707 3397 ﬁlii
2735 3335 3173 3395 concubinarum,
3203 3328 3391 3400 quibus
3419 3323 3596 3379 Judmi
3628 3336 3756 3376 car-

2158 3443 2306 3498 nales
2330 3449 2385 3497 et
2404 3434 2728 3493 schismatici
2752 3433 2838 3487 vel
2867 3426 3099 3484 hmretici
3127 3426 3511 3492 comparantur.
3540 3415 3756 3481 Quam-

2157 3537 2239 3593 vis
2266 3535 2407 3590 enim
2439 3531 2696 3599 scriptum
2727 3524 2826 3589 sit,
2858 3522 3004 3591 Ejicc
3041 3517 3280 3572 ancillam
3313 3522 3353 3564 et
3390 3509 3555 3578 ﬁlium
3597 3506 3758 3576 ejus;

2162 3646 2318 3701 neque
2362 3626 2495 3681 enim
2541 3624 2700 3678 haeres
2743 3618 2836 3673 erit
2885 3614 3022 3686 [ilius
3071 3608 3277 3665 ancilla:
3328 3620 3439 3659 cum
3496 3601 3609 3670 ﬁlio
3651 3616 3762 3653 meo

2163 3695 2316 3781 Isaac
2360 3719 2500 3792 (Cal.
2526 3734 2598 3781 tv,
2623 3715 2714 3780 26,
2738 3712 2829 3779 50,
2856 3721 2901 3764 et
2929 3707 3056 3763 Ceu.
3088 3720 3208 3769 χχι,
3256 3699 3343 3770 10)
3377 3715 3395 3752 :
3426 3705 3486 3751 et
3529 3695 3765 3750 Abrahre

2165 3815 2361 3873 dixerit
2379 3813 2544 3875 Deus,
2575 3808 2643 3863 1η
2664 3805 2813 3861 Isaac
2837 3800 3093 3857 vocabitur
3136 3796 3224 3848 tibi
3242 3809 3408 3848 semen
3442 3787 3607 3863 (Cen.
3642 3802 3731 3842 χχι
3750 3825 3765 3850 ,

2171 3908 2273 3975 t2,
2316 3915 2363 3960 et
2414 3903 2566 3958 Rom.
2626 3915 2710 3967 ιχ,
2755 3897 2786 3951 7
2813 3904 2861 3951 et
2886 3895 2940 3964 8)
2984 3908 3003 3945 :
3043 3888 3179 3961 quod
3218 3885 3294 3941 sic
3331 3892 3417 3938 est
3474 3880 3769 3952 Apostolus

2170 3973 2583 4070 interpretatus,
2614 4002 2676 4048 ut
2701 3990 2931 4054 diceret,
2965 3984 3030 4038 Id
3059 3991 3149 4046 est,
3181 3994 3280 4033 non
3304 3975 3390 4047 qui
3418 3973 3522 4043 ﬁlii
3573 3973 3767 4033 carnis,

2174 4095 2228 4149 hi
2271 4066 2366 4162 ﬁlii
2408 4088 2543 4154 Dei;
2590 4084 2678 4139 sed
2722 4081 2818 4151 ﬁlii
2857 4072 3200 4150 promissionis
3237 4070 3559 4139 deputantur
3603 4066 3658 4119 in
3697 4079 3771 4118 κ-

2175 4188 2309 4241 mine
2361 4192 2421 4239 ut
2480 4179 2899 4248 intelligeremus
2956 4184 3135 4225 semen
3191 4161 3421 4218 Abrahae
3474 4157 3773 4215 secundum

2176 4277 2326 4335 Isaac
2366 4280 2583 4347 propter
2623 4267 2893 4324 Christum
2938 4262 3004 4317 ad
3043 4259 3136 4315 Dei
3173 4255 3309 4311 lilios
3340 4251 3667 4323 pertinere,
3698 4263 3776 4319 qut

2180 4379 2305 4427 sunt
2331 4340 2525 4437 corpus
2551 4360 2749 4423 Christi
2788 4368 2842 4414 et
2880 4353 3118 4411 membra
3139 4390 3155 4417 ,
3182 4349 3233 4404 id
3260 4357 3373 4414 est,
3406 4345 3665 4401 Ecclesia
3698 4340 3779 4397 Dei

2181 4478 2318 4529 una,
2351 4474 2509 4526 vera,
2540 4467 2792 4528 germana
2812 4491 2829 4518 ,
2860 4446 3119 4505 catholica
3141 4484 3157 4510 ,
3190 4449 3378 4495 tenens
3401 4437 3555 4508 piam
3598 4436 3779 4497 ﬁdem;

2185 4570 2295 4611 non
2315 4568 2433 4608 eam
2455 4565 2572 4621 quae
2594 4563 2688 4619 per
2706 4543 2990 4601 elationem
3012 4536 3092 4592 vel
3117 4534 3382 4594 timorem,
3404 4530 3505 4584 sed
3526 4542 3782 4597 eamque

2188 4663 2285 4720 per
2312 4620 2650 4701 dilectionem
2681 4644 2934 4708 operatur
2959 4629 3157 4703 (Colat.
3188 4640 3242 4691 v,
3270 4623 3328 4693 6)
3358 4640 3373 4676 :
3402 4630 3605 4675 tamen
3637 4620 3783 4675 etiam

2166 4741 2327 4807 ,lilios
2359 4733 2773 4791 concubinarum
2810 4724 3023 4798 quando
3052 4739 3084 4776 a
3110 4720 3217 4775 lilio
3240 4731 3340 4772 suo
3366 4713 3519 4769 Isaac
3547 4712 3753 4769 dimisit
3771 4709 3785 4737 ί

2190 4832 2483 4895 Abraham,
2510 4826 2762 4883 nonnulla
2789 4822 2868 4879 eis
2898 4820 3118 4891 largitus
3145 4821 3229 4870 est
3252 4822 3501 4875 munera,
3531 4823 3617 4863 ne
3644 4804 3788 4860 relin-

2192 4932 2482 4999 querentur
2510 4920 2656 4975 omni
2687 4916 2848 4972 modo
2874 4915 3091 4973 inanes,
3119 4920 3223 4962 non
3253 4911 3307 4959 ut
3333 4910 3667 4956 tenerentur
3693 4896 3788 4949 ha:«

2195 4992 2372 5076 redes.
2405 5014 2495 5069 Sic
2518 5012 2664 5068 enim
2692 5009 2917 5079 legimus
2948 5022 2962 5058 :
2994 5000 3148 5056 Dedit
3184 5005 3351 5051 autem
3385 4992 3665 5046 Abraham
3692 5003 3788 5041 oni-

2196 5129 2310 5169 nent
2330 5123 2535 5164 censum
2556 5120 2703 5160 suum
2726 5101 2877 5156 Isaac
2897 5097 3004 5168 ﬁlio
3022 5107 3151 5157 suo;
3176 5101 3221 5145 et
3247 5088 3369 5159 [iliis
3394 5078 3788 5139 concubinarum

2198 5220 2406 5263 suarum
2433 5200 2570 5255 dedit
2598 5195 2853 5251 Abraham
2877 5204 3110 5253 munera,
3145 5193 3191 5239 et
3220 5181 3409 5236 dimisit
3436 5192 3524 5231 eos
3561 5177 3632 5230 ab
3667 5173 3788 5228 Iurat

2205 5302 2310 5373 ﬁlio
2336 5315 2426 5354 suo
2469 5295 2620 5369 (Cen.
2652 5306 2777 5356 xxv,
2805 5288 2871 5354 5,
2903 5285 2983 5355 6).
3014 5283 3069 5339 Si
3099 5294 3226 5347 ergo
3268 5275 3359 5330 ﬁlii
3401 5288 3611 5328 sumus
3638 5270 3788 5326 libent

2204 5392 2497 5451 Jerusalem
2517 5430 2533 5456 ,
2562 5388 2662 5443 alia
2691 5384 2831 5438 dona
2859 5373 3352 5435 exhaeredatorum,
3389 5366 3495 5419 alia
3536 5362 3788 5429 intelligat

2208 5504 2326 5545 mus
2349 5483 2639 5540 haeredum.
2665 5478 2727 5533 Hi
2750 5475 2891 5531 enim
2919 5467 3159 5526 hatredes
3178 5470 3321 5525 sunt,
3351 5461 3554 5530 quibus
3584 5458 3787 5516 dicitur

2216 5582 2337 5637 Non
2364 5580 2495 5633 enim
2525 5571 2787 5642 accepistis
2816 5565 3049 5636 spiritum
3077 5555 3325 5613 servitutis
3356 5555 3543 5607 iterum
3584 5554 3639 5605 in
3668 5550 3788 5603 timo

2280 5747 2296 5777 ι
2334 5744 2449 5794 Bruti
2485 5742 2575 5790 hoc
2613 5744 2661 5785 et
2686 5733 2904 5797 proximo
2941 5720 3270 5797 loco,gt_li_risit.
3293 5725 3353 5766 At
3386 5724 3495 5765 Mss.
3530 5718 3787 5797 omissum-it

2281 5770 2296 5777 ·
2335 5770 2449 5794 Γλιιιι
2486 5770 2575 5790 um,
2613 5770 2661 5785 ιμυ
2708 5770 2902 5782 ..νιν-..ν
2942 5770 3065 5783 -νη,

2218 5811 2401 5859 habent
2425 5800 2605 5854 dimisit
2631 5812 2646 5848 :
2669 5770 2805 5860 jitxta
2831 5803 3043 5860 grtecltttt
3068 5794 3195 5841 I..\,\',
3219 5792 3397 5860 tlienes.
3423 5791 3535 5841 cap.
3567 5780 3669 5845 ξεί,
3691 5776 3737 5843 ᾗ.
3763 5770 3788 5815 d

2255 5837 2260 5838 ⁷
2284 5837 2294 5856 1
2334 5837 2343 5851 ῖ
2366 5837 2401 5854 ιι
2425 5837 2603 5854 "unum?
2631 5838 2642 5848 ο
2693 5837 2805 5845 π---ςτ-
2868 5837 2877 5841 -
2894 5837 2924 5839 --
2943 5837 2950 5839 ἡ

2222 5837 2633 5931 ἳῖίξληιρρδιρὶιεη
2654 5837 3119 5911 ιῖιιιοιιδῗιιθι)ιίιειιιιι
3140 5837 3341 5899 verbum
3364 5837 3529 5903 smmi,
3552 5837 3734 5892 mnsit.

3040 6450 3051 6451 ί
3150 6442 3788 6466 “mm—“ﬁ
