3904 6362
257 296 347 355 ωε
836 286 1207 345 ADMONITIO
1242 284 1307 343 IN
1343 281 1703 342 SERMONES
1740 279 1827 336 DE
1862 276 2179 337 SYMBOLO
2214 280 2307 336 AD
2341 275 2913 340 CATECHUMENOS.
3385 280 3496 345 626

261 427 375 475 mi;
397 407 479 463 sed
500 405 759 477 accepistis
781 403 1019 473 spiritum
1045 400 1332 471 adoptionis
1357 398 1603 468 ﬁliorum,
1628 396 1682 451 in
1700 411 1800 467 quo
1903 392 2139 449 nondum
2176 394 2488 450 satiatorum
2518 412 2532 450 :
2562 396 2751 452 horum
2779 411 2906 469 ergo
2930 413 3209 469 pauperum
3241 400 3491 470 patientia

258 503 512 563 clamantis,
541 498 703 562 Abba,
732 494 887 549 Pater
917 494 1093 567 (Rom.
1118 510 1234 559 vnt,
1266 493 1478 562 14-17).
1904 502 2005 539 ηοη
2029 486 2204 556 peribit
2229 487 2283 540 in
2304 497 2544 542 wternum
2571 487 2741 559 (Psal.
2764 505 2845 555 ιχ,
2870 488 2961 562 19)
2985 509 2999 544 :
3024 506 3128 546 non
3153 492 3276 562 quia
3300 501 3354 549 et
3376 493 3490 551 illic

310 590 508 648 CAPUT
548 588 742 644 XXIX.
778 618 848 629 —
884 587 975 641 26.
1011 586 1279 640 Patientia:
1307 600 1586 656 pauperum
1611 581 1801 639 Christi
1907 578 2157 647 patientia
2195 578 2330 645 erit,
2362 579 2449 634 ubi
2494 580 2633 650 quod
2675 581 2927 637 toleretur
2955 598 3064 639 non
3095 585 3230 651 erit;
3263 586 3357 642 sed
3386 604 3491 643 non

246 701 403 740 merces
438 692 645 737 (eterna.
689 679 995 735 Clamemus
1030 693 1159 748 ergo
1189 677 1376 746 spiritu
1404 678 1679 733 cliaritatis
1698 719 1713 745 ,
1746 686 1800 733 et
1905 669 2101 740 peribit,
2126 670 2324 726 dictum
2347 681 2449 737 cst,
2474 673 2595 743 quia
2619 671 2941 728 infructuosa
2967 691 3071 730 non
3091 677 3211 731 erit.
3236 676 3489 738 Fructum

247 779 389 833 donec
412 775 682 830 veniamus
718 772 783 827 ad
826 770 1189 827 hwreditatem
1220 770 1272 824 in
1303 785 1404 841 qua
1433 785 1645 840 semper
1682 784 1798 825 ma-
1902 770 2081 817 autem
2104 762 2317 818 habebit
2339 774 2619 829 aiternum,
2644 764 2763 820 ideo
2786 781 2891 819 non
2916 767 3106 835 peribit
3132 768 3182 822 in
3205 779 3484 826 aeternum.

250 887 451 936 neamus,
477 868 689 923 liberali
716 881 900 921 amore
923 866 1114 928 simus,
1146 879 1249 919 non
1277 864 1457 920 servili
1488 863 1680 919 timore
1704 878 1798 933 pa-
1902 846 2001 922 Οίιί
2030 856 2171 911 enim
2213 854 2421 910 131mm
2465 857 2723 924 ίηθηίῐθτ,
2757 873 2876 913 cum
2909 875 3033 914 eum
3064 876 3185 929 Spes
3217 863 3486 929 fefellerit.

247 968 403 1017 tientes
419 963 455 1016 ί.
476 960 810 1024 Clamemus,
837 956 1091 1028 quamdiu
1114 970 1377 1027 pauperes
1397 971 1602 1021 sumus,
1625 955 1789 1011 donec

1943 958 2120 1019 ropter
2142 964 2299 1019 quam
2331 949 2626 1017 laborabat,
2655 950 2844 1005 merito
2869 950 3014 1014 dicit,
3045 950 3256 1007 Perdidi
3286 963 3485 1009 tantum

243 1059 310 1108 illa
339 1053 640 1109 haereditate
678 1051 930 1106 ditemur.
973 1049 1159 1119 Magna
1201 1048 1395 1119 quippe
1426 1047 1549 1102 inde
1576 1048 1796 1118 pignora
1902 1038 2136 1094 laborem
2167 1058 2179 1094 :
2209 1041 2447 1111 quisquis
2477 1056 2605 1096 vero
2632 1041 2698 1095 ad
2736 1042 2818 1096 sui
2854 1042 3051 1098 laboris
3079 1045 3339 1114 promissa
3369 1062 3485 1114 per-

238 1149 540 1215 accepimus,
578 1143 724 1215 quod
762 1143 830 1197 ad
870 1156 968 1196 nos
997 1139 1241 1195 ditandos
1277 1154 1479 1210 pauper
1516 1137 1687 1193 factus
1713 1145 1798 1193 est
1901 1132 2122 1198 venerit,
2156 1134 2426 1203 gratulans
2452 1135 2598 1200 dicit,
2630 1135 2743 1189 Non
2778 1136 2981 1205 perdidi
3012 1137 3247 1193 laborem
3289 1155 3483 1194 mcum.

237 1240 467 1302 Christus,
494 1251 609 1307 quo
634 1236 690 1290 in
712 1248 969 1303 supernas
988 1231 1198 1286 divitias
1224 1232 1474 1296 exaltato,
1497 1230 1693 1285 missus
1714 1238 1797 1285 est
1902 1225 2103 1281 Dicitur
2130 1242 2257 1297 ergo
2285 1228 2431 1282 labor
2462 1244 2569 1283 non
2606 1229 2808 1299 perisse
2828 1270 2843 1296 ,
2875 1245 2978 1284 non
3006 1231 3127 1300 quia
3161 1239 3341 1286 manet
3369 1248 3483 1301 per-

234 1335 305 1402 qui
329 1342 498 1387 sancta
532 1331 805 1387 desideria
843 1329 1039 1384 nostris
1075 1328 1323 1384 cordibus
1363 1328 1647 1397 inspiraret
1672 1326 1776 1398 Spit

1943 1326 2125 1383 etuus,
2157 1317 2249 1372 sed
2280 1318 2403 1388 quia
2434 1334 2537 1374 non
2569 1328 2652 1375 est
2691 1320 2918 1373 inaniter
2960 1320 3126 1375 fusus.
3169 1322 3259 1377 Sic
3303 1332 3356 1377 et
3402 1341 3485 1391 [ut-

235 1429 345 1480 mus
385 1433 620 1479 sanctus.
652 1424 855 1477 Horum
892 1436 1185 1491 pauperum
1227 1419 1401 1474 adhuc
1440 1418 1793 1485 credentium,
1903 1409 2081 1463 tientia
2116 1424 2402 1479 pauperum
2432 1409 2663 1479 Christi,
2706 1411 2800 1466 sed
2841 1412 3175 1468 ditandorutn
3215 1412 3485 1468 haeredum

230 1518 438 1572 nondum
456 1514 967 1585 contemplantium;
991 1513 1165 1568 adhuc
1185 1512 1533 1582 spcrantium,
1559 1512 1795 1566 nondum
1898 1500 2133 1568 Christi.
2183 1518 2288 1558 non
2336 1505 2527 1574 peribit
2572 1506 2622 1559 in
2666 1515 2923 1562 :eternum
2958 1526 2970 1561 :
3005 1523 3107 1561 non
3150 1508 3270 1577 quia
3301 1518 3352 1562 et
3385 1506 3488 1560 illic

232 1610 525 1674 tenentium;
546 1608 729 1663 adhuc
751 1605 1018 1661 desiderio
1038 1605 1439 1674 suspit'antium,
1463 1603 1696 1660 nondum
1721 1603 1797 1659 fe-
1900 1595 2162 1665 palienler
2198 1596 2338 1650 ferre
2370 1596 2679 1666 jubebimur
2700 1639 2716 1662 ,
2746 1599 2836 1651 Sed
2866 1600 2985 1668 quia
3020 1614 3114 1669 pro
3145 1600 3208 1653 iis
3247 1614 3364 1669 qua?
3401 1598 3488 1653 hic

233 1702 407 1756 licitam
433 1700 805 1772 regnantium;
833 1698 1009 1753 adhuc
1032 1698 1377 1753 esurientium
1403 1704 1457 1753 et
1481 1696 1793 1761 sitientium,
1901 1687 2164 1757 patienter
2191 1688 2523 1757 pertulimus,
2552 1699 2747 1745 aeterna
2780 1690 3105 1745 beatitudine
3132 1690 3483 1760 perfrnemur.

290 1815 307 1845 ,
338 1821 386 1863 ω
405 1815 616 1863 omnibus
648 1824 805 1874 prope
846 1819 974 1871 MSS”
1017 1809 1287 1874 puum).
1324 1809 1412 1874 sed
1436 1808 1487 1857 in
1508 1808 1795 1874 quibuﬁdam
1896 1779 2014 1835 Non
2033 1781 2187 1874 dabit
2212 1780 2370 1837 linem
2398 1783 2735 1853 sempiternae
2764 1784 3023 1851 felicitati,
3052 1786 3141 1854 qui
3162 1784 3325 1837 donat
3352 1791 3486 1838 tem—

235 1876 301 1947 εἰς
834 1848 986 1947 ἐιᾜίέ
1008 1848 1288 1947 n'biiikiﬁt’t
1320 1848 1794 1947 {ivmof}.173atientes
1900 1873 2134 1941 poralem
2165 1874 2471 1942 patientiam
2499 1876 2756 1931 voluntati
2787 1893 2800 1929 :
2829 1875 2952 1946 quia
2983 1883 3267 1947 utrumque
3294 1889 3488 1929 munus

240 1936 490 1995 demerunt,
506 1946 592 1987 etc.
612 1933 666 1985 in
685 1936 832 1985 editis
854 1942 1019 1984 autem
1043 1946 1153 1983 cum
1172 1934 1346 1984 eadem
1363 1933 1624 1983 verborum
1644 1933 1782 1984 inter-

246 2000 483 2060 punctioue
503 2000 667 2062 legitur
682 2032 697 2057 ,
722 1996 988 2059 Patienter,
1015 2004 1110 2047 etc.
1284 2033 1293 2040 .

1248 1934 1346 2040 "fin
1363 1933 1624 1983 verborum
1644 1933 1797 1984 inte“
1897 1933 2107 2021 donata:
2134 1933 2387 2022 donatum
2417 1976 2499 2023 cst
2526 1968 2790 2024 charitati.

254 2173 3465 2227 Ἠ

1349 2360 2359 2497 ADMONITIO

826 2598 912 2660 IN
953 2596 1373 2662 SERMONES
1426 2597 1534 2661 DE
1587 2597 1967 2661 SYMBOLO
2018 2598 2127 2662 AD
2180 2598 2847 2666 CATECHUMENOS.

282 2886 489 2955 Quatuor
506 2888 595 2943 isti
629 2900 925 2943 sermones
958 2882 1283 2958 coniunctim
1312 2888 1505 2960 vulgati
1529 2888 1661 2945 alias
1686 2888 1898 2947 fuerunt
1924 2890 1977 2946 in
2008 2899 2154 2947 tomo
2192 2906 2357 2959 nono,
2388 2902 2442 2950 et
2459 2893 2600 2965 apud
2644 2902 2855 2950 veteres
2879 2894 3090 2951 codices
3113 2895 3240 2951 Mss.
3270 2895 3490 2967 perinde

218 2991 349 3052 atque
385 2983 515 3054 apud
545 2998 796 3039 excuses
824 2984 1156 3053 appellantur
1188 2985 1255 3041 de
1280 2984 1536 3058 Symbolo
1565 2986 1687 3041 libri
1738 2995 1963 3056 quatuor
1984 3028 1998 3051 ,
2030 2987 2437 3059 tribuunturque
2469 2989 2787 3059 Augustino.
2818 2989 3029 3045 Primus
3059 2989 3272 3060 quidem
3301 3004 3487 3045 sermo

220 3075 526 3143 Augustinum
548 3077 789 3131 omnino
820 3076 1013 3131 refert:
1046 3092 1150 3132 non
1193 3078 1267 3133 ita
1296 3093 1423 3133 vero
1464 3089 1571 3134 tres
1590 3080 1698 3134 alii.
1733 3080 1941 3149 Quippe
1984 3079 2038 3134 in
2067 3079 2150 3135 ltis
2178 3080 2349 3135 tribus
2376 3081 2586 3137 dicendi
2613 3098 2784 3153 genus
2819 3083 3073 3138 incultum
3099 3094 3152 3139 et
3191 3085 3485 3155 abjectum,

225 3187 312 3227 non
338 3175 473 3230 habet
491 3178 625 3231 satis
667 3174 873 3245 ingenii
897 3184 950 3229 et
972 3176 1270 3246 gravitatis,
1316 3176 1472 3231 sicuti
1498 3174 1677 3230 videre
1694 3184 1777 3230 est
1798 3177 1852 3229 in
1880 3189 2131 3230 sermone
2167 3176 2423 3243 secundo,
2449 3178 2536 3231 ubi
2558 3178 2773 3248 legitur,
2822 3180 2996 3247 capite
3023 3178 3059 3232 2
3095 3198 3109 3232 :
3141 3178 3401 3232 Habemus
3428 3186 3478 3232 et

217 3282 294 3320 ποι
309 3268 601 3337 ερὶἠιιιαιριη
636 3279 884 3323 nostrum
910 3271 1159 3340 aurigam,
1191 3280 1418 3325 sanctum
1448 3277 1744 3340 praphetam
1773 3268 1968 3333 Etiam,
1991 3271 2078 3342 qui
2103 3270 2363 3341 quadrigae
2385 3272 2546 3343 ignea:
2566 3273 2984 3342 superintpositus
3006 3282 3200 3327 tantunt
3229 3275 3475 3339 cucurrit,

210 3370 258 3412 ut
284 3369 421 3414 metas
444 3361 725 3430 prenderet
757 3360 890 3414 cali.
914 3361 1205 3430 Scriptum
1244 3361 1361 3416 loca
1392 3361 1687 3431 peregrinis
1715 3362 1892 3418 verbis
1917 3361 2148 3416 citantur
2184 3362 2448 3417 interdum
2480 3373 2533 3417 et
2559 3364 2891 3433 explicantur
2916 3380 2982 3421 eo
3003 3364 3163 3419 modo
3189 3380 3251 3419 ac
3296 3380 3483 3431 sensu,

213 3468 349 3521 quem
373 3456 670 3526 Augustino
711 3455 1020 3511 adscribere
1046 3470 1150 3509 non
1199 3454 1479 3521 audemus,
1504 3463 1561 3509 ut
1608 3455 1660 3509 in
1708 3454 1946 3525 ejusdem
1991 3455 2253 3511 sermonis
2286 3457 2459 3526 capite
2486 3457 2542 3521 5,
2591 3474 2682 3511 nn.
2714 3457 2782 3513 13
2812 3468 2863 3512 et
2909 3459 2991 3511 14.
3020 3457 3173 3512 Hunc
3229 3468 3486 3528 praeterea

214 3562 479 3607 sermonem
510 3564 781 3625 tempore
820 3552 1207 3622 persecutionis
1237 3551 1560 3617 Vandalicaa,
1591 3551 1875 3606 demortuo
1897 3549 2006 3620 jam
2035 3550 2605 3621 Augustinnhabitum,
2633 3566 2752 3605 cum
2791 3551 2968 3605 Ariani
2990 3549 3292 3605 CatholiCos
3312 3550 3489 3606 modis

208 3644 430 3699 omnibus
455 3655 759 3711 tentarent,
788 3645 1064 3701 beneficiis
1081 3660 1231 3716 teque
1254 3660 1317 3701 ac
1344 3644 1551 3715 injuriis
1592 3653 1880 3699 avocantes
1909 3658 1938 3697 a
1967 3642 2092 3707 ﬁde,
2123 3643 2462 3713 suspicamur
2489 3658 2557 3698 ex
2586 3642 2692 3698 illis
2720 3644 2771 3697 in
2803 3645 2905 3698 line
2933 3643 3109 3699 verbis
3143 3661 3155 3696 :
3201 3642 3489 3699 ereticus

201 3739 396 3795 Alienus
432 3759 524 3796 non
552 3740 788 3797 insultet
817 3738 1077 3794 Ecclesia.
1130 3737 1310 3810 Lupus
1337 3747 1432 3803 est,
1462 3738 1719 3809 agnoscite
1737 3753 1758 3791 :
1777 3753 1983 3807 serpens
2020 3745 2115 3803 est,
2145 3737 2256 3807 ejus
2280 3737 2449 3807 capita
2498 3748 2845 3805 conquassata.
2874 3734 3169 3803 Blanditur,
3192 3736 3280 3790 sed
3300 3737 3433 3808 fallit
3464 3751 3486 3791 :

203 3837 338 3886 stulta
359 3838 621 3904 promittit,
646 3834 753 3890 sed
783 3832 986 3903 decipit,
1008 3841 1112 3888 etc.
1146 3833 1202 3887 ln
1233 3846 1483 3887 sermone
1509 3832 1666 3888 tertio
1691 3841 1745 3886 et
1774 3838 1963 3902 quarto
1991 3839 2269 3886 morantur
2296 3846 2395 3885 nos
2427 3845 2603 3885 causae
2627 3829 2903 3886 dubitandi
2930 3832 3091 3886 etiam
3109 3830 3246 3887 bene
3276 3831 3482 3899 multze,

203 3940 348 3994 neque
374 3926 620 3983 leviores.
653 3924 950 3982 Possidius
976 3925 1030 3978 in
1055 3923 1314 3986 lndiculo,
1342 3938 1461 3993 cap.
1512 3922 1601 3991 10,
1633 3929 1877 3978 recenset
1901 3920 1970 3980 de
1996 3921 2251 3994 Symbolo
2278 3930 2532 3978 tractatus
2566 3930 2676 3979 tres
2708 3941 2722 3978 :
2756 3922 2851 3979 scd
2895 3922 2992 3980 hos
3019 3925 3073 3979 in
3093 3924 3372 3996 superiore
3400 3933 3486 3979 to-

206 4033 279 4071 mo
296 4020 601 4076 Sermonum
627 4020 832 4085 babes,
872 4017 1060 4073 ordine
1082 4017 1209 4081 212,
1230 4017 1356 4081 215,
1381 4032 1499 4087 sqq.

260 4111 354 4169 Sub
379 4116 535 4170 linem
567 4114 715 4169 torni
741 4113 870 4165 item
891 4111 1016 4165 noni
1047 4110 1297 4166 editionis
1317 4125 1410 4181 per
1436 4110 1800 4166 Lovanienses
1818 4110 2091 4168 adornata:
2129 4111 2435 4169 referuntur
2454 4112 2856 4183 quatuordecim
2887 4122 3162 4181 tractatus,
3190 4130 3324 4185 quos
3351 4130 3484 4186 pau-

195 4206 260 4259 o's
278 4210 498 4277 exceptis
524 4208 737 4262 dubios
765 4203 1021 4259 habemus
1047 4218 1109 4257 ac
1134 4203 1457 4258 subdititios.
1490 4203 1688 4258 Horum
1729 4204 1942 4274 quidam
1969 4206 2021 4260 in
2066 4206 2431 4275 Appendicem
2484 4206 2667 4274 rejecti
2692 4216 2838 4269 sunt,
2861 4206 3077 4276 quidam
3098 4222 3226 4262 vero
3258 4208 3343 4264 hic
3384 4224 3483 4264 suo

195 4296 293 4353 loco
332 4302 467 4371 typis
520 4296 920 4354 minutioribus
949 4297 1236 4366 impressi,
1272 4305 1331 4352 ut
1354 4312 1536 4353 sermo
1563 4298 1629 4354 de
1658 4308 1845 4369 quarta
1875 4298 2051 4360 Feria,
2076 4315 2171 4354 seu
2195 4299 2261 4354 de
2289 4298 2512 4354 Cultura
2547 4298 2660 4369 agri
2698 4299 2972 4366 dominici,
3002 4300 3055 4354 in
3080 4300 3233 4368 cujus
3259 4303 3484 4371 capite?)

195 4393 319 4448 locus
342 4400 594 4459 Actuum,
646 4411 689 4463 ι,
725 4393 818 4456 18,
849 4402 903 4447 ct
932 4394 986 4448 in
1012 4394 1187 4463 capite
1231 4395 1356 4450 item
1383 4397 1416 4451 6
1462 4398 1607 4451 locus
1646 4396 1889 4464 Joannis,
1927 4414 2001 4465 vt,
2026 4399 2117 4465 51,
2157 4399 2389 4454 citantur
2426 4399 2565 4455 haud
2608 4401 2735 4455 satis
2777 4409 3025 4455 accurate
3057 4417 3071 4454 :
3118 4407 3479 4470 praeterquam

192 4490 310 4557 quod
336 4489 385 4544 in
407 4490 588 4559 capite
615 4490 654 4543 ἰ
684 4487 991 4557 persecutio
1032 4485 1317 4542 Vandalica
1366 4497 1549 4543 notata
1606 4489 1836 4544 videtur.
1881 4488 2071 4545 Sermo
2111 4491 2269 4545 etiam
2306 4492 2376 4546 de
2424 4491 2780 4565 Cataclysmo,
2811 4492 2898 4546 ubi
2925 4507 3044 4561 cap.
3072 4490 3109 4546 2
3132 4490 3350 4555 dicitur,
3375 4491 3481 4545 Ba-

194 4585 361 4649 ptismo
379 4597 747 4641 restauratum
766 4602 951 4657 corpus
970 4586 1039 4639 ad
1060 4587 1279 4655 priorem
1304 4596 1493 4640 statunt
1533 4586 1683 4657 primi
1726 4587 1941 4641 hominis
1985 4596 2102 4641 ante
2131 4597 2407 4657 peccatum.
2457 4588 2522 4642 Et
2573 4588 2763 4641 Sermo
2785 4587 2853 4642 de
2881 4586 3144 4656 Tempore
3174 4585 3481 4651 Barbarico,

192 4680 445 4751 quieapite
476 4682 1169 4753 przesertiminonnnulla
1198 4684 1439 4736 continet
1467 4682 1645 4736 minus
1697 4689 2056 4736 consentanea
2080 4695 2247 4735 sacra:
2301 4681 2595 4736 Bibliorum
2646 4679 2904 4744 historiae,
2960 4694 3169 4735 necnon
3225 4676 3482 4733 exhorta-

198 4773 364 4828 tionem
392 4777 443 4829 in
474 4777 591 4830 ﬁne
609 4775 684 4829 ad
712 4773 1363 4831 roborandosCatholicos
1376 4785 1560 4830 contra
1588 4774 2016 4844 persecutionem
2035 4774 2377 4829 Arianorum.
2405 4774 2571 4830 Stilus
2593 4784 2737 4830 certe
2760 4775 2953 4829 horum
2978 4776 3135 4828 trium
3157 4788 3311 4844 aeque
3334 4769 3486 4827 rudis

194 4882 243 4917 ac
265 4866 525 4924 demissus
546 4868 893 4938 minimeque
919 4868 1358 4939 Augustinianus.
1385 4867 1621 4936 Denique
1659 4865 1909 4921 eumdem
1937 4874 2208 4922 auctorem
2238 4868 2451 4937 sapiunt
2479 4876 2588 4921 tum
2626 4867 2712 4922 isti
2735 4882 3036 4932 sermones,
3073 4876 3183 4921 tum
3209 4865 3300 4920 alii
3326 4880 3485 4934 supra

194 4958 245 5009 th:
268 4958 519 5029 Symbolo
542 4971 666 5017 tres
690 4961 961 5026 recensiti,
997 4961 1229 5031 aliquem
1272 4960 1408 5015 forte
1428 4975 1493 5014 ex
1514 4959 1788 5029 discipulis
1815 4959 2115 5029 Augustini,
2140 4960 2293 5030 cujus
2322 4962 2614 5016 sententias
2636 4959 2922 5025 interdum,
2961 4959 3120 5014 tacito
3144 4957 3202 5013 S.
3232 4957 3483 5013 Doctoris

194 5055 401 5120 nomine,
435 5052 698 5125 profert;
732 5054 890 5109 veluti
932 5054 1075 5108 illam
1110 5056 1163 5108 in
1189 5068 1438 5109 sermone
1466 5052 1536 5108 de
1556 5053 1908 5124 Cataclysmo,
1932 5068 2051 5122 cap.
2072 5054 2126 5115 3,
2155 5052 2300 5108 Tolle
2346 5055 2571 5117 verbum,
2629 5063 2674 5107 et
2698 5054 2819 5125 quid
2861 5062 2931 5108 est
2974 5070 3107 5123 aqua
3164 5052 3261 5106 nisi
3301 5066 3435 5121 aqua
3455 5049 3483 5102 ?

193 5142 370 5198 Accedit
391 5136 607 5201 uerbum
636 5146 715 5199 ad
737 5148 1035 5200 elementum
1057 5188 1072 5213 ,
1100 5154 1147 5201 et
1173 5146 1231 5215 fit
1254 5153 1626 5201 sacramentum
1654 5160 1673 5198 :
1712 5160 1831 5214 qua:
1859 5144 2111 5199 nimirum
2139 5144 2297 5201 ducta
2327 5156 2409 5201 est
2445 5161 2509 5201 ex
2558 5144 2810 5201 Tractatu
2836 5145 2905 5201 80
2942 5146 2994 5199 in
3024 5144 3307 5209 Joannem,
3332 5158 3387 5197 tt.
3421 5142 3477 5197 3.

192 5234 432 5297 Haesimus
470 5243 650 5297 etiam
679 5239 1007 5311 aliquantum
1044 5241 1187 5297 circa
1224 5254 1530 5295 sermonem
1559 5237 1625 5293 de
1648 5237 1871 5293 Cantico
1887 5254 2047 5301 novo,
2074 5254 2173 5294 nec
2207 5239 2325 5294 sine
2371 5239 2546 5310 aliqua
2575 5241 2916 5294 cunctatione
2948 5238 3089 5307 paS‘i
3117 5251 3323 5302 sumus,
3356 5250 3479 5290 cum

196 5338 389 5393 nomine
419 5336 746 5409 Augustini,
778 5336 916 5406 quod
932 5336 1057 5391 olim
1074 5336 1232 5406 gerit,
1264 5349 1478 5390 rursum
1503 5333 1712 5389 excudi.
1735 5332 1791 5387 ln
1834 5331 2007 5403 capite
2030 5333 2066 5388 5
2092 5334 2272 5403 plures
2295 5332 2456 5388 habet
2479 5333 2774 5388 sententias
2795 5347 2863 5387 ex
2889 5340 3150 5402 sequente
3172 5330 3331 5400 paulo
3363 5335 3484 5399 post

196 5446 423 5491 sermone
453 5437 526 5491 de
558 5434 802 5489 utilitate
828 5433 1042 5503 Jejunii,
1070 5447 1189 5503 cap.
1216 5432 1269 5497 5,
1302 5430 1631 5499 desumptas,
1655 5428 1879 5493 scilicet,
1908 5426 2062 5483 Si....
2088 5429 2327 5499 jnmento
2370 5427 2633 5491 insideres.
2656 5427 2790 5496 Quod
2814 5436 2861 5480 te
2890 5424 3144 5496 gestiendo
3170 5423 3313 5477 vellet
3335 5436 3480 5491 prc-

199 5524 406 5592 cipitare,
442 5538 580 5593 etc.,
606 5528 780 5592 inque
803 5525 915 5595 ejus
944 5525 1046 5579 line
1078 5523 1422 5578 concionator
1449 5521 1514 5576 ad
1543 5518 1908 5589 baptizandos,
1942 5518 2151 5593 dientes,
2183 5520 2371 5590 inquit,
2395 5529 2564 5573 nostra
2588 5528 2680 5583 est,
2703 5528 2757 5571 ut
2785 5518 2837 5571 in
2862 5516 2952 5569 illo
2971 5525 3145 5567 sancto
3166 5517 3302 5584 fonte
3324 5512 3483 5583 adju-

203 5620 307 5671 mis
332 5638 420 5674 nos
439 5617 773 5674 orationibus
791 5618 962 5671 vestris
990 5633 1007 5671 :
1035 5616 1174 5687 quod
1203 5616 1468 5671 sermonis
1496 5612 1735 5684 proxime
1751 5610 2123 5682 subsequentis
2138 5621 2325 5669 auctor
2349 5627 2456 5667 non
2485 5608 2802 5667 absimiliter
2821 5605 3063 5677 exposcit
3077 5620 3107 5662 a
3124 5603 3481 5679 baptizandis,

207 5707 296 5765 Pro
316 5724 486 5776 nostra
516 5712 783 5781 mercede,
804 5712 858 5768 itt
880 5710 970 5771 illo
987 5710 1324 5776 sacratim'lno
1351 5712 1492 5785 {ante
1518 5724 1611 5783 pro
1639 5704 1782 5775 nobis
1802 5713 1945 5769 orate
