3810 6462
2027 363 2084 370 _..
2748 364 2751 367 λ

370 398 383 403 ρ
416 388 1165 404 πνθαῇκσΑ--νσ
1196 369 1951 393 Α.--αι-.“--.-ι·-οι-.-
2130 368 2204 378 α.
2256 370 2357 376 ι’.--
2390 371 2695 381 --οήή
2734 374 2881 382 --γητα
2916 369 3436 381 -v--
3474 372 3559 380 -Ι

370 426 419 433 ..Ἰ
440 422 473 433 1..
1040 420 1043 421 ν
1146 412 1409 423 ηθ-οιεηιγ,
1430 398 1941 419 -“Α-,...--ννρ-ε-
2126 397 2245 405 HO
2274 398 2753 411 Ho—u~---—-—--_.H
2772 400 3581 413 -ﬂ._—_-———‘V

519 430 724 439 ..η-κ.-
1046 418 1107 426 ’⁸“⁴

1040 413 1357 423 m

849 844 1056 1062 D

1599 402 1968 610 EE

700 661 721 712 λ
1545 677 2058 746 HIPPONENSIS
2111 663 2464 745 EPISCOPI

1489 822 3152 1057 SYMBOLO

1081 1193 1483 1286 SERMO
1544 1193 1704 1277 AD
1779 1187 2741 1276 CATECHUMENOS
2781 1172 2900 1273 (α).

1756 1422 2249 1498 SERMONES

561 1567 649 1613 DE
692 1563 1000 1611 SYMBOLO.

564 1647 650 1691 DE
692 1641 1048 1690 DISCIPLINA
1091 1635 1493 1687 CHRISTIANA.

565 1727 651 1771 DE
694 1725 965 1770 CANTICO
1008 1722 1198 1768 NOVO.

567 1807 654 1851 DE
697 1806 951 1860 (manu
994 1804 1211 1847 manu.

2263 1556 2346 1598 DE
2389 1555 2816 1600 CATACLYSMO.

2262 1632 2344 1678 DE
2389 1635 2688 1680 TEMPORE
2731 1634 3112 1680 BARBARICO.

2262 1713 2347 1757 DE
2391 1713 2730 1759 UTILITATE
2773 1713 3039 1760 JEJUNII.

2265 1794 2350 1838 DE
2392 1795 2576 1841 URBIS
2622 1794 2906 1841 EXCIDIO.

1822 1853 2194 1911 Isim-33W»

438 1971 665 2030 CAPUT
711 1970 998 2028 PRIMUM.
1046 1997 1118 2010 -—
1161 1968 1213 2022 i.
1257 1965 1558 2038 Symbolum
1601 1964 1780 2036 regula
1820 1963 1960 2034 fidei.

369 2065 669 2139 Symbolum
698 2081 760 2118 ea:
791 2062 1073 2131 Scripturis
1111 2058 1380 2114 collectum
1425 2066 1516 2112 est.
1555 2055 1692 2111 Deus
1729 2056 1963 2127 omnipo-

370 2168 500 2214 tens.
518 2156 725 2214 Parvuli
748 2154 1080 2226 exsuﬂlantur
1102 2161 1148 2206 et
1170 2151 1538 2206 exorcizantur.
1564 2149 1822 2219 Accipite,
1849 2149 1963 2216 lilii,

368 2251 608 2322 regulam
637 2247 781 2314 ﬁdei,
813 2246 953 2317 quod
984 2244 1296 2317 Symbolum
1323 2241 1540 2298 dicitur.
1570 2241 1636 2296 Et
1663 2255 1785 2296 cum
1815 2254 1969 2295 acce-

368 2343 576 2416 peritis,
608 2343 660 2396 in
689 2340 851 2396 corde
879 2340 1113 2406 scribite,
1142 2346 1197 2393 et
1221 2337 1459 2407 quotidie
1485 2335 1646 2390 dicite
1673 2333 1813 2404 apud
1837 2348 1965 2387 vos:

371 2445 658 2505 antequam
704 2433 1028 2498 dormiatis,
1068 2439 1350 2499 antequam
1407 2426 1739 2498 procedatis,
1789 2432 1969 2480 vestro

371 2529 628 2602 Symboio
656 2541 754 2580 vos
779 2525 1000 2579 munite.
1035 2522 1346 2594 Symbolum
1386 2534 1545 2574 nemo
1571 2517 1756 2573 scribit
1785 2527 1844 2572 ut
1865 2513 1968 2587 legi

372 2621 543 2695 possit
573 2638 587 2674 :
614 2618 707 2674 sed
739 2618 805 2672 ad
834 2615 1250 2681 recensendum,
1279 2629 1347 2667 ne
1379 2611 1516 2668 forte
1554 2612 1731 2667 deleat
1772 2611 1970 2666 oblivio

373 2713 516 2785 quod
540 2710 754 2766 tradidit
774 2708 1066 2778 diligentia,
1091 2706 1160 2760 sit
1185 2701 1336 2760 vobis
1360 2703 1530 2758 codex
1561 2714 1735 2759 vestra
1764 2715 1967 2758 memo-

372 2809 477 2864 ria.
505 2806 655 2874 Quod
689 2803 916 2857 audituri
957 2802 1088 2857 estis
1109 2843 1123 2869 ,
1156 2801 1257 2855 hoc
1286 2800 1572 2866 credituri;
1606 2809 1660 2854 et
1687 2799 1826 2869 quod
1856 2815 1972 2864 cre-

376 2898 652 2962 dideritis,
683 2895 784 2949 hoc
813 2896 973 2948 etiam
1013 2893 1190 2963 lingua
1219 2891 1498 2947 reddituri.
1530 2892 1617 2946 Ait
1651 2891 1792 2946 enim
1825 2894 1968 2961 Apo-

377 2989 548 3046 stolus
573 3004 584 3040 :
611 2985 775 3041 Corde
794 2984 1019 3039 creditur
1044 2983 1111 3036 ad
1127 2983 1402 3051 justitiam,
1431 2993 1517 3036 ore
1541 2993 1706 3034 autem
1727 2983 1973 3050 confessio

378 3083 438 3154 ﬁt
463 3080 530 3134 ad
555 3079 767 3133 salutem
798 3076 975 3147 (Rom.
1003 3093 1060 3143 x,
1086 3075 1199 3146 i0).
1229 3075 1343 3130 Hoc
1362 3083 1444 3130 ett
1469 3074 1611 3129 enim
1635 3073 1971 3145 Symbolum,

378 3174 519 3247 quod
546 3172 817 3229 recensuri
847 3173 975 3226 estis
1005 3179 1060 3227 et
1087 3169 1366 3226 reddituri.
1398 3169 1501 3224 ista
1537 3167 1701 3223 verba
1735 3183 1852 3238 qua:
1877 3182 1970 3222 au—

380 3269 566 3335 distis,
599 3284 693 3339 per
718 3266 926 3322 divinas
952 3265 1256 3336 Scripturas
1285 3279 1470 3334 sparsa
1506 3272 1630 3318 sunt
1665 3281 1678 3317 :
1713 3263 1806 3318 sed
1852 3263 1975 3318 inde

379 3367 606 3424 collecta
636 3373 690 3420 et
717 3363 782 3418 ad
813 3379 977 3418 unum
1007 3361 1218 3417 redacta
1239 3403 1253 3426 ,
1287 3376 1355 3414 ne
1395 3359 1666 3414 turdorum
1697 3357 1974 3412 hominum

379 3460 640 3518 memoria
686 3458 986 3521 laboraret;
1032 3454 1305 3509 ut-omnis
1351 3452 1511 3506 homo
1559 3451 1728 3521 possit
1775 3451 1970 3517 dicere,

381 3555 554 3624 possit
581 3560 764 3606 tenere
794 3547 936 3620 quod
972 3547 1162 3602 credit.
1199 3543 1466 3614 Numquid
1505 3545 1647 3598 enim
1685 3541 1846 3597 modo
1884 3558 1974 3597 so-

383 3641 659 3699 lummodo
688 3641 908 3710 audistis
937 3640 1057 3709 quia
1085 3639 1226 3693 Deus
1255 3637 1594 3705 omnipotens
1620 3636 1737 3691 est?
1762 3635 1867 3691 Sed
1898 3636 1978 3691 in-

388 3734 565 3803 cipitis
595 3748 714 3787 eum
757 3733 953 3786 habere
983 3741 1222 3801 patrem,
1251 3729 1466 3799 quando
1495 3728 1605 3784 nati
1641 3729 1846 3785 fueritis
1882 3743 1978 3800 per

384 3825 681 3882 Ecclesiam
712 3832 958 3877 matrem.

457 3925 514 3976 2.
548 3918 676 3972 inde
704 3931 832 3986 ergo
856 3916 964 3986 jam
993 3915 1301 3984 accepistis,
1330 3911 1571 3968 meditati
1594 3911 1754 3981 estis,
1786 3921 1840 3968 et
1868 3929 1979 3969 me-

387 4010 540 4066 ditati
585 4008 864 4075 tenuistis,
909 4014 967 4061 ut
992 4006 1179 4062 dicatis
1215 4023 1229 4058 :
1273 4003 1448 4059 Credo
1485 4005 1538 4059 in
1570 4004 1734 4058 Deum
1766 4005 1977 4068 Patrem

387 4102 828 4172 omnipotentem.
859 4099 996 4153 Deus
1017 4098 1354 4168 omnipotens
1375 4104 1457 4152 est
1480 4113 1492 4149 :
1517 4104 1707 4150 etcum
1731 4097 1798 4152 sit
1817 4097 1980 4152 omni-

387 4203 600 4264 potens,
627 4192 760 4247 ruori
789 4206 893 4250 non
921 4200 1114 4260 potest,
1143 4190 1249 4248 t'aili
1277 4205 1382 4244 non
1413 4197 1607 4260 potest,
1633 4190 1847 4244 mentiri
1873 4205 1979 4245 non

388 4297 599 4360 potest;
633 4295 712 4352 et,
744 4286 886 4356 quod
914 4286 986 4342 ait
1015 4285 1337 4357 Apostolus,
1366 4300 1550 4355 negare
1586 4297 1640 4338 se
1674 4284 1841 4354 ipsum
1879 4302 1980 4340 non

389 4395 552 4459 potest
596 4385 670 4461 (li
702 4385 832 4441 Tim.
863 4403 928 4453 ιι,
963 4385 1074 4459 15).
1117 4387 1285 4455 Quam
1327 4387 1494 4442 multa
1539 4401 1645 4441 non
1687 4395 1895 4457 potest,
1927 4392 1983 4440 et

389 4481 730 4549 otunipotcns
755 4489 837 4535 est
862 4497 874 4532 :
898 4488 952 4534 et
976 4479 1096 4534 ideo
1123 4480 1462 4550 omnipotens
1484 4487 1588 4543 est,
1611 4479 1731 4549 quia
1754 4481 1851 4534 ista
1875 4491 1980 4532 non

389 4581 587 4640 potest.
616 4571 748 4628 Nam
776 4573 820 4626 si
847 4571 983 4628 mori
1009 4580 1209 4641 posset,
1243 4587 1347 4627 non
1373 4580 1515 4627 esset
1541 4571 1908 4641 omnipotens;
1937 4569 1980 4624 si

391 4663 640 4726 mentiri,
669 4664 712 4718 si
741 4663 849 4717 falli
869 4705 884 4730 ,
912 4665 956 4718 si
983 4665 1198 4729 fallere,
1226 4666 1270 4721 si
1295 4665 1472 4736 inique
1497 4681 1682 4735 agere,
1709 4681 1813 4720 non
1841 4673 1986 4719 esset

391 4755 732 4824 omnipotens
763 4772 776 4807 :
805 4756 928 4824 quia
958 4757 1002 4809 si
1034 4757 1137 4812 hoc
1166 4758 1217 4812 in
1244 4773 1308 4813 eo
1333 4767 1506 4824 esset,
1537 4771 1642 4813 non
1675 4758 1859 4813 fuisset
1894 4757 1982 4812 div

393 4861 531 4916 gnus
550 4846 640 4916 qui
665 4856 806 4902 esset
831 4849 1188 4918 omnipotens.
1220 4850 1445 4906 Prorsus
1468 4851 1806 4921 omnipotens
1828 4852 1985 4907 Pater

393 4945 580 4993 noster
609 4951 830 5006 peccaro
859 4953 962 4992 non
992 4949 1186 5009 potest.
1220 4941 1368 4997 Facit
1404 4941 1656 5012 quidquid
1693 4943 1842 4998 vult:
1871 4944 1985 5012 ipsa

394 5040 480 5088 est
507 5031 910 5101 omnipotentis.
941 5034 1087 5090 Facit
1113 5035 1368 5104 quidquid
1399 5037 1535 5092 bene
1563 5036 1704 5102 vult,
1729 5036 1984 5107 quidquid

393 5124 537 5195 justo
566 5123 679 5178 vult
706 5140 718 5176 :
751 5122 1007 5194 quidquid
1037 5133 1213 5182 autem
1242 5127 1380 5182 male
1409 5126 1486 5191 ﬁt,
1519 5141 1625 5183 non
1655 5129 1783 5183 Vult.
1816 5127 1986 5182 Nemo

395 5217 598 5274 resistit
617 5216 989 5288 omnipotenti,
1014 5226 1074 5274 ut
1092 5233 1196 5276 non
1217 5219 1358 5288 quod
1379 5220 1491 5274 vult
1517 5220 1691 5275 iaciat.
1720 5221 1838 5291 Ipse
1863 5221 1989 5276 fecit

397 5311 592 5368 ciuium
622 5319 678 5367 et
703 5320 919 5379 terram,
948 5328 1097 5370 mare
1122 5322 1177 5370 et
1201 5313 1378 5370 omnia
1407 5327 1526 5385 quae
1553 5315 1604 5369 in
1633 5315 1712 5371 eis
1738 5325 1880 5382 sunt,
1908 5316 1990 5370 in-

2068 1961 2297 2020 visibilia
2336 1971 2392 2020 et
2428 1961 2653 2028 visibilis
2688 1983 2700 2019 :
2733 1961 3045 2029 invisibilia,
3083 1959 3219 2019 sicut
3260 1971 3383 2020 sunt
3421 1963 3469 2020 in
3499 1963 3627 2022 ccelis

2070 2059 2256 2126 Sedes,
2277 2057 2693 2126 Dominationes,
2712 2059 3064 2128 Principatus,
3085 2058 3400 2123 Potestates,
3422 2057 3630 2112 Arciten-

2071 2155 2193 2227 geli,
2229 2157 2436 2227 Angcii,
2468 2159 2512 2213 si
2540 2161 2675 2213 bene
2706 2159 3012 2238 vixerimus,
3047 2160 3192 2212 cives
3217 2158 3403 2212 nostri.
3434 2156 3574 2211 Fecit
3596 2157 3642 2211 in

2063 2249 2211 2304 curio
2238 2249 2498 2316 visibiiia;
2527 2251 2717 2316 solem,
2748 2251 2947 2316 lunam,
2976 2249 3179 2306 stellas.
3203 2249 3327 2305 Suis
3348 2249 3645 2303 animalibus

2075 2345 2414 2400 terrestribus
2444 2345 2652 2400 ornavit
2693 2353 2920 2412 terram,
2962 2343 3200 2413 implevit
3228 2357 3403 2398 aerem
3441 2341 3650 2396 volatili-

2074 2435 2194 2500 bus,
2220 2445 2414 2492 terram
2439 2438 2832 2492 ambulantibus
2857 2446 2911 2492 et
2937 2437 3290 2507 serpentibus,
3314 2451 3459 2490 mare
3479 2444 3651 2490 natan-

2076 2523 2215 2584 tibus
2245 2547 2258 2583 :
2287 2531 2463 2585 omnia
2509 2531 2744 2600 implevit
2782 2530 2892 2585 suis
2933 2529 3190 2585 creaturis
3228 2529 3478 2600 prOpriis.
3521 2527 3673 2581 Fecit'

2075 2631 2129 2678 et
2158 2622 2426 2683 hominem
2466 2622 2532 2676 ad
2573 2623 2854 2693 imaginem
2899 2631 2953 2678 et
2991 2621 3389 2676 similitudinem
3429 2635 3579 2674 suam
3606 2620 3650 2672 in

2076 2723 2254 2768 mente
2284 2731 2295 2768 :
2328 2715 2396 2770 ibi
2429 2724 2509 2769 est
2537 2711 2676 2768 enim
2710 2716 2881 2783 imago
2912 2709 3045 2780 Dei;
3079 2713 3198 2768 ideo
3236 2727 3386 2768 mens
3416 2713 3531 2782 ipsa
3561 2727 3653 2766 non

2076 2816 2252 2878 potest
2280 2806 2658 2877 comprehendi
2690 2822 2788 2861 nec
2817 2823 2845 2860 a
2874 2822 2932 2861 se
2961 2807 3092 2876 ipsa,
3123 2806 3210 2859 ubi
3240 2814 3322 2859 est
3351 2805 3528 2874 imago
3553 2803 3651 2857 Dei.

2077 2900 2161 2956 Ad
2189 2901 2291 2956 hoc
2317 2901 2437 2955 iacti
2466 2916 2668 2966 sumus,
2699 2911 2757 2954 ut
2779 2900 3036 2954 creaturis
3062 2899 3270 2954 caneris
3296 2898 3652 2953 dominemur:

2076 2995 2171 3050 sed
2204 3007 2298 3064 per
2322 3001 2595 3068 peccatum
2626 2989 2677 3048 l'n
2709 2991 2877 3064 primo
2907 2991 3122 3049 homine
3146 2993 3278 3064 lapsi
3307 3007 3512 3058 sumus,
3540 3000 3589 3046 ct
3611 2989 3656 3045 in

2077 3085 2266 3144 mortis
2310 3085 2672 3142 liaereditatcm
2716 3101 2902 3142 omnes
2945 3077 3272 3141 devenimus.
3307 3083 3453 3140 Facti
3489 3100 3658 3140 sumus

2080 3177 2310 3237 humiles
2338 3175 2626 3247 mortales,
2660 3177 2862 3250 impleti
2907 3194 3092 3235 sumus
3132 3175 3441 3245 timoribus,
3471 3176 3658 3233 errori-

2080 3272 2183 3328 bus
2215 3290 2226 3324 :
2256 3271 2358 3326 hoc
2394 3271 2586 3326 merito
2627 3271 2865 3341 peccati;
2904 3286 3026 3326 eum
3069 3285 3175 3342 quo
3209 3269 3405 3324 merito
3439 3278 3492 3324 et
3521 3277 3657 3324 reatu

2084 3363 2320 3418 nascitur
2355 3363 2530 3416 omnis
2570 3362 2730 3417 homo
2761 3362 2911 3433 (Gen.
2941 3365 3103 3433 l-iil).
3136 3359 3264 3416 ideo
3302 3362 3431 3416 sicut
3461 3359 3653 3414 vidistis

2084 3449 2263 3524 hodie,
2295 3455 2432 3511 sicut
2461 3456 2629 3510 nostis
2649 3498 2662 3520 ,
2691 3463 2745 3510 et
2771 3455 2974 3524 parvuli
3002 3454 3348 3509 exsulﬂantur
3372 3462 3417 3506 et
3444 3451 3642 3505 exorci-

2084 3559 2290 3615 zantur,
2314 3557 2371 3605 ut
2392 3549 2617 3620 pellatur
2636 3548 2703 3603 ab
2723 3549 2800 3604 eis
2821 3547 3016 3603 diaboli
3040 3557 3277 3620 potestas
3298 3545 3518 3612 inimica,
3538 3559 3650 3615 quas

2084 3646 2294 3714 decepit
2335 3645 2602 3698 hominem
2624 3686 2637 3708 ,
2671 3651 2728 3698 ut
2757 3643 3053 3713 possideret
3094 3642 3356 3696 homines.
3387 3638 3500 3695 Non
3540 3651 3658 3709 ergo

2085 3748 2325 3794 creatura
2351 3738 2440 3792 Dei
2467 3737 2520 3792 in
2544 3736 2834 3792 infantibus
2857 3736 3193 3790 exorcisatur
3213 3742 3304 3787 aut
3327 3729 3658 3788 cxsumalur:

2085 3830 2177 3886 sed
2208 3830 2296 3884 ille
2324 3829 2425 3883 sub
2449 3841 2554 3898 quo
2580 3835 2703 3894 sunt
2726 3841 2913 3881 omnes
2937 3827 3025 3896 qui
3053 3839 3174 3880 cum
3202 3831 3419 3895 peccato
3446 3837 3665 3877 nascuna

2087 3931 2204 3988 tur;
2235 3928 2316 3976 est
2341 3921 2482 3975 enim
2513 3921 2763 3990 princeps
2793 3925 3151 3989 peccatorum.
3185 3919 3262 3970 Ac
3296 3931 3387 3986 per
3414 3913 3523 3969 hoc
3549 3928 3664 3984 pro-

2085 4025 2202 4086 pter
2231 4029 2392 4070 unum
2421 4015 2509 4085 qui
2538 4015 2718 4084 lapsus
2749 4021 2833 4068 est
2869 4020 2923 4068 et
2958 4025 3146 4066 omnes
3171 4007 3314 4065 misit
3340 4010 3392 4064 in
3424 4017 3664 4072 mortem,

2086 4109 2280 4164 missus
2305 4117 2387 4164 est
2412 4121 2548 4162 unus
2573 4105 2690 4162 sine
2716 4113 2932 4176 peccato
2959 4106 3047 4176 qui
3079 4117 3266 4160 omnes
3293 4105 3343 4158 in
3371 4119 3428 4159 se
3457 4103 3668 4159 creden-

2085 4210 2167 4257 tes
2195 4201 2451 4273 perducat
2478 4200 2544 4255 ad
2571 4200 2753 4262 vitam,
2785 4199 3018 4253 liberans
3047 4205 3139 4252 eos
3168 4213 3196 4250 a
3225 4205 3466 4267 peccato.

2157 4295 2382 4352 CAPUT
2409 4293 2472 4348 Ii.
2497 4319 2567 4334 --
2593 4293 2647 4348 5.
2677 4291 2871 4346 Filium
2892 4290 2986 4344 Dei
3007 4290 3288 4345 Dominum
3317 4298 3550 4343 nostrum
3573 4299 3671 4341 rere

2085 4404 2194 4443 esse
2213 4387 2377 4440 Deum
2397 4395 2444 4439 et
2463 4386 2872 4470 munipotentept.
2898 4382 3054 4437 Pater
3075 4391 3120 4435 ct
3145 4380 3311 4434 Filius
3335 4397 3435 4434 non
3460 4381 3538 4435 dii
3556 4381 3663 4442 duo,

2087 4485 2175 4536 sed
2203 4499 2332 4535 unus
2363 4480 2517 4533 Deus.
2559 4477 2726 4531 Filius
2770 4477 3083 4547 omnipatens
3119 4486 3164 4528 et
3205 4473 3415 4546 a'qualt's
3456 4489 3492 4527 a
3532 4471 3671 4526 Patre

2088 4576 2305 4646 genitus.
2338 4573 2463 4628 ideo
2490 4571 2757 4627 credimus
2783 4578 2837 4625 et
2863 4569 2915 4624 in
2942 4569 3133 4624 Filium
3163 4569 3277 4636 ejus
3299 4610 3313 4631 ,
3355 4567 3405 4622 id
3435 4578 3524 4622 est
3545 4610 3558 4633 ,
3590 4565 3668 4620 Dei

2090 4669 2260 4724 Putris
2313 4665 2728 4736 omnipotentis,
2782 4663 3030 4729 unicum,
3080 4662 3359 4716 Dominum
3415 4669 3668 4716 nostrum.

2088 4761 2313 4830 Quando
2335 4760 2486 4815 audis
2509 4761 2723 4815 unicum
2747 4759 2839 4813 Dei
2862 4758 3071 4821 Filium,
3101 4770 3329 4826 agnosce
3355 4755 3545 4810 Deum.
3570 4753 3668 4807 Non

2088 4857 2230 4912 enim
2262 4856 2427 4911 Filius
2464 4855 2558 4910 Dei
2595 4855 2782 4909 unicus
2820 4862 3002 4923 posset
3039 4865 3158 4906 esse
3199 4864 3303 4904 non
3340 4849 3508 4903 Deus.
3535 4845 3669 4914 Quod

2090 4956 2202 5015 est,
2231 4947 2332 5002 hoc
2358 4947 2575 5018 genuit;
2613 4945 2716 5000 etsi
2744 4959 2850 4999 non
2880 4953 2962 4999 est
2989 4957 3146 5012 quem
3178 4940 3382 5012 genuit.
3427 4938 3490 4994 Si
3530 4951 3673 4992 venis

2089 5050 2174 5097 est
2201 5049 2374 5095 autem
2406 5039 2591 5105 Filius,
2625 5037 2726 5093 hoc
2754 5045 2836 5094 est
2861 5035 3004 5106 quod
3033 5033 3190 5090 Pater
3215 5050 3228 5087 :
3258 5033 3300 5087 si
3333 5031 3438 5086 hoc
3473 5045 3575 5087 non
3603 5035 3672 5080 ομι

2091 5132 2231 5204 quod
2260 5132 2436 5197 Pater,
2461 5147 2566 5186 non
2589 5139 2673 5186 est
2698 5145 2853 5184 verus
2879 5127 3064 5182 Filius.
3086 5125 3339 5181 Mortales
3365 5133 3420 5178 et
3443 5132 3672 5178 terrenas

2091 5233 2363 5307 creaturas
2389 5222 2643 5278 attendite
2674 5241 2686 5277 :
2713 5220 2859 5293 quod
2885 5228 2967 5276 est
2989 5234 3076 5274 res
3097 5232 3323 5289 quaeque
3341 5260 3356 5283 ,
3388 5220 3493 5270 hoc
3520 5226 3674 5307 gene-

2093 5325 2194 5371 rat.
2233 5302 2359 5370 Non
2405 5323 2628 5386 generat
2671 5313 2833 5369 homo
2881 5312 3075 5368 bovem
3096 5351 3114 5380 ,
3155 5323 3262 5364 non
3305 5316 3532 5380 generet
3571 5302 3676 5359 ovis

1574 5443 1855 5486 ADIONITIO
1891 5446 1972 5486 PP.
2013 5441 2490 5486 BENBDICTINORUM.

459 5528 532 5572 De
551 5519 776 5583 symbolo
795 5520 855 5571 ad
875 5523 1256 5574 antecantamenta
1269 5531 1532 5574 Sermones
1554 5525 1798 5574 emendati
1829 5532 1942 5575 sunt
1966 5525 2024 5575 ad
2059 5525 2400 5575 Divionensem
2424 5523 2630 5574 abbatite
2667 5529 2711 5572 s.
2737 5521 2937 5583 Benigni
2973 5519 3190 5570 codicem
3225 5527 3460 5583 annorum
3493 5515 3675 5583 υπατος

399 5573 605 5659 φρ..αᾶ
627 5573 1089 5659 gemmaticensem,
1211 5573 1594 5659 inianusd'iptum
1632 5573 2240 5659 Eoizlesiébauduueusis,
2266 5573 2324 5636 ad
2347 5573 2720 5659 inaltusqiptum
2742 5591 2822 5636 PP.
2836 5573 3135 5659 ⁸ἰπίιιιὶιεειιςιὶιιξιμ
3458 5573 3674 5659 uerear?

401 5642 708 5715 Parisiensis,
735 5653 787 5696 et
807 5647 866 5697 ad
891 5642 1129 5715 editiones
1150 5655 1224 5715 _Er.
1252 5655 1304 5699 et
1325 5654 1432 5700 Lov.
1460 5642 1644 5699 i’rimus
1665 5663 1829 5702 sermo
1861 5658 2093 5715 repertus
2119 5642 2276 5700 etiam
2313 5658 2388 5699 est
2431 5650 2481 5699 in
2514 5642 2849 5712 Andegavensi
2891 5645 3214 5710 manuscripto
3250 5651 3296 5692 s.
3338 5642 3494 5692 Albini
3536 5649 3673 5689 anno-

401 5716 511 5760 rum
530 5709 655 5769 800;
677 5717 782 5760 tres
804 5722 923 5761 vero
944 5712 1027 5761 alii
1047 5713 1264 5762 minime.

487 5789 1003 5871 Comparavt'mus
1020 5807 1322 5878 pt‘wterea
1351 5817 1449 5859 eas
1475 5818 1678 5862 omnes
1709 5801 1806 5864 edi
1812 5801 2010 5865 tiones
2031 5797 2222 5864 initio
2254 5798 2425 5860 Retr.
2447 5803 2505 5860 et
2526 5791 2905 5877 Confess.;t.
2942 5796 3002 5871 1,
3029 5799 3419 5856 metuat-atas.
3505 5785 3599 5850 Μ.

457 5893 540 5958 (α)
560 5893 702 5958 Alias,
726 5895 859 5948 Liber
881 5896 1082 5963 pritmw,
1108 5901 1160 5951 in
1181 5906 1295 5954 ante
1321 5901 1479 5967 editis,
1501 5909 1616 5954 tom.
1637 5902 1685 5954 9.
