3904 6362
272 346 418 410 tsi-9

289 475 522 528 canem,
545 469 642 514 nec
672 455 830 514 cauis
856 468 1030 510 ovem.
1063 452 1329 524 Quidquid
1360 460 1441 508 est
1477 451 1620 522 quod
1650 463 1890 522 generat,

296 556 376 612 id
412 549 526 623 quod
559 557 640 606 est
675 555 919 619 generat.
961 545 1160 602 Tenete
1205 559 1332 616 ergo
1371 541 1612 609 fortiter,
1645 544 1887 612 firmiter,

292 643 558 704 ﬁdeliter,
589 638 710 708 quia
751 638 853 692 hoc
893 635 1073 706 genuit
1110 633 1252 689 Deus
1281 635 1470 701 Pater,
1501 633 1640 706 quod
1668 643 1750 690 est
1779 635 1889 706 ipse

290 738 652 805 omnipotens.
678 731 951 788 Creaturae
975 731 1087 784 ista:
1109 726 1362 802 mortales
1385 743 1479 798 per
1498 728 1890 798 corruptionem

292 836 572 897 generant.
603 822 872 893 Numquid
911 823 988 876 sic
1018 821 1156 888 Deus
1195 819 1450 890 generat?
1475 818 1708 876 Mortalis
1736 828 1891 876 natus

294 919 372 973 id
405 917 521 989 quod
550 925 628 971 est
665 922 926 986 generat,
965 911 1279 968 immortalis
1323 911 1464 982 quod
1511 919 1594 966 est
1637 922 1885 984 general:

291 1007 650 1080 corruptibilis
678 1005 1083 1076 corruptibilent
1110 1013 1346 1075 generat,
1373 1003 1785 1072 iucorruptibilis
1813 1003 1891 1060 in-

281 1101 728 1172 corruptibilem;
760 1097 1124 1169 corruptibilis
1154 1095 1601 1164 corruptibilitcr,
1646 1096 1888 1152 incorru-

276 1196 502 1256 ιριίωιίε
528 1191 998 1262 incorruptibiliter
1023 1209 1035 1244 :
1062 1203 1229 1258 usque
1255 1185 1390 1242 adeo
1417 1188 1518 1242 hoc
1545 1186 1686 1257 quod
1708 1197 1808 1251 est,
1833 1195 1891 1246 ut

268 1296 318 1331 I:
337 1302 441 1338 nus
468 1301 618 1339 untun
637 1327 651 1350 ,
687 1283 809 1336 ideo
838 1283 1072 1335 unicum.
1101 1279 1258 1334 Scitis
1290 1277 1537 1352 quoniam
1578 1292 1697 1331 cum
1741 1267 1888 1334 vobis

260 1378 688 1438 pronuntiarem
715 1374 1029 1446 Symbolum
1070 1371 1147 1425 sic
1173 1370 1312 1436 dixi,
1346 1379 1400 1424 et
1435 1369 1511 1424 sic
1548 1369 1770 1426 credere
1797 1369 1888 1424 de-

249 1461 434 1521 lJ-etis
459 1485 470 1519 :
493 1468 610 1537 quia
636 1465 908 1521 credimus
937 1463 987 1516 in
1013 1462 1178 1520 Deum
1206 1461 1416 1516 Patrem
1444 1460 1885 1530 omnipotentem,

242 1567 302 1604 ρ
321 1567 359 1611 ι
381 1560 426 1611 in
453 1557 627 1613 Jesem
656 1557 932 1611 Christum
961 1554 1152 1610 Filium
1178 1555 1292 1624 ejus
1319 1551 1553 1608 unicum.
1579 1550 1695 1606 Jatn
1724 1568 1889 1620 quan-

236 1649 371 1706 do
402 1654 642 1718 unicum,
686 1650 850 1705 crede
876 1651 891 1680 ί
935 1649 1354 1718 omnipotentem
1385 1665 1396 1700 :
1427 1663 1533 1701 non
1574 1648 1715 1700 enim
1751 1647 1888 1702 Deus

239 1735 456 1797 Pater
487 1743 604 1797 facit
634 1742 774 1814 quod
806 1740 950 1808 vult,
988 1750 1043 1794 et
1073 1741 1212 1794 Deus
1241 1739 1405 1794 Filius
1435 1754 1541 1793 non
1583 1739 1708 1792 facit
1745 1738 1888 1809 quod

251 1836 434 1888 Vult.
468 1835 574 1890 L'na
597 1836 841 1888 voluntas
868 1843 947 1887 est
973 1833 1142 1887 Patris
1167 1842 1220 1887 et
1241 1831 1380 1899 Filii,
1403 1831 1523 1904 quia
1551 1847 1654 1885 una
1677 1842 1884 1885 natura.

251 1925 414 1986 δρα
444 1929 579 1984 enim
604 1930 842 1984 voluntas
869 1927 987 1982 Filii
1021 1935 1196 1998 potest
1229 1942 1259 1980 a
1288 1925 1458 1980 Patris
1489 1925 1758 1980 voluntate
1786 1925 1886 1982 ali-

285 2023 621 2093 quantulum
645 2023 920 2092 segregari.
946 2020 1088 2073 Deus
1110 2029 1161 2073 et
1183 2019 1343 2087 Deus,
1371 2015 1529 2072 ambo
1552 2034 1685 2094 unus
1709 2017 1883 2072 Deus:

333 2116 652 2185 omnipotens
679 2124 729 2169 et
749 2114 1098 2183 omnipotens,
1126 2113 1284 2168 ambo
1310 2128 1444 2168 unus
1465 2111 1823 2181 omnipotens.

400 2227 449 2281 6.
479 2225 589 2280 Νοιι
618 2226 990 2282 introducimus
1015 2225 1150 2280 duos
1177 2224 1306 2280 deos
1326 2267 1341 2291 ,
1369 2223 1636 2294 quomodo
1669 2223 1885 2294 quidam

328 2318 661 2382 introducunt,
684 2326 734 2373 et
751 2318 931 2372 dicunt
956 2336 969 2373 :
1000 2317 1138 2372 Deus
1162 2316 1320 2372 Pater
1343 2325 1397 2371 et
1419 2317 1558 2372 Deus
1580 2316 1766 2383 Filius,
1790 2315 1884 2372 sed

319 2409 476 2478 major
507 2409 642 2464 Dens
670 2409 855 2475 Pater,
905 2409 1080 2462 minor
1118 2407 1262 2464 Deus
1300 2405 1484 2464 Filius.
1517 2406 1691 2464 Ambo
1719 2406 1885 2477 quid?

317 2501 419 2556 Duo
449 2501 560 2555 dii?
587 2499 872 2556 Erubescis
909 2499 1120 2565 dicere,
1152 2498 1407 2554 erubesco
1433 2497 1673 2556 credere.
1700 2496 1885 2554 Domi.-

313 2607 404 2647 nus
437 2592 569 2647 Deus
607 2591 764 2646 Pater
807 2589 975 2657 dicis,
1017 2597 1072 2644 et
1111 2589 1368 2646 Dominus
1404 2588 1549 2644 Deus
1583 2587 1749 2646 Filius
1786 2606 1798 2642 :
1832 2595 1887 2644 et

320 2685 426 2749 dicit
450 2685 556 2756 ipse
581 2684 784 2752 Filius,
816 2682 984 2738 Nemo
1024 2691 1181 2755 potest
1219 2681 1414 2739 duobus
1452 2681 1668 2738 dominis
1699 2682 1886 2738 servire

324 2777 504 2850 (Matth.
530 2795 600 2846 vt,
629 2779 746 2846 24).
783 2777 839 2832 In
865 2777 1064 2832 familia
1096 2777 1261 2848 ipsius
1285 2777 1362 2832 sic
1392 2777 1612 2842 erimus,
1647 2785 1724 2844 ut,
1753 2791 1888 2845 quo—

328 2873 458 2927 modo
484 2874 531 2926 in
559 2873 721 2928 domo
754 2888 944 2943 magna
983 2871 1071 2927 ubi
1110 2881 1194 2927 est
1226 2871 1608 2941 paterfamilias
1645 2880 1698 2926 et
1727 2870 1886 2927 habet

331 2964 494 3033 ﬁlium,
533 2967 774 3022 dicamus
814 2974 869 3020 et
909 2980 1048 3019 nos:
1083 2964 1339 3018 Dominus
1380 2962 1585 3033 major,
1629 2962 1886 3020 Dominus

326 3059 506 3114 minor?
535 3057 872 3114 Aversamini
904 3058 1060 3112 talem
1087 3055 1487 3126 cogitationem.
1509 3053 1565 3110 Si
1589 3054 1737 3109 vobis
1763 3053 1886 3110 talia

334 3151 528 3205 feceritis
551 3151 602 3206 in
626 3149 812 3215 corde,
841 3148 983 3204 idola
1013 3147 1206 3218 ponitis
1233 3147 1284 3202 in
1311 3147 1485 3201 anima
1514 3161 1636 3201 una.
1662 3146 1886 3202 Prorsus

336 3244 556 3312 repellite.
585 3245 739 3300 Prius
770 3241 1006 3307 credite,
1041 3251 1220 3312 postea
1253 3240 1550 3312 intelligite.
1584 3239 1679 3294 Cui
1707 3248 1887 3296 autem

330 3335 470 3390 donat
494 3337 658 3402 Deus,
701 3344 758 3390 ttt
795 3350 918 3390 cum
961 3333 1282 3400 crediderit,
1324 3333 1428 3388 cito
1469 3331 1758 3402 intelligat;
1792 3331 1886 3390 Dei

329 3426 500 3482 donum
525 3438 617 3493 est,
646 3443 752 3483 non
782 3426 1014 3482 humana
1041 3424 1319 3497 fragilitas.
1352 3423 1553 3482 Tamen
1581 3423 1624 3477 si
1651 3422 1886 3480 nondum

333 3520 589 3590 intelligitis
607 3563 620 3586 ,
651 3520 855 3576 credite
887 3537 900 3573 :
931 3519 1072 3574 Deus
1101 3532 1237 3572 unus
1261 3517 1419 3573 Pater
1438 3559 1452 3582 ,
1481 3516 1620 3572 Deus
1644 3514 1889 3572 Christus

336 3609 486 3667 Filius
507 3612 604 3666 Dei.
626 3613 789 3668 Ambo
810 3611 979 3683 quid?
1007 3610 1152 3665 Unus
1173 3610 1331 3666 Deus.
1356 3610 1422 3666 Et
1441 3608 1710 3678 quomodo
1731 3609 1890 3666 ambo

313 3716 458 3774 unus
493 3703 619 3758 Deus
655 3702 886 3758 dicitur?
931 3700 1249 3768 Quomodo?
1291 3699 1535 3756 miraris?
1578 3700 1633 3756 In
1667 3699 1888 3762 Actibus

320 3793 690 3863 Aposwlorum,
718 3795 785 3850 Et
814 3803 940 3858 erat,
972 3792 1160 3864 inquit,
1193 3793 1498 3848 credentium
1519 3793 1690 3847 animo
1718 3808 1818 3848 una
1843 3800 1890 3848 et

318 3901 401 3938 eor
425 3902 566 3940 unum
592 3887 724 3956 (Act.
752 3903 827 3954 tv,
856 3884 972 3956 52).
1003 3885 1176 3944 Multa:
1202 3885 1393 3940 animae
1419 3892 1592 3950 erant,
1617 3881 1748 3939 fides
1773 3898 1890 3941 eas-

319 3974 432 4030 dem
461 3993 606 4033 unam
635 3977 855 4034 fecerat.
887 3977 987 4032 Tot
1013 3976 1176 4032 millia
1204 3976 1498 4030 animarum
1526 3984 1713 4041 erant;
1743 3989 1891 4030 ama-

322 4079 494 4124 verunt
527 4086 614 4134 se,
647 4080 700 4124 ct
741 4069 923 4126 multa:
968 4076 1092 4123 sunt
1122 4083 1223 4121 una
1253 4085 1264 4118 ;
1298 4075 1608 4122 amaverunt
1640 4066 1803 4122 Deum
1836 4065 1888 4120 in

317 4157 432 4228 igne
466 4159 767 4228 charitatis,
802 4169 856 4216 et
895 4175 960 4214 ex
999 4157 1337 4214 multitudine
1374 4157 1438 4210 ad
1481 4156 1890 4228 pulchritudinis

315 4251 553 4308 unitatem
584 4261 870 4308 venerunt.
912 4250 969 4306 Si
1011 4260 1112 4304 tam
1155 4250 1352 4304 multas
1389 4249 1594 4306 animas
1624 4247 1889 4304 fecitaui-

309 4359 447 4399 mam
482 4362 631 4402 unam
661 4346 930 4410 charitas;
962 4345 1132 4416 qualis
1164 4343 1396 4402 charitas
1425 4353 1505 4400 est
1532 4343 1670 4416 apud
1702 4344 1888 4412 Deum,

306 4436 401 4490 ubi
428 4437 561 4493 nulla
589 4436 894 4502 diversitas,
925 4434 1019 4490 sed
1049 4433 1253 4506 integra
1281 4435 1590 4506 aequalitas?
1620 4432 1675 4489 Si
1707 4433 1758 4488 in
1787 4443 1892 4489 ter-

304 4527 383 4582 ris
409 4530 534 4584 etin
561 4529 865 4585 hominibus
895 4527 1062 4599 potuit
1101 4542 1220 4582 esse
1257 4534 1400 4582 tanta
1428 4525 1692 4593 charitas,
1737 4536 1792 4582 ut
1825 4525 1892 4583 de

302 4628 386 4677 tot
415 4624 683 4680 animabus
716 4622 917 4679 faceret
946 4637 1103 4678 unam
1134 4621 1402 4689 animam;
1443 4621 1530 4676 ubi
1570 4637 1783 4693 semper
1812 4623 1893 4680 itt-

300 4716 610 4786 separabilis
645 4715 746 4776 fuit
775 4716 933 4772 Pater
960 4732 990 4772 a
1020 4715 1152 4774 Filio
1172 4756 1186 4780 ,
1218 4714 1383 4769 Filius
1419 4731 1447 4770 a
1483 4715 1668 4782 Patre,
1703 4724 1891 4792 potuc-

303 4819 426 4864 runt
465 4811 621 4868 ambo
665 4826 787 4868 esse
827 4807 928 4868 nisi
958 4809 1100 4864 Deus
1129 4808 1300 4864 unus?
1327 4808 1432 4864 Sed
1463 4809 1564 4865 illa:
1591 4811 1810 4876 animm,
1840 4818 1894 4867 et

303 4901 483 4958 multa:
521 4905 711 4959 anima:
742 4902 848 4958 dici
881 4909 1198 4971 potuerunt,
1242 4909 1294 4962 et
1331 4901 1508 4958 anima
1549 4917 1654 4957 una
1697 4921 1709 4958 :
1754 4903 1893 4958 Deus

300 5003 478 5050 autem
499 5038 513 5060 ,
544 4997 632 5052 ubi
663 5005 748 5052 est
774 4992 1054 5064 ineffabilis
1081 5003 1134 5048 et
1157 5009 1363 5049 summa
1393 4993 1727 5066 conjunctio,
1757 5011 1892 5052 unus

299 5084 441 5144 Deus
465 5090 565 5147 dici
595 5098 806 5161 potest,
836 5104 942 5144 non
969 5088 1040 5143 dii
1069 5087 1196 5143 duo.

369 5201 424 5256 5.
458 5202 602 5258 Facit
623 5200 769 5272 quod
795 5200 907 5256 vult
927 5200 1104 5266 Pater,
1131 5199 1259 5256 facit
1279 5198 1423 5271 quod
1442 5199 1555 5256 vult
1575 5199 1759 5258 Filius.
1786 5200 1892 5258 No-

302 5283 390 5348 lite
415 5305 598 5363 putare
623 5293 1050 5364 omnipotentem
1079 5291 1292 5348 Patrem
1322 5300 1377 5348 et
1405 5307 1513 5348 non
1541 5293 1889 5366 omnipoten-

304 5389 407 5441 tem
435 5387 623 5444 Filium
653 5405 667 5441 :
699 5400 852 5442 error
877 5395 959 5440 est
980 5422 995 5450 ,
1028 5383 1203 5439 delete
1229 5383 1333 5440 hoc
1360 5384 1412 5444 in
1438 5383 1609 5451 vobis,
1641 5400 1749 5440 non
1775 5383 1890 5442 bre-

303 5487 414 5534 viat
439 5481 492 5536 in
514 5479 775 5540 metuat-ia
804 5484 1002 5542 vestra,
1029 5490 1136 5531 non
1163 5475 1374 5531 bibatur
1397 5476 1450 5532 iu
1479 5475 1582 5534 fide
1611 5485 1810 5546 vestra,
1839 5486 1892 5537 et

306 5569 350 5623 si
377 5569 506 5627 forte
530 5571 725 5642 aliquis
759 5575 999 5623 vestrum
1040 5567 1264 5631 biberit,
1298 5574 1497 5621 vomat.
1541 5567 1891 5637 OmnipOIens

309 5671 388 5719 est
409 5663 578 5732 Pater,
606 5661 952 5734 omnipotens
987 5657 1172 5714 Filius.
1212 5657 1269 5715 Si
1293 5658 1632 5730 omnipotens
1655 5673 1761 5716 non
1791 5674 1889 5732 ge-

372 5839 390 5873 ι
414 5839 487 5892 sic
505 5845 620 5890 lss.
643 5835 774 5888 aditi
796 5844 946 5897 vero,
969 5837 1170 5885 lunone
1187 5829 1383 5886 ionicum
1419 5833 1587 5888 crede.

1009 335 1099 393 DE
1139 333 1474 402 SYMBOLO,
1513 331 1570 388 S.
1594 323 1964 386 AUGUSTINI
2001 322 2228 384 SERMO
2266 324 2358 384 AD
2393 324 2963 392 CATECHUMENOS.

3469 342 3580 412 630

1991 450 2116 538 nuit
2140 451 2586 524 omnipotentem,
2619 470 2726 512 non
2764 473 2948 515 verum
2991 457 3158 520 filium
3199 462 3406 536 genuit.
3443 465 3581 536 Quid

1999 543 2140 602 enim
2171 545 2414 614 dicimus,
2446 547 2658 614 fratres,
2686 549 2729 604 si
2751 549 2908 606 Pater
2933 552 3102 621 major
3128 554 3389 614 minorem
3414 541 3583 614 filium

1991 638 2216 712 genuit?
2241 637 2376 706 Quid
2413 639 2554 698 enim
2591 641 2698 696 dixi
2724 643 2761 707 ί,
2792 642 3010 714 genuit?
3044 645 3213 703 llomo
3243 649 3382 706 enim
3411 651 3584 722 major

1994 738 2214 810 get‘terat
2237 731 2398 788 tilium
2423 731 2708 801 minorem,
2735 749 2918 790 verum
2944 745 3028 792 est
3053 755 3064 789 :
3093 739 3187 799 sed
3209 741 3329 811 quia
3353 745 3586 800 senescit.

1998 821 2120 888 ille,
2151 823 2344 878 crescit
2375 825 2589 894 istc,_et
2633 826 2698 884 ad
2741 826 2964 882 fortnam
3009 831 3171 902 patris
3210 834 3292 890 sui
3333 837 3417 896 vel
3460 853 3582 892 crc-

1997 916 2195 974 scendo
2223 917 2483 990 pervenit.
2518 917 2683 974 Filius
2712 920 2803 974 Dei
2834 921 2876 975 si
2895 923 2914 950 ²
2943 937 3046 978 non
3077 927 3300 992 crescit,
3331 929 3452 998 quia
3483 948 3584 986 nec

1997 1019 2174 1078 potest
2202 1011 2340 1066 Deus
2363 1028 2678 1080 senescere;
2713 1014 2976 1084 perfectus
3001 1029 3158 1074 natus
3183 1029 3284 1075 cst.
3310 1022 3584 1082 Perfectus

1996 1103 2207 1174 quidem
2236 1115 2408 1169 natus,
2441 1106 2488 1162 si
2515 1123 2618 1164 non
2648 1110 2857 1174 crescit,
2888 1119 2941 1164 et
2965 1113 3140 1170 minor
3166 1130 3274 1169 non
3296 1120 3581 1185 rennuisit;

1997 1194 2215 1266 mqualis
2243 1205 2342 1254 est.
2374 1197 2502 1252 Nam
2545 1209 2601 1254 ut
2638 1201 2817 1258 sciatis
2853 1202 3273 1272 omnipotentem
3312 1207 3380 1264 de
3413 1211 3585 1266 omni-

1995 1296 2212 1355 potente
2248 1298 2426 1350 natum
2448 1332 2462 1358 ,
2507 1291 2678 1364 ipsum
2715 1293 2894 1354 audite
2921 1296 3009 1366 qui
3038 1295 3248 1354 Veritas
3278 1307 3378 1356 est.
3422 1300 3497 1354 De
3528 1318 3586 1356 se

1985 1379 2136 1449 quod
2165 1379 2291 1436 dicit
2323 1381 2528 1437 Veritas
2547 1425 2560 1447 ,
2596 1383 2698 1438 hoc
2725 1395 2809 1444 est
2839 1401 3042 1441 verum.
3073 1387 3209 1456 Quid
3239 1389 3314 1445 ait
3342 1389 3585 1446 Veritas?

1993 1472 2120 1540 quid
2147 1473 2220 1530 ait
2247 1473 2430 1540 Filius,
2458 1475 2547 1548 qui
2574 1484 2656 1530 est
2685 1476 2927 1535 Veritas?
2959 1479 3296 1550 Quaecumque
3323 1480 3481 1538 Pater
3507 1487 3586 1554 fa-

1991 1563 2092 1630 cit,
2127 1565 2232 1622 lucc
2261 1575 2305 1622 et
2338 1565 2502 1621 Filius
2530 1567 2760 1622 similiter
2789 1570 2910 1640 facit
2951 1571 3126 1642 (ἐσίω.
3156 1588 3212 1638 v,
3246 1573 3362 1644 19).
3398 1574 3584 1634 Omni-

1994 1665 2184 1726 potens
2211 1665 2293 1712 est
2317 1657 2482 1714 Filius
2503 1699 2517 1724 ,
2545 1659 2722 1716 omnia
2758 1659 3000 1716 faciendo
3027 1680 3144 1733 qua:
3171 1665 3418 1722 voluerit.
3449 1667 3582 1724 Nam

1992 1748 2038 1804 si
2067 1748 2191 1806 facit
2227 1751 2398 1821 aliqua
2431 1752 2586 1808 Pater
2615 1769 2733 1824 qua:
2763 1769 2871 1812 non
2902 1755 3024 1811 facit
3047 1757 3087 1812 F
3092 1758 3242 1824 ilius,
3283 1758 3473 1824 falsum
3501 1762 3585 1820 di-

1983 1841 2070 1920 .xit
2095 1843 2261 1898 Filitts
2291 1862 2304 1904 :
2335 1845 2674 1915 Quazcumque
2702 1846 2856 1901 Pater
2881 1851 3026 1919 facit,
3061 1849 3165 1916 hac
3194 1861 3240 1905 ct
3266 1849 3430 1908 Filius
3460 1855 3585 1924 [πει

1991 1934 2240 1996 similiter.
2269 1935 2373 1992 Sed
2400 1938 2522 2006 quia
2548 1953 2730 1994 verum
2772 1939 2905 1994 dixit
2928 1940 3095 1998 Filius
3122 1960 3134 1996 :
3162 1942 3396 2011 credite,
3428 1943 3584 2009 Qum-

1991 2045 2204 2098 cumque
2222 2028 2383 2086 Pater
2403 2031 2523 2101 facit
2538 2071 2554 2100 ,
2582 2035 2688 2086 lucc
2709 2041 2752 2086 et
2776 2032 2943 2092 Filius
2965 2036 3087 2106 facit
3107 2036 3372 2101 similiter;
3395 2047 3447 2093 et
3467 2053 3585 2096 cre-

1990 2121 2200 2178 didistis
2226 2121 2278 2176 in
2304 2121 2497 2176 Filium
2523 2124 2965 2194 omnipotentem.
2989 2125 3141 2194 Quod
3167 2128 3383 2188 verbum
3408 2129 3506 2185 etsi
3529 2130 3582 2188 in

1974 2213 2245 2286 .Sytnbolo
2275 2229 2377 2270 non
2407 2213 2646 2279 dixistis.
2682 2223 2857 2271 tamen
2891 2216 2993 2274 hoc
3032 2225 3115 2272 est
3147 2218 3287 2288 quod
3317 2222 3586 2290 expressi-

1980 2309 2109 2381 .stis,
2137 2307 2349 2378 quando
2375 2307 2427 2363 in
2451 2308 2662 2364 unicum
2686 2309 2858 2378 ipsum
2883 2310 3050 2366 Deum
3073 2311 3388 2368 credidistis.
3413 2313 3585 2370 Habet

1991 2401 2190 2471 aliquid
2219 2401 2372 2460 Pater
2395 2401 2536 2472 quod
2566 2419 2671 2458 non
2699 2402 2858 2458 habet
2887 2403 3091 2460 Filius?
3121 2405 3233 2462 Hoc
3262 2405 3440 2460 Ariani
3474 2407 3584 2462 hat-

1989 2496 2141 2560 retici
2173 2495 2466 2566 blasphemi
2495 2496 2696 2562 dicunt,
2726 2513 2832 2552 non
2860 2512 2976 2567 ego.
3013 2498 3119 2554 Sed
3147 2515 3246 2570 ego
3275 2501 3398 2570 quid
3425 2503 3583 2558 dico?

1985 2587 2044 2644 Si
2076 2588 2238 2645 habet
2263 2589 2461 2660 aliquid
2488 2590 2667 2657 Pater,
2699 2590 2842 2660 quod
2873 2605 2976 2646 non
3010 2591 3169 2648 habet
3198 2593 3396 2659 Filius;
3429 2611 3582 2654 meu-

1992 2681 2119 2738 titur
2145 2682 2186 2737 F
2191 2681 2314 2738 ilius
2334 2723 2350 2750 ,
2391 2682 2483 2753 qui
2510 2682 2668 2747 dicit,
2715 2682 2901 2738 Omnia
2925 2701 3039 2754 qua:
3070 2684 3214 2742 habet
3240 2683 3396 2742 Pater
3415 2727 3430 2753 ,
3471 2704 3586 2743 mea

1987 2785 2110 2830 sunt
2134 2775 2247 2843 (Id.
2267 2816 2282 2841 ,
2310 2792 2422 2842 xvi,
2451 2775 2561 2847 15).
2601 2776 2761 2830 Multa
2789 2785 2843 2832 et
2865 2776 3269 2833 innumerabilia
3293 2788 3414 2833 sunt
3437 2781 3587 2836 testi-

1990 2867 2168 2922 monia
2197 2867 2388 2936 quibus
2418 2868 2670 2937 probetur
2699 2868 2820 2938 quia
2852 2868 3015 2922 Filius
3044 2884 3202 2924 verus
3231 2869 3325 2925 Dei
3350 2869 3371 2902 ³
3413 2870 3585 2926 Patris

1990 2970 2078 3018 est
2101 2960 2140 3015 F
2146 2961 2284 3025 ilius,
2313 2969 2367 3015 et
2397 2960 2552 3015 Pater
2580 2961 2716 3018 Deus
2745 2976 2928 3016 verum
2956 2961 3138 3032 genuit
3167 2961 3362 3018 Filium
3392 2952 3582 3030 Deum,

1990 3062 2046 3110 et
2075 3053 2231 3110 Pater
2259 3062 2312 3109 et
2336 3052 2505 3108 Filius
2532 3067 2670 3110 Imus
2699 3061 2782 3108 est
2811 3055 2969 3110 Deus.

2062 3144 2289 3200 CAPUT
2331 3143 2413 3202 Ill.
2436 3171 2508 3186 -—
2531 3145 2584 3201 6.
2617 3144 2742 3198 Filii
2770 3144 2865 3200 Dei
2885 3147 3120 3200 nativitas
3149 3146 3372 3203 Immana
3396 3165 3460 3207 es
3483 3149 3586 3205 vir-

1992 3239 2127 3311 gine.
2159 3237 2340 3291 Passio
2361 3238 2452 3292 sub
2481 3238 2696 3308 pra’sitle
2717 3237 2909 3292 Pilato.
2941 3237 3196 3294 Nativitas
3223 3241 3410 3296 Christi
3431 3253 3583 3296 aiter-

1992 3349 2061 3387 na
2088 3331 2151 3385 de
2175 3329 2353 3386 Patre.
2373 3331 2548 3384 Crucis
2577 3330 2882 3400 supplicium
2921 3347 3010 3384 cur
3055 3328 3267 3386 electum
3292 3349 3322 3384 a
3359 3331 3582 3388 Christo.

1995 3422 2264 3480 Patientia:
2288 3435 2475 3476 merces
2491 3437 2589 3475 non
2616 3419 2908 3491 temporalis
2932 3421 2982 3474 in
3008 3422 3265 3492 prwreiiti,
3293 3423 3586 3480 sedauerit“

1993 3524 2220 3586 speretur
2261 3513 2314 3567 in
2351 3517 2522 3584 futuro
2552 3513 2757 3567 swculo.
2792 3511 2895 3566 Sed
2933 3511 3033 3569 iste
3063 3513 3230 3570 Filius
3272 3513 3458 3569 unicus
3488 3515 3584 3574 Dei

1995 3607 2168 3662 Patris
2184 3606 2206 3638 ⁸
2224 3607 2605 3682 omnipotentis
2630 3605 2904 3662 videamus
2927 3606 3052 3675 quid
3080 3605 3202 3660 fecit
3229 3617 3442 3676 propter
3463 3623 3580 3676 nos,

1995 3699 2121 3770 quid
2150 3715 2336 3770 passus
2357 3708 2440 3754 est
2462 3707 2677 3768 propter
2697 3696 2993 3754 nos.Nalus
3011 3697 3076 3753 de
3096 3697 3297 3768 Spiritu
3317 3707 3502 3753 sancto
3529 3709 3585 3757 et

1993 3793 2199 3864 virgine
2219 3792 2402 3848 Maria.
2430 3792 2521 3850 Ille
2543 3793 2682 3846 Deus
2705 3798 2881 3846 tantus
2906 3791 3124 3861 {aqualis
3151 3791 3316 3855 Patri,
3337 3801 3491 3848 natus
3515 3792 3586 3848 de

1997 3886 2195 3956 Spiritu
2229 3893 2414 3940 sancto
2453 3895 2507 3940 et
2545 3884 2744 3954 virgine
2767 3883 2930 3939 Maria
2949 3883 3182 3949 humilis,
3212 3883 3353 3940 unde
3373 3895 3589 3946 sanaret

1996 3977 2276 4048 superbos.
2299 3976 2559 4033 Exaltavit
2585 3987 2644 4032 se
2668 3976 2848 4044 homo,
2877 3985 2930 4030 ct
2957 3975 3182 4031 cecidit:
3207 3975 3506 4032 humiliavit
3529 3987 3588 4032 se

1997 4072 2158 4137 Deus,
2175 4071 2427 4126 eterexit.
2444 4069 2724 4124 llumilitas
2739 4068 2932 4123 Christi
2949 4069 3073 4139 quid
3086 4078 3167 4124 est
3180 4068 3202 4122 Ἰ
3217 4069 3428 4125 Manum
3451 4070 3590 4130 Deus

1981 4165 2198 4222 .homini
2213 4164 2406 4234 jacenti
2428 4162 2680 4232 porrexit.
2700 4162 2806 4216 Nos
2833 4161 3144 4227 cecidimus,
3169 4161 3256 4216 illo
3273 4161 3550 4218 descendit
3575 4180 3586 4214 :

1998 4271 2098 4311 nos
2117 4254 2450 4325 jacebamus,
2479 4253 2564 4307 ille
2581 4266 2640 4307 se
2661 4252 2956 4308 inclinavit.
2980 4251 3310 4308 Prendamus
3327 4263 3381 4308 et
3406 4268 3591 4322 surga-

1998 4362 2139 4414 mus,
2192 4355 2399 4401 utnon
2443 4345 2494 4399 itt
2543 4359 2755 4414 pmnam
2803 4343 3075 4398 cadamus.
3126 4341 3268 4411 Ergo
3319 4344 3591 4398 inclinatio

1999 4439 2166 4510 ipsius
2197 4441 2313 4492 tunc
2340 4447 2439 4502 cst,
2471 4436 2634 4491 Natus
2659 4435 2830 4490 estde
2851 4435 3049 4503 Spiritu
3076 4442 3262 4490 sancto
3288 4445 3342 4489 et
3386 4433 3591 4502 virgine

1998 4533 2181 4588 Maria.
2211 4532 2277 4586 Et
2301 4531 2414 4601 ipsa
2441 4530 2692 4584 nativitas
2724 4528 2975 4595 humana,
3009 4527 3227 4582 humilis
3263 4535 3316 4583 et
3354 4527 3588 4583 excelsa.

1977 4625 2153 4682 .Unde
2195 4623 2448 4678 humilis?
2485 4623 2618 4691 Quia
2651 4622 2810 4677 homo
2854 4630 3009 4676 natus
3048 4627 3133 4675 est
3158 4634 3224 4674 cx
3256 4619 3584 4674 hominibus.

2000 4719 2154 4776 Unde
2173 4717 2422 4774 excelsa?
2443 4715 2578 4785 Quia
2604 4715 2672 4770 de
2701 4714 2928 4784 virgine.
2954 4713 3115 4783 Virgo
3143 4713 3407 4784 concepit,
3439 4712 3588 4782 virgo

1999 4813 2227 4884 peperit,
2261 4818 2454 4881 etpost
2484 4816 2690 4880 partum
2718 4807 2868 4878 virgo
2892 4805 3204 4874 permansit.

2073 4907 2124 4960 7.
2155 4903 2291 4972 Quid
2313 4901 2540 4958 deinde?
2575 4902 2771 4956 Passus
2800 4900 2898 4955 sub
2944 4899 3136 4955 Pontio
3162 4899 3352 4955 Pilato.
3395 4899 3585 4954 Prresi-

1999 5001 2184 5057 datum
2225 5000 2434 5070 agebat,
2465 5008 2520 5054 et
2567 4997 2733 5068 judox
2786 5003 2903 5051 erat
2949 4995 3062 5065 ipse
3110 4995 3331 5050 Pontius
3366 4994 3590 5058 Pilatus,

2000 5092 2214 5164 quando
2243 5103 2430 5160 passus
2458 5098 2541 5144 est
2585 5086 2848 5143 Christus.
2897 5085 3100 5142 Iudicis
3140 5087 3358 5141 nomine
3385 5085 3594 5155 signata

2000 5193 2124 5240 sunt
2153 5193 2410 5254 tempora,
2440 5180 2653 5252 quando
2681 5193 2869 5251 passus
2895 5187 3009 5245 est,
3041 5179 3141 5235 sub
3165 5179 3357 5234 Pontio
3385 5178 3594 5243 Pilato;

1999 5276 2214 5350 quando
2255 5290 2445 5348 passus
2468 5281 2583 5340 est,
2625 5273 2929 5340 crucifixus,
2970 5271 3267 5338 mortuus“,
3314 5279 3370 5326 et
3411 5270 3592 5341 sepul-

2065 5459 2083 5491 ι
2119 5464 2169 5507 ιιι
2189 5463 2316 5515 κει,
2341 5453 2540 5510 dicitur.

2063 5523 2083 5556 ι
2116 5526 2256 5581 Juxta
2275 5511 2348 5568 Er.
2375 5518 2520 5581 Lugd.
2542 5524 2660 5568 ven.
2677 5522 2808 5578 Lov.,
2824 5513 2974 5572 Filius
2999 5513 3089 5570 Dei
3106 5527 3197 5568 non
3218 5511 3388 5566 crescit
3408 5525 3428 5578 ;
3445 5513 3592 5565 omis-

1997 5595 2069 5643 so,
2092 5579 2150 5632 si.
2214 5586 2274 5628 rt.
2445 5579 2462 5581 “

2023 5659 2029 5666 ·
2063 5644 2246 5703 ³ιωεε.,
2271 5651 2413 5694 Deus.
2744 5666 2750 5673 -

2062 5706 2085 5740 ι
2117 5697 2250 5769 Dom,
2275 5715 2403 5758 Deus
2428 5704 2519 5758 Dei
2549 5703 2725 5768 Patris,
2751 5708 2844 5754 etc.
2874 5702 3038 5762 Abest,
3065 5708 3210 5765 Deus,
3237 5699 3300 5754 ab
3322 5697 3467 5752 editis
3488 5699 3595 5760 aliis

2002 5781 2056 5825 et
2064 5779 2348 5895 lilia-num,
2369 5834 2605 5894 martum,
2627 5827 2718 5880 hoc
2737 5833 2790 5879 et
2807 5825 3030 5890 proximo
3052 5825 3160 5886 loco
3179 5827 3322 5884 aliast
3343 5839 3374 5886 a
3387 5834 3496 5884 κω.
