3904 6362
472 351 571 412 651

468 482 578 528 tus.
601 469 769 541 Quis?
793 470 959 543 quid?
984 484 1080 542 pro
1104 470 1335 543 quibus?
1357 471 1526 540 Quis?
1547 469 1711 526 Filius
1735 471 1830 527 Dei
1852 470 2056 539 unicus,

472 563 731 619 Dominus
751 571 951 618 noster.
974 562 1145 630 Quid?
1166 562 1488 627 Cruciﬁxus,
1518 574 1781 631 mortuus,
1805 571 1859 618 et
1887 561 2061 632 sepul-

476 666 580 713 tus.
612 657 715 712 Pro
741 657 970 728 quibus?
1015 658 1118 712 Pro
1160 657 1334 727 impiis
1364 665 1418 712 et
1460 657 1842 727 peccatoribus.
1874 656 2060 726 Magna

473 747 737 818 dignatio!
770 763 959 819 magna
992 749 1199 819 gratia!
1240 747 1376 816 Quid
1404 749 1674 802 retribuam
1702 748 1939 808 Domino.
1969 764 2059 804 ora

474 840 701 894 omnibus
727 856 841 912 quae
865 842 1093 895 retribuit
1116 841 1241 895 mihi
1266 840 1439 911 (Psal.
1468 858 1590 907 cxv,
1613 840 1745 911 12)?

544 934 598 988 8.
625 932 792 987 Natus
819 943 901 988 est
929 943 1053 987 ante
1083 933 1262 988 omnia
1292 942 1533 1003 tempora
1555 975 1570 999 ,
1604 942 1761 989 natus
1792 941 1915 990 ante
1939 949 2058 989 om-

476 1025 568 1079 nia
592 1025 809 1079 smcula.
835 1024 1000 1080 Natus
1015 1035 1158 1080 ante.
1190 1027 1328 1081 Ante
1358 1025 1505 1095 quid,
1539 1025 1626 1080 ubi
1656 1041 1764 1080 non
1792 1036 1874 1082 est
1900 1027 2084 1095 ante?‘

475 1117 703 1171 Prorsus
726 1116 890 1171 nolite
915 1118 1149 1187 cogitare
1174 1117 1389 1188 aliquod
1429 1126 1639 1188 tempus
1664 1126 1788 1173 ante
1815 1119 2061 1174 nativita-

477 1217 585 1262 tem
609 1205 829 1274 Christi,
857 1223 959 1278 qua
986 1219 1141 1263 natus
1166 1216 1248 1263 est
1272 1208 1338 1264 de
1362 1208 1520 1263 Patre
1547 1226 1561 1261 :
1587 1207 1654 1264 de
1682 1210 1793 1278 ipsa
1816 1209 2062 1264 nativita-

474 1307 528 1355 te
561 1300 769 1370 loquor,
793 1314 895 1370 qua
917 1311 1000 1356 est
1027 1300 1194 1355 Filius
1217 1301 1311 1356 Dei
1338 1300 1718 1371 omnipotentis
1746 1303 1930 1356 unicus
1951 1301 2060 1356 Do-

473 1391 652 1445 minus
678 1401 895 1457 noster;
926 1390 993 1446 de
1031 1391 1143 1462 ipsa
1175 1392 1322 1463 prius
1369 1392 1578 1463 loquor.
1626 1391 1802 1448 Nolite
1827 1393 2060 1463 cogitare

475 1484 526 1539 in
568 1482 668 1537 hac
698 1482 975 1538 nativitate
1022 1484 1227 1538 initium
1273 1484 1561 1553 temporis;
1609 1484 1777 1539 nolite
1826 1487 2060 1554 cogitare

473 1573 642 1628 ullum
666 1575 894 1644 spatium
921 1575 1255 1643 aeternitatis,
1281 1575 1494 1646 quando
1520 1583 1634 1630 erat
1664 1575 1822 1631 Pater
1861 1584 1916 1630 et
1955 1591 2059 1630 non

471 1673 590 1720 erat
616 1664 801 1720 Filius.
828 1666 907 1721 Ex
926 1682 1033 1737 quo
1057 1668 1237 1733 Pater,
1271 1682 1336 1722 ex
1362 1681 1428 1722 eo
1474 1666 1662 1721 Filius.
1691 1666 1760 1721 Et
1795 1667 1921 1738 quid
1953 1676 2054 1731 est,

480 1774 546 1814 ex
573 1775 702 1831 quo,
732 1761 819 1815 ubi
850 1776 953 1816 non
981 1770 1066 1816 est
1089 1761 1335 1815 initium?
1359 1761 1500 1830 Ergo
1526 1776 1741 1831 semper
1762 1761 1920 1815 Pater
1945 1760 2060 1816 sine

472 1852 626 1908 initio
642 1895 658 1917 ,
681 1867 895 1923 semper
916 1853 1079 1908 Filius
1101 1854 1215 1908 sine
1246 1853 1414 1907 initio.
1436 1853 1502 1908 Et
1517 1854 1805 1923 quomodo,
1831 1854 2058 1924 inquies,

468 1952 628 1999 natus
652 1954 758 2011 est,
787 1946 831 2000 si
860 1960 965 2000 non
1010 1945 1172 2000 habet
1195 1945 1446 2000 initium?
1490 1946 1563 2000 De
1605 1934 1805 2001 aeterno
1841 1956 2063 2001 coaeter-

469 2052 590 2093 nus.
613 2039 891 2109 Nunquam
928 2039 1026 2094 fuit
1055 2040 1210 2095 Pater
1235 2049 1287 2095 et
1316 2054 1421 2093 non
1448 2047 1566 2095 erat
1588 2040 1775 2107 Filius,
1802 2049 1854 2096 et
1884 2050 2061 2096 tamen

469 2128 637 2185 Filius
662 2146 691 2184 a
718 2131 877 2186 Patre
898 2140 979 2186 est
1013 2132 1244 2202 genitus.
1285 2130 1438 2187 Unde
1481 2131 1637 2186 datur
1663 2132 2061 2204 qualiscumque
2102 2132 2108 2136 ’

469 2221 800 2277 similitudo?
823 2222 879 2278 In
906 2224 1069 2278 rebus
1098 2225 1325 2279 terrenis
1351 2240 1555 2291 sumus,
1588 2225 1640 2279 in
1671 2234 1910 2281 creatura
1936 2226 2066 2280 visi-

468 2312 562 2367 bili
598 2328 802 2368 sumus.
838 2314 936 2369 Det
978 2314 1105 2369 mihi
1145 2317 1545 2372 similitudinem
1583 2326 1722 2372 terra
1754 2334 1769 2372 :
1800 2333 1905 2372 non
1948 2318 2060 2375 dat.

466 2405 568 2461 Det
612 2406 739 2460 mihi
787 2406 1018 2477 aliquam
1069 2407 1469 2463 similitudinem
1514 2408 1771 2462 undarum
1828 2409 2065 2464 elemen-

469 2504 621 2551 tum:
653 2512 758 2551 non
803 2496 963 2552 habet
1007 2498 1165 2555 unde.
1206 2499 1305 2553 Det
1351 2499 1478 2554 mihi
1518 2500 1920 2556 similitudinem
1960 2502 2062 2557 ali-

468 2587 611 2657 quod
651 2588 844 2642 animal
879 2606 891 2642 :
926 2604 1025 2643 nec
1063 2589 1165 2644 hoc
1204 2600 1395 2659 potest.
1446 2592 1654 2646 Animal
1703 2592 1915 2662 quidem
1965 2608 2061 2663 ge-

474 2690 648 2743 nerat,
678 2689 731 2735 et
763 2680 902 2749 quod
931 2689 1171 2751 generat,
1196 2692 1249 2736 et
1276 2683 1418 2752 quod
1450 2693 1769 2753 generatur:
1794 2685 1887 2739 sed
1918 2685 2061 2754 prior

468 2781 553 2827 est
579 2783 751 2843 pater,
794 2782 850 2828 et
875 2782 1059 2843 postea
1088 2778 1322 2829 nascitur
1347 2775 1506 2830 filius.
1548 2775 1884 2831 lnvcniamus
1917 2792 2059 2831 coae-

467 2878 615 2926 vum,
645 2872 699 2918 et
720 2864 1002 2919 credamus
1023 2874 1372 2920 com-ternum.
1400 2866 1453 2922 Si
1476 2868 2061 2936 potuerimusinvenire

470 2964 675 3025 patrem
701 2969 939 3010 cetevum
971 2955 1081 3010 ﬁlio
1109 2970 1226 3023 suo,
1257 2957 1491 3011 etﬁlium
1513 2973 1751 3012 coaevum
1775 2959 2056 3028 patrisuo;

469 3047 753 3102 credamus
783 3047 947 3102 Deum
979 3047 1189 3103 Patrem
1214 3063 1455 3103 corevum
1486 3048 1621 3104 Filio
1647 3065 1778 3116 suo,
1814 3057 1871 3105 et
1892 3050 2059 3106 Deum

471 3138 666 3193 Filium
705 3148 1029 3194 coaeternum
1070 3139 1215 3194 Patri
1242 3153 1359 3193 suo.
1396 3139 1453 3195 In
1481 3148 1619 3211 terra
1649 3155 1933 3211 possumus
1976 3141 2059 3195 in-

469 3231 654 3285 venire
711 3231 939 3302 aliquem
984 3246 1263 3299 cozevum,
1304 3246 1409 3287 non
1476 3247 1759 3303 possumus
1822 3231 2062 3287 invenire

469 3322 699 3393 aliquem
754 3332 1099 3377 coaeternnm.
1149 3323 1489 3380 lntendamus
1528 3340 1764 3379 coaevum
1788 3366 1806 3392 ,
1847 3333 1903 3380 et
1939 3340 2059 3380 cre-

469 3415 659 3470 damus
696 3425 1041 3471 coceternum.
1086 3417 1321 3474 lntentns
1364 3434 1458 3473 vos
1499 3419 1658 3474 faciet
1696 3418 1833 3474 forte
1869 3420 2060 3489 aliquis

467 3516 526 3564 et
550 3507 723 3564 dicet‘
751 3526 763 3561 :
794 3510 1019 3575 Quando
1046 3519 1222 3580 potest
1249 3512 1474 3566 inveniri
1512 3520 1661 3581 pater
1700 3526 1911 3567 coaevus
1951 3512 2059 3566 tilio

471 3614 601 3667 suo,
633 3610 724 3655 aut
771 3601 912 3657 lilius
953 3617 1165 3657 coaevus
1197 3603 1331 3673 patri
1370 3604 1511 3657 suo?
1540 3603 1609 3659 Ut
1635 3610 1857 3674 generet
1884 3612 2056 3673 pater,

471 3693 741 3747 antecedit
792 3702 983 3759 aetate;
1034 3703 1094 3749 ut
1122 3702 1370 3750 nascatur
1400 3695 1561 3761 ﬁlius,
1593 3696 1831 3765 sequitur
1855 3703 2011 3750 aetate
2042 3714 2055 3750 :

470 3782 570 3838 sed
600 3782 684 3838 hic
711 3799 925 3838 comvus
953 3793 1104 3853 pater
1134 3784 1263 3851 ﬁlio,
1297 3784 1378 3838 vel
1416 3784 1555 3838 filius
1581 3786 1737 3854 patri,
1789 3786 2060 3855 quomodo

470 3882 649 3944 potest
673 3876 826 3929 esse?
855 3874 1111 3930 Occurrat
1141 3876 1294 3930 vobis
1319 3876 1455 3946 ignis
1484 3886 1653 3946 pater,
1685 3877 1942 3947 splendor
1992 3879 2058 3932 ﬁ-

472 3966 608 4031 lius;
635 3982 760 4022 ecce
782 3968 1081 4023 invenimus
1108 3983 1339 4024 coaevos.
1380 3969 1460 4023 Ex
1487 3985 1592 4039 qun
1614 3970 1750 4040 ignis
1780 3986 1899 4026 esse
1948 3986 2059 4029 ce-

469 4058 568 4129 pit,
591 4060 844 4114 continuo
870 4058 1206 4130 splendorem
1228 4061 1395 4132 gignit
1420 4080 1434 4116 :
1458 4076 1558 4116 nec
1578 4062 1713 4132 ignis
1734 4070 1857 4118 ante
1881 4062 2060 4132 splen-

468 4148 677 4217 dorem,
704 4166 803 4206 nec
823 4152 1074 4220 splendor
1102 4162 1222 4222 post
1243 4154 1440 4221 ignem.
1471 4155 1539 4210 Et
1562 4155 1607 4210 si
1639 4155 2053 4227 interrogemus,

470 4241 593 4311 quis
613 4253 770 4311 quem
800 4253 1041 4312 generat,
1075 4243 1209 4313 ignis
1256 4244 1617 4315 splendorem,
1666 4256 1759 4301 aut
1806 4246 2059 4317 splendor

470 4331 688 4403 ignem;
740 4335 993 4389 continuo
1017 4322 1169 4390 vobis
1197 4338 1430 4391 occurrit
1460 4352 1618 4392 sensu
1648 4338 1893 4404 naturali,
1936 4356 2061 4408 pru-

468 4422 649 4479 dentia
676 4425 833 4480 insita
859 4426 1126 4481 mentibus
1156 4428 1364 4495 vestris,
1393 4444 1579 4483 omnes
1608 4429 1848 4485 clamatis
1873 4448 1886 4484 :
1920 4429 2059 4501 Ignis

470 4516 846 4586 splendorem,
879 4534 984 4573 non
1024 4518 1281 4589 splendor
1314 4520 1512 4590 ignem.
1554 4520 1692 4577 Ecce
1733 4532 1886 4593 pater
1924 4523 2058 4578 inci-

470 4609 644 4677 piens,
678 4625 802 4665 ecce
832 4609 970 4666 ﬁlius
989 4612 1169 4675 simul,
1191 4627 1290 4667 nec
1312 4612 1651 4678 antecedens,
1682 4629 1781 4669 nec
1806 4629 2055 4683 sequens.

472 4701 610 4755 Ecce
635 4716 763 4773 ergo
783 4711 933 4771 pater
960 4703 1240 4773 incipiens,
1266 4718 1390 4758 ecce
1422 4703 1559 4757 ﬁlius
1584 4704 1741 4758 simul
1777 4704 2057 4774 incipiens.

472 4790 527 4849 Si
552 4792 762 4847 ostendi
790 4792 940 4848 vobis
968 4802 1175 4865 patrem
1204 4795 1545 4864 incipientem
1565 4835 1581 4861 ,
1609 4804 1665 4850 et
1700 4795 1866 4852 ﬁlium
1903 4798 2061 4854 simul

473 4885 850 4955 incipientem;
873 4885 1074 4940 credite
1099 4886 1310 4940 Patrem
1338 4901 1445 4940 non
1471 4886 1831 4957 incipientem,
1865 4898 2058 4945 etcum

472 4975 565 5031 illo
594 4976 787 5032 Filium
827 4992 926 5034 nec
966 4979 1138 5048 ipsum
1182 4980 1552 5049 incipientem;
1596 4980 1741 5036 illum
1780 4991 2055 5050 aeternum,

474 5072 623 5126 illum
649 5081 995 5126 coaeternum.
1027 5071 1083 5126 Si
1115 5072 1393 5143 proﬁcitis,
1422 5073 1716 5144 intelligitis
1744 5092 1758 5130 :
1787 5075 1908 5130 date
1935 5092 2060 5146 ope-

472 5179 584 5218 ram
616 5163 896 5233 prolicere.
918 5163 1076 5219 Nasci
1098 5163 1327 5231 habetis,
1350 5165 1443 5220 sed
1474 5175 1527 5221 et
1552 5182 1798 5222 crescere
1822 5167 2057 5234 debetis;

472 5256 592 5328 quia
641 5270 800 5311 nemo
844 5257 1030 5328 incipit
1068 5272 1099 5312 a
1143 5255 1400 5327 perfecto.
1438 5258 1531 5314 Dei
1572 5259 1707 5314 Filio
1736 5259 1883 5315 licuit
1914 5262 2061 5316 nasci

474 5348 801 5418 perfectum;
847 5352 969 5421 quia
998 5360 1151 5407 natus
1177 5361 1257 5406 est
1282 5352 1397 5407 sine
1434 5362 1709 5424 tempore,
1764 5364 2061 5410 coaeternus

472 5443 638 5507 Patri,
666 5444 986 5500 antecedens
1026 5449 1223 5511 omnia,
1266 5460 1371 5499 non
1401 5455 1575 5512 aetate,
1608 5445 1701 5501 sed
1741 5449 2055 5503 aeternitate.

473 5537 580 5593 iste
603 5552 731 5607 ergo
771 5547 926 5593 natus
959 5538 1103 5592 Patri
1131 5546 1450 5604 coaeternus,
1485 5538 1551 5592 de
1591 5554 1690 5608 qua
1718 5540 2061 5609 generatione

473 5628 612 5683 dixit
639 5630 915 5700 propheta,
948 5628 1327 5684 Generationem
1344 5631 1451 5700 ejus
1479 5631 1591 5701 quis
1618 5632 1871 5685 enarrabit
1906 5631 2056 5699 (Isai.

475 5736 582 5786 un,
613 5722 705 5791 8)?
747 5732 899 5778 natus
928 5722 994 5778 de
1024 5723 1179 5777 Patre
1223 5722 1337 5777 sine
1379 5732 1637 5793 tempore,
1684 5733 1837 5778 natus
1881 5736 2054 5784 estex

539 5836 557 5868 ι
589 5841 719 5898 Iss,
747 5841 949 5889 "uentos
969 5848 1051 5888 vos
1065 5835 1226 5903 fat-iet.
1254 5842 1393 5888 Forte
1415 5834 1590 5905 aliquis
1612 5835 1750 5891 dicit.

1631 354 1719 411 DE
1756 352 2087 423 SYMBOLO,
2129 354 2186 409 S.
2226 354 2590 411 AUGUSTINI

3630 372 3727 431 ϐω

2162 470 2369 541 virgine
2415 473 2466 527 in
2516 474 2843 543 plenitudine
2890 480 3163 547 temporis.
3214 479 3370 538 istam
3412 484 3723 548 nativitatem

2166 574 2563 622 antecesserant
2580 577 2836 637 tempora.
2860 569 3266 642 Opportunitate
3293 580 3544 648 temporis
3568 597 3725 652 quan-

2167 656 2237 713 do
2268 659 2454 726 voluit,
2480 662 2692 732 quando
2721 656 2947 729 seiebat,
2989 674 3114 721 tunc
3142 678 3299 723 natus
3327 679 3411 724 est
3437 688 3449 723 :
3475 687 3575 726 non
3599 675 3723 732 enim

2167 752 2353 805 noiens
2379 763 2532 807 natus
2561 765 2661 809 est.
2682 754 2850 811 Nemo
2869 768 3104 813 nostrum
3128 760 3250 829 quia
3278 762 3390 817 vult
3416 766 3661 831 nascitur,
3678 777 3721 823 et

2167 860 2324 900 nemo
2354 857 2593 903 nostrum
2624 850 2836 919 quando
2868 851 2981 906 vult
3002 853 3260 908 moritur:
3292 856 3379 911 ille
3406 858 3614 927 quando
3642 875 3723 915 vo.

2167 939 2265 992 luit
2286 948 2439 994 natus
2463 950 2563 1005 est,
2594 942 2808 1013 quando
2844 944 3012 998 voluit
3048 954 3289 1001 mortuus
3321 957 3436 1013 est;
3481 953 3724 1016 quomodo

2167 1028 2332 1083 voluit
2356 1040 2511 1084 natus
2535 1040 2617 1086 est
2645 1032 2712 1087 de
2742 1034 2962 1103 virgine,
2990 1036 3256 1105 quomodo
3298 1039 3467 1092 voluit
3510 1050 3726 1096 mortuus

2166 1128 2248 1175 est
2278 1120 2330 1174 in
2360 1136 2537 1177 cruce.
2566 1123 2829 1195 Quidquid
2855 1125 3021 1180 voluit
3051 1126 3171 1182 fecit
3201 1146 3214 1182 :
3247 1131 3367 1200 quia
3396 1131 3473 1186 sic
3511 1143 3620 1187 erat
3641 1133 3725 1187 ho-

2165 1225 2274 1276 mo,
2300 1220 2354 1265 ut
2378 1210 2565 1268 lateret
2589 1214 2759 1281 Deus;
2787 1227 3062 1286 susceptor
3082 1219 3243 1285 Deus,
3266 1232 3543 1293 susceptus
3566 1225 3723 1291 homo,

2166 1320 2302 1359 unus
2330 1305 2574 1362 Christus
2606 1308 2740 1363 Deus
2761 1319 2814 1364 et
2839 1310 3017 1366 homo.

2236 1397 2289 1453 9.
2337 1399 2408 1454 De
2438 1415 2594 1455 cruce
2623 1402 2785 1473 ipsius
2811 1404 2932 1474 quid
2977 1405 3200 1477 loquar?
3237 1406 3361 1477 quid
3388 1408 3557 1463 dicam
3576 1409 3602 1463 ?
3637 1410 3725 1464 Et-

2166 1496 2391 1544 tremum
2420 1506 2587 1561 genus
2616 1496 2801 1549 mortis
2824 1496 3007 1567 elegit,
3041 1513 3106 1553 ne
3133 1499 3345 1569 aliquod
3373 1515 3540 1570 genus
3563 1505 3727 1557 mortis

2166 1582 2279 1652 ejus
2306 1594 2569 1656 martyres
2598 1586 2960 1645 formidarent.
2987 1591 3291 1646 Doetrinam
3322 1592 3555 1648 ostendit
3576 1594 3627 1648 in
3651 1594 3726 1648 ιιο.

2167 1676 2328 1742 mine,
2353 1680 2654 1748 exemplum
2681 1681 2944 1751 patientiae
2975 1683 3359 1740 demonstravit
3384 1686 3434 1741 in
3461 1703 3639 1743 cruce.
3667 1689 3724 1745 lbi

2165 1782 2319 1839 Oplls,
2349 1770 2468 1838 quia
2505 1771 2789 1827 cruciﬁxus
2817 1791 2829 1826 :
2861 1777 3162 1846 exemplum
3197 1779 3396 1848 operis,
3432 1796 3595 1847 crux;
3618 1800 3724 1853 prro

2166 1860 2329 1914 mium
2362 1863 2559 1931 operis,
2610 1869 2950 1921 resurrectio.
3005 1868 3247 1925 Ostendit
3297 1870 3450 1924 nobis
3501 1873 3551 1926 in
3593 1890 3722 1931 crure

2166 1952 2293 2022 quid
2327 1954 2574 2022 tolerare,
2617 1957 2850 2013 ostendit
2879 1959 2931 2013 in
2957 1961 3347 2017 resurrectione
3381 1962 3509 2032 quid
3535 1980 3715 2033 sperare

2164 2044 2473 2100 debeamus.
2535 2048 2762 2105 Prorsus
2828 2061 3075 2121 tanquam
3136 2055 3455 2122 agouotheta
3511 2070 3720 2109 summus

2164 2134 2341 2190 dixit:
2373 2136 2499 2205 Fac,
2528 2148 2582 2194 et
2623 2141 2781 2205 tolle;
2836 2141 2918 2197 fac
2964 2158 3125 2213 opus,
3153 2153 3209 2200 et
3231 2146 3414 2216 accipe
3444 2149 3720 2216 pnemium;

2165 2238 2311 2284 certa
2342 2232 2393 2285 in
2425 2248 2611 2303 agone,
2635 2244 2689 2289 et
2713 2236 3077 2292 coronabcris.
3106 2237 3259 2306 Quod
3280 2248 3360 2294 est
3387 2242 3563 2310 opus?
3611 2243 3724 2297 Obc-

2164 2321 2383 2379 dicntia.
2413 2324 2563 2393 Quod
2592 2336 2673 2381 est
2692 2330 3008 2399 praemium?
3045 2330 3385 2387 Resurrectio
3410 2334 3528 2388 sine
3557 2344 3721 2389 morte.

2163 2416 2338 2483 Quare
2360 2418 2555 2485 addidi,
2600 2422 2715 2476 sine
2745 2425 2954 2478 morte?
2982 2425 3115 2492 Quia
3150 2428 3381 2481 surrexit
3407 2426 3661 2492 Lazarus,
3684 2438 3724 2483 et

2165 2519 2407 2566 mortuus
2436 2521 2519 2566 est
2551 2516 2881 2570 :resurrexit
2906 2515 3177 2581 Christus,
3209 2520 3321 2590 jam
3365 2536 3467 2573 non
3513 2523 3723 2588 moritur,

2164 2617 2300 2657 mors
2336 2604 2383 2657 ei
2421 2606 2554 2658 ultra
2591 2623 2692 2660 non
2729 2607 3070 2664 dominabitur
3095 2610 3280 2684 (Rom.
3307 2629 3380 2681 vt,
3410 2613 3501 2682 9).

2238 2695 2323 2749 10.
2365 2696 2634 2767 Scriptura
2662 2699 2789 2755 dicit
2818 2719 2833 2753 :
2867 2700 3173 2757 Patientiam
3200 2703 3298 2758 Job
3327 2707 3560 2772 audistis,
3602 2717 3644 2760 et
3677 2707 3727 2776 ﬁ-

2165 2802 2279 2839 nem
2298 2785 2506 2842 Domini
2534 2790 2727 2845 vidistis
2748 2792 2962 2861 (Jacobi,
2982 2811 3036 2862 v,
3082 2795 3192 2866 il).
3220 2795 3321 2851 Job
3348 2806 3546 2867 quanta
3570 2808 3724 2868 pertu-

2165 2880 2308 2948 lerit,
2337 2896 2455 2936 cum
2486 2883 2678 2956 legitur
2700 2896 2753 2941 et
2771 2887 3105 2953 exhorretur,
3126 2892 3517 2960 expavescitur,
3536 2901 3724 2947 contre-

2165 2971 2462 3029 miscitur‘.
2505 2974 2576 3029 Et
2599 2977 2724 3046 quid
2765 2980 2999 3048 recepit?
3040 2981 3209 3050 Dupla
3236 2997 3396 3051 quam
3424 2983 3721 3053 perdiderat.

2167 3063 2309 3133 Ergo
2336 3080 2403 3119 ne
2429 3064 2590 3121 homo
2611 3078 2827 3139 propter
2839 3072 3052 3141 pnemia
3081 3075 3391 3144 temporalia
3411 3077 3541 3132 velit
3557 3077 3724 3133 habere

2165 3158 2504 3226 patientiam,
2534 3168 2587 3215 et
2612 3160 2751 3217 dicat
2775 3163 2873 3218 sibi
2908 3182 2921 3217 :
2952 3164 3196 3222 Tolercm
3230 3167 3487 3226 damnum
3508 3213 3523 3238 ,
3566 3171 3725 3226 reddet

2166 3249 2294 3303 mihi
2321 3252 2459 3306 Dens
2477 3252 2615 3309 ﬁlios
2630 3254 2839 3324 duplos;
2860 3256 2959 3313 Job
2976 3260 3152 3313 omnia
3170 3259 3330 3330 dupla
3355 3263 3573 3333 recepit,
3591 3272 3639 3317 et
3661 3271 3725 3316 tot

2166 3339 2304 3396 ﬁlios
2317 3344 2520 3413 genuit,
2535 3354 2664 3415 quot
2682 3348 2964 3403 extulerat.
2978 3349 3094 3405 Non
3112 3366 3240 3421 ergo
3257 3351 3416 3422 dupla
3434 3353 3725 3408 sunt?Pror-

2166 3450 2259 3491 sus
2278 3436 2434 3507 dupla
2457 3448 2600 3506 sunt,
2615 3442 2737 3513 quia
2762 3442 2903 3497 etilli
2931 3443 3195 3500 vivebant.
3214 3445 3293 3501 Ne
3308 3448 3431 3517 quis
3453 3446 3595 3512 dicat,
3623 3446 3717 3501 Fe-

2164 3544 2278 3584 rant
2307 3530 2444 3585 mala
2468 3574 2483 3599 ,
2512 3542 2566 3587 et
2595 3533 2780 3591 reddet
2814 3534 2945 3589 mihi
2973 3535 3116 3592 Deus
3144 3538 3579 3608 quemadmodum
3613 3537 3723 3593 red-

2165 3622 2299 3677 didit
2323 3624 2424 3679 Job
2449 3642 2462 3677 :
2487 3636 2544 3680 ut
2568 3626 2677 3696 jam
2705 3642 2810 3682 non
2840 3629 2911 3683 sit
2930 3630 3200 3699 patientia,
3230 3629 3322 3685 sed
3352 3631 3586 3685 avaritia.
3606 3629 3721 3685 Nam

2164 3717 2211 3773 si
2240 3720 2539 3787 patientiam
2583 3721 2671 3776 ille
2700 3730 2917 3778 sanctus
2954 3736 3060 3778 non
3112 3722 3351 3789 haberet,
3382 3740 3483 3779 nec
3524 3740 3583 3779 ea
3622 3737 3726 3793 qum

2165 3810 2545 3881 contingebant
2591 3811 2797 3868 fortiter
2839 3813 3159 3880 sustineret;
3203 3815 3561 3869 testimonium
3604 3810 3723 3883 quod

2165 3904 2213 3956 ei
2247 3903 2501 3958 Dominus
2528 3902 2777 3973 reddidit,
2817 3905 2959 3961 unde
3008 3906 3263 3961 haberet?
3309 3904 3718 3969 Animadvertisti,

2164 3999 2238 4053 ait
2260 3998 2533 4064 Dominus,
2562 4000 2630 4053 ad
2653 4017 2865 4071 puerum
2894 4017 3057 4054 meum
3093 3999 3233 4055 Job?
3264 3998 3385 4055 Non
3416 4005 3548 4054 enim
3573 4007 3638 4053 est
3661 3997 3725 4051 illi

2163 4090 2344 4145 similis
2370 4092 2629 4163 quisquam
2650 4092 2704 4145 in
2734 4093 2899 4160 terris,
2924 4093 3072 4147 homo
3096 4094 3205 4147 sine
3225 4093 3449 4162 querela,
3479 4110 3617 4147 uerus
3647 4090 3725 4143 Dei

2164 4185 2345 4239 cultor.
2378 4185 2565 4253 Quale,
2604 4184 2816 4251 fratres,
2853 4187 3212 4241 testimonium
3242 4186 3327 4243 hic
3357 4197 3571 4242 sanctus
3598 4187 3667 4239 vir
3692 4198 3716 4237 a

2167 4277 2393 4333 Domino
2415 4278 2640 4333 meruit?
2667 4278 2735 4333 Et
2760 4287 2935 4335 tamen
2957 4297 3076 4336 eum
3107 4296 3202 4336 sua
3237 4282 3579 4351 persuasione
3604 4280 3720 4335 mala

2164 4372 2359 4427 mulier
2384 4368 2637 4440 decipere
2662 4371 2847 4439 voluit,
2891 4372 3094 4427 habens
3120 4382 3173 4427 et
3218 4372 3331 4427 haec
3360 4372 3574 4443 ﬁguram
3602 4371 3723 4425 illius

2164 4464 2450 4535 serpentis,
2477 4465 2566 4535 qui
2596 4466 2732 4520 sicut
2757 4466 2808 4520 in
2833 4465 3078 4535 paradiso
3101 4466 3311 4536 decepit
3340 4466 3605 4520 hominem
3631 4464 3723 4534 pri-

2167 4573 2310 4612 mum
2344 4557 2536 4612 factum
2581 4573 2612 4611 a
2658 4558 2766 4612 Deo
2811 4556 2977 4630 (Gen.
3011 4574 3086 4624 ιιι,
3122 4557 3274 4629 1-6),
3320 4558 3390 4612 ita
3419 4559 3574 4612 etiam
3604 4568 3722 4610 nunc

2164 4648 2548 4717 blasphemiam
2586 4651 2918 4721 suggerendo
2943 4652 3143 4720 putavit
3168 4666 3326 4722 posse
3354 4651 3599 4722 decipere
3624 4648 3722 4720 pla-

2164 4750 2373 4797 centem
2417 4742 2687 4799 hominem
2723 4745 2852 4799 Deo.
2901 4744 3106 4813 Quanta
3146 4760 3331 4816 passus
3372 4758 3477 4814 est,
3524 4742 3717 4800 fratres!

2165 4836 2295 4902 Quis
2320 4845 2494 4906 potest
2524 4846 2667 4892 tanta
2699 4838 2806 4908 pati
2836 4839 2892 4893 in
2936 4854 2993 4894 re
3019 4854 3133 4905 sua,
3167 4841 3219 4893 in
3269 4839 3429 4894 domo
3458 4854 3572 4906 sua,
3594 4839 3635 4891 in
3662 4836 3727 4887 ῆι

2166 4928 2249 4983 liis
2278 4930 2409 4996 suis,
2441 4931 2490 4983 in
2519 4945 2679 4985 carne
2707 4946 2825 4998 sua,
2871 4933 2922 4985 in
2974 4932 3086 5001 ipsa
3126 4948 3243 5001 qua:
3272 4940 3599 4988 remanserat
3622 4940 3715 4982 ten-

2167 5023 2353 5078 tatrice
2378 5038 2542 5079 uxore
2578 5026 2711 5079 sua?
2744 5025 2846 5079 Sed
2869 5026 3028 5079 etiam
3062 5025 3229 5095 ipsam
3257 5041 3373 5094 qua:
3400 5030 3716 5079 remanserat.

2167 5117 2292 5169 olim
2352 5116 2604 5184 auferret,
2655 5119 2757 5172 nisi
2803 5117 3117 5187 adiutricem
3144 5118 3243 5173 sibi
3286 5130 3551 5174 servasset
3580 5135 3591 5170 :
3617 5114 3716 5184 quia

2167 5210 2394 5280 primum
2426 5210 2695 5266 hominem
2720 5228 2813 5281 per
2841 5211 3005 5267 Evam
3034 5211 3411 5275 debellaverat,
3441 5211 3597 5265 Evam
3623 5219 3718 5259 sero

2172 5309 2405 5356 vaverat.
2432 5301 2635 5370 Quanta
2657 5318 2783 5372 ergo
2810 5318 2996 5372 passus
3025 5304 3133 5357 est!
3161 5300 3397 5357 Perdidit
3425 5300 3595 5357 omnia
3620 5309 3717 5365 qum

2169 5396 2417 5463 habebat,
2445 5396 2635 5452 domus
2675 5397 2839 5467 ipsius
2864 5396 3088 5464 cecidit;
3120 5397 3321 5451 utinam
3351 5396 3491 5452 sola!
3524 5403 3716 5465 oppresv

2167 5491 2237 5545 sit
2261 5500 2314 5546 et
2343 5490 2497 5546 filios.
2532 5490 2595 5544 Et
2618 5490 2740 5561 quia
2771 5493 2822 5544 in
2873 5489 2963 5544 illo
2993 5490 3244 5560 patientia
3289 5503 3536 5559 magnum
3568 5487 3713 5541 locum

2233 5650 2249 5716 ξ
2282 5649 2356 5716 sic
2385 5645 2650 5716 legendum
2667 5647 2806 5716 juxta
2827 5649 2902 5716 Er.
2924 5643 3071 5708 Lugd.
3100 5650 3155 5695 et
3174 5651 3314 5716 tetu,
3336 5644 3425 5693 Job
3445 5645 3711 5716 quanta

2168 5709 2347 5767 tulerit,
2389 5706 2560 5773 legitur
2599 5715 2643 5758 et
2681 5706 2922 5764 horretur,
2958 5706 3317 5773 expavescitur,
3349 5706 3705 5773 εοηινιντηιίπιξης-

2167 5781 2307 5822 Juxta
2333 5765 2457 5840 Levi,
2482 5769 2570 5818 .101)
2605 5776 2781 5835 qmmta
2812 5765 3061 5840 pertulerit
3083 5781 3193 5819 cum
3224 5766 3417 5840 legitur,
3440 5765 3707 5817 alterum.

2168 5832 2514 5903 expavescitm',
2540 5831 2937 5891 contremiscitur,
3001 5839 3059 5885 ιι.
