3904 6362
210 486 434 543 tenuerat,
451 475 581 549 quid
602 473 953 546 responderit
976 471 1087 539 ille,
1103 469 1285 526 audite
1302 486 1317 524 :
1336 468 1585 524 Dominus
1600 467 1762 533 dedit,

212 571 418 627 Daunius
442 569 653 623 abstulit
673 586 695 634 ,-
722 568 857 622 sicut
878 565 1091 619 Domino
1119 562 1330 633 placuit,
1352 562 1426 616 ita
1448 565 1639 632 factum
1656 568 1728 613 est
1743 574 1765 614 :

206 667 259 720 sit
304 680 468 717 nomen
512 661 732 715 Domini
778 660 1109 714 benedictum.
1156 656 1389 710 Abstulit
1420 670 1554 725 quas
1595 653 1759 719 dedit,

207 753 420 825 numquid
462 752 626 823 periit
656 752 751 821 qui
779 750 966 806 dedit?
1008 748 1238 804 Abstulit
1270 762 1389 817 qua:
1427 745 1593 800 dedit.
1618 744 1763 800 Tan-

208 863 335 919 quam
357 846 588 901 diceret:
618 843 875 899 Abstulit
898 842 1088 908 omnia,
1119 838 1325 895 auferat
1344 840 1541 905 omnia,
1567 838 1763 893 nudum

212 940 396 993 dimittat
449 952 557 999 me,
615 945 673 990 et
723 943 910 990 servet
951 932 1079 987 mihi
1129 946 1208 987 se.
1250 929 1388 999 Quid
1440 931 1585 985 enim
1633 930 1764 985 mihi

207 1032 363 1092 deerit,
388 1030 428 1083 si
457 1029 625 1083 Deum
655 1025 946 1081 habuero?
965 1033 1051 1078 aut
1074 1022 1201 1094 quid
1228 1021 1359 1076 mihi
1384 1021 1487 1076 alia
1516 1028 1758 1091 prosunt,

205 1127 238 1175 si
263 1120 405 1173 Deum
438 1134 540 1173 non
565 1118 852 1172 habuero?
881 1118 1163 1170 Accessum
1190 1120 1273 1168 est
1295 1112 1361 1167 ad
1384 1127 1622 1177 carnem,
1649 1126 1765 1181 per-

206 1225 362 1265 cussus
388 1220 467 1265 est
497 1209 726 1264 vulnere
772 1224 805 1261 a
837 1207 1007 1277 capite
1048 1220 1221 1276 usque
1272 1204 1340 1259 ad
1391 1204 1585 1274 pedes;
1613 1204 1763 1261 sanie

204 1300 459 1366 difﬂuebat,
490 1300 774 1355 vermibus
799 1298 1074 1353 scatebat:
1112 1306 1165 1351 et
1211 1296 1349 1351 sein
1382 1295 1496 1350 Deo
1521 1309 1619 1349 suo
1656 1294 1759 1349 im-

206 1394 419 1448 mobilem
456 1391 875 1447 demonstrabat
903 1399 1057 1458 atque
1082 1387 1295 1458 ﬁgebat.
1327 1386 1505 1441 Voluit
1534 1386 1609 1440 illi
1639 1401 1760 1439 mu—

206 1485 297 1549 lier,
317 1484 502 1539 diaboli
530 1482 792 1552 adjutrix,
819 1496 926 1535 non
953 1480 1129 1535 mariti
1164 1478 1507 1543 consolatrix,
1538 1492 1761 1549 persua-

200 1576 302 1631 dere
330 1574 711 1645 blasphemiam
738 1591 754 1627 :
803 1572 1076 1639 Quamdiu,
1110 1570 1300 1640 inquit,
1333 1571 1431 1624 ista
1460 1578 1506 1624 et
1546 1570 1641 1624 ista
1663 1585 1758 1639 pa-

198 1668 335 1721 teris?
376 1666 470 1720 Dic
515 1666 725 1735 aliquod
768 1666 971 1719 uerbum
1010 1664 1063 1717 in
1112 1661 1406 1727 Dominum,
1446 1671 1494 1716 et
1540 1676 1756 1715 morere.

199 1759 319 1829 Ergo
354 1760 469 1829 quia
505 1758 817 1813 humiliatus
855 1765 1002 1823 erat,
1034 1754 1346 1810 exaltaudus
1372 1762 1510 1808 erat.
1539 1754 1605 1809 Et
1630 1751 1759 1808 fecit

198 1848 286 1905 hoc
331 1849 596 1914 Dominus,
641 1857 699 1901 ut
743 1846 1051 1901 ostenderet
1098 1845 1444 1900 hominibus:
1474 1860 1596 1899 nam
1640 1845 1758 1914 ipse

196 1957 341 1995 servo
366 1956 461 1995 suo
477 1941 531 1994 in
567 1940 701 1995 coelo
744 1940 946 2008 majora
974 1938 1226 1994 servavit.
1255 1937 1398 2007 Ergo
1427 1936 1757 1991 humiliatum

202 2033 302 2088 Job
343 2033 597 2098 exaltavit,
646 2033 843 2089 elatum
893 2030 1165 2086 diabolum
1217 2028 1516 2085 humiliavit
1564 2046 1580 2085 :
1633 2028 1757 2098 quia

209 2126 338 2179 hunc
365 2125 608 2189 humiliat,
653 2136 693 2179 et
719 2127 846 2179 hunc
886 2125 1079 2179 exaltat
1124 2122 1295 2194 (Psal.
1342 2138 1522 2186 Lxxw,
1546 2120 1633 2193 8).
1678 2120 1758 2177 Ne

209 2220 327 2287 quis
348 2228 509 2271 autem
530 2259 547 2285 ,
574 2216 749 2272 fratres
775 2217 1101 2283 cbarissimi,
1133 2214 1347 2286 quando
1372 2215 1577 2285 aliquas
1610 2212 1756 2283 ejus-

206 2312 343 2365 modi
364 2311 545 2380 patitur
570 2311 946 2373 tribulationes,
976 2310 1065 2364 hic
1099 2318 1376 2379 exspectet
1402 2306 1704 2363 mercedem
1735 2324 1753 2361 :

200 2406 342 2461 verbi
366 2406 544 2476 gratia,
575 2405 618 2460 si
661 2405 860 2459 damna
902 2404 1078 2473 aliqua
1132 2403 1380 2473 patiatur,
1411 2417 1477 2457 ne
1526 2400 1662 2456 forte
1689 2414 1756 2455 eo

188 2500 357 2551 animo
382 2497 532 2560 dicat,
564 2495 811 2551 Dominus
841 2494 997 2559 dedit,
1050 2493 1301 2549 Dominus
1343 2492 1586 2555 abstulit;
1625 2491 1757 2545 sicut

190 2587 396 2644 Domino
423 2591 625 2661 placuit,
652 2591 724 2643 ita
745 2594 937 2658 factum
960 2598 1063 2643 est:
1089 2588 1153 2643 sit
1174 2603 1356 2641 nomen
1381 2584 1585 2638 Domini
1610 2583 1757 2638 bene-

193 2680 380 2748 dictum,
410 2693 461 2735 ut
486 2681 705 2751 duplum
736 2683 982 2751 accipiat.
1034 2678 1291 2734 Patientia
1338 2678 1504 2733 Deum
1551 2674 1752 2743 laudet,

202 2790 287 2829 non
309 2777 537 2830 avaritia.
565 2775 621 2830 Si
652 2790 715 2829 ea
743 2789 863 2845 quae
889 2772 1183 2844 perdidisti,
1211 2770 1370 2840 dupla
1398 2771 1594 2840 quaeris
1620 2769 1756 2824 rcci-

197 2880 322 2934 pere,
351 2878 399 2921 et
421 2867 536 2922 ideo
557 2866 731 2921 Deum
752 2864 971 2930 laudas;
1005 2863 1072 2919 de
1096 2862 1384 2933 cupiditate
1408 2860 1614 2925 laudas,
1640 2874 1746 2914 non

190 2957 242 3013 de
284 2958 551 3013 cbsritate.
604 2957 723 3012 Non
778 2957 873 3011 tibi
920 2964 1163 3011 occurrat
1222 2955 1387 3024 ipsius
1429 2953 1598 3008 sancti
1655 2952 1754 3008 viri

186 3051 489 3120 exemplum:
508 3050 647 3103 fallis
674 3057 748 3104 te.
780 3047 1002 3114 Quando
1024 3046 1126 3102 Job
1145 3045 1323 3101 omnia
1354 3043 1637 3107 tolerabat,
1656 3042 1754 3096 du-

184 3145 261 3212 pla
287 3160 389 3198 non
413 3145 675 3215 sperabat.
708 3143 775 3197 Et
797 3143 847 3196 in
874 3143 1045 3211 prima
1077 3141 1193 3210 ejus
1212 3137 1554 3195 confessione
1581 3152 1751 3207 quan-

183 3234 244 3289 do
267 3236 445 3289 damna
469 3236 689 3307 pertulit
711 3244 767 3289 et
802 3233 938 3288 ﬁlios
964 3234 1181 3297 extulit,
1206 3241 1261 3287 et
1289 3232 1343 3286 in
1370 3229 1605 3287 secunda
1629 3243 1750 3284 cum

169 3324 269 3396 jam
309 3336 561 3384 tormenta
604 3328 883 3383 vulnerum
934 3335 1202 3395 pateretur
1244 3324 1297 3378 in
1336 3337 1521 3387 carne,
1566 3329 1744 3392 poteSt

166 3420 366 3475 adverti
384 3421 519 3490 quod
547 3420 691 3475 dico.
720 3417 923 3473 Prioris
954 3416 1072 3485 ejus
1105 3413 1456 3470 confessionis
1481 3411 1595 3467 hzec
1623 3426 1749 3466 ver-

167 3508 231 3565 ba
262 3522 388 3566 sunt
412 3530 427 3564 :
457 3511 697 3566 Dominus
738 3510 899 3573 dedit,
942 3509 1187 3563 Dominus
1215 3506 1462 3571 abstulit;
1483 3506 1611 3561 sicut
1640 3503 1752 3558 Do-

166 3603 311 3656 etiam
341 3604 538 3671 placuit,
558 3604 627 3657 ita
652 3607 849 3674 factum
887 3611 961 3654 est
1002 3618 1015 3653 :
1057 3599 1121 3653 sit
1166 3613 1348 3652 nomen
1378 3596 1583 3651 Domini
1608 3595 1755 3651 bene-

160 3697 378 3750 dictum.
426 3696 633 3751 Poterat
685 3695 918 3751 dicere:
970 3692 1227 3747 Dominus
1279 3691 1446 3758 dedit,
1495 3690 1753 3745 Dominus

159 3788 414 3853 abstulit;
436 3797 611 3859 potest
636 3789 830 3843 iterum
859 3785 990 3841 dare
1020 3787 1108 3854 qui
1131 3784 1373 3849 abstulit,
1401 3792 1578 3854 potest
1604 3784 1753 3852 plura

163 3895 420 3935 revocare
445 3896 606 3951 quam
640 3880 778 3933 tulit.
808 3878 926 3933 Non
948 3877 1052 3933 hoc
1080 3876 1234 3941 dixit,
1261 3875 1378 3939 sed,
1408 3875 1539 3930 sicut
1569 3872 1752 3928 Domi-

160 3986 223 4024 tto
252 3972 468 4041 placuit,
498 3972 692 4040 inquit,
719 3970 792 4023 ita
812 3973 1002 4040 factum
1040 3976 1111 4022 est
1142 3982 1160 4019 :
1184 3966 1306 4037 quia
1339 3966 1386 4020 ei
1418 3966 1611 4036 placet,
1642 3966 1755 4034 pla-

164 4072 287 4115 ceat
310 4063 463 4127 mihi;
494 4061 641 4133 quod
669 4061 867 4132 placuit
893 4060 1033 4116 bono
1067 4058 1316 4125 Domino,
1346 4071 1448 4111 non
1477 4056 1755 4127 displiceat

165 4136 375 4208 subdito
397 4169 593 4217 servo;
634 4152 776 4223 quod
820 4151 1017 4222 placuit
1058 4149 1290 4213 medico,
1340 4162 1447 4202 non
1478 4146 1755 4218 displiceat

163 4255 384 4316 a‘groto.
426 4248 603 4302 Aliam
632 4246 799 4316 ipsius
838 4243 963 4298 audi
994 4241 1388 4298 confessionem
1420 4258 1435 4296 :
1465 4238 1659 4294 Locuta
1678 4257 1751 4307 es,

165 4340 333 4409 inquit
348 4342 506 4397 uxori
532 4356 667 4405 sum,
692 4348 928 4410 tauquam
950 4355 1051 4392 una
1074 4354 1137 4393 ea:
1155 4334 1507 4405 insipientibus
1533 4333 1755 4388 mulieri-

169 4434 276 4487 bus.
308 4434 364 4489 Si
388 4436 518 4488 bona
554 4432 865 4503 percepimus
901 4431 962 4483 de
990 4446 1142 4483 manu
1183 4427 1406 4489 Domini,
1437 4427 1573 4480 mala
1599 4442 1756 4495 quare

171 4540 268 4576 non
286 4526 633 4579 sustinebimus
662 4522 801 4593 (Job.
839 4537 856 4576 ι
899 4530 953 4576 et
996 4518 1101 4591 tt)?
1131 4518 1247 4574 Non
1279 4516 1502 4578 addidit,
1532 4515 1672 4587 quod
1696 4516 1743 4570 si

179 4617 395 4677 diceret.
424 4632 606 4671 verum
636 4615 859 4679 diceret,
890 4613 1082 4667 Potens
1108 4619 1193 4665 est
1221 4610 1480 4665 Dominus
1504 4618 1557 4662 et
1579 4622 1751 4662 meam

186 4723 382 4762 mntem
416 4710 468 4763 in
498 4708 778 4779 pristinum
806 4719 1078 4769 revocare,
1119 4713 1174 4757 et
1220 4701 1361 4772 quod
1390 4701 1541 4756 nobis
1570 4700 1756 4754 abstu-

194 4801 247 4852 lit
270 4803 611 4873 multiplicare
645 4819 659 4854 :
690 4816 758 4855 ne
786 4800 884 4855 ista
914 4814 1008 4869 spe
1046 4798 1135 4853 illa
1181 4797 1437 4851 tolerasse
1462 4795 1750 4851 videretur.

194 4890 277 4943 Ista
307 4909 403 4948 non
430 4894 595 4961 dixit,
626 4894 725 4948 ista
752 4907 855 4947 non
886 4890 1138 4961 speravit.
1168 4887 1274 4945 Sed
1310 4896 1370 4942 ut
1406 4904 1503 4943 nos
1529 4887 1755 4943 docere»

195 5000 295 5037 nzur
313 5028 326 5049 ,
361 5002 461 5040 non
489 4986 726 5056 speranti
757 4984 1013 5039 Dominus
1042 4980 1311 5051 praestitit,
1339 4995 1444 5050 quo
1475 4993 1570 5033 nos
1591 4978 1753 5033 doce-

195 5092 372 5145 remur,
402 5082 523 5151 quia
552 5080 692 5134 Deus
734 5078 807 5132 illi
835 5074 1005 5130 adfuit
1034 5092 1049 5129 ε
1096 5074 1218 5144 quia
1257 5073 1300 5127 si
1330 5081 1384 5127 et
1422 5072 1505 5125 illa
1546 5070 1621 5125 illi
1650 5085 1754 5126 non

198 5171 439 5240 redderet,
467 5172 733 5227 occultam
778 5182 1032 5224 coronam
1057 5165 1173 5235 ejus
1199 5163 1382 5218 videre
1409 5161 1627 5217 minime
1659 5176 1755 5231 po-

198 5273 424 5321 teramus.
454 5268 523 5322 Et
544 5267 665 5320 ideo
680 5263 803 5335 quid
821 5263 893 5316 ait
911 5261 1184 5331 Scriptura
1202 5258 1405 5323 divina,
1427 5255 1757 5313 exhortando

197 5357 249 5408 ad
296 5361 593 5427 patientiam
643 5368 695 5412 et
720 5372 868 5427 spem
923 5354 1244 5415 futurorum,
1300 5367 1404 5405 non
1455 5348 1756 5404 mercedem

200 5451 546 5515 pmrsentium?
572 5448 884 5503 Patientiam
908 5446 1007 5501 Job
1036 5444 1269 5509 audistis,
1291 5452 1339 5498 et
1372 5443 1522 5513 linem
1554 5440 1760 5495 Domini

199 5544 567 5614 ridistis.Quare
588 5543 883 5613 patientiam
903 5539 1021 5602 Job,
1047 5548 1245 5603 etnon,
1267 5536 1451 5592 Finem
1474 5535 1640 5605 ipsius
1659 5532 1760 5588 Job

192 5637 408 5693 vidistis?
462 5638 667 5692 Fauces
728 5633 966 5705 aperires
1011 5630 1078 5686 ad
1127 5630 1317 5698 dupla;
1373 5627 1610 5689 diceres,
1654 5625 1762 5679 Deo

192 5732 383 5798 gratias,
412 5731 729 5792 sustineam,
762 5725 984 5794 duplum
1013 5723 1210 5793 recipio
1240 5721 1377 5775 sicut
1397 5719 1516 5774 Job.
1545 5716 1758 5770 Patien—

212 5822 305 5885 ἄορι
324 5824 419 5879 Job
438 5865 454 5895 ,
484 5824 642 5892 ﬁnem
674 5817 906 5878 Domini.
936 5815 1249 5874 Patientiam
1276 5812 1377 5872 Job
1406 5810 1679 5879 novimus,
1706 5816 1764 5868 et

1360 348 1589 407 SERMO
1625 348 1717 404 AD
1753 346 2321 407 CATECHUMENOS.

3349 358 3454 421 63b

1874 466 2033 523 tinem
2064 468 2272 523 Domini
2296 468 2560 527 novimus.
2599 469 2767 538 Quem
2806 473 2967 529 linem
3009 474 3254 532 Domini?
3280 473 3442 547 Deus,

1873 559 2012 615 Deus
2026 577 2185 628 meus,
2203 571 2259 615 ut
2274 562 2395 631 quid
2409 579 2489 618 me
2508 563 2813 635 dereliquiin
2834 564 3001 637 (Psal.
3029 582 3147 634 xxi,
3160 567 3247 640 2)?
3272 568 3448 626 Verba

1873 662 1996 707 sunt
2036 653 2241 708 Domini
2273 653 2553 725 pendentis
2598 656 2649 709 in
2677 657 2841 726 ligno.
2879 656 3042 724 Quasi
3068 661 3279 730 reliquit
3300 660 3447 716 illum

1871 746 1938 801 ad
1985 757 2299 816 praesentem
2348 747 2676 814 felicitatem,
2724 748 2815 803 sed
2862 765 2967 804 non
2998 767 3117 806 eum
3147 754 3359 823 reliquit
3382 755 3448 809 ad

1871 847 2123 893 aeternam
2170 838 2640 894 immortalitatem.
2676 839 2746 894 lbi
2795 851 2877 895 est
2924 842 3042 895 linis
3093 844 3319 899 Domini.
3351 846 3454 901 Te-

1870 939 1999 986 nent
2024 930 2214 998 Judzei,
2244 932 2500 986 insultant
2522 931 2711 998 Judaai,
2746 933 2909 1003 ligant
2944 933 3135 1000 Judaei,
3169 938 3335 1007 spinis
3361 954 3451 993 Cu-

1870 1032 2092 1088 ronant,
2150 1023 2321 1093 sputis
2363 1024 2751 1092 dehonestant,
2806 1024 3101 1096 ﬂagellant,
3153 1031 3450 1099 opprobriis

1868 1119 2119 1184 obruunt,
2152 1117 2294 1188 ligno
2338 1118 2688 1187 suspendunt,
2717 1117 2898 1172 lancea
2931 1117 3157 1186 fodiunt,
3184 1131 3452 1189 postrmnn

1867 1210 2132 1279 sepeliant
2162 1226 2177 1260 :
2208 1209 2357 1279 quasi
2411 1209 2629 1264 relictus
2675 1218 2779 1265 est.
2806 1208 2911 1265 Sed
2953 1211 3184 1280 quibus?
3213 1210 3321 1266 lllis
3371 1214 3420 1266 in

1866 1302 2205 1357 sultantibus.
2226 1301 2349 1357 ideo
2373 1317 2501 1373 ergo
2533 1303 2727 1358 habeto
2749 1302 3076 1373 patientiam,
3109 1314 3165 1358 ut
3205 1318 3392 1375 resurg
3413 1331 3453 1360 ta

1866 1402 1919 1448 et
1965 1409 2072 1448 non
2123 1394 2390 1457 moriaris,
2435 1392 2487 1449 id
2532 1402 2639 1460 est,
2683 1410 2952 1464 nunquam
2996 1396 3263 1459 moriaris,
3314 1400 3451 1451 sicut

1863 1486 2124 1541 Christus.
2156 1485 2244 1543 Sic
2269 1488 2408 1542 enim
2444 1488 2703 1558 legimus:
2738 1488 2969 1544 Christus
2988 1506 3198 1563 surgens
3226 1509 3288 1547 ea:
3315 1510 3450 1547 mor-

1865 1581 1981 1646 tuis,
2000 1582 2115 1651 jam
2138 1598 2238 1635 non
2261 1582 2472 1635 moritur
2501 1580 2677 1654 (Rom.
2704 1598 2779 1649 Vl,
2803 1581 2882 1652 9).

1934 1672 2157 1728 CAPUT
2180 1673 2268 1727 IV.
2290 1702 2362 1713 —
2390 1674 2475 1729 ll.
2508 1672 2697 1729 Sedere
2722 1674 2789 1727 ad
2815 1674 3070 1729 dexteram
3104 1674 3293 1743 Patris,
3327 1678 3449 1747 quid

1860 1764 1946 1819 sit.
1992 1764 2213 1819 Dextera
2261 1764 2460 1832 Patris,
2501 1765 2776 1820 beatitudo.
2826 1767 3081 1823 Ascendit
3117 1770 3169 1825 in
3211 1772 3446 1826 caelum:

1860 1856 2082 1912 credite.
2111 1856 2274 1912 Sedet
2296 1857 2364 1911 ad
2393 1857 2667 1914 dexteram
2693 1859 2866 1913 Patris
2898 1878 2913 1915 :
2940 1861 3164 1916 credite.
3205 1862 3408 1919 Sedere
3430 1906 3445 1929 ,

1862 1947 2137 2020 intelligite
2161 1949 2402 2005 habitare
2432 1969 2445 2005 :
2479 1951 2744 2020 quomodo
2764 1951 2990 2007 dicimus
3015 1953 3083 2008 de
3111 1970 3450 2026 quocumque

1861 2040 2099 2108 homine,
2133 2041 2189 2097 ln
2218 2044 2303 2097 illa
2333 2043 2499 2113 patria
2526 2043 2667 2098 sedit
2696 2058 2791 2113 per
2819 2053 2925 2099 tres
2952 2060 3141 2099 annos.
3165 2046 3299 2101 Dicit
3320 2048 3449 2103 illud

1860 2146 1915 2193 et
1972 2135 2265 2206 Scriptura,
2314 2138 2517 2193 sedisse
2564 2139 2843 2209 quemdam
2885 2140 2937 2195 in
2984 2140 3196 2195 civitate
3243 2150 3449 2197 tantum

1862 2236 2070 2300 tempus
2113 2230 2131 2299 (
2150 2228 2215 2283 Ill
2253 2227 2379 2300 Reg.
2407 2246 2465 2294 u,
2497 2230 2587 2295 58,
2614 2247 2711 2285 sec.
2746 2230 2937 2301 LXX).
2967 2231 3229 2302 Numquid
3261 2233 3399 2288 sedit
3429 2274 3446 2300 ,

1860 2331 1915 2376 et
1962 2336 2232 2391 nunquam
2276 2323 2548 2378 surrexit?
2600 2323 2726 2379 Ideo
2774 2323 3048 2379 hominum
3097 2325 3449 2382 habitationes

1859 2413 2018 2471 sedes
2059 2414 2307 2469 dicuntur
2342 2415 2441 2487 (a).
2486 2415 2585 2472 Ubi
2641 2417 2902 2473 habentur
2952 2418 3138 2485 sedes,
3192 2420 3447 2490 numquid

1860 2524 2074 2580 semper
2122 2509 2377 2565 sedetur?
2417 2525 2520 2565 non
2564 2512 2828 2582 surgitur,
2859 2528 2963 2567 non
2993 2513 3313 2581 ambulatur,
3342 2529 3447 2569 non

1857 2603 2101 2675 jacetur?
2139 2613 2194 2660 et
2225 2613 2400 2660 tamen
2445 2604 2601 2660 sedes
2644 2613 2924 2660 vocantur.
2964 2604 3052 2661 Sic
3089 2621 3219 2677 ergo
3246 2606 3450 2664 credite

1861 2694 2101 2751 habitare
2130 2696 2397 2753 Christum
2423 2697 2481 2751 in
2508 2696 2732 2753 dextera
2753 2698 2844 2752 Dei
2866 2698 3038 2753 Patris
3068 2717 3081 2754 :
3109 2698 3183 2754 ibi
3209 2708 3310 2755 est.
3337 2699 3449 2756 Nec

1860 2787 1998 2843 dicat
2027 2787 2178 2842 vobis
2202 2802 2298 2843 cor
2325 2798 2592 2855 vestrum,
2633 2788 2768 2857 Quid
2814 2790 2960 2860 agit?
3004 2789 3179 2845 Nolite
3208 2806 3449 2861 quaerere

1858 2878 2001 2949 quod
2031 2893 2134 2933 non
2160 2879 2286 2933 licet
2314 2879 2554 2934 invenire
2587 2897 2602 2934 :
2631 2879 2702 2933 ibi
2731 2888 2846 2942 est;
2888 2879 3085 2936 suflicit
3109 2879 3281 2936 vobis.
3317 2881 3450 2937 Bea-

1861 2981 1944 3027 tus
1970 2980 2073 3038 est,
2101 2981 2156 3026 et
2180 2987 2211 3026 a
2241 2971 2591 3037 beatitudine,
2618 2988 2738 3042 quae
2762 2972 2981 3027 dextera
3008 2972 3180 3027 Patris
3206 2982 3445 3038 vocatur,

1859 3052 2025 3135 ipsius
2050 3064 2390 3119 beatitudinis
2415 3079 2607 3119 nomen
2636 3073 2719 3130 est
2738 3105 2754 3131 ,
2781 3064 3006 3120 dextera
3033 3064 3225 3120 Patris.
3248 3065 3379 3121 Nam
3402 3068 3446 3123 si

1857 3155 2143 3211 carnaliter
2179 3157 2576 3225 acceperimus;
2610 3156 2727 3225 quia
2774 3155 2923 3210 sedet
2948 3156 3013 3211 ad
3042 3156 3313 3212 dexteram
3344 3157 3447 3211 Pa-

1860 3248 1974 3314 tris,
2009 3247 2096 3302 ille
2118 3247 2221 3303 erit
2245 3246 2313 3301 ad
2340 3248 2632 3302 sinistram.
2660 3247 2927 3317 Numquid
2949 3248 3027 3303 fas
3043 3258 3198 3304 estut
3224 3251 3301 3305 sic
3330 3251 3448 3305 illos

1856 3358 2261 3413 componamus,
2312 3342 2505 3397 Filium
2554 3342 2620 3396 ad
2667 3341 2977 3408 dexteram,
3017 3343 3227 3398 Patrem
3268 3343 3335 3398 ad
3367 3345 3444 3398 si-

1857 3435 2116 3491 nistram?
2160 3434 2233 3491 lbi
2273 3434 2450 3492 omnis
2489 3433 2717 3490 dextera
2746 3442 2862 3501 est,
2912 3434 3034 3505 quia
3077 3434 3222 3491 nulla
3263 3435 3334 3490 ibi
3364 3444 3446 3491 est

1858 3529 2095 3585 miseria.

1930 3623 2015 3678 1‘2.
2041 3622 2169 3679 lnde
2197 3631 2450 3679 venturus
2471 3622 2709 3693 judicare
2730 3623 2877 3677 vivos
2902 3630 2956 3676 et
2983 3632 3242 3677 mortuos.
3260 3621 3442 3689 Vivos,

1856 3714 1947 3785 qui
1975 3713 2366 3785 superfuerint;
2397 3725 2658 3781 mortuos,
2699 3715 2789 3785 qui
2820 3715 3208 3785 praecesserint.
3261 3715 3447 3771 Potest

1857 3816 1911 3861 et
1964 3807 2041 3861 sic
2083 3807 2301 3878 intelligi
2349 3825 2363 3863 :
2413 3807 2601 3874 Vivos,
2654 3807 2855 3876 justus;
2908 3814 3167 3873 mortuos,
3199 3806 3445 3876 injustos.

1858 3896 2123 3968 Utrosque
2156 3899 2297 3953 enim
2320 3898 2524 3969 judicat
2547 3939 2562 3963 ,
2592 3913 2687 3954 sua
2716 3898 2906 3969 cuique
2935 3898 3250 3953 retribucns.
3281 3898 3446 3953 Justis

1858 3990 2096 4045 dicturus
2121 3998 2203 4045 est
2233 3991 2283 4044 in
2306 3989 2509 4060 judicio
2542 4007 2557 4046 :
2596 3988 2790 4058 Venite,
2824 3990 3066 4043 benedicti
3105 3987 3279 4043 Patris
3311 3989 3443 4057 mei,

1859 4083 2097 4153 percipite
2151 4098 2363 4153 regnum
2413 4082 2549 4152 quod
2596 4082 2736 4156 vobis
2787 4090 3019 4151 paratum
3065 4088 3139 4135 cst
3188 4082 3251 4134 ab
3302 4081 3447 4135 initio

1856 4174 2054 4226 mundi.
2105 4173 2187 4227 Ad
2229 4174 2329 4228 hoc
2372 4187 2466 4227 vos
2509 4181 2709 4241 parate,
2745 4173 2861 4227 haec
2897 4180 3128 4241 sperate,
3158 4181 3443 4242 propterea

1859 4265 2040 4330 vivite,
2071 4272 2127 4319 et
2152 4265 2229 4319 sic
2257 4264 2440 4330 vivite,
2474 4273 2758 4333 propterea
2782 4263 3008 4329 credite,
3039 4272 3316 4333 propterea
3347 4263 3444 4317 ba-

1859 4356 2154 4427 ptizantini,
2187 4364 2244 4411 ut
2283 4357 2450 4426 possit
2493 4355 2641 4409 vobis
2665 4355 2768 4409 dici
2799 4372 2813 4409 :
2855 4353 3047 4419 Vertite,
3078 4354 3319 4408 benedicti
3340 4352 3447 4406 Pa-

1860 4449 1951 4502 tris
1981 4448 2077 4502 mei
2098 4488 2112 4510 ,
2144 4449 2384 4519 percipite
2425 4463 2636 4518 regnum
2674 4446 2811 4517 quod
2863 4446 2997 4499 vobis
3048 4455 3280 4515 paratum
3313 4454 3387 4499 est
3415 4462 3446 4499 a

1859 4540 2209 4595 constitutione
2237 4539 2433 4593 mundi.
2459 4539 2699 4594 Sinistris
2724 4537 2888 4610 quid?
2918 4536 2999 4592 Ite
3025 4539 3078 4591 in
3102 4539 3269 4608 ignem
3293 4548 3445 4592 teter-

1859 4654 1999 4702 num,
2029 4637 2115 4706 qui
2142 4645 2347 4707 paratus
2372 4645 2445 4689 est
2467 4634 2669 4689 diabolo
2696 4636 2743 4687 et
2761 4632 3301 4705 angelisejus(Mattlt.
3320 4649 3442 4700 xxv,

1861 4733 1952 4799 34,
1992 4731 2106 4801 41).
2150 4730 2237 4786 Sic
2273 4729 2653 4799 judicabuntur
2684 4744 2715 4782 a
2748 4726 2959 4783 Christo
2992 4725 3097 4780 vivi
3134 4734 3187 4780 et
3228 4727 3442 4779 mortui.

1862 4825 2009 4881 Dicta
2048 4833 2131 4879 est
2165 4824 2333 4894 prima
2375 4822 2491 4877 sine
2520 4830 2759 4891 tempore
2785 4820 3033 4874 nativitas
3058 4818 3276 4880 Christi,
3307 4818 3445 4872 dicta

1859 4929 1941 4973 cst
1971 4917 2074 4972 alia
2116 4918 2166 4971 in
2209 4914 2538 4986 plenitudine
2576 4913 2833 4984 temporis
2857 4913 2924 4967 de
2955 4911 3160 4982 virgine
3201 4911 3447 4965 nativitas

1860 5010 2082 5075 Christi,
2114 5009 2252 5064 dicta
2280 5018 2361 5063 est
2389 5007 2564 5078 passio
2590 5004 2819 5073 Christi,
2849 5005 3046 5060 dictum
3073 5012 3156 5059 est
3188 5002 3445 5073 judicium

1861 5104 2076 5160 Christi.
2104 5102 2296 5159 Totum
2337 5101 2535 5157 dictum
2577 5108 2680 5165 est,
2727 5098 2870 5169 quod
2916 5097 3201 5154 dicendum
3242 5106 3357 5151 erat
3381 5096 3447 5149 de

1860 5198 2075 5255 Christo
2098 5238 2114 5265 ,
2165 5195 2299 5250 Filio
2331 5193 2427 5249 Dei
2457 5192 2615 5248 unico
2634 5233 2649 5257 ,
2684 5192 2907 5248 Domino
2931 5198 3114 5246 nostro
3143 5206 3157 5242 :
3194 5187 3288 5243 sed
3314 5201 3447 5240 non-

1862 5290 1988 5346 dum
2014 5288 2247 5359 perfecta
2278 5296 2358 5341 est
2385 5283 2636 5340 Trinitas.

1934 5379 2159 5438 CAPUT
2189 5378 2254 5434 ν.
2272 5409 2339 5420 -
2363 5378 2449 5433 l5.
2475 5376 2725 5447 Spiritum
2753 5382 2978 5431 sanctum
3005 5388 3111 5427 esse
3137 5371 3318 5425 Deum.
3345 5367 3445 5423 Se-

1865 5476 2044 5547 quitur
2069 5475 2121 5529 in
2151 5471 2427 5546 Symbolo,
2458 5470 2522 5525 Et
2546 5470 2595 5523 in
2626 5468 2880 5539 Spiritum
2904 5475 3167 5521 sanctum.
3202 5462 3301 5516 lsta
3328 5458 3449 5513 Tri-

1868 5570 2005 5622 nitas
2040 5582 2177 5620 unus
2222 5565 2394 5629 Deus,
2446 5576 2549 5618 una
2595 5569 2781 5615 natura
2805 5599 2817 5621 ,
2850 5571 2949 5609 una
2996 5550 3308 5615 substantia,
3341 5562 3443 5601 una

1869 5659 2102 5730 potentia
2126 5698 2142 5725 ,
2190 5672 2396 5713 summa
2436 5653 2735 5725 aequalitas,
2768 5648 2910 5703 nulla
2936 5645 3146 5712 divisio,
3175 5640 3318 5699 nulla
3360 5638 3443 5698 di-

1929 5814 2003 5881 (a)
2022 5812 2192 5866 confer
2209 5824 2360 5865 serui.
2384 5809 2495 5871 2H,
2518 5822 2569 5859 n.
2592 5806 2642 5869 8,
2667 5811 2783 5857 toni.
2806 5803 2855 5857 5.
