3904 6362
456 318 560 387 635

457 446 681 505 versitas
707 486 720 509 ,
765 448 1017 514 perpetua
1052 440 1301 495 charitas.
1336 437 1506 492 Vultis
1544 448 1705 491 nosse
1729 432 1872 505 quod
1898 432 2042 489 Deus

459 549 541 598 est
585 536 814 609 Spiritus
852 534 1103 591 sanctus?
1142 529 1519 601 Baptizamini,
1556 536 1613 584 et
1644 527 1900 597 templum
1927 525 2043 595 ejus

460 633 628 690 eritis.
687 629 971 701 Apostolus
1006 625 1152 691 dicit,
1198 624 1419 678 Nescitis
1460 621 1579 693 quia
1622 636 1835 692 corpora
1881 629 2044 674 vestra

461 725 700 796 templum
738 724 790 777 in
836 722 971 776 vobis
1016 731 1089 774 est
1133 718 1357 788 Spiritus
1408 716 1601 781 sancti,
1654 730 1799 784 quem
1854 712 2046 769 habetis

461 837 493 874 a
540 818 649 874 Deo
677 818 693 886 (
720 816 739 872 l
765 815 881 871 Car.
918 830 998 879 v1,
1031 813 1163 884 l9)?
1192 812 1471 881 Templum
1504 810 1661 865 habet
1704 810 1844 865 Deus
1877 826 1889 862 :
1923 820 2044 864 nam

460 919 517 967 et
569 910 823 966 Salomon
875 920 967 963 rex
1026 914 1079 960 et
1123 905 1375 975 propheta
1418 904 1597 973 jussus
1648 910 1734 957 est
1782 900 2049 958 aediﬁcare

463 1004 719 1073 templum
748 1001 877 1056 Deo.
922 999 977 1055 Si
1010 996 1297 1054 aedificaret
1330 995 1585 1065 templum
1614 994 1733 1060 soli,
1767 1002 1859 1048 aut
1884 994 2043 1059 laute,

465 1104 557 1149 aut
583 1093 749 1147 stella:
780 1092 966 1155 alicui,
1000 1096 1090 1144 aut
1117 1090 1271 1144 alicui
1301 1088 1521 1157 angelo,
1563 1102 1740 1141 nonne
1769 1086 2051 1141 damnaret

464 1187 611 1241 illum
661 1185 838 1241 Deus?
883 1184 1013 1252 Quia
1072 1198 1199 1253 ergo
1253 1181 1505 1250 templum
1562 1179 1841 1233 aedificavit
1896 1179 2044 1245 Deo,

465 1277 699 1333 ostendit
728 1292 785 1331 se
825 1276 1003 1331 coiere
1034 1275 1221 1330 Deum.
1254 1274 1321 1328 Et
1350 1273 1489 1328 unde
1529 1272 1845 1326 aediﬁcavit?
1876 1272 1950 1325 De
1984 1272 2051 1326 li-

466 1368 583 1440 gnis
614 1378 667 1423 et
694 1367 957 1437 lapidibus
993 1384 1005 1418 :
1039 1367 1160 1437 quia
1191 1365 1434 1435 dignatus
1466 1373 1547 1417 est
1582 1364 1721 1417 Deus
1751 1362 1927 1418 facere
1952 1365 2052 1419 sibi

466 1474 566 1532 per
594 1474 806 1516 servum
851 1471 1005 1514 suum
1050 1459 1266 1513 domum
1314 1459 1366 1511 in
1417 1465 1577 1520 terra,
1619 1456 1706 1510 ubi
1738 1464 2049 1525 rogaretur,

467 1554 557 1609 ubi
599 1563 985 1608 memoraretur
1028 1552 1066 1603 ¹.
1118 1549 1270 1606 Unde
1312 1550 1440 1604 dicit
1482 1550 1667 1603 beatus
1706 1547 2053 1618 Stephanus:

469 1642 717 1701 Salomon
746 1643 1013 1711 wdi/icavit
1050 1642 1128 1696 illi
1163 1642 1387 1707 (tornum,
1426 1640 1515 1695 sed
1558 1641 1843 1694 Altissimus
1873 1656 1972 1693 non
2002 1640 2055 1693 in

468 1752 623 1790 morm
644 1736 791 1805 factis
814 1735 1010 1803 templis
1036 1734 1282 1786 inhabitat
1305 1732 1435 1804 (Act.
1462 1748 1551 1794 vn,
1574 1733 1640 1785 47
1658 1742 1703 1783 et
1721 1730 1832 1803 48).
1854 1731 1909 1785 Si
1926 1746 2057 1800 ergo

470 1841 696 1894 corpora
748 1835 925 1879 nostra
971 1824 1223 1893 templum
1254 1832 1337 1877 est
1364 1822 1592 1892 Spiritus
1635 1823 1837 1887 sancti,
1883 1823 2057 1893 qualis

471 1918 613 1972 Deus
637 1924 718 1969 est
742 1917 829 1985 qui
860 1915 1142 1969 tediilcavit
1173 1915 1424 1983 templum
1453 1915 1669 1983 Spiritui
1698 1917 1921 1970 sancto?
1951 1915 2057 1970 Sed

473 2007 633 2063 Deus.
666 2006 719 2062 Si
749 2008 890 2062 enim
923 2007 1173 2077 templum
1211 2006 1439 2076 Spiritus
1482 2008 1647 2061 sancti
1684 2015 1808 2063 sunt
1834 2024 2057 2079 corpora

473 2110 651 2157 nostra
673 2140 687 2167 ,
718 2102 803 2155 ille
857 2101 1074 2171 Spiritui
1102 2112 1288 2155 sancto
1326 2101 1604 2156 aediﬁcavit
1636 2105 1886 2173 templum
1913 2138 1929 2171 ,
1969 2105 2059 2175 qui

472 2204 526 2251 et
577 2209 798 2263 corpora
852 2204 1050 2249 nostra.
1096 2196 1366 2251 Attendite
1405 2194 1713 2267 Apostolum
1756 2199 2055 2268 dicentem,

471 2289 612 2343 Deus
642 2291 929 2358 temperavit
956 2305 1154 2357 corpus,
1192 2292 1236 2343 ei
1286 2292 1368 2343 cui
1404 2291 1569 2344 deerat
1614 2294 1855 2363 majorem
1901 2294 2062 2347 hoao-v

472 2400 577 2439 rem
625 2384 750 2437 darts
794 2384 847 2452 (l
885 2383 1002 2437 Cor.
1059 2398 1152 2448 xu,
1202 2382 1327 2453 24);
1375 2396 1493 2438 cum
1546 2386 1853 2455 loqueretur
1879 2386 1945 2441 de
1975 2388 2060 2442 di-

472 2476 642 2531 versis
687 2472 959 2535 membris,
1001 2483 1061 2528 ut
1100 2488 1202 2527 non
1244 2484 1423 2529 essent
1464 2477 1710 2532 scissura:
1736 2478 1787 2531 in
1814 2492 2057 2548 corpore.

475 2568 615 2622 Deus
650 2567 853 2621 creavit
880 2581 1075 2636 corpus
1101 2576 1364 2620 nostrum.
1400 2568 1627 2623 Herbam
1660 2571 1797 2625 Deus
1823 2574 2058 2640 creavit,

474 2674 667 2729 corpus
712 2667 950 2713 nostrum
992 2659 1110 2728 quis
1148 2659 1385 2713 creavit?
1428 2660 1581 2715 Unde
1619 2662 1905 2731 probamus
1938 2666 2063 2734 quia

475 2752 696 2807 herbam
738 2754 873 2805 Deus
907 2753 1088 2805 creat?
1115 2752 1213 2820 Qui
1242 2754 1423 2818 vestit,
1458 2755 1572 2823 ipse
1602 2766 1769 2811 creat.
1816 2751 2061 2830 Evange-

476 2843 602 2896 lium
632 2844 748 2913 lege
780 2862 790 2896 :
824 2842 882 2897 Si
906 2860 1021 2913 ergo
1049 2848 1217 2915 fenum
1244 2848 1375 2917 agri,
1419 2847 1511 2912 ait,
1562 2850 1698 2919 quod
1728 2850 1876 2905 hodie
1902 2861 1993 2921 est,
2013 2863 2065 2908 et

476 2953 588 2990 cras
632 2938 682 2989 in
726 2937 979 2990 clibanum
1020 2938 1232 2991 mittitur
1256 2981 1269 3004 ,
1305 2938 1440 2992 Deus
1466 2941 1537 2994 sic
1565 2943 1705 2995 vestit
1735 2943 1947 3013 (Matth.
1980 2961 2061 3013 v1,

477 3032 589 3102 30).
626 3031 716 3086 ille
746 3047 872 3101 ergo
900 3041 1065 3098 creat,
1093 3032 1182 3102 qui
1213 3034 1389 3088 vestit.
1423 3036 1486 3087 Et
1516 3036 1800 3105 Apostolus
1830 3056 1843 3093 :
1874 3037 2060 3106 Stulte,

475 3125 610 3195 quod
636 3126 852 3178 seminus
881 3141 979 3178 non
1008 3125 1310 3194 viviﬁcatur,
1344 3128 1441 3181 nisi
1472 3130 1717 3185 moriatur
1742 3135 1761 3163 ³
1798 3148 1813 3187 :
1844 3140 1890 3186 et
1929 3134 2064 3204 quod

477 3217 713 3281 seminas,
744 3233 845 3269 non
874 3232 1057 3287 corpus
1078 3219 1212 3287 quod
1243 3223 1471 3290 futurum
1499 3230 1572 3275 est
1595 3225 1829 3291 seminus,
1855 3227 1943 3280 sed
1964 3243 2063 3280 nu-

476 3306 594 3358 dum
630 3322 864 3376 granum,
894 3318 948 3360 ut
989 3309 1116 3376 forte
1141 3310 1311 3378 tritici,
1355 3322 1443 3365 aut
1484 3313 1701 3384 alicujus
1731 3326 2022 3371 rteterorum
2044 3333 2064 3384 ;

473 3396 612 3451 Deus
636 3408 803 3452 autem
832 3400 910 3453 illi
930 3401 1016 3453 dat
1041 3416 1224 3470 corpus
1243 3406 1494 3472 quomodo
1522 3406 1734 3461 voluerit
1753 3452 1766 3475 ,
1796 3418 1842 3463 et
1869 3412 2065 3465 unicui-

471 3505 568 3559 que
608 3492 854 3543 seminum
899 3491 1159 3559 proprium
1202 3509 1385 3562 corpus
1412 3496 1429 3564 (
1449 3495 1464 3547 l
1498 3495 1613 3549 Cor.
1640 3515 1726 3551 xv.
1757 3500 1971 3570 36-58).
2006 3503 2063 3558 Si

473 3596 602 3649 ergo
639 3579 778 3635 Deus
817 3595 1041 3651 corpora
1087 3593 1266 3637 nostra
1298 3583 1547 3652 mdiﬂcat,
1581 3590 1623 3642 si
1656 3590 1792 3645 Deus
1820 3594 2061 3650 membra

475 3682 656 3728 nostra
687 3675 931 3740 a‘diilcat,
961 3684 1013 3730 et
1040 3690 1262 3745 corpora
1292 3688 1467 3734 nostra
1502 3684 1754 3753 templum
1788 3695 1907 3740 sunt
1937 3688 2061 3757 Spi-

475 3766 609 3819 ritus
655 3768 856 3832 sancti;
916 3768 1079 3822 nolite
1125 3768 1367 3826 duhitare
1418 3773 1582 3828 Deum
1636 3790 1754 3832 esse
1805 3777 2059 3849 Spiritum

475 3864 735 3911 sanctum.
768 3860 833 3912 Et
860 3859 1024 3914 nolite
1046 3860 1244 3916 addere
1270 3864 1416 3932 quasi
1451 3867 1662 3921 tertium
1695 3870 1858 3925 Deum
1886 3890 1899 3937 ;
1941 3876 2062 3944 quia

478 3949 634 4003 Pater
688 3958 743 4004 et
788 3950 957 4007 Filius
993 3961 1047 4007 et
1086 3953 1312 4023 Spiritus
1352 3966 1567 4012 sanctus
1605 3974 1740 4016 unus
1780 3973 1862 4019 est
1901 3966 2060 4022 Deus.

476 4038 566 4094 Sic
594 4040 817 4097 credite.

545 4131 771 4189 CAPUT
793 4134 874 4189 Vl.
893 4164 964 4177 —-
990 4137 1076 4191 14.
1108 4137 1185 4192 De
1209 4148 1384 4194 sancta
1409 4140 1653 4198 Ecclesia.
1679 4146 1930 4218 Sequitur
1947 4159 2065 4221 post

476 4223 749 4280 Trinitatis
778 4229 1327 4298 commendationem,
1361 4243 1596 4289 sanctam
1627 4239 1936 4296 Ecclesium.
1964 4244 2067 4300 De-

474 4328 801 4373 monstratus
844 4329 925 4376 est
967 4323 1105 4377 Deus
1154 4330 1208 4378 et
1256 4327 1510 4397 templum
1553 4330 1739 4401 ipsius.
1799 4334 2065 4405 Templum

476 4411 607 4463 enim
642 4410 733 4464 Dei
761 4424 987 4467 sanctum
1036 4424 1129 4480 est,
1176 4417 1248 4471 ait
1286 4421 1592 4489 Apostolus,
1641 4428 1777 4495 quod
1824 4430 1941 4484 estis
1976 4446 2063 4486 vos

476 4500 589 4567 (Id.
622 4518 696 4566 tu,
730 4505 838 4575 17).
871 4505 984 4574 Ipsa
1028 4516 1109 4563 est
1158 4510 1390 4565 Ecclesia
1420 4522 1621 4582 s:mcta,
1653 4519 1890 4576 Ecclesia
1919 4537 2021 4577 una
2046 4566 2061 4593 ,

478 4593 715 4648 Ecclesia
747 4611 891 4662 vera,
928 4597 1168 4654 Ecclesia
1198 4593 1456 4659 catholica
1477 4648 1491 4671 ,
1520 4616 1704 4663 contra
1732 4606 1919 4667 omries
1946 4614 2063 4669 ha:-

475 4698 623 4739 reses
647 4699 886 4756 pugnans
916 4706 926 4740 :
958 4704 1193 4759 pugnare
1224 4704 1416 4763 potest,
1446 4702 1733 4770 expugnari
1759 4711 1933 4761 tamen
1958 4723 2062 4764 non

475 4788 672 4850 potest.
726 4781 968 4839 litercses
1007 4800 1193 4841 omnes
1242 4788 1308 4843 de
1360 4790 1449 4845 illa
1501 4794 1760 4862 exierunt,
1814 4807 2061 4870 tanquam

476 4880 747 4926 sarmenta
774 4874 978 4929 inutilia
1001 4876 1069 4931 de
1095 4879 1197 4933 vite
1237 4883 1455 4951 praecisa
1492 4900 1504 4936 :
1534 4884 1644 4955 ipsa
1676 4899 1855 4944 autem
1885 4905 2065 4951 manet

476 4960 528 5015 in
556 4962 734 5019 radice
759 4979 874 5028 sua.
907 4967 957 5020 in
986 4968 1090 5024 vite
1118 4984 1232 5037 sua,
1257 4968 1308 5026 iu
1337 4972 1597 5033 charitate
1622 4995 1737 5034 sua.
1778 4982 1953 5038 Porta:
1982 4984 2063 5042 iu-

476 5053 707 5111 l'erorum
730 5074 834 5114 non
860 5061 1073 5117 vincent
1097 5076 1214 5119 eam
1246 5066 1455 5137 (Matth.
1489 5082 1596 5139 xvi,
1623 5075 1736 5147 18).

545 5149 771 5208 CAPUT
810 5153 920 5209 Vli.
948 5158 1132 5213 -15.
1167 5155 1401 5215 Peccattr
1425 5166 1576 5220 etiam
1613 5169 1855 5226 immania
1889 5172 2063 5229 dimit-

477 5252 651 5298 tuntur
676 5246 727 5299 in
756 5246 1055 5318 Baptismo;
1096 5260 1142 5305 et
1170 5255 1382 5308 venialia
1401 5299 1417 5325 ,
1454 5258 1507 5312 in
1542 5263 1766 5318 oratione
1786 5266 2057 5326 dominica.

475 5332 792 5394 Paenitentia:
818 5340 1032 5411 publica:
1057 5345 1188 5399 actio
1211 5355 1415 5419 propter
1441 5352 1683 5408 immania
1702 5368 1932 5430 peccata,
1962 5378 2063 5419 non

537 5470 564 5537 ξ
592 5469 778 5537 Aliquot
799 5481 928 5537 Mss,
953 5486 1241 5531 moraretur.

544 5532 567 5564 ³
589 5532 725 5599 Editi,
749 5536 885 5601 prius
906 5532 1156 5593 moriatur.
1186 5546 1351 5609 Abest,
1377 5546 1530 5613 prius,
1556 5562 1583 5602 ει
1604 5555 1711 5605 Mss.

1070 318 1157 375 DE
1196 311 1532 381 SYMBOLO,
1572 312 1629 369 S.
1670 306 2035 366 AUGUSTINI
2070 306 2306 367 SEBMO
2343 308 2434 366 AD
2469 295 3040 375 CATECHUMENOS.

3619 324 3713 382 630

2150 436 2353 500 propter
2366 429 2515 484 levia.
2539 430 2930 489 Remissionem
2953 440 3316 504 peccaturum.
3339 434 3555 493 Habetis
3568 436 3714 511 Sym-

2149 524 2327 579 bolum
2356 525 2588 594 periecte
2616 527 2670 583 in
2702 527 2881 593 vobis,
2907 527 3119 599 quando
3158 530 3521 599 baptizamini.
3559 531 3715 589 Nemo

2149 618 2289 674 dicat
2318 635 2330 673 :
2358 619 2489 675 illud
2515 620 2636 687 ieci,
2665 622 2800 677 forte
2827 626 2931 677 non
2968 622 3099 677 mihi
3136 623 3438 681 dimittitur.
3475 624 3613 693 Quid
3649 627 3717 681 le-

2150 710 2302 765 cisti?
2321 721 2576 780 quantum
2599 711 2802 767 iecisti?
2831 713 2923 768 Dic
2945 713 3173 769 immane
3196 714 3394 783 aliquid
3416 717 3559 785 quod
3580 731 3716 772 com-

2153 800 2374 867 misisti,
2426 818 2588 872 grave
2615 843 2632 869 ,
2681 803 3044 872 horrendum,
3089 805 3231 875 quod
3281 807 3441 861 etiam
3488 810 3712 879 cogitare

2155 892 2340 947 horres
2373 910 2386 947 :
2416 893 2670 964 quidQuid
2714 896 2796 949 vis
2820 894 3031 962 feceris,
3064 897 3319 967 numquid
3346 897 3616 954 Christum
3642 916 3722 957 oc—

2154 984 2367 1040 cidisti?
2389 985 2504 1041 Non
2532 996 2613 1042 est
2638 987 2740 1043 isto
2759 987 2903 1045 facto
2921 989 3118 1059 aliquid
3134 990 3302 1059 pejus,
3317 992 3439 1061 quia
3456 1001 3511 1047 et
3525 990 3723 1055 Christo

2155 1076 2285 1131 nihil
2333 1087 2417 1132 est
2453 1079 2664 1133 melius.
2710 1080 2975 1146 Quantum
3021 1080 3174 1137 nefas
3197 1083 3553 1139 cstoccidere
3580 1086 3722 1140 (luri-

2155 1171 2340 1225 stum?
2377 1171 2545 1228 Judati
2589 1182 2762 1229 tamen
2815 1190 2936 1230 eum
2976 1175 3321 1241 occiderunt,
3379 1185 3435 1232 et
3480 1177 3636 1232 multi
3680 1180 3724 1234 in

2156 1277 2278 1316 cum
2305 1271 2485 1331 postea
2510 1264 2872 1331 crediderunt,
2899 1273 2953 1320 ot
2976 1265 3225 1321 biberunt
3246 1266 3363 1334 ejus
3385 1268 3689 1334 sanqualem
3713 1286 3723 1322 :

2156 1352 2432 1408 dimissum
2468 1364 2549 1409 eat
2579 1354 2681 1409 illis
2709 1367 2981 1425 peccatum
3009 1357 3151 1427 quod
3180 1358 3584 1414 commiserunt.
3612 1358 3729 1414 Cum

2158 1444 2404 1517 baptizati
2447 1448 2685 1511 fueritis,
2736 1456 2912 1503 tenete
2948 1450 3112 1504 vitam
3151 1450 3344 1507 bonam
3376 1452 3429 1505 in
3459 1454 3728 1521 luveceptis

2158 1538 2273 1603 Dei,
2302 1547 2360 1593 ut
2384 1540 2711 1609 Bsptismum
2746 1542 3057 1598 custodiatis
3095 1556 3264 1614 usque
3306 1545 3360 1599 in
3402 1546 3587 1600 ﬁnem.
3635 1546 3729 1602 Non

2158 1631 2310 1687 vobis
2333 1632 2455 1687 dico
2484 1635 2606 1705 quia
2637 1636 2753 1691 sine
2779 1645 2999 1705 peccato
3023 1636 3110 1692 hic
3134 1639 3355 1696 vivelis:
3382 1638 3475 1694 sed
3506 1647 3635 1695 sunt
3652 1655 3730 1696 ve-

2160 1721 2342 1789 nialia,
2377 1726 2494 1780 sine
2523 1728 2716 1796 quibus
2745 1727 2850 1782 vita
2885 1730 2983 1784 ista
3027 1746 3132 1785 non
3168 1738 3268 1784 est.
3316 1730 3543 1801 Propter
3568 1732 3730 1787 omnia

2161 1826 2376 1886 peccata
2418 1817 2722 1888 Baptismus
2759 1820 3010 1875 inventus
3044 1830 3161 1887 est;
3189 1832 3409 1892 propter
3446 1824 3607 1882 levia.
3634 1826 3732 1880 sino

2161 1909 2355 1979 quibus
2377 1924 2499 1965 esse
2518 1926 2624 1967 non
2646 1926 2947 1982 possumus,
2972 1915 3143 1969 oratio
3165 1916 3398 1970 inventa.
3425 1917 3564 1983 Quid
3589 1918 3729 1973 habet

2163 2003 2373 2058 oratio?
2400 2002 2609 2059 Dimitte
2632 2006 2776 2059 nobis
2799 2007 2966 2061 debita
3009 2017 3202 2072 nostra,
3231 2010 3359 2063 sicut
3386 2019 3434 2063 et
3461 2027 3555 2063 nos
3582 2011 3726 2064 dimit-

2164 2096 2316 2150 timus
2346 2095 2648 2152 debitoribus
2677 2100 2862 2153 nostris
2888 2098 2999 2169 (ld.
3027 2116 3101 2164 vt,
3129 2100 3242 2170 l2).
3272 2099 3453 2157 Semel
3483 2102 3734 2158 abluimur

2164 2190 2490 2259 Baptismate
2513 2233 2528 2258 ,
2574 2192 2811 2261 quotidie
2850 2192 3117 2248 abluimur
3152 2195 3413 2249 oratione.
3444 2195 3553 2251 Sed
3586 2196 3732 2251 nolite

2164 2281 2252 2337 illa
2294 2287 2646 2349 committere,
2681 2300 2776 2355 pro
2812 2287 3005 2356 quibus
3030 2302 3250 2343 necesse
3273 2296 3357 2343 est
3386 2297 3442 2341 ut
3482 2298 3513 2342 ε
3553 2288 3734 2343 Christi

2165 2388 2388 2445 corpore
2425 2377 2953 2447 separeminizquod
3001 2378 3140 2433 absit
3180 2394 3210 2432 a
3257 2378 3431 2435 vobis.
3482 2378 3561 2435 illi
3612 2382 3731 2436 enim

2165 2480 2299 2538 quos
2318 2468 2505 2524 videtis
2521 2484 2678 2539 agere
2699 2470 3087 2539 ptenitentiam,
3114 2471 3315 2526 scelera
3344 2473 3733 2540 commiserunt,

2166 2569 2257 2616 aut
2282 2561 2539 2617 adulteria
2565 2604 2581 2630 ,
2613 2570 2703 2617 aut
2727 2563 2903 2633 aliqua
2939 2563 3075 2619 facta
3111 2565 3359 2620 immania
3395 2584 3409 2621 :
3441 2565 3566 2621 inde
3596 2575 3735 2636 agunt

2166 2654 2554 2726 paenitentiam.
2599 2654 2731 2710 Nam
2761 2656 2805 2709 si
2838 2656 2972 2710 levia
3018 2666 3231 2726 peccata
3275 2655 3518 2726 ipsorum
3553 2664 3734 2723 essent,

2169 2748 2234 2804 ad
2265 2748 2379 2804 haec
2405 2748 2710 2819 quotidiana
2738 2749 2910 2804 oratio
2931 2749 3157 2805 delenda
3183 2748 3471 2805 sufﬁceret.

2238 2840 2465 2898 CAPUT
2505 2840 2641 2896 Vill.
2679 2868 2751 2881 —-
2794 2841 2882 2896 16.
2924 2840 3144 2895 Peccata
3189 2843 3346 2896 tribus
3391 2842 3558 2896 modis
3588 2842 3737 2896 dimit-

2169 2943 2359 2988 tuntur.
2394 2935 2533 3004 Ergo
2571 2933 2740 2989 tribus
2772 2933 2943 2988 modis
2969 2934 3307 2989 dimittuntur
3337 2942 3551 3004 peccata
3581 2937 3635 2990 in
3654 2936 3738 2989 Ec—

2168 3028 2329 3083 clesia
2353 3043 2367 3094 ;
2394 3028 2445 3081 in
2468 3026 2812 3095 Baptismate,
2843 3026 2896 3080 in
2929 3026 3189 3093 oratione,
3222 3026 3274 3080 in
3301 3026 3604 3084 humilitate
3637 3043 3738 3083 ms-

2164 3122 2282 3192 ]ore
2312 3122 2329 3155 ι
2360 3122 2687 3190 ptenitentite
2721 3138 2735 3174 :
2770 3130 2945 3175 tamen
2975 3121 3116 3175 Deus
3142 3133 3248 3175 non
3273 3120 3491 3176 dimittit
3516 3132 3737 3192 peccata,

2169 3214 2271 3269 nisi
2319 3213 2618 3283 baptizatis.
2663 3214 2778 3283 ipsa
2822 3223 3039 3284 peccata
3069 3229 3188 3284 qua:
3218 3215 3449 3284 primum
3492 3215 3737 3279 dimittit.

2170 3320 2274 3359 non
2324 3306 2424 3360 nisi
2468 3306 2749 3376 baptizatis
2776 3306 3010 3361 ditnittit.
3044 3306 3306 3374 Quando?
3333 3306 3557 3374 Quando
3586 3307 3739 3377 bapti«

2170 3404 2376 3453 z'antur.
2408 3398 2632 3455 Peccata
2660 3415 2778 3469 qua:
2807 3410 2989 3470 postea
3019 3399 3294 3456 orantibus
3315 3401 3663 3465 dimittuntur,
3690 3408 3743 3455 et

2169 3493 2578 3565 paenitentibus,
2634 3495 2824 3565 quibus
2870 3495 3124 3564 dimittit,
3183 3495 3463 3565 baptizatis
3509 3495 3740 3549 dimittit.

2169 3584 2298 3643 Nam
2332 3587 2596 3658 quomodo
2622 3586 2823 3652 dicunt,
2850 3586 3011 3642 Pater
3041 3597 3229 3652 noster,
3260 3587 3351 3658 qui
3384 3588 3617 3644 nondum
3640 3587 3742 3642 nati

2170 3674 2731 3735 suntiCalechumcni
2778 3679 3030 3749 quamdiu
3078 3688 3221 3745 sunt,
3266 3694 3428 3749 super
3471 3679 3592 3734 illos
3632 3687 3743 3733 sunt

2170 3770 2347 3826 omnia
2376 3779 2590 3840 peccatu
2617 3784 2823 3824 eorum.
2858 3770 2914 3825 Si
2941 3769 3329 3835 catechumeni,
3358 3779 3564 3837 quauto
3588 3769 3742 3839 magis

2170 3863 2406 3935 Pagani?
2428 3870 2629 3934 quanto
2656 3863 2823 3933 magis
2849 3863 3085 3919 lueretici
3105 3862 3127 3915 ?
3150 3862 3254 3918 Sed
3283 3854 3551 3917 ltmreticis
3579 3862 3744 3931 Bapti-

2170 3972 2343 4012 smum
2392 3972 2496 4012 non
2537 3964 2825 4011 mutamus.
2873 3954 3089 4025 Quare?
3123 3957 3255 4023 Quia
3289 3956 3369 4010 sic
3403 3955 3601 4010 habent
3649 3954 3741 4008 Ba-

2171 4049 2441 4122 ptismum,
2472 4050 2740 4121 quomodo
2767 4049 3008 4105 desertor
3036 4049 3195 4104 habet
3234 4048 3601 4105 characterem
3638 4065 3652 4104 ε
3683 4051 3742 4101 its

2170 4154 2225 4200 et
2245 4144 2329 4199 isti
2358 4143 2554 4199 habent
2579 4141 2938 4213 Baptismum;
2971 4141 3187 4209 habent,
3211 4142 3305 4197 sed
3331 4141 3471 4196 unde
3492 4141 3741 4222 damnoso

2173 4242 2275 4303 tur,
2310 4250 2414 4292 non
2438 4236 2578 4292 unde
2604 4244 2948 4291 coronentur.
2986 4235 3053 4290 Et
3090 4243 3265 4289 tamen
3305 4234 3350 4288 si
3381 4233 3621 4289 desertor
3642 4233 3745 4301 ipse

2171 4339 2441 4387 correctus
2480 4329 2697 4401 incipiat
2740 4330 2989 4396 militare,
3018 4330 3270 4401 numquid
3292 4328 3455 4384 audet
3477 4329 3744 4399 quisquam

2172 4424 2219 4479 ei
2250 4423 2611 4479 characterem
2642 4423 2885 4478 mutare?
3524 4462 3541 4472 .

2243 4515 2469 4572 CAPUT
2505 4514 2594 4571 IX.
2623 4547 2695 4556 —
2715 4516 2802 4571 l7.
2834 4512 2911 4570 De
2936 4514 3296 4570 resurrectione
3319 4515 3488 4569 carnis
3525 4514 3576 4567 in
3600 4512 3745 4566 vitam

2170 4619 2428 4665 atternam.
2457 4609 2738 4665 Credimus
2764 4609 2921 4663 etiam
2947 4612 3392 4664 resurrectionem
3415 4608 3608 4672 carnis,
3634 4620 3747 4675 qua:

2170 4702 2443 4774 praecessit
2473 4701 2526 4757 in
2567 4698 2780 4757 Christo
2812 4720 2824 4755 :
2858 4710 2916 4756 ut
2947 4700 3048 4756 hoc
3091 4702 3251 4757 etiam
3301 4708 3485 4771 speret
3535 4713 3741 4768 corpus,

2171 4793 2312 4867 quod
2343 4793 2615 4867 prrccessit
2645 4794 2695 4848 in
2737 4794 2931 4865 capite.
2978 4792 3151 4863 Caput
3197 4793 3452 4847 Ecclesia:
3487 4790 3746 4849 Christus,

2172 4888 2406 4945 Ecclesia
2433 4902 2623 4959 corpus
2653 4886 2849 4944 Christi
2881 4886 3159 4962 (Ephes.v,
3178 4886 3293 4959 23).
3325 4886 3496 4958 Caput
3517 4894 3747 4940 nostrum

2172 4980 2422 5045 surrexit,
2452 4980 2689 5036 ascendit
2708 4980 2759 5036 in
2791 4981 2994 5037 omium
3018 4996 3031 5033 :
3059 4979 3150 5035 ubi
3177 4989 3355 5051 caput,
3380 4980 3486 5035 illic
3510 4988 3559 5033 et
3582 4990 3751 5030 mem-

2171 5072 2284 5129 bra.
2318 5070 2597 5141 Quomodo
2638 5072 2816 5128 carnis
2844 5072 3326 5129 resurrectionem?
3352 5072 3429 5128 Ne
3454 5071 3583 5127 forte
3604 5077 3750 5138 putet

2173 5169 2363 5242 aliquis
2406 5170 2672 5241 quomodo
2702 5166 2905 5235 Lazari,
2935 5176 2993 5223 ut
3018 5169 3155 5224 scias
3184 5184 3289 5224 non
3316 5171 3392 5224 sic
3419 5182 3550 5231 esse,
3595 5162 3750 5217 addi-

2173 5270 2279 5317 tum
2306 5270 2405 5327 est,
2431 5261 2486 5316 lu
2509 5262 2669 5315 vitam
2700 5270 2976 5317 aeternam.
2999 5261 3298 5332 cheneret
3317 5277 3409 5317 vos
3436 5261 3583 5323 Deus,
3617 5270 3748 5310 cou-

2170 5363 2349 5412 scrvet
2376 5363 2431 5411 et
2460 5362 2669 5409 tueatur
2700 5368 2795 5409 vos
2836 5352 3011 5422 Deus;
3044 5356 3094 5410 iu
3120 5370 3201 5424 sc,
3256 5356 3345 5428 qui
3377 5363 3454 5412 est
3486 5353 3596 5423 ipsa
3648 5350 3753 5404 vita

2170 5458 2389 5513 aeterna,
2421 5447 2674 5518 perducat
2697 5460 2793 5502 vos
2812 5444 2971 5505 Deus.
2998 5450 3188 5505 Amen.

2233 5561 2253 5593 ι
2286 5561 2359 5610 sic
2381 5566 2486 5610 Mss.
2512 5556 2630 5611 Editi
2652 5572 2793 5619 vero,
2817 5559 3036 5623 maioris.
