3904 6362
524 392 632 453 639

521 509 706 565 videre
734 506 1005 565 desideras
1036 504 1263 562 :Currus
1296 502 1581 558 Pharaonis
1627 509 1673 557 et
1699 516 1896 557 omnem
1936 501 2097 556 virtu-

523 589 622 654 teni
652 582 758 654 ejus
779 581 986 654 projecit
1005 580 1060 654 in
1080 595 1219 654 mare
1249 575 1441 654 (Exodo
1467 590 1557 637 ινα
1587 574 1666 654 ⁴);
1887 643 1900 654 ,
2040 644 2051 654 .

595 643 827 706 ι.ἈΙίιἰε
854 643 1092 705 fortassis
1125 643 1314 702 theatri
1355 655 1557 699 amator
1603 643 1969 698 admonendus
2010 644 2095 707 sit,

525 722 650 792 quid
694 722 874 788 fugiat,
907 732 959 775 et
1022 736 1125 792 quo
1161 720 1475 792 delectetur;
1531 731 1595 792 ac
1644 716 1719 792 sic
1778 716 2100 792 voluntatem

525 785 927 864 spectandiuon
960 785 1165 864 perdat,
1207 789 1535 864 scd_mutet.
1578 786 1631 840 lu
1680 786 1901 864 theatris
1955 785 2101 840 labes

526 857 757 925 morum,
785 857 987 916 discere
1019 862 1208 928 turpia,
1240 859 1422 913 audire
1450 859 1747 923 inhonesta,
1777 857 1958 911 videre
1978 873 2101 925 per-

528 937 745 989 niciosa.
781 934 882 987 Sed
911 933 1192 999 adjuvante
1226 932 1447 985 Domino
1493 945 1554 983 ea
1597 944 1665 983 ex
1717 928 1964 983 cordilms
2003 944 2099 982 ve-

527 1009 652 1059 stris
682 1005 902 1058 firmiter
930 1005 1270 1071 repellamus.
1301 1002 1518 1069 Singula
1556 999 1775 1070 singulis
1820 1014 2098 1071 compare-

526 1094 662 1129 mus.
696 1076 805 1128 Illic
847 1070 1116 1128 intuentur
1163 1083 1488 1143 spectatores
1543 1071 1870 1140 propositum
1923 1070 2101 1123 nescio

524 1164 677 1216 quem
702 1146 982 1201 ennﬁctum
1012 1146 1167 1198 deum
1199 1145 1405 1209 Jovem,
1431 1143 1914 1216 etadultetlantem,
1939 1150 1991 1194 et
2019 1150 2097 1194 to-

527 1211 740 1272 nantem
777 1234 787 1269 :
819 1217 901 1271 hic
929 1217 1241 1284 respicimus
1270 1231 1454 1270 verum
1484 1215 1645 1267 Deum
1687 1211 1977 1276 Christum,
2010 1226 2101 1284 ca-

524 1292 754 1341 stitatem
778 1283 1078 1352 docentem,
1117 1286 1501 1340 immunditiam
1533 1284 1920 1347 destruentem,
1961 1283 2103 1335 salu-

527 1359 636 1411 bria
662 1360 1055 1434 praedicantem.
1089 1359 1200 1412 Illic
1230 1359 1441 1427 tingitur
1470 1356 1612 1434 quod
1647 1354 1784 1434 idem
1815 1353 2099 1434 Jovis‘iu-

526 1423 718 1484 nonem
751 1431 935 1483 habeat
979 1445 1219 1485 sororem
1265 1423 1325 1483 et
1363 1423 1641 1495 coniugem
1677 1442 1690 1478 :
1727 1426 1812 1480 hic
1845 1423 2102 1495 praedica-

527 1516 644 1553 mus
664 1511 897 1555 sanctam
929 1501 1142 1555 Mariam
1172 1509 1391 1553 matrem
1425 1494 1582 1551 simul
1613 1506 1666 1551 et
1685 1497 1963 1566 virginem.
1995 1494 2101 1566 Illic

526 1580 712 1641 stupor
742 1573 994 1641 ingeritur
1015 1572 1169 1637 visui,
1198 1587 1263 1625 ex
1295 1586 1388 1624 usu
1418 1569 1684 1641 hominem
1707 1569 1757 1621 in
1778 1565 1898 1620 fune
1915 1565 2101 1617 ambu-

528 1640 761 1696 laniem:
798 1640 882 1696 hic
910 1658 1153 1712 magnum
1189 1641 1537 1712 miraculum,
1561 1640 1783 1712 Petrum
1821 1651 2103 1712 mare_pe-

528 1712 684 1766 dibus
712 1707 1070 1767 transeunte":
1118 1711 1328 1783 (Matth.
1366 1727 1476 1776 xw,
1508 1710 1624 1782 29).
1648 1710 1753 1783 Illic
1792 1724 1885 1778 per
1927 1707 2101 1760 mimi-

527 1798 642 1853 cam
678 1784 1057 1853 turpitudinem
1098 1781 1313 1837 castitas
1340 1781 1615 1853 violatur:
1641 1781 1724 1835 hic
1752 1796 1845 1848 per
1900 1788 2098 1853 castam

524 1849 819 1909 Susannam
875 1865 1182 1924 castumque
1251 1853 1448 1920 Joseph
1495 1852 1656 1906 libido
1733 1849 2101 1924 comprimitur

530 1924 683 1993 (Gen.
716 1942 905 1991 χχχιχ,
935 1936 979 1978 et
1015 1922 1148 1977 Dan.
1180 1925 1314 1992 xui),
1346 1940 1489 1978 mors
1538 1923 1912 1985 cmitemuitur,
1966 1922 2103 1973 Deus

525 2007 753 2061 amatur,
786 1997 1000 2049 castitas
1031 1996 1313 2049 exaltatur.
1337 1994 1543 2047 Chorus
1572 1994 1679 2047 illic
1699 2004 1751 2047 et
1779 1993 1952 2047 cantio
1981 2006 2103 2060 pan-

528 2068 729 2119 tomimi
758 2068 899 2121 illicit
922 2068 1177 2130 auditum,
1196 2066 1287 2119 sed
1310 2075 1575 2134 expugnat.
1600 2079 1786 2118 sanum
1809 2062 2053 2115 affectum
2085 2079 2097 2114 :

530 2137 725 2206 etquid
758 2138 861 2192 tale
885 2147 1069 2191 nostro
1094 2135 1737 2206 canticocomparaudum
1784 2136 1872 2197 sit,
1909 2134 1958 2186 in
1996 2148 2101 2202 quo

526 2205 650 2261 dicit
678 2209 765 2276 qui
798 2218 939 2261 amat
965 2219 1017 2261 et
1037 2217 1235 2271 cantat,
1270 2205 1621 2259 Narravernnt
1664 2206 1788 2259 mihi
1817 2212 2101 2276 peccatores

525 2275 875 2332 delectationes
914 2296 1053 2339 snas,
1081 2280 1168 2331 sed
1220 2296 1319 2331 non
1359 2278 1430 2329 ita
1477 2287 1531 2329 ut
1582 2277 1662 2330 lex
1704 2286 1809 2341 tua,
1856 2275 2102 2339 Domine;

526 2350 697 2419 omnia
723 2350 963 2402 mandata
986 2360 1071 2401 tua
1091 2350 1270 2401 veritas
1297 2347 1463 2419 (Psal.
1480 2362 1662 2411 cxvut,
1683 2348 1750 2401 85
1767 2360 1811 2399 et
1830 2345 1948 2419 86)?
1969 2344 2099 2419 Nam

532 2418 641 2473 illic
672 2421 912 2475 universa
939 2420 1087 2488 ﬁngit
1116 2416 1338 2473 vanitas.
1374 2418 1822 2473 Scandalistarutu
1851 2418 1968 2485 quis
1995 2416 2103 2488 illic

526 2488 665 2543 forte
688 2491 926 2557 peritiam
956 2486 1266 2551 admiretur.
1292 2490 1471 2543 videre
1495 2488 1739 2556 parvulos
1770 2488 1821 2540 in
1874 2500 1998 2540 area
2024 2486 2103 2538 lu-

529 2559 739 2627 dentes,
766 2560 1003 2615 diversas
1036 2560 1286 2615 historias
1311 2559 1642 2614 exhibentes.
1674 2558 1777 2612 Sed
1797 2557 1968 2610 videte
2009 2571 2103 2611 no-

527 2639 761 2684 strorum
786 2632 932 2685 lusus
960 2630 1239 2686 infantum.
1273 2630 1326 2685 lu
1369 2640 1520 2684 utero
1552 2629 1803 2683 Rebecca:
1832 2628 1935 2682 duo
1976 2642 2097 2680 cer-

526 2708 641 2754 tant
688 2700 1310 2771 infantes:procedente
1380 2700 1603 2768 majore,
1659 2699 1880 2771 minoris
1939 2712 2099 2751 manu

525 2772 720 2826 emissa
766 2787 831 2827 ex
879 2769 1050 2834 utero,
1118 2774 1289 2840 planta
1344 2771 1558 2840 majoris
1637 2769 1969 2839 apprehensa
2020 2777 2103 2823 est

527 2789 720 2826 emissa
766 2789 831 2827 ex
879 2789 1050 2834 utero,
1155 2789 1289 2827 tanta
1344 2789 1558 2840 majoris
1637 2789 1969 2839 appreuensa
2020 2789 2103 2823 est

527 2840 679 2911 (Gen.
714 2858 837 2904 xw.
860 2842 951 2909 22,
980 2843 1092 2913 25).
1118 2789 1174 2897 in
1203 2858 1428 2913 quorum
1459 2840 1748 2913 certamine
1791 2841 1965 2913 magni
2016 2854 2103 2893 sa-

526 2915 786 2984 cratnenti
814 2914 978 2984 ﬁgura
1005 2911 1293 2968 monstrata
1315 2923 1416 2978 est,
1449 2922 1505 2966 ut
1540 2912 1712 2964 minor
1736 2911 2102 2979 supplantaret

532 2983 808 3055 majorem,
859 2983 1016 3055 eique
1048 2984 1381 3054 postmodum
1419 2984 1701 3055 primatum
1741 2990 1898 3055 atque
1937 2985 2102 3055 bene-

529 3053 817 3125 dictionem
848 3052 1098 3110 auferret.
1134 3056 1186 3109 ln
1209 3056 1400 3125 quibus
1425 3054 1657 3124 parvulis
1683 3054 1843 3125 quasi
1876 3052 2102 3125 ludenti-

530 3124 649 3191 bus,
677 3135 1158 3191 etsacramentum,
1186 3122 1241 3180 ut
1264 3126 1395 3191 dixi,
1424 3122 1673 3195 magnum
1705 3122 2098 3195 exhibeutihus,

531 3204 585 3249 et
615 3196 822 3264 reprobi
859 3198 909 3250 iu
941 3197 1078 3251 Esau
1101 3192 1534 3251 demonstrantur
1568 3194 1757 3259 Judaei,
1802 3204 1857 3249 et
1901 3192 2104 3263 prtede-

526 3266 705 3323 stinati
728 3268 778 3320 in
806 3268 971 3323 Jacoh
1000 3277 1257 3338 apparent
1284 3267 1593 3323 Christiani.
1630 3266 1721 3320 llle
1750 3266 1898 3338 enim
1938 3264 2102 3338 Jacob

528 3352 664 3392 unus
686 3340 935 3407 parvulus
963 3335 1327 3409 sic—garriens,
1376 3338 1569 3409 multos
1600 3339 1650 3391 in
1681 3354 1737 3391 se
1761 3335 2098 3409 praedestina-

530 3417 611 3462 tos
632 3411 788 3485 etiam
814 3412 1059 3485 parvulos
1072 3407 1473 3485 demonstrabat
1490 3407 1734 3485 infantes,
1758 3407 1847 3473 qui
1868 3422 1931 3459 ex
1952 3415 2102 3485 utero

528 3480 712 3556 matris
762 3482 1122 3556 suscipiuntur
1172 3482 1416 3556 manibus
1442 3479 1698 3556 ﬁdelium,
1756 3491 1854 3556 nec
1886 3490 1983 3556 eos
2028 3479 2104 3556 sic

526 3553 822 3613 excutiunt,
847 3547 975 3605 ut'in
998 3567 1123 3605 aere
1152 3552 1433 3619 pendeant,
1461 3550 1555 3604 sed
1596 3558 1651 3601 ut
1676 3547 1857 3619 frenati
1885 3547 1937 3599 in
1963 3547 2102 3600 caelo

525 3621 725 3674 vivant.
752 3621 843 3675 His
870 3623 1026 3690 igitur
1049 3618 1456 3676 oblectamentis
1481 3634 1631 3674 mens
1658 3618 1977 3690 delectetur,
2006 3632 2100 3685 pa-

533 3698 712 3744 scatur
737 3688 914 3745 anima
944 3692 1267 3757 christiana;
1302 3692 1438 3744 hanc
1479 3690 1821 3744 sobrietatem
1869 3688 2104 3742 retinens

530 3762 742 3823 mentis.
780 3760 945 3830 fugiat
964 3762 1275 3816 ebrietatem
1303 3760 1520 3814 diaboli.

600 3831 654 3885 5.
695 3831 805 3885 Nec
828 3829 1208 3899 amphitheatri
1234 3830 1522 3885 certamina
1552 3829 1807 3885 seducant
1844 3836 1936 3899 aut
1976 3843 2103 3898 per-

529 3901 745 3955 trahant
768 3898 1149 3955 christianum:
1177 3918 1283 3970 quo
1316 3900 1527 3969 quidem
1556 3909 1704 3954 tanto
1746 3898 1949 3953 avidius
1977 3913 2104 3953 cur-

529 3972 683 4036 ritur,
730 3980 927 4039 quauto
956 3972 1155 4025 tardius
1186 3969 1484 4026 exhibetur.
1524 3971 1628 4026 Sed
1667 3972 1825 4039 etiam
1868 3971 1936 4023 ibi
1977 3969 2105 4038 quid

529 4056 635 4095 non
653 4042 1007 4112 periculosum
1034 4040 1289 4112 ingeritur
1304 4042 1624 4112 aspectibus,
1648 4038 1773 4110 quid
1791 4056 1895 4095 non
1916 4056 2107 4095 cruen-

530 4111 676 4193 tum?
706 4112 838 4195 ubi,“
859 4113 995 4195 sicut
1035 4111 1121 4195 ait.
1147 4113 1501 4195 beatissimus
1520 4111 1833 4195 Cyprianus,
1862 4112 2106 4195 volgatas

532 4182 687 4238 noxia
716 4183 780 4237 ad
814 4182 950 4237 feras
982 4182 1223 4238 homines
1254 4185 1401 4239 nullo
1429 4180 1652 4239 crimine
1680 4183 1893 4237 damnat
1923 4180 2103 4252 (Cypr.

527 4254 583 4326 in
604 4254 753 4326 epist.
780 4253 816 4307 2
835 4256 901 4306 ad
928 4253 1156 4326 Donat.).
1190 4254 1303 4309 Non
1335 4271 1464 4325 ergo
1493 4272 1584 4309 vos
1604 4295 1620 4320 ,
1656 4254 2009 4317 dilectissimi,
2040 4252 2105 4326 il-

528 4323 617 4395 lud
645 4327 1003 4395 spectaculum
1034 4323 1247 4381 crudele
1285 4323 1469 4381 invitet
1506 4326 1720 4391 intueri,
1751 4340 1941 4379 novem
1969 4323 2107 4377 ursis

527 4394 663 4449 duos
676 4394 1005 4451 altercantes
1034 4406 1343 4451 venatores:
1370 4397 1460 4451 sed
1487 4397 1713 4452 delectet
1744 4396 1921 4450 videre
1941 4410 2108 4462 puum

530 4476 769 4520 nostrum
802 4467 1069 4523 Danielem
1092 4467 1292 4521 orando
1316 4478 1654 4537 superantem
1677 4475 1877 4535 septem
1901 4465 2105 4519 leones.

529 4537 784 4593 Discerne
808 4539 1097 4607 spiritualis
1118 4549 1325 4592 amator
1348 4540 1635 4593 certamina
1658 4556 1669 4590 :
1700 4538 1817 4591 vide
1842 4537 1976 4590 duos
2008 4552 2104 4589 no-

528 4608 645 4662 xios
696 4610 968 4663 voluntate
1010 4610 1048 4671 ¹,
1085 4610 1205 4663 vide
1247 4625 1406 4663 unum
1439 4610 1776 4663 innocentem
1804 4622 1865 4662 ac
1895 4609 2107 4675 plenum

533 4679 651 4731 lida.
688 4679 817 4733 Vide
849 4680 967 4733 illos
1010 4695 1104 4747 pro
1130 4680 1350 4747 praemio
1378 4689 1587 4733 terreno
1618 4694 1741 4732 suas
1771 4679 1973 4730 animas
2013 4677 2107 4747 be-

531 4748 647 4800 stiis
674 4750 927 4803 obtulisse
954 4768 966 4803 :
998 4745 1295 4803 vide—istum
1321 4750 1371 4803 in
1396 4750 1637 4803 oratione
1666 4748 2004 4810 clamantem,
2028 4745 2111 4799 Ne

530 4818 799 4873 tradideris
845 4819 1011 4873 bestiis
1040 4820 1236 4873 animos
1262 4822 1550 4887 conﬁtentes
1584 4818 1668 4871 tibi
1696 4817 1865 4887 (Psat.
1915 4833 2103 4881 LXXIII,

536 4890 638 4955 l9).
671 4888 727 4943 ln
754 4890 842 4944 illo
872 4891 1172 4959 spectaculo
1216 4892 1556 4944 contristatur
1598 4889 1788 4954 editor,
1819 4889 1863 4942 si
1890 4898 2111 4943 venator

529 4959 717 5013 evadat
744 4961 958 5025 illzesus,
988 4962 1075 5029 qui
1105 4962 1153 5015 ei
1179 4962 1355 5029 plures
1384 4962 1578 5015 bestias
1605 4961 1902 5014 interemit:
1932 4960 1983 5012 in
2007 4960 2110 5014 isto

532 5042 713 5102 noStro
764 5032 877 5085 sine
926 5033 1067 5085 ferro
1099 5042 1379 5102 pugnatur,
1414 5047 1509 5085 nec
1538 5031 1721 5085 Daniel
1752 5031 1979 5092 lmditur,
2012 5045 2111 5085 nec

530 5098 640 5153 tera
675 5103 959 5163 occiditur;
1002 5111 1055 5156 et
1092 5098 1193 5156 sic'
1214 5102 1467 5165 vincitur,
1488 5112 1545 5156 ut
1570 5119 1662 5156 rex
1708 5104 1926 5155 miretur
1950 5111 2110 5170 atque

532 5181 782 5237 mutetur,
815 5184 866 5227 et
890 5174 1066 5241 populi
1090 5174 1484 5242 pertimesrant,
1510 5182 1562 5227 et
1588 5173 1784 5227 inimici
1806 5173 2111 5242 dispereaut

532 5242 692 5308 (Dan.
727 5260 831 5309 xiv,
862 5244 1074 5311 30-42).
1108 5244 1432 5298 Admirabile
1461 5245 1815 5313 spectaculum
1844 5253 2106 5307 nostrum,

531 5313 683 5380 plane
711 5315 968 5381 mirabile,
1003 5317 1053 5368 in
1075 5331 1179 5385 quo
1205 5317 1340 5370 licus
1360 5316 1593 5385 adjuvat,
1626 5315 1754 5369 fides
1774 5316 1913 5369 vires
1938 5315 2109 5383 impe-

533 5393 652 5442 trat,
704 5386 1001 5439 innocentia
1047 5396 1260 5455 pugnat,
1302 5387 1554 5441 sanctitas
1601 5387 1781 5453 vincit,
1832 5387 2110 5454 praemium

530 5457 1024 5529 consequiturtale,
1058 5457 1197 5527 quod
1239 5468 1292 5512 et
1322 5459 1409 5513 ille
1438 5460 1524 5529 qui
1557 5458 1741 5512 vicerit
1779 5457 2111 5529 accipiet,ct

530 5528 616 5595 qui
646 5528 924 5581 donaverit
947 5526 1318 5584 nihil’amittet.
1348 5526 1762 5599 Ista'spiritualia
1787 5543 2003 5581 munera
2028 5526 2105 5597 (a)

528 5600 905 5667 concupiscite,
931 5600 994 5653 ad
1027 5600 1139 5655 hrec
1164 5601 1413 5655 intuenda
1436 5610 1627 5654 etcum
1655 5600 1799 5652 omni
1823 5600 2108 5653 securitate

530 5672 817 5737 spectanda
845 5672 1092 5727 alacriter
1117 5672 1181 5727 ad
1209 5673 1488 5727 ecclesiam
1527 5670 1825 5735 convenite,
1867 5669 1935 5725 ab
1963 5670 2111 5726 omni

594 5824 613 5887 ξ
638 5830 711 5887 Er.
731 5831 791 5887 _et
810 5830 935 5882 Mss.,
963 5823 1216 5887 voluptate.

592 5884 669 5958 (a)
698 5884 747 5939 td
770 5892 845 5940 est
868 5884 1157 5954 spectacula.

3066 360 3136 386 ’μὶ

1933 383 2023 441 ns
2051 381 2367 443 SYMBOLO
2758 405 2761 408 ν
2805 369 2883 418 "'1
3102 364 3136 390 ’³
3685 394 3775 453 σω

2213 499 2499 573 cupiditate
2521 499 2719 556 carnali
2746 501 3071 572 propositum
3091 502 3270 558 cordis
3283 512 3549 573 revocate,
3570 520 3774 567 omnem

2210 571 2617 626 sollicitudinem
2641 571 2869 628 vestram
2894 574 3001 627 Deo
3019 574 3414 644 gubernandam
3438 571 3773 638 committite:

2210 651 2267 696 ut
2309 643 2644 697 adversarius
2686 643 3186 708 revereatur,'nihil
3228 647 3281 700 in
3323 646 3475 701 vobis
3514 648 3775 708 inveniem

2210 728 2397 789 suum;
2429 728 2627 783 vosque
2663 714 2806 767 illum
2838 716 3204 789 repudiantes,
3229 717 3448 789 ejusque
3478 722 3678 789 pompis
3701 740 3774 779 re-

2211 786 2533 847 nuntiantes,
2580 794 2917 855 posteaquam
2962 788 3028 841 ab
3053 786 3168 854 ejus
3194 786 3398 842 insidiis
3427 786 3620 843 vestra
3635 790 3773 849 fuerit

2208 867 2357 909 eruta
2385 856 2620 932 libertas,
2652 871 2854 932 ne_vos
2898 858 3129 911 inveniat
3158 874 3353 914 vacuos
3404 860 3495 914 ille
3535 861 3772 932 nefarius,

2208 928 2647 999 quominovimﬁus
2676 928 2837 981 etiam
2869 944 2971 980 non
3004 943 3129 982 suos
3158 938 3340 984 tenere
3364 932 3686 999 cupientem.

2280 997 2503 1052 CAPUT
2541 996 2624 1051 111.
2669 1027 2739 1070 -έ-
2787 1000 2838 1051 6.
2899 999 3287 1070 Omnipotentia
3320 999 3413 1055 Dei
3439 996 3691 1070 'probatnr
3723 1023 3774 1061 es

2208 1070 2459 1142 creatione
2486 1085 2653 1142 rerum
2679 1069 2741 1122 de
2761 1070 2941 1123 nihilo.
2978 1068 3216 1123 Trinitas.
3242 1068 3435 1125 Filium
3459 1068 3662 1142 quoque
3684 1093 3774 1129 esse

2209 1138 2373 1213 Deam
2402 1141 2810 1213 omnipotentem,
2855 1150 3099 1213 teternum
3140 1152 3185 1195 et
3220 1138 3661 1213 azqualem'Patri.
3699 1146 3773 1199 Fi-

2209 1209 2399 1265 deliter
2427 1210 2626 1284 credite
2650 1214 2700 1264 in
2726 1212 2890 1284 Deum
2916 1212 3124 1267 Patrem
3155 1209 3599 1284 omnipotentem.
3616 1216 3772 1270 Omni-

2209 1290 2479 1350 potentem
2511 1282 2673 1335 Deum
2704 1282 2990 1347 credimus,
3036 1285 3125 1353 qui
3156 1282 3333 1339 omnia
3377 1284 3579 1342 faciens
3623 1287 3769 1343 factus

2208 1366 2312 1405 non
2341 1361 2455 1406 est:
2484 1361 2538 1406 et
2565 1352 2684 1424 ideo
2713 1352 3180 1423 omnipotens’est,
3212 1357 3331 1424 quia
3362 1358 3430 1411 de
3471 1359 3640 1413 nihilo
3667 1360 3771 1413 fecit

2208 1437 2552 1496 qutecumque
2580 1423 2723 1496 fecit.
2754 1424 2865 1479 Non
2898 1425 3036 1478 enim
3061 1440 3181 1481 eum
3214 1423 3387 1496 aliqua
3416 1430 3668 1483 materies
3692 1430 3773 1481 ad-

2202 1492 2374 1569 juvit,_
2398 1492 2590 1569 ex'qua
2623 1494 3011 1569 demonstraret
3037 1497 3167 1551 artis
3196 1492 3315 1551 sua!
3336 1501 3630 1569 potentiam
3650 1518 3667 1569 :
3692 1499 3770 1554 sed

2207 1578 2271 1618 cx
2304 1564 2491 1629 nihilo,
2518 1575 2572 1619 ut
2614 1565 2749 1632 dixi,
2780 1577 2966 1621 cuncta
2998 1569 3219 1622 creavit.
3250 1564 3362 1623 Hoc
3389 1580 3474 1623 est
3500 1566 3651 1625 enim
3670 1586 3769 1625 esse

2208 1635 2655 1709 omnipotentem,
2683 1649 2739 1690 ut
2771 1653 2873 1691 non
2904 1638 3076 1692 solum
3109 1638 3305 1694 fabrica
3339 1642 3475 1709 ipsa,
3510 1642 3608 1695 sed
3635 1642 3769 1695 etiam

2208 1707 2456 1780 materies
2494 1708 2561 1760 ab
2606 1707 2697 1761 illo
2737 1709 3036 1780 inveniatur
3061 1723 3198 1774 esse,
3230 1711 3317 1780 qui
3345 1707 3464 1765 non
3486 1712 3667 1765 habuit
3691 1714 3770 1765 iui-

2209 1775 2338 1848 tium
2370 1787 2433 1848 ut
2452 1786 2623 1841 esset;
2654 1787 2707 1832 et
2734 1778 2777 1831 is
2803 1780 2890 1848 qui
2919 1775 3275 1847 sempiternus
3304 1791 3408 1847 est,
3434 1792 3663 1845 crearet,
3682 1799 3767 1837 non

2209 1847 2258 1921 id
2299 1847 2438 1921 quod
2466 1849 2581 1921 ipse
2609 1859 2771 1913 esset,
2804 1850 2895 1904 sed
2936 1860 2997 1921 ut
3037 1851 3103 1904 ab
3134 1852 3224 1905 illo
3253 1863 3438 1907 essent
3478 1855 3587 1921 jam
3635 1869 3765 1908 acce-

2209 1919 2406 1987 pisse‘.
2450 1917 2615 1973 Omne
2640 1922 2779 1974 enim
2810 1920 2949 1989 quod
2976 1930 3077 1983 est,
3107 1922 3175 1976 ab
3202 1924 3293 1977 illo
3322 1932 3406 1977 est
3429 1942 3441 1978 :
3468 1917 3580 1989 ipse
3614 1936 3761 1978 autem

2209 1939 2351 1987 plSSC
2370 1939 2406 1971 ⁸.
2450 1939 2615 1973 υιηηθ
2640 1939 2779 1974 ΘΙΙΙΙῘΙ
2810 1939 2949 1989 quoa
2976 1939 3077 1983 εει,
3107 1939 3175 1976 an
3202 1939 3293 1977 1110
3322 1939 3406 1977 θδῑ
3429 1942 3441 1978 2
3468 1942 3481 1977 Ι
3614 1939 3758 1978 autem

2208 2004 2238 2065 ᾳ
2266 1991 2441 2056 seipso
2469 2002 2569 2065 est,
2611 1991 2699 2059 qui
2723 2007 2827 2045 non
2849 1992 2916 2065 ab
2939 1993 3115 2059 aliquo
3144 1992 3309 2047 factus
3348 2006 3452 2048 est.
3490 1939 3630 2049 ﬁcit
3652 2011 3758 2065 ergo

2209 2058 2343 2135 facta
2373 2076 2475 2135 non
2502 2058 2695 2135 factas,
2741 2062 2937 2117 creavit
2963 2058 3259 2135 creaturam
3298 2081 3405 2118 non
3436 2058 3761 2135 creatuszqui

2208 2132 2366 2186 etiam
2417 2132 2515 2206 ipsi
2559 2142 2814 2206 creaturtc
2843 2134 3280 2206 convenientibus
3306 2134 3561 2206 gradibus
3591 2152 3678 2205 per
3700 2132 3765 2189 di-

2208 2202 2763 2276 versasordinationes
2779 2205 3050 2257 constituit
3070 2202 3377 2273 potestates.
3399 2202 3764 2276 Potestquippe

2207 2273 2497 2348 secundum
2526 2273 2700 2328 datam
2734 2284 3055 2348 potestatem
3077 2277 3549 2348 quilibetangelus
3579 2273 3661 2333 vel
3686 2273 3763 2331 lio-

2207 2358 2295 2416 r_no
2319 2344 2422 2397 dici
2438 2353 2658 2416 potens;
2682 2346 2774 2399 sed
2806 2346 3058 2415 numquid
3086 2344 3259 2416 potest
3287 2344 3763 2416 dici'omnipotens?

2208 2413 2391 2489 Potest
2419 2414 2523 2468 dici
2554 2430 2644 2469 rex
2675 2416 2755 2469 vel
2790 2413 3101 2489 imperator,
3142 2418 3283 2487 quod
3328 2420 3497 2473 multa
3521 2413 3643 2489 qua:
3667 2420 3765 2473 velit

2208 2485 2407 2553 possit:
2443 2500 2545 2559 non
2578 2495 2753 2540 tamen
2781 2502 2902 2541 eum
2933 2486 3021 2556 qui
3053 2485 3239 2542 sanam
3271 2493 3429 2559 sapit,
3460 2485 3677 2544 audebit
3693 2490 3766 2543 di-

2206 2570 2327 2610 cere
2358 2556 2802 2625 omnipotentem;
2836 2574 2955 2611 nam
3000 2559 3044 2611 si
3087 2556 3481 2615 voluerit'eum
3528 2561 3765 2615 adulando

2207 2625 2275 2679 ita
2305 2626 2539 2699 laudare,
2567 2627 2749 2699 incipit
2773 2638 2825 2682 et
2852 2628 2997 2681 illum
3027 2638 3080 2683 et
3104 2645 3161 2684 se
3186 2630 3359 2699 ipsum
3391 2630 3626 2687 fallendo
3651 2631 3767 2685 deci-

2206 2710 2351 2765 pere.
2385 2696 2831 2771 Quomodojenim
2870 2699 3086 2754 audebit
3126 2696 3306 2755 dicere
3348 2704 3762 2771 omnipotentem,

2206 2783 2363 2837 quem
2394 2767 2535 2821 videt
2572 2768 2795 2823 multum
2822 2770 2958 2824 velle
2985 2771 3163 2826 vivere
3191 2782 3245 2826 et
3269 2772 3430 2826 vitam
3463 2767 3759 2829 succedente

2206 2847 2390 2910 morte
2402 2838 2585 2891 finire?
2603 2838 2656 2910 Si
2675 2841 3011 2908 omnipotens
3027 2850 3130 2903 est,
3152 2857 3256 2895 non
3276 2844 3559 2910 moriatur,
3577 2861 3608 2898 a
3625 2854 3766 2899 morte

2205 2909 2517 2963 excludatur
2534 2910 2576 2960 ³.
2602 2908 2655 2963 Si
2679 2922 2855 2965 autem
2878 2912 2924 2965 ei
2948 2927 3093 2966 mors
3114 2915 3400 2967 terminum
3426 2908 3595 2979 dabit,
3619 2915 3763 2968 muni-

2244 2988 2479 3051 otentem
2527 2995 2647 3033 eum
2679 2997 2783 3035 non
2831 2981 2993 3036 fuisse
3038 2982 3149 3051 ipsa
3196 2999 3340 3038 mors
3384 2984 3762 3041 demonstrabit.

2254 3066 2320 3103 on
2347 3066 2475 3121 ergo
2498 3051 2760 3121 quispiam
2783 3052 2995 3106 audebit
3017 3054 3309 3121 quamlibet
3332 3065 3655 3122 creaturam,
3675 3056 3765 3109 sive

2205 3122 2478 3193 ccelestem
2506 3122 2617 3193 sive
2647 3132 2975 3188 terrestrem,
2999 3122 3177 3179 dicere
3204 3127 3649 3193 omnipotentem,
3682 3125 3763 3179 nisi

2206 3193 2374 3267 solam
2406 3192 2751 3257 Trinitatem;
2776 3193 2986 3249 Patrem
3014 3196 3240 3263 scilicet,
3269 3208 3323 3252 et
3344 3196 3557 3265 Filium,
3587 3208 3641 3254 et
3661 3195 3761 3267 Spi-

2206 3264 2365 3318 ritum
2398 3271 2662 3318 sanctum.

2279 3336 2332 3389 7.
2372 3334 2485 3387 Non
2528 3336 2693 3401 enim,
2741 3350 2861 3389 cum
2902 3336 3127 3391 dicimus
3151 3352 3249 3393 nos
3274 3340 3495 3395 credere
3524 3341 3576 3394 in
3622 3340 3765 3394 Deum

2206 3404 2417 3480 Patrem
2437 3406 2879 3480 omnipotentem,
2898 3406 3034 3480 sicut
3050 3407 3284 3480 haeretici
3311 3412 3511 3474 Ariani,
3532 3424 3767 3480 negamus

2208 3474 2399 3549 Filium
2429 3478 2869 3549 omnipotentem,
2891 3487 2983 3531 aut
3006 3478 3258 3546 Spiritum
3276 3493 3511 3536 sanctum
3531 3474 3767 3549 negamus

2207 3547 2648 3623 omnipotentem.
2667 3548 2719 3602 Si
2742 3548 2931 3623 Filium
2956 3550 3230 3623 negaveris
3247 3547 3676 3623 omnipotentem,
3691 3564 3768 3605 ne-

2241 3617 2354 3671 ahis
2367 3628 2420 3670 et
2434 3618 2639 3693 Patrem
2654 3617 3095 3693 omnipotentem.
3111 3620 3215 3675 Sed
3228 3617 3512 3691 major'est,
3528 3624 3763 3693 inquiunt.

2250 3696 2384 3754 ater,
2402 3688 2575 3743 minor
2591 3699 2671 3744 est
2688 3690 2873 3744 Filius.
2894 3690 3003 3745 lloc
3021 3692 3072 3745 in
3092 3688 3417 3759 hominibus,
3440 3694 3540 3749 hoc
3557 3688 3616 3748 in
3627 3691 3766 3747 omni-

2208 3757 2325 3821 bus,
2358 3768 2411 3812 et
2441 3767 2496 3812 tu
2535 3760 2586 3813 in
2616 3762 2862 3815 omnibus
2893 3762 3240 3829 perturbaris.
3276 3757 3517 3819 Divinam
3547 3775 3763 3820 naturam

2207 3829 2506 3896 considera,
2546 3830 2709 3906 I_)eu_m
2748 3832 2988 3906 attende,
3014 3834 3397 3902 sempiternum
3428 3837 3637 3906 cogita:
3665 3847 3765 3887 nam

2208 3914 2342 3953 vane
2370 3901 2723 3975 conturbaris.
2742 3901 3179 3975 Sjrsempiternus
3198 3914 3282 3959 est
3305 3906 3481 3971 Pater,
3499 3901 3763 3975 sempiter-

2210 3984 2310 4024 nus
2334 3980 2433 4052 est,
2457 3971 2640 4052 nitique
2667 3982 2721 4052 e_t
2743 3972 2947 4052 .Filius.
2996 3974 3051 4029 Si
3092 3976 3233 4030 enim
3256 3977 3361 4052 iuit
3388 3976 3554 4052 Filius
3580 3971 3763 4052 qnando

2211 4055 2315 4095 non
2336 4040 2441 4116 _fui_t
2461 4040 2651 4116 Filius,
2684 4043 2780 4097 fuit
2811 4056 2871 4116 et
2914 4045 3069 4100 Pater
3094 4046 3307 4116 quando
3331 4064 3437 4102 non
3472 4047 3567 4102 fuit
3590 4040 3762 4101 Pater:

2210 4112 2350 4185 quod
2378 4113 2421 4166 si
2454 4113 2549 4166 fuit
2576 4112 2858 4183 aliquando
2881 4116 3039 4170 Pater
3068 4112 3176 4171 non
3202 4118 3379 4185 Pater,
3412 4135 3517 4173 non
3548 4118 3641 4172 fuit
3673 4130 3766 4169 οωο

2212 4184 2493 4260 nipotens_;
2525 4184 2867 4260 minuscnim
2886 4186 3080 4260 habuit
3103 4188 3243 4260 inﬂeo
3269 4184 3409 4260 quOd
3453 4200 3630 4260 postea
3656 4187 3764 4244 ede:

2211 4262 2326 4326 ctus
2343 4263 2436 4326 est
2462 4254 2635 4310 Pater.
2666 4254 2721 4310 Si
2749 4256 2845 4310 das
2885 4257 3091 4315 initium
3139 4254 3300 4326 Filio,
3341 4254 3681 4316 das-initium
3722 4264 3765 4311 et

2211 4323 2374 4378 Patri.
2410 4325 2566 4379 Pater
2589 4327 2741 4399 enim
2760 4344 2786 4378 a
2815 4327 2947 4383 Filio
2970 4330 3266 4399 appellatus
3284 4323 3375 4387 est
3402 4333 3576 4387 Pater.
3610 4333 3659 4385 Si
3685 4344 3765 4381 au-

2214 4403 2319 4469 t_em
2345 4408 2556 4469 semper
2582 4395 2679 4449 fuit
2719 4398 2895 4463 Pater,
2941 4395 3153 4469 semper
3199 4400 3295 4456 fuit
3321 4412 3375 4457 et
3404 4402 3587 4457 Filius.
3636 4400 3692 4455 Et
3724 4399 3760 4452 si

2217 4464 2354 4518 Deus
2396 4476 2477 4519 est
2520 4466 2693 4530 Pater,
2747 4469 2882 4523 Deus
2920 4480 3003 4524 est
3030 4464 3083 4525 et
3110 4471 3436 4527 Filiusznou
3484 4475 3620 4529 enim
3646 4468 3763 4523 aliud

2211 4536 2383 4611 potuit
2408 4536 2696 4611 procedere
2735 4538 2801 4592 de
2853 4540 2963 4595 Deo
3004 4557 3161 4611 quam
3210 4544 3366 4598 lleus.
3400 4544 3554 4611 Quod
3581 4544 3624 4597 si
3652 4543 3764 4595 Deus

2213 4614 2302 4686 est
2324 4606 2500 4671 Pater,
2537 4610 2672 4686 licus
2715 4618 2797 4663 est
2822 4618 2875 4664 et
2904 4606 3097 4686 Filius;
3145 4622 3193 4668 et
3239 4615 3284 4667 si
3313 4606 3661 4686 sempiternus
3697 4621 3763 4686 est

2214 4675 2391 4739 Pater,
2416 4680 2771 4755 sempiternus
2798 4691 2879 4735 est
2904 4690 2958 4735 et
2986 4681 3182 4755 Filius:
3208 4700 3364 4753 quem
3396 4675 3498 4740 non
3527 4684 3764 4755 prmcessit

2215 4756 2370 4825 aetate
2388 4764 2485 4802 nec
2500 4748 2774 4825 dignitate,
2802 4767 2905 4825 non
2929 4754 3089 4825 enin8
3114 4748 3630 4825 minititaaqualitate.
3648 4756 3765 4822 Apo-

2214 4819 2408 4893 s_to_lum
2437 4819 2559 4893 audi
2588 4820 2713 4893 quid
2740 4823 2807 4875 de
2837 4823 2943 4876 llco
2987 4823 3121 4878 Filio
3166 4825 3341 4881 dicat:
3370 4819 3496 4881 Cum
3538 4828 3590 4880 in
3627 4819 3765 4893 [orata

2216 4887 2698 4963 pei‘essettinquit,
2723 4908 2822 4945 non
2844 4894 3075 4963 rapinam
3097 4897 3369 4951 arbitratus
3396 4910 3470 4951 est
3495 4914 3601 4952 esse
3620 4887 3765 4963 trauli-

2216 4958 2413 5039 iis_Deo
2441 4959 2697 5039 (Philipp.
2738 4958 2914 5039 tt,_6).'
2940 4963 3288 5039 Nou‘rapuit.
3322 4969 3446 5039 quia
3487 4958 3764 5039 naturaliter

2217 5027 2843 5105 ItabuitLanijﬁitentia
2864 5027 3042 5105 itaque
3073 5027 3245 5094 Patris
3277 5027 3523 5099 in'Filio.
3553 5038 3764 5102 omniw-

2217 5102 2379 5179 9'1"“
2404 5099 2520 5155 Filii
2549 5099 2971 5179 inigaU‘BLQuia'
2996 5123 3167 5177 neque
3191 5111 3475 5179 aliquando
3509 5111 3652 5165 Pater
3668 5099 3764 5179 sine

2218 5169 2372 5243 _Filio,
2403 5188 2575 5242 neque
2598 5169 2880 5243 aliquando
2909 5169 3219 5234 Filius'sine
3248 5169 3423 5235 Patre.
3458 5183 3680 5236 Divinam
3709 5175 3762 5227 il-

2218 5240 2319 5295 lam
2371 5240 2701 5317 nativitatem
2744 5261 2843 5315 qna
2896 5247 3059 5302 Filius
3106 5251 3366 5317 processit
3394 5268 3459 5307 ex
3493 5254 3763 5313 Patre,qua

2218 5320 2371 5367 natus
2394 5314 2733 5393 est_l)eus_de
2763 5317 2891 5393 Deo,
2919 5318 3035 5393 sine
3056 5314 3225 5393 initio,
3251 5322 3366 5375 sine
3400 5332 3649 5393 tempore,
3666 5319 3763 5393 sine

2218 5394 2407 5457 matre,
2458 5386 2574 5440 sine
2613 5387 2786 5457 aliqua
2822 5384 3120 5457 fragilitate,
3153 5392 3270 5445 sine
3314 5393 3419 5446 ulla
3457 5384 3534 5447 sui
3566 5384 3759 5447 dimittit

2220 5455 2379 5529 tione,
2401 5471 2505 5509 non
2530 5455 2809 5526 possumus
2826 5455 3091 5528 explicare
3110 5480 3122 5514 :
3142 5461 3469 5516 Nativitatmi
3485 5474 3636 5517 autem
3653 5462 3759 5529 ejus.

2216 5527 2289 5580 ait
2316 5529 2594 5596 prOpheta,
2636 5530 2747 5598 quis
2787 5532 3036 5584 enarrabit
3081 5531 3234 5601 (1ςηὶ.
3275 5550 3383 5601 Lm,
3409 5527 3760 5606 8)?Etrei'cm

2281 5639 2297 5670 ⁸
2327 5645 2478 5710 iocus
2499 5639 2779 5710 perplexas,
2800 5643 2848 5690 in
2872 5656 2970 5710 quo
2991 5641 3281 5695 Fuliensium
3302 5646 3458 5696 codex
3488 5646 3657 5702 omnttit,
3687 5636 3762 5689 Sid

2215 5706 2269 5752 ω
2282 5700 2349 5769 ab
2375 5700 2458 5752 illo
2490 5700 2660 5760 essent,
2676 5702 2786 5764 jam
2808 5700 3061 5769 accepisse.

2279 5766 2300 5835 ξ
2334 5772 2459 5835 Mss,
2483 5779 2514 5813 a
2533 5770 2791 5835 mouerunt
2810 5766 3115 5835 exchtdatnr.

2282 5826 2762 5905 iussioni
2780 5831 3031 5905 Sido-liam
3055 5831 3203 5885 editio
3238 5838 3314 5887 Er.
3348 5846 3459 5905 qua:
3478 5830 3640 5887 deinde
3669 5824 3762 5881 sola

2216 5890 2541 5957 prosequitur,
2562 5889 2732 5945 ntinuit
2748 5889 3083 5960 (totum
