3904 6362
443 323 545 383 647

441 437 608 494 caelos
637 433 853 505 dignare
878 426 1167 505 ascendere
1195 442 1207 480 :
1233 433 1291 481 ιιι
1315 422 1663 505 congregatiq
1674 420 1850 505 populi
1882 419 2017 505 Itide:

445 491 518 564 Iis
540 491 885 576 coogr‘égetur
926 503 977 576 in
1006 515 1167 553 unum
1200 513 1293 576 per
1318 491 1496 562 ﬁdem,
1515 491 1596 576 :ut
1623 491 1764 576 Addes
1794 491 2024 576 deducat

449 594 545 635 eos
573 564 920 645 adVSpe'ciem.
955 573 1180 645 Ips_a_es_t_
1203 564 1375 622 virtus
1398 564 1943 645 on-mipptenticetum,
1970 570 2027 643 ut

482 651 563 705 lus
593 634 762 716 possis
791 646 842 699 in
868 634 997 714 ipsis
1023 636 1515 716 ﬁdelibus._quaudo
1548 634 1746 690 absens
1772 634 1839 688 ab
1864 634 2023 716 eisin

486 667 563 705 IIIS
593 667 762 716 pOSSlS
791 667 842 699 Ill
868 667 997 714 IPSIS
1023 667 1515 708 [luetluu5.qualluu
1551 667 1746 690 «uacua
1772 667 1839 688 au
1864 667 1943 687 una
1973 667 2023 712 iu

447 667 662 775 iiomine
716 718 802 771 illo
858 722 1108 781 suscepto
1157 710 1397 781 sentiris.
1439 710 1702 763 Caeterum
1744 712 2025 774 przesentia

450 802 552 845 ture
575 787 866 858 majestatis
894 785 960 839 de
986 780 1245 858 cerdibus
1264 780 1500 858 ﬁdelium
1520 788 1728 858 tuorum
1760 788 2025 858 nunquam

448 846 699 917 discedis.
738 858 921 911 Videte
949 864 1148 916 autem,
1177 851 1543 913 dilectissimi,
1582 847 1707 918 quid
1749 846 2028 918 donaverit

451 935 549 987 iste
575 930 664 1000 qui
708 927 945 1000 ascendit
972 925 1026 1000 in_
1060 924 1247 1000 altum,
1278 921 1543 1000 captivam
1572 916 1722 973 duxit
1750 916 2028 1000 captivitas

454 987 771 1065 tem,'dedit
827 997 983 1065 dona,
1014 987 1317 1065 hominibus
1346 987 1541 1065 '(Psat.
1586 1003 1770 1065 ’μιν-ιι,
1826 987 2028 1065 l9,__et

456 1057 644 1141 liplles.
688 1068 873 1141 IV,8)A;
907 1064 1078 1141 videte
1103 1062 1227 1141 quid
1247 1057 1556 1141 .donaverit.
1586 1059 1747 1136 Venit
1771 1057 2027 1141 mirabili-

454 1130 551 1207 ter,
580 1130 757 1196 crevit
778 1130 1377 1207 mirabiliterfcxhibuit
1408 1134 1567 1207 multa
1608 1130 1881 1195 miracula,
1910 1144 2029 1207 qua:

452 1199 695 1283 superius
754 1206 1337 1283 comtnemoravirmts,_
1381 1203 1523 1256 salus
1587 1209 1785 1283 (eterna
1850 1199 2030 1283 multis

455 1271 697 1355 pi-Eestitit
724 1281 967 1355 salutem.
1146 1274 1481 1355 inﬁrmitates
1525 1282 1735 1355 nostras
1773 1271 2062 1355 suscepitp

456 1340 646 1407 inultas
697 1352 974 1417 variasque
1014 1340 1347 1400 inﬁrmitates
1389 1344 1611 1417 curavit.
1659 1340 2031 1417 Circuindatus

456 1427 613 1478 etiam
638 1433 761 1476 tunc
784 1410 1247 1490 fuit-multitudine
1270 1415 1608 1490 populorum,
1634 1410 2031 1490 quosadduse-

458 1505 538 1548 rat
568 1510 669 1547 non
705 1492 852 1553 lides,
898 1490 990 1545 sed
1027 1483 1304 1542 curiositas
1331 1486 1625 1539 oculorum.
1659 1483 1891 1551 Denique
1913 1483 2029 1553 ﬁsa

459 1565 706 1619 miracula
740 1550 885 1615 multi
911 1560 1214 1619 laudabant,
1241 1558 1329 1611 alii
1360 1555 1730 1610 detrahebant.
1757 1550 1886 1606 Nam
1911 1550 2033 1604 inde

459 1646 542 1691 est
585 1634 713 1687 illud
759 1631 1101 1686 detractionis
1148 1628 1366 1683 verbum
1416 1625 1743 1687 dicentium,
1798 1622 1936 1693 quod
1980 1623 2031 1675 in

460 1705 753 1761 Beelzebub
793 1703 1027 1772 principe
1074 1699 1460 1753 daemonum-um
1506 1696 1729 1772 ejiceret
1771 1693 2033 1772 daemonia

461 1776 611 1845 (Luc.
666 1764 881 1841 Χ1,1’5ι).
917 1764 1052 1826 Citm
1105 1780 1247 1845 tanta
1292 1779 1465 1845 tamen
1513 1764 1765 1845 miracula
1818 1764 2029 1829 laceret,

460 1836 796 1913 contemptus
825 1836 905 1897 est
929 1860 949 1913 ξε
984 1857 1087 1895 non
1120 1841 1292 1913 solum
1329 1839 1486 1909 digne
1531 1836 1752 1913 habitus
1780 1851 1883 1887 non
1929 1843 2032 1900 est,

461 1917 555 1973 sed
584 1906 801 1984 insuper
828 1911 1033 1984 occisus
1071 1920 1173 1965 est.
1206 1906 1406 1984 Quare
1427 1923 1532 1984 non
1574 1915 1700 1960 tunc
1731 1906 1924 1984 factum
1956 1914 2037 1984 e_st

463 1997 519 2041 ut
544 1988 658 2054 ejus
684 1976 1252 2055 prieseutia‘numerns
1286 1980 1370 2033 ille
1398 1980 1755 2055 colligeretur,
1786 1976 2034 2055 nisi-quia

464 2044 741 2130 oportebat
780 2052 990 2130 impleri
1017 2052 1192 2130 munia
1232 2066 1348 2130 qtue
1389 2049 1455 2130 de
1494 2044 1766 2130 conferant.
1798 2044 2036 2114 scripta?

464 2118 669 2183 E'tcnim
697 2118 907 2195 quando
941 2124 1025 2176 illa
1066 2122 1375 2195 agt-bantur,
1418 2120 1525 2189 jam
1556 2118 1627 2172 illi
1658 2118 1725 2172 ab
1756 2119 1872 2195 ipso
1897 2131 2037 2185 pra:-

464 2187 800 2269 parabantur,
826 2196 937 2264 jam
965 2187 1242 2269 captivitas
1264 2187 1451 2269 eorum
1480 2200 1640 2269 capta
1667 2200 1798 2242 erat.
1819 2187 2037 2269 Enispe-

465 2258 707 2323 ctahatur
746 2276 803 2320 ut
826 2258 1155 2319 'asceud'eret
1189 2263 1454 2325 Salvator,
1505 2272 1558 2314 et
1609 2259 1833 2313 donaret
1875 2258 2035 2310 dona.

463 2340 591 2406 Quae
616 2338 792 2392 dona?
819 2337 964 2390 Dona
1001 2350 1117 2404 quae
1146 2342 1467 2401 acceperunt
1498 2330 1768 2406 discipuli;
1797 2343 1914 2397 qttte
1945 2342 2037 2406 ac-

463 2397 603 2480 cepit
648 2409 857 2472 Petrus,
904 2416 958 2458 ut
1004 2397 1300 2458 Iiiorcretur
1332 2417 1425 2470 pro
1472 2397 1720 2480 abstitite,
1753 2397 2036 2480 quamde-

466 2468 727 2548 spcrando
783 2468 1064 2548 negaverat
1112 2468 1850 2548 prmsentetn.‘Videtequid
1897 2468 2037 2548 idem

466 2539 654 2604 Petrus
679 2548 820 2601 dicat
851 2539 914 2599 in
970 2539 1201 2613 Epistula
1231 2559 1347 2606 sua,
1382 2540 1508 2611 quid
1537 2540 1767 2613 egll'uudat
1804 2555 1867 2594 ex
1899 2539 2040 2593 dono

467 2620 558 2674 illo
598 2619 767 2673 sancti
811 2611 1039 2685 Spiritus
1073 2632 1087 2668 :
1116 2613 1403 2685 Credentcs,
1435 2611 1622 2685 inquit,
1668 2611 1866 2685 in_eum
1894 2626 2041 2685 quem

468 2708 569 2743 non
614 2689 807 2752 videtis,
834 2679 1046 2758 gaudete
1083 2682 1406 2758 inenarrabili
1431 2679 1614 2752 gaudio
1642 2680 1682 2751 (Ι
1709 2679 1852 2758 Petr:
1882 2697 1921 2747 ι,
1958 2680 2037 2750 8).

466 2751 804 2816 Gaudeamus
820 2751 873 2811 et
886 2773 980 2811 nos
996 2755 1262 2809 credendo
1275 2755 1324 2806 in
1338 2751 1458 2807 cum
1476 2768 1632 2821 quem
1648 2767 1750 2805 non
1769 2751 2044 2820 videmus;

465 2840 526 2885 ut
545 2830 720 2886 securi
743 2830 887 2882 illum
906 2827 1199 2889 videamus,
1219 2840 1337 2877 cum
1351 2825 1415 2877 ad
1433 2823 1603 2893 ipsum
1623 2824 2042 2893 pervenerimus.

466 2900 660 2956 Veniet
686 2912 859 2952 autem
882 2909 931 2951 et
952 2896 1324 2967 ipse,sed_non
1352 2895 1470 2948 talis
1497 2895 1677 2967 qualis
1692 2904 1847 2967 antea
1872 2894 2039 2967 venit.

538 2970 761 3026 CAPUT
804 2968 933 3023 VIII.
960 2964 1030 3007 '—
1058 2969 1142 3022 17.
1173 2965 1399 3020 Christus
1454 2964 1522 3017 ad
1559 2964 1815 3036 judicium
1864 2964 1916 3017 in
1943 2979 2043 3036 qua

470 3047 635 3115 {arma
664 3043 839 3115 veniet.
870 3040 1135 3095 Venturos
1162 3048 1242 3115 est
1268 3039 1409 3115 enim
1441 3034 1590 3115 vivos
1614 3047 1665 3115 et
1696 3034 2043 3115 mo_rtuo_s.ju-

468 3105 668 3168 dicare.
706 3112 887 3167 Veniet
910 3121 1083 3164 autem
1112 3118 1169 3163 ut
1192 3109 1391 3176 judicet
1416 3106 1508 3176 qui
1544 3108 1690 3161 stetit
1715 3107 1812 3160 sub
1833 3105 2041 3174 judice;

468 3184 647 3239 veniet
673 3183 725 3237 in
747 3198 807 3235 ea
837 3183 1000 3236 forma
1034 3182 1084 3235 in
1113 3196 1213 3249 qua
1235 3179 1499 3249 judicatus
1529 3187 1631 3244 est,
1660 3188 1719 3231 ut
1751 3176 1963 3231 videant
1992 3177 2043 3229 in

469 3270 626 3325 quem
659 3264 1006 3324 pupugerunt.
1047 3247 1380 3325 cognoscant
1417 3247 1585 3302 Judazi
1629 3264 1785 3317 quem
1819 3261 2047 3325 negave-

469 3319 594 3380 runt
622 3342 636 3378 :
661 3319 944 3380 convincat
987 3338 1078 3375 eos
1109 3321 1197 3374 ille
1240 3322 1397 3373 homo
1440 3328 1741 3388 susceptus,
1769 3326 1824 3373 et
1861 3319 1927 3371 ab
1969 3320 2047 3371 eis

470 3397 773 3452 cruciﬁxus.
825 3393 1101 3457 Fortasse,
1149 3390 1500 3455 dilectissimi,
1551 3390 1798 3459 quoniam
1852 3388 2046 3441 veritas

471 3467 773 3537 evangelica
820 3480 923 3518 non
957 3465 1267 3537 tacuitueum
1299 3476 1419 3516 cum
1450 3460 1783 3537 cicatricibus
1812 3472 2048 3537 resurre-

471 3528 637 3601 xisse:
659 3536 749 3605 qui
773 3543 951 3604 posset
976 3533 1022 3587 si
1051 3532 1211 3605 vellet
1239 3532 1309 3605 de
1332 3545 1556 3605 corpore
1581 3531 1834 3605 suscitato
1864 3537 1919 3605 et
1939 3528 2046 3581 cla-

472 3598 911 3663 rilicato'oninem
945 3604 1203 3657 maculam
1230 3598 1510 3669 cujuslibet
1548 3601 1809 3655 cicatricis
1837 3598 2047 3652 abster-

472 3693 598 3747 gere
638 3676 752 3749 (sed
796 3677 994 3749 sciebat
1015 3689 1176 3749 quare
1198 3672 1470 3749 cicatrices
1497 3672 1546 3723 in
1569 3684 1915 3749 corpore-suo
1937 3685 2049 3749 ser-

474 3739 726 3812 varetfut
765 3746 981 3799 vulnera
1006 3739 1347 3797 dubitationis
1387 3743 1436 3812 in
1478 3739 2046 3812 cordibusgdiscipnlo-

476 3832 593 3872 rum
619 3810 852 3887 sanaret)
880 3833 893 3869 :
916 3816 1139 3887 fortasse
1158 3827 1304 3887 ergo,
1326 3820 1386 3887 ιιι
1409 3810 1539 3876 dixi,
1562 3812 1698 3865 sicut
1717 3810 2050 3887 demonstra-

475 3889 550 3941 vit
578 3879 956 3947 Thomaefnon
979 3879 1341 3937 credenti'nisi
1385 3890 1620 3949 tangeret
1646 3890 1699 3935 et
1726 3879 1953 3945 videret,
1978 3881 2048 3935 ita

474 3959 632 4012 etiam
662 3955 890 4010 inimicis
920 3954 1030 4008 suis
1068 3956 1284 4006 vulnera
1316 3952 1776 4005 demonstraturus
1813 3961 1893 4005 est
1931 3968 2045 4005 sua.

478 4029 700 4095 Propter
719 4026 859 4096 quod
880 4025 1087 4096 dictum
1112 4033 1195 4078 est
1220 4038 1316 4093 per
1342 4022 1675 4096 prophetam,
1726 4021 1971 4096 Videbunt
1997 4023 2051 4075 in

476 4091 987 4174 quemliupugerunnt
1024 4091 1439 4174 (Zachrnlnili)
1464 4108 1645 4174 ..προτὶ
1688 4101 1745 4147 ut
1772 4093 2047 4174 ciidic'a‘t,

477 4161 862 4232 sicutThom'te,
889 4166 1020 4232 Quia
1034 4161 1223 4230 uidisti,
1237 4161 1491 4235 credidisti
1512 4162 1566 4233 (1
1571 4182 1688 4219 ann.
1712 4179 1804 4227 xx,
1825 4161 2047 4235 25-29);

476 4240 570 4295 sed
602 4249 657 4293 ut
698 4242 1018 4294 convinccus
1042 4251 1135 4291 eos
1161 4236 1370 4291 Veritas
1399 4234 1561 4300 dicat,
1600 4236 1739 4289 Ecce
1783 4234 2048 4288 hominem

476 4325 637 4380 quem
667 4308 1017 4371 cruciﬁsistis,
1047 4324 1173 4380 ecce
1208 4307 1384 4380 Deum
1413 4316 1466 4361 et
1505 4306 2049 4380 hominem‘inquem

477 4375 695 4438 credere
738 4381 1000 4435 noluistis.
1045 4378 1249 4433 Videtis
1300 4377 1518 4432 vulnera
1549 4394 1669 4447 quae
1722 4375 2047 4441 inllixistis‘,

477 4453 763 4523 agnoscitis
790 4452 923 4506 latus
951 4450 1090 4522 quod
1124 4450 1417 4520 pupugistis
1446 4466 1459 4503 :
1492 4448 1741 4523 quoniam
1771 4456 1822 4501 et
1844 4460 1939 4515 per
1961 4461 2052 4499 vos

477 4520 533 4579 et
568 4532 783 4593 propter
818 4538 910 4577 vos
950 4520 1335 4593 :q‘iertum‘est,
1374 4535 1479 4593 nec
1519 4520 2051 4593 tamen_intrare_vo-

479 4588 680 4649 luistisf
702 4594 799 4662 Qui
832 4609 934 4646 non
965 4588 1094 4647 estis
1128 4591 1387 4660 redempti
1416 4591 1583 4659 pretio
1618 4589 1719 4642 mei
1757 4588 2048 4662 sanguinis,

480 4680 584 4718 non
625 4660 752 4719 estis
793 4666 930 4728 mei;
980 4662 1217 4717 discedite
1240 4680 1272 4715 α
1300 4678 1377 4713 me
1402 4662 1455 4714 in
1483 4662 1648 4730 ignem
1672 4668 1935 4722 retentum,
1956 4660 2052 4730 qui

517 4745 688 4787 aratas
721 4744 790 4787 est
825 4733 1025 4786 diabolo
1054 4742 1098 4786 et
1135 4732 1325 4800 angelis
1371 4731 1478 4799 ejus
1507 4729 1726 4802 (Matth.
1763 4744 1902 4793 xxv,
1939 4729 2051 4855 41g.

517 4805 581 4855 ed
615 4806 823 4855 illorum
858 4819 1000 4855 mors
1052 4802 1293 4855 nroliciat
1330 4800 1396 4854 ad
1426 4809 1661 4855 nostram
1709 4800 1956 4855 salutem.
2018 4802 2051 4855 ‘i

517 4753 688 4787 aratas
721 4753 790 4787 est
825 4753 1025 4786 atatwta
1054 4753 1098 4786 et
1135 4753 1325 4800 angelis
1371 4753 1478 4799 ejus
1517 4753 1726 4802 (mauu.
1765 4753 1902 4793 Juv,
1939 4753 1999 4783 ιιι
2037 4770 2051 4783 .

479 4753 581 4858 ξοδ
615 4806 823 4858 illorum
858 4819 1000 4857 mors
1052 4802 1293 4873 proliciat
1330 4800 1396 4854 ad
1426 4809 1661 4855 nostram
1709 4800 1956 4873 salutem.
1998 4753 2053 4855 Si

481 4875 555 4928 illi
595 4872 1177 4943 contempserunt,uos
1210 4873 1490 4926 timeamus
1520 4886 1641 4943 eum
1672 4872 1758 4940 qui
1800 4872 1878 4925 sic
1922 4886 2052 4926 ven-

483 4958 629 4999 tnrus
658 4955 740 5000 est
777 4942 1035 5014 judicare.
1080 4943 1318 5014 Festinet
1353 4942 1715 5011 unusquisque
1758 4955 1877 5014 cum
1903 4944 2053 5010 vivit,

485 5027 538 5068 ιιι
562 5018 697 5068 vivat
720 5033 733 5081 ;
761 5012 960 5081 currat,
977 5027 1031 5069 ut
1053 5014 1167 5082 ejus
1194 5013 1424 5082 pretioso
1443 5014 1700 5083 sanguine
1722 5012 2015 5071 redimatur
2038 5032 2053 5068 :

482 5103 547 5139 ne
576 5101 694 5141 cum
729 5103 833 5140 non
862 5086 1016 5140 fuerit
1038 5084 1282 5139 inventus
1310 5086 1361 5138 in
1387 5099 1606 5156 numero
1634 5084 2051 5156 redemptorum,

482 5157 532 5210 in
563 5173 782 5212 numero
810 5166 1017 5211 maneat
1051 5157 1396 5226 perditorum.
1427 5156 1542 5221 IIic,
1576 5155 1660 5211 hic
1686 5155 2051 5223 dum'vivitur,

483 5228 670 5299 melior
696 5229 918 5298 eligatur
935 5228 1100 5282 locus.
1130 5228 1223 5282 Hic
1249 5237 1332 5283 est
1358 5237 1566 5299 tempus
1598 5228 1738 5284 lidei.
1764 5226 2051 5299 Caeterum,

479 5297 547 5351 In
575 5297 808 5372 inferno,
844 5300 930 5372 ait,
949 5299 1223 5368 propheta,
1262 5299 1390 5372 Aquis
1419 5297 1733 5368 conﬁtebitur
1770 5301 1858 5353 tibi
1880 5298 2051 5372 (Psal.

480 5384 553 5435 Vl,
583 5370 673 5431 6)?
714 5370 813 5437 Qui
850 5371 961 5424 vult
988 5385 1200 5439 semper
1226 5369 1422 5437 vivere,
1449 5380 1499 5424 et
1537 5387 1640 5423 non
1679 5372 1866 5424 timere
1891 5369 2052 5425 'mor-

482 5448 611 5504 tem,
643 5450 819 5496 teneat
839 5443 1019 5506 vitam,
1050 5451 1104 5492 ut
1135 5455 1278 5494 mors
1305 5450 1583 5509 supeietur
1611 5456 1640 5494 a
1674 5443 1796 5493 vita.
1821 5444 1918 5507 Qui
1947 5456 2052 5494 non

478 5512 592 5566 volt
621 5513 806 5566 timere
827 5514 1024 5581 jusmin
1052 5511 1281 5579 judicent
1309 5511 1657 5580 judicautem,
1696 5513 1866 5581 ipsum
1915 5525 2055 5564 nunc

481 5583 580 5637 sibi
611 5583 859 5638 adhibeat
886 5583 1240 5637 defensorem.

551 5654 775 5709 CAPUT
827 5654 914 5708 IX.
963 5684 1029 5725 -τ
1078 5654 1164 5708 l8.
1210 5652 1287 5706 De
1336 5651 1535 5725 Spiritu
1568 5660 1764 5725 sancto.
1808 5652 2057 5709 Adversus

480 5723 695 5780 Arianos
738 5725 952 5780 dicentes
996 5724 1205 5780 Patrem
1242 5722 1517 5796 majorem,
1557 5722 1753 5778 Filium
1780 5726 2051 5797 minorem,

540 5837 672 5919 ξπ.
696 5843 891 5906 ei“,
1744 5858 1904 5892 .1".l'
1949 5855 1959 5875 '

1824 304 1915 362 DE
1951 302 2269 364 SYMBOLO

2130 421 2641 491 SpiritumAsanctum
2670 417 2826 491 multo
2854 416 3159 491 inferiorem.
3192 413 3525 491 Refelluntur
3545 413 3715 491 adhuc

2129 486 2327 546 Ariani.
2374 488 2650 545 Credimus
2693 496 2743 543 et
2790 488 2842 542 in
2881 486 3130 559 Spiritum
3162 486 3717 559 sanctumLSpiritum

2130 570 2371 617 sanctum
2405 563 2567 615 Deum
2590 559 2858 614 credimus
2879 556 3132 628 aequalem
3158 558 3297 612 Patri
3324 567 3377 612 et
3401 556 3542 610 Filio
3563 598 3581 621 ,
3603 558 3719 628 quia

2130 633 2289 687 simul
2315 643 2396 687 est
2422 641 2475 687 et
2503 631 2557 685 in
2588 632 2742 686 Patre
2771 642 2825 685 et
2854 634 2904 684 in
2931 627 3082 685 Filio.
3112 628 3392 696 Quomodo
3419 638 3509 684 est
3541 628 3595 680 in
3622 627 3719 682 Pa-

2134 704 2253 759 tre?
2299 702 2490 757 Filium
2533 702 2654 756 audi
2708 720 2720 755 :
2770 701 3031 771 Spiritus,
3078 702 3278 768 inquit,
3322 700 3407 771 qui
3436 700 3719 771 procedits

2132 774 2322 839 Patre,
2367 775 2475 843 ipse
2511 772 2791 826 intraducet
2817 767 2914 826 "vos
2952 773 3001 825 in
3030 767 3226 825 omnem
3250 767 3512 843 veritatem
3542 767 3714 843 (latin.

2130 861 2230 911 xv,
2269 840 2397 908 26,
2421 855 2466 898 et
2498 860 2605 907 XVI,
2638 845 2747 913 15).
2777 843 3055 912 Quomodo
3083 851 3166 913 est
3194 845 3246 895 in
3280 841 3452 896 Filio?
3485 840 3606 910 Ipse
3641 841 3719 894 Fi-

2132 917 2234 971 lius
2264 926 2381 985 post
2410 912 2853 970 resurrectionem
2883 915 3098 967 mittens
3123 912 3412 985 discipulos
3434 928 3568 966 suos
3592 927 3719 979 pra-

2132 984 2314 1042 dicare
2341 985 2715 1053 Evangelium,
2749 986 3033 1039 insnlllavit
3070 985 3122 1038 in
3153 984 3610 1053 laciemipsorum
3633 993 3719 1053 ,κει

2134 1059 2209 1112 ait
2256 1057 2363 1111 illis
2410 1074 2423 1110 :
2476 1052 2697 1125 Accipite
2745 1056 2995 1126 Spiritum
3041 1066 3273 1109 sanctum
3316 1052 3426 1122 (Id.
3469 1070 3587 1126 xx,
3613 1052 3718 1125 εἳ).

2134 1127 2412 1195 Quomodo
2437 1137 2517 1181 est
2543 1127 2769 1194 Spiritus
2792 1125 3004 1181 Patris?
3032 1127 3147 1194 Ipse
3178 1126 3437 1180 Dominus
3466 1125 3529 1195 in_
3552 1125 3717 1178 Evan-

2170 1193 2275 1254 clio
2316 1216 2328 1252 :
2374 1197 2493 1252 Non
2532 1193 2663 1251 enim
2690 1214 2775 1251 vos
2803 1199 2918 1252 estis
2943 1198 3029 1267 qui
3055 1193 3351 1267 loquimini,
3382 1196 3472 1248 sed
3500 1193 3719 1267 Spiritus

2188 1272 2312 1323 atris
2365 1268 2518 1340 (vestri
2563 1269 2648 1337 qui
2688 1266 2917 1340 loquitur
2955 1266 3016 1340 in
3056 1267 3199 1340 (vobis
3241 1266 3574 1340 (Manlius,
3614 1266 3719 1340 20).

2136 1339 2412 1408 Quomodo
2456 1348 2538 1393 est
2584 1348 2637 1393 et
2679 1337 2905 1406 Spiritus
2950 1337 3111 1393 Filii?
3148 1338 3432 1408 Apostolus
3459 1337 3630 1408 dicit:
3663 1337 3718 1390 Si

2136 1406 2246 1481 quis
2273 1412 2521 1481 Spiritum
2544 1409 2728 1481 Christi
2753 1426 2855 1481 non
2884 1410 3057 1481 habet,
3088 1410 3168 1481 hic
3196 1406 3296 1463 non
3322 1419 3393 1481 est
3414 1411 3527 1477 ejus
3551 1406 3718 1481 (Rata.

2138 1478 2265 1547 vin,
2309 1478 2386 1548 9).
2431 1480 2710 1546 Quomodo
2750 1480 2888 1534 idem
2930 1480 3043 1549 ipse
3082 1480 3309 1549 Spiritus
3334 1479 3508 1533 Patris
3536 1490 3585 1532 et
3610 1478 3720 1532 Filii

2139 1551 2431 1623 procedens
2474 1566 2505 1605 a
2549 1551 2707 1623 Patre
2749 1560 2799 1604 et
2843 1551 2978 1605 Filio
3016 1560 3299 1623 attestatur
3326 1549 3517 1623 Filium
3549 1565 3720 1623 susce-

2139 1620 2281 1705 pisse
2316 1622 2577 1705 carnem?
2616 1622 2848 1705 Joannes
2885 1623 3225 1705 evangelista.
3253 1622 3384 1676 dicit
3413 1638 3427 1673 :
3462 1620 3717 1705 Spiritus,

2139 1691 2341 1764 inquit,
2390 1692 2613 1764 nondum
2655 1702 2764 1746 erat
2808 1695 2990 1764 datus,
3035 1691 3153 1763 quia
3190 1691 3341 1747 Iesus
3372 1692 3593 1764 nondum
3616 1701 3720 1744 erat

2139 1762 2447 1831 clai-iﬁcatus
2476 1762 2655 1833 (Joan.
2679 1778 2786 1829 vn,
2815 1763 2930 1832 39).
2960 1762 3182 1830 Quando
3204 1774 3384 1817 autem
3408 1762 3719 1817 clariﬁcatus

2140 1844 2222 1890 est
2263 1834 2459 1900 Filius,
2506 1835 2618 1905 ipse
2660 1834 2787 1888 dicit
2818 1836 3038 1905 :_Aperti
3067 1844 3218 1901 sunt,
3249 1836 3362 1899 ait,
3392 1834 3505 1888 creti
3525 1876 3539 1897 ,
3568 1844 3610 1886 et
3631 1834 3717 1886 de—

2139 1906 2331 1960 scendit
2344 1922 2494 1975 super
2504 1904 2808 1974 baptizatum
2828 1903 2861 1957 J
2869 1903 3006 1960 esum
3033 1905 3256 1975 Spiritus
3280 1913 3487 1975 sanctus
3503 1905 3553 1956 in
3566 1905 3717 1971 specie

2142 1972 2415 2041 columbas,
2438 1972 2630 2043 voxque
2644 1977 2778 2043 facta
2806 1986 2878 2028 est
2904 1972 3087 2030 dicens
3106 1991 3125 2029 :
3155 1975 3255 2029 Hic
3285 1985 3355 2030 est
3386 1972 3552 2027 Filius
3584 1990 3710 2026 incus

2143 2047 2353 2102 dilectus
2373 2089 2386 2108 ,
2416 2048 2468 2100 in
2491 2062 2587 2114 quo
2610 2046 2733 2117 bene
2758 2047 3040 2115 comptacui
3078 2046 3288 2117 (Matth.
3318 2062 3373 2117 ιιι
3396 2088 3411 2111 ,
3440 2045 3506 2099 16
3529 2055 3579 2117 et
3608 2046 3710 2117 Π).

2215 2118 2303 2173 I9.
2335 2119 2458 2172 Hice
2484 2127 2539 2171 tu
2558 2158 2573 2182 ,
2607 2116 2855 2171 hzcretice
2881 2116 3093 2181 ariane,
3124 2133 3246 2173 cum
3274 2116 3427 2171 audis
3459 2116 3541 2169 vel
3564 2116 3721 2184 legis,

2143 2188 2335 2244 Filium
2374 2188 2751 2253 clariticatum,
2795 2189 3049 2258 Spiritum
3080 2198 3320 2243 sanctum
3354 2188 3405 2241 in
3440 2187 3617 2258 specie
3638 2201 3723 2239 co.

2146 2259 2339 2315 lunist
2377 2259 2445 2314 de
2483 2260 2633 2313 caelis
2670 2273 2791 2313 esse
2832 2257 3202 2314 transmissum
3234 2277 3246 2313 :
3281 2259 3384 2314 hac
3422 2257 3725 2311 auctoritate

2145 2331 2373 2384 carnalis
2414 2339 2497 2383 tua
2529 2330 2815 2397 cogitatio,
2850 2339 2901 2383 et
2931 2330 3207 2398 phantasia
3236 2330 3457 2399 spiritus
3488 2330 3612 2383 mali
3639 2327 3723 2397 qui

2145 2410 2393 2470 operatur
2417 2401 2467 2453 in
2494 2398 2612 2453 liliis
2637 2399 2962 2464 difﬁdentiae,
2991 2400 3203 2456 Patrem
3226 2398 3427 2455 inducit
3445 2399 3723 2469 majorem,

2145 2472 2267 2541 quia
2305 2472 2450 2524 visus
2494 2486 2599 2541 non
2642 2480 2761 2536 est;
2795 2470 2984 2525 Filium
3015 2472 3305 2535 minorem,
3339 2472 3461 2540 quia
3489 2474 3630 2524 visus
3653 2481 3727 2523 est

2147 2540 2201 2597 in
2233 2541 2478 2606 homine;
2506 2540 2761 2610 Spiritum
2790 2552 3029 2596 sanctum
3052 2542 3187 2598 Filio
3213 2542 3381 2597 multo
3404 2541 3725 2606 interiorem,

2146 2614 2271 2683 quia
2311 2613 2363 2667 in
2394 2611 2571 2680 specie
2599 2613 2844 2683 apparuit
2872 2612 3153 2667 columba}.
3185 2612 3327 2669 Dicis
3352 2612 3495 2668 enim
3530 2612 3654 2678 tibi,
3680 2620 3730 2666 et

2148 2681 2399 2755 perverse
2426 2681 2760 2755 ratiocinaris
2791 2700 2802 2736 :
2825 2682 3101 2755 Quantum
3132 2683 3293 2738 distat
3318 2684 3545 2738 visibilis
3563 2683 3629 2736 ab
3654 2683 3731 2755 in-

2147 2752 2340 2809 visibili
2362 2795 2375 2818 ,
2408 2761 2611 2825 tantum
2634 2752 2798 2825 distat
2824 2753 2990 2808 Filius
3017 2770 3047 2809 a
3074 2754 3271 2821 Patre;
3297 2764 3353 2810 et
3374 2764 3629 2825 quantum
3653 2754 3728 2807 di-

2148 2835 2252 2879 stat
2271 2824 2475 2894 species
2502 2823 2732 2877 hominis
2757 2825 2823 2879 ab
2843 2825 3020 2894 specie
3034 2825 3321 2891 columbae,
3352 2823 3555 2880 tantum
3578 2824 3731 2879 distat

2148 2895 2324 2950 honor
2364 2894 2481 2949 Filii
2520 2894 2587 2947 ab
2630 2894 2835 2948 honore
2872 2894 3100 2965 Spiritus
3134 2897 3323 2952 sancti.
3356 2896 3481 2951 Hrcc
3504 2896 3732 2965 cogitans

2148 2967 2222 3038 illi
2247 2967 2516 3038 proximus
2545 2979 2604 3019 es
2631 2966 2920 3038 pnccipitio
2937 2967 3148 3038 erroris
3179 2969 3224 3038 ⁸.
3250 2966 3432 3038 Neque
3456 2967 3601 3022 enim
3638 2965 3730 3038 de-

2150 3037 2365 3093 fuerunt
2388 3037 2477 3105 qui
2501 3036 2603 3107 hoc
2628 3036 2890 3091 sentirent
2918 3036 2983 3091 de
3006 3039 3180 3092 anima
3214 3036 3446 3092 humana
3468 3080 3482 3104 ,
3514 3037 3655 3107 quod
3683 3046 3731 3092 tu

2150 3110 2230 3162 vis
2260 3122 2502 3162 asserere
2530 3106 2596 3161 de
2622 3107 2913 3161 substantia
2938 3108 3134 3162 divina.
3162 3106 3578 3163 Introduxerunt
3601 3109 3731 3164 enim

2150 3179 2394 3248 quidam,
2430 3194 2523 3248 pro
2554 3178 2755 3232 meritis
2786 3178 2990 3232 animas
3016 3179 3131 3234 dari
3154 3180 3468 3247 corporibus
3492 3221 3506 3244 ,
3542 3190 3733 3234 etesse

2151 3250 2513 3304 revolutiones
2548 3261 2602 3303 et
2636 3249 2883 3304 circulos.
2924 3249 3186 3319 Propheta
3218 3250 3377 3304 David
3406 3251 3585 3304 divina
3612 3265 3731 3305 vace

2151 3319 2490 3392 disrumpens
2511 3361 2526 3384 ,
2555 3318 2622 3372 In
2651 3320 2865 3392 circuitu
2888 3360 2904 3386 ,
2939 3318 3143 3391 inquit,
3172 3322 3316 3392 impii
3336 3321 3615 3375 ambulant.
3638 3321 3731 3388 Qui

2152 3391 2274 3444 talia
2316 3390 2538 3461 credunt
2583 3390 2661 3443 vel
2694 3390 3023 3461 prtedicant,
3053 3392 3196 3461 impii
3223 3390 3365 3446 sunt.
3397 3393 3463 3447 Et
3490 3403 3729 3460 tanquam

2152 3461 2199 3516 ei
2267 3461 2402 3534 Deus
2444 3460 2645 3515 diceret
2666 3460 2867 3534 ,__Quid
2919 3472 2976 3534 tu
3016 3461 3083 3517 de
3130 3460 3428 3534 prepagine
3468 3464 3727 3516 hominum

2152 3532 2362 3586 sentis?
2392 3542 2604 3585 secutus
2632 3530 2869 3601 adjunxit
2892 3572 2907 3594 ,
2940 3530 3569 3588 Secundum-altitudinem
3598 3543 3732 3586 tuam

2154 3602 2502 3672 multiplicasti
2549 3600 2989 3671 ﬁlios'hominum
3035 3603 3208 3671 (Psal.
3253 3620 3340 3669 χι,
3381 3604 3459 3670 9).
3498 3604 3734 3660 Sedhax:

2152 3674 2253 3745 alia
2302 3674 2538 3745 qu:e_stio‘
2573 3682 2691 3736 est,
2745 3673 2794 3725 in
2840 3689 2941 3742 qua
2980 3690 3119 3729 nunc
3144 3692 3247 3729 non
3279 3690 3411 3745 opus
3440 3686 3522 3731 est
3548 3676 3733 3730 diutius

2154 3743 2443 3817 immorari.
2500 3742 2875 3797 Verumtamen
2923 3745 3043 3817 quia
3090 3746 3158 3801 de
3201 3742 3378 3817 specie
3420 3746 3650 3801 hominis
3685 3755 3733 3801 et

2154 3814 2415 3887 columba:
2462 3822 2895 3887 mstrgﬂtecum,
2944 3814 3349 3882 haeretica—est
3385 3817 3732 3887 disceptatio:

2154 3885 2207 3957 in
2258 3884 2358 3939 hoc
2400 3885 2542 3957 enim
2594 3884 3145 3957 Filiumampliorem
3187 3902 3304 3942 esse
3333 3884 3733 3957 Spiritu'saucto

2153 3956 2323 4027 dicis,
2366 3955 2491 4027 quia
2534 3970 2633 4027 pro
2673 3956 2927 4026 dignitate
2973 3957 3166 4026 gradus
3198 3958 3314 4025 sui,
3357 3955 3495 4013 sicut
3520 3960 3729 4014 multum

2154 4026 2316 4081 distat
2363 4026 2499 4080 inter
2538 4026 2786 4081 naturam
2836 4028 3065 4082 hominis
3107 4039 3160 4082 et
3201 4030 3501 4097 columbae,
3547 4040 3731 4084 tantam

2155 4097 2465 4171 distantiam
2492 4097 2581 4171 rvis
2620 4113 2762 4171 esse
2785 4097 2903 4152 Filii
2944 4108 3009 4171 et
3032 4098 3259 4168 Spiritus
3294 4102 3460 4155 sancti
3492 4119 3505 4154 :
3533 4116 3731 4171 possem

2154 4168 2367 4241 quidem
2411 4168 2503 4241 tibi
2536 4168 2859 4241 respondere
2879 4210 2895 4235 ,
2922 4170 3044 4241 quia
3076 4172 3431 4226 innocentiam
3457 4168 3613 4241 quam
3646 4173 3732 4225 ha-

2156 4239 2246 4293 bet
2284 4240 2564 4301 columba,
2608 4255 2711 4293 non
2762 4240 2920 4296 habet
2959 4240 3118 4296 homo
3164 4259 3176 4294 :
3224 4242 3317 4297 sed
3362 4239 3732 4305 non‘dicoule

2155 4309 2252 4384 illo
2286 4310 2426 4364 enim
2468 4309 2683 4365 homine
2708 4319 2913 4384 agimus
2942 4313 3203 4384 quivenit
3227 4315 3340 4367 sine
3371 4325 3608 4384 peccato.
3637 4313 3731 4369 Sed

2155 4380 2199 4460 si
2242 4380 2345 4460 hoc
2371 4390 2421 4435 te
2449 4391 2660 4460 movet,
2692 4384 2811 4451 quia
2844 4380 3007 4460 Filius
3037 4383 3303 4439 hominem
3334 4380 3733 4460 suscepitj‘Spi-

2156 4450 2291 4505 ritus
2332 4450 2384 4505 in
2429 4452 2671 4506 columba
2706 4450 2981 4522 apparuit;
3014 4470 3227 4509 movere
3260 4466 3310 4509 te
3337 4466 3391 4510 et
3418 4450 3519 4510 hoc
3546 4450 3727 4521 debet,

2155 4522 2278 4645 quia
2322 4533 2370 4576 et
2405 4522 2517 4591 ipse
2546 4524 2704 4578 homo
2732 4539 2761 4577 a
2790 4524 2922 4577 Filio
2952 4525 3042 4578 Dei
3082 4535 3363 4594 susceptus
3403 4543 3431 4579 a
3470 4526 3730 4594 Scriptura

2196 4592 2332 4645 ivina
2369 4592 2649 4645 dictusest
2677 4609 2865 4645 aeuus.
2899 4594 3029 4645 Nam
3059 4606 3113 4645 et
3140 4597 3375 4645 Joannes
3396 4598 3626 4645 Baptista
3654 4597 3729 4645 di-

2196 4592 2553 4666 ivina__dictus_
2567 4603 2649 4648 est
2677 4609 2865 4666 agnus.
2899 4594 3029 4649 Nam
3059 4606 3113 4649 et
3140 4592 3375 4651 Joannes
3396 4592 3626 4666 Baptista
3654 4597 3729 4651 di-

2157 4664 2229 4737 cit
2275 4680 2287 4716 :
2334 4663 2677 4737 Eccedgnas
2708 4665 2813 4737 iDei
2830 4707 2846 4730 ,
2878 4683 2989 4719 ecce
3013 4668 3097 4737 qui
3127 4668 3256 4721 tollit
3288 4663 3545 4737 peccatum
3568 4669 3729 4721 mundi

2163 4732 2338 4807 (Joan.
2382 4750 2425 4797 I,
2466 4732 2581 4807 29).
2612 4735 2678 4788 Ει
2706 4736 2869 4791 ISaias
2896 4732 3151 4807 propheta
3180 4732 3305 4793 dicit
3334 4757 3345 4791 :
3377 4740 3521 4794 Sicut
3545 4742 3644 4793 om
3668 4739 3730 4789 ad

2158 4805 2521 4879 immolandum
2549 4806 2727 4860 ductus
2755 4817 2859 4871 est,
2891 4805 2936 4861 et
2963 4805 3092 4879 sicut
3120 4826 3278 4879 agnus
3308 4827 3478 4864 coram
3505 4811 3726 4863 tondente

2158 4892 2212 4930 se
2236 4917 2250 4941 ,
2283 4877 2360 4951 sic
2384 4893 2485 4951 non
2512 4879 2706 4951 aperuit
2732 4895 2786 4951 os
2804 4895 2957 4951 suum
2979 4878 3129 4951 (lsai.
3155 4877 3250 4951 :I_.lll
3275 4923 3288 4945 ,
3322 4883 3398 4949 7).
3426 4881 3493 4935 Et
3512 4881 3729 4936 Joannes

2159 4948 2446 5023 apostolus
2475 4948 2525 5001 in
2574 4948 2889 5023 Apocalypsi
2930 4948 3111 5023 dicit;
3150 4949 3265 5004 Vidi
3302 4948 3503 5023 Agmina
3533 4961 3727 5007 stantem

2158 5018 2303 5088 quasi
2345 5018 2560 5071 occisum
2603 5018 2786 5089 (Apoc.
2832 5036 2899 5087 v,
2945 5022 3022 5090 6).
3054 5022 3147 5076 Dic
3175 5018 3405 5083 mihifsi
3433 5023 3653 5077 valuenis
3678 5035 3725 5075 tu

2160 5104 2461 5163 exponere,
2506 5104 2671 5158 quare
2709 5092 2777 5163 sit
2801 5091 2973 5146 dictus
3013 5108 3179 5163 agnus
3209 5091 3375 5163 Filius
3413 5096 3502 5149 Dei
3535 5107 3726 5163 :expo-g

2160 5175 2286 5233 nam
2329 5160 2419 5233 tibi
2446 5168 2500 5233 et
2528 5176 2626 5230 ego
2652 5162 2913 5233 columhze
2943 5160 3174 5233 speciem
3205 5162 3439 5233 Spiritus
3465 5160 3652 5221 sancti.
3673 5161 3727 5217 Si

2160 5231 2289 5304 mihi
2321 5231 2548 5297 dixeris,
2581 5234 2764 5304 Agnus
2790 5231 3073 5289 Filius‘Dei
3106 5231 3318 5304 propter
3349 5238 3722 5291 innocentiam:

2161 5300 2263 5373 hoc
2306 5311 2359 5354 et
2395 5317 2493 5371 ego
2535 5300 2651 5357 tibi'
2670 5303 2738 5357 de
2768 5303 2969 5373 Spiritu
2999 5300 3183 5359 sancto
3203 5300 3440 5361 referam
3460 5348 3477 5373 ,
3506 5308 3623 5362 Ideo
3643 5320 3726 5359 co-

2161 5370 2336 5426 lumba
2368 5370 2599 5441 Spiritus
2620 5370 2833 5429 sanctus
2858 5385 3073 5443 propter
3098 5370 3475 5432 innocentiam;
3508 5378 3563 5433 Si
3587 5375 3727 5432 Chri-

2160 5452 2274 5517 stus
2317 5459 2482 5517 argnus
2520 5453 2733 5513 propter
2767 5446 3122 5501 innocentiam
3145 5489 3158 5509 ,
3192 5456 3246 5501 et
3274 5448 3505 5517 Spiritus
3530 5456 3723 5503 sanctus

2158 5516 2399 5569 columba
2419 5523 2631 5584 propter
2646 5517 3001 5571 innocentiam
3019 5536 3030 5571 :
3047 5520 3301 5572 custodiet
3318 5516 3370 5573 tu
3386 5520 3721 5582 innocentiam,

2165 5597 2211 5661 et
2234 5586 2346 5661 uide
2363 5586 2648 5661 aequitatem
2682 5586 2848 5661 (Psat.
2872 5604 3062 5661 sum,
3093 5590 3204 5657 37).
3232 5590 3390 5646 Vides
3417 5592 3721 5661 aequitatem,

2162 5657 2206 5712 si
2234 5658 2404 5734 Patris
2428 5666 2483 5734 et
2508 5658 2627 5734 Filii
2656 5666 2712 5713 et
2744 5659 2974 5731 Spiritus
2994 5662 3160 5715 sancti
3184 5662 3433 5734 intelligis
3463 5657 3719 5717 unitatem.

2232 5729 2322 5785 20.
2366 5729 2471 5785 Sed
2515 5730 2689 5785 adhuc
2727 5729 2891 5787 vanas
2934 5741 3052 5788 tuas
3094 5729 3378 5789 machinas
3400 5735 3722 5799 diversasque

2106 5859 2138 5867 οδ
2231 5844 2246 5877 ⁸
2281 5850 2411 5907 ωδε..
2428 5851 2543 5897 tunc
2564 5842 2779 5911 cogitans
2798 5841 2898 5911 ille,
2916 5842 3239 5907 ηιαπὶηιυδοδε
3257 5843 3523 5921 Ρῖιεεὶρὶεἱο
3536 5851 3720 5903 arm.
