3904 6362
436 393 568 449 test?
583 391 640 448 Si
660 403 836 448 autem
856 390 1065 446 videbat
1084 403 1206 444 eum
1225 387 1452 460 Moyses,
1473 387 1598 458 quid
1615 397 1696 460 est
1719 389 1859 460 quod
1880 389 2020 444 idem

437 465 553 533 ipse
576 473 692 531 post
717 464 984 532 paululum
1006 476 1104 533 pro
1129 459 1324 533 magno
1348 460 1495 533 petit,
1522 469 1579 514 et
1601 459 1747 522 dicit,
1772 459 1832 533 _Si
1857 460 2023 533 infreni

438 531 660 604 gratiam
679 531 792 587 ante
813 545 886 596 te,
914 532 1117 586 ostende
1142 532 1263 585 mihi
1286 532 1462 604 [adem
1486 539 1662 604 tuam;
1691 539 1744 584 et
1771 531 2023 604 Dominus

438 601 514 661 illi
537 649 551 668 ,
583 603 762 658 Facies
786 605 987 671 quidem
1008 619 1118 655 mea
1142 619 1242 656 non
1269 601 1511 654 videbitur
1532 602 1617 654 tibi
1640 617 1658 653 :
1684 617 1783 654 non
1805 603 1934 654 enim
1951 602 2024 654 vi-

441 675 576 729 debit
603 679 714 745 quis
736 675 915 745 faciem
943 690 1103 726 meam
1127 683 1171 725 et
1191 673 1363 745 iniret?
1393 673 1486 745 Ubi
1516 671 1748 745 estillud
1775 671 2024 745 quodvi-

438 742 630 800 debat?
653 745 717 799 Et
736 742 778 799 si
803 745 1034 806 videbat,
1057 759 1154 796 cur
1172 743 1507 798 desiderabat
1527 742 1710 796 videre
1725 743 1865 811 quod
1887 743 2025 798 vide-

439 816 568 870 bat?
599 819 666 868 At
695 817 965 882 quomodo
997 815 1067 868 illi
1093 814 1384 884 negabatur
1413 813 1463 866 id
1495 813 1635 881 (ιιιυά
1660 813 1766 884 jam
1798 813 2023 884 demon—

439 887 740 941 strahatur?
772 887 996 940 Exercet
1023 883 1287 954 ingenium
1309 885 1615 952 qutereutis.
1639 883 1862 937 Videbat
1882 883 2028 954 Moy-

440 972 529 1011 ses
562 958 726 1012 Deum
762 974 864 1009 non
892 956 1059 1010 oculis
1089 955 1378 1023 corporeis,
1408 954 1502 1009 sed
1524 954 1691 1007 oculis
1716 955 1926 1008 mentis.
1957 954 2027 1009 Et

439 1029 561 1098 quia
593 1027 677 1080 lux
704 1028 788 1081 illa
822 1035 1102 1096 perpetua,
1135 1041 1253 1098 qua:
1285 1026 1422 1098 Deus
1450 1035 1550 1089 est,
1577 1025 1842 1098 pluscum
1866 1041 2025 1098 quam

438 1094 665 1152 caeteros
697 1094 1085 1160 illustraverat,
1134 1094 1254 1150 ideo
1282 1096 1480 1149 dictqu
1513 1104 1625 1158 est,
1679 1094 1749 1148 Os
1773 1095 1842 1148 ad
1866 1113 1920 1148 os
1950 1097 2027 1150 lo-

438 1169 683 1238 quebatur
707 1169 786 1221 illi
807 1184 823 1221 :
843 1183 905 1223 ac
926 1167 969 1222 si
999 1167 1281 1228 diceretur,
1312 1167 1436 1238 Plus
1454 1167 1700 1220 omnibus
1722 1166 2027 1238 manifesta-

439 1235 525 1294 tus
555 1247 638 1293 est
667 1239 760 1292 illi.
790 1239 845 1292 In
885 1255 949 1293 eo
989 1248 1164 1292 autem
1195 1237 1335 1308 quod
1366 1237 1565 1291 dictum
1596 1247 1678 1290 est
1699 1278 1712 1301 ,
1744 1235 1864 1290 Non
1893 1238 2026 1291 enim

439 1309 552 1378 quis
601 1310 782 1378 poterit
810 1309 976 1364 videre
1023 1311 1201 1378 facient
1242 1325 1405 1362 meant
1443 1318 1490 1362 et
1531 1309 1723 1374 vivere;
1753 1320 2024 1362 ostensum

440 1388 524 1433 est
553 1381 818 1434 neminem
854 1381 933 1434 his
960 1380 1130 1434 oculis
1150 1380 1421 1450 corporeis
1456 1379 1617 1434 Deum
1648 1393 1800 1448 posse
1822 1379 2022 1433 videre.

442 1450 579 1516 Quid
628 1459 804 1504 autem
855 1466 1167 1506 concessum
1225 1453 1294 1503 sit
1342 1449 1646 1503 lidelissimo
1690 1451 1884 1504 famulo
1933 1449 2025 1503 Dei

442 1517 610 1591 Moysi
631 1563 645 1585 ,
679 1537 746 1576 ne
777 1531 880 1575 tam
910 1537 1157 1591 magnum
1191 1521 1308 1588 ejus
1333 1520 1655 1574 desiderium
1686 1521 1739 1574 in
1780 1520 2027 1575 omnibus

442 1590 812 1656 frustraretur,
841 1590 1182 1647 debet’nOsse
1218 1593 1459 1646 Charitas
1486 1600 1678 1644 vestra.
1710 1592 1914 1644 Dictum
1945 1599 2029 1646 cst

441 1661 573 1716 illia
619 1663 862 1726 Domino,
881 1664 1020 1717 sicut
1052 1663 1235 1717 eadem
1276 1662 1545 1731 Scriptura
1592 1671 1806 1716 narrat:
1851 1660 2023 1725 Vade,

442 1733 657 1786 ascende
684 1751 835 1802 super
861 1745 1052 1804 petram
1094 1735 1146 1786 in
1187 1732 1384 1798 Horeb,
1415 1743 1459 1784 ct
1493 1740 1571 1804 sta
1603 1732 1706 1804 ibi;
1749 1743 1794 1785 et
1821 1732 2027 1786 transiet

442 1804 649 1858 claritas
669 1821 777 1857 mea
803 1803 918 1857 ante
933 1815 1000 1867 te,
1022 1815 1066 1856 et
1098 1805 1374 1874 posteriora
1398 1803 1712 1874 nteaAvidebis
1735 1819 1753 1856 :
1775 1803 1928 1874 facies
1944 1819 2029 1855 au-

446 1883 545 1927 tem
568 1892 676 1927 mea
695 1892 794 1927 non
812 1876 1055 1928 videbitur
1074 1876 1160 1927 tibi
1178 1873 1362 1944 (Num.
1390 1888 1487 1937 xu,
1507 1872 1559 1934 8,
1578 1882 1625 1926 et
1647 1872 1815 1927 Exod.
1841 1889 2024 1940 xxxnt,

342 2009 350 2013 _
444 1944 653 2014 13-25).
685 1944 760 1998 Ne
794 1944 931 1999 forte
969 1945 1219 2012 subrepat
1250 1959 1529 2012 perversus
1564 1944 1895 2009 intellectus,
1937 1952 2029 1998 aut

443 2013 730 2069 halreticus
747 2029 958 2079 sensus,
979 2025 1032 2068 et
1050 2025 1197 2084 putet
1218 2015 1335 2082 quis
1361 2015 1521 2068 Deum
1549 2030 1668 2067 esse
1687 2029 2023 2082 corporeum,

442 2085 628 2156 vigilet
672 2087 753 2152 pia
787 2086 917 2140 ﬁdes
938 2093 999 2156 et
1023 2085 1282 2139 catholica
1312 2084 1572 2138 doctrina.
1616 2085 1855 2156 Mysticis
1883 2086 2026 2140 enim

443 2155 627 2224 figuris
658 2156 892 2222 loquitur
919 2155 1098 2210 divina
1125 2155 1418 2224 Scriptura,
1459 2155 1685 2209 servans
1707 2157 1864 2211 rebus
1895 2167 2028 2210 tem-

443 2240 606 2295 pora,
636 2229 825 2296 quibus
852 2226 1137 2296 recognitis
1163 2227 1442 2281 manifesta
1482 2237 1728 2280 exerceat
1764 2227 2023 2281 veritate:

442 2297 692 2367 quoniam
725 2313 822 2352 nec
868 2297 966 2352 hoc
991 2306 1144 2352 vacat
1171 2313 1198 2349 a
1240 2298 1493 2367 mysterio
1517 2339 1530 2362 ,
1579 2296 1720 2366 quod
1765 2298 1814 2352 in
1848 2309 2027 2352 monte

441 2366 622 2422 Horeb
647 2385 807 2437 super
839 2378 1037 2436 petram
1065 2369 1246 2436 jussus
1275 2366 1356 2422 est
1382 2367 1675 2422 ascendere
1703 2367 1940 2438 Moyses,
1971 2378 2026 2423 et

443 2446 608 2493 stare.
632 2437 744 2507 Ipsa
773 2450 854 2492 est
879 2441 964 2492 illa
990 2449 1157 2507 petra,
1182 2455 1302 2508 quae
1321 2453 1566 2506 percussa
1595 2437 1842 2507 produxit
1862 2453 2026 2508 aquas

441 2509 641 2632 Boi)qu
673 2510 870 2590 sitienti
906 2509 1100 2579 (Exod.
1129 2527 1254 2570 xvn.
1296 2511 1350 2578 b’)
1380 2528 1392 2563 :
1421 2509 1488 2562 de
1527 2524 1627 2578 qua
1656 2508 1785 2561 dicit
1811 2518 2027 2564 sanctus

494 2579 631 2632 avid.
656 2579 882 2632 Dtsrumt
906 2591 1118 2632 petram.
1137 2590 1179 2632 et
1199 2581 1450 2632 fluxerunt
1469 2595 1613 2632 arma:
1629 2582 1643 2632 (
1653 2577 1794 2632 Psal.
1817 2595 2022 2632 Lxxvn.

494 2579 631 2650 avid,
656 2579 882 2648 Disrupit
905 2577 1118 2650 petram,
1137 2590 1179 2634 et
1196 2577 1450 2650 [luxerunt
1469 2577 1613 2648 aqua:
1629 2577 1794 2650 (Psal.
1817 2595 2022 2644 uxvu,

441 2648 557 2720 20).
591 2651 876 2720 Apostolus
903 2648 1080 2705 autem
1107 2648 1380 2720 exponens
1412 2651 1513 2705 hoc
1533 2652 1637 2704 ait:
1666 2648 1846 2704 Patres
1867 2651 2024 2704 nostri

443 2735 609 2792 escam
651 2722 966 2788 spiritualem
1009 2722 1476 2785 manducaverunt,
1511 2731 1556 2774 et
1586 2721 1811 2792 eumdem
1855 2730 2026 2792 potum

444 2791 763 2852 spiritualem
781 2792 1027 2846 biberunt.
1061 2792 1304 2846 Bibebant
1327 2793 1460 2846 enim
1489 2793 1552 2862 de
1573 2790 2027 2862 spiritualii'conse-

482 2870 626 2932 uente
652 2877 735 2932 eos
772 2873 914 2932 petra
938 2879 956 2916 :
982 2872 1124 2932 petra
1150 2874 1318 2918 autem
1352 2871 1459 2932 erat
1487 2861 1716 2932 Christus
1747 2862 1791 2932 (Ι
1814 2861 1932 2916 Cor.
1966 2879 2022 2930 x,

482 2876 626 2914 uente
652 2877 735 2916 eos
772 2876 914 2932 petra
938 2879 956 2916 :
1047 2876 1124 2916 tra
1150 2876 1318 2918 autem
1352 2876 1459 2916 erat
1487 2876 1716 2917 Christus
1747 2876 1791 2932 (ι
1814 2876 1932 2916 Cor.
1966 2879 2022 2930 x,

443 2876 634 3003 245).
651 2930 764 3000 Ipsa
793 2942 916 2987 sunt
937 2879 1340 3002 ilgposteriora
1364 2931 1478 2998 Dei,
1504 2931 1748 2988 Christus
1771 2933 1883 2987 Dei.
1917 2933 2027 2988 Hoc

443 3001 812 3074 viditMuxses
854 3001 1252 3073 prophetando,
1293 3003 1435 3074 quod
1473 3004 1669 3058 Paulus
1697 3004 1914 3072 exponit
1940 3004 2023 3058 di-

444 3019 577 3054 vxuu
604 3019 812 3127 tuo‘gses
854 3019 1252 3073 propnetanuo,
1293 3019 1435 3074 quoa
1475 3019 1669 3058 rautus
1697 3019 1914 3072 exponit
1940 3019 2023 3058 αι-

444 3073 654 3144 c_endo:
729 3091 814 3126 um
856 3077 1018 3140 venit,
1063 3074 1266 3144 inquit,
1295 3075 1552 3143 plenitudo
1597 3075 2027 3144 temporis,misit

444 3141 586 3229 Reus
627 3144 818 3229 Filium
864 3161 1010 3229 suum
1039 3141 1228 3217 factum
1252 3141 1574 3229 "eiehmuliere
1617 3141 1813 3229 (Colat.
1839 3161 1912 3229 tv,
1945 3144 2023 3229 4).

444 3212 718 3269 Mulierem
740 3215 827 3270 hic
853 3218 1020 3284 ponit,
1039 3212 1485 3272 consuetudinem
1507 3212 1726 3271 servans
1746 3212 2026 3272 locutionis

447 3284 698 3350 hebet-ar,
730 3303 848 3356 quae
873 3303 1060 3342 omnes
1087 3287 1312 3342 feminas
1339 3288 1590 3343 mulieres
1617 3288 1868 3356 appellat.
1893 3288 2024 3342 Nam

443 3356 701 3426 scriptum
732 3366 857 3428 est,
878 3357 1083 3412 Servate
1121 3359 1354 3412 mulieres
1388 3374 1500 3428 qua
1535 3358 1761 3412 nondum
1785 3374 2028 3428 cognove—

443 3439 564 3479 runt
594 3429 754 3499 uirum
781 3426 966 3499 (Nam.
1007 3445 1166 3495 xxxi,
1200 3429 1291 3497 18)
1318 3447 1330 3482 :
1363 3426 1416 3499 et
1445 3429 1511 3483 de
1549 3430 1659 3499 ipsa
1687 3427 1794 3482 Eva
1826 3426 2022 3483 dictum

449 3505 535 3569 est
549 3538 564 3564 ,
582 3496 976 3552 Formaoit'eam
996 3500 1049 3552 in
1068 3496 1329 3554 mulierem
1351 3498 1504 3569 (Gen.
1519 3496 1578 3564 lt,
1596 3498 1709 3568 22);
1738 3509 2023 3568 antequam

445 3566 590 3641 illam
610 3569 747 3641 piro
790 3570 1170 3641 conjungeret,
1213 3566 1992 3641 eammulieremappellavit.

517 3638 741 3694 CAPUT
781 3639 867 3695 IV.
895 3638 970 3680 ‘—
999 3638 1053 3695 ἰ.
1086 3640 1271 3697 Christi
1297 3639 1569 3695 Nativitas.
1592 3640 1751 3695 Fides
1763 3638 1946 3695 autem
1971 3650 2026 3696 et

445 3709 646 3780 veritas
673 3709 773 3763 hoc
799 3711 1072 3780 praedicat,
1101 3711 1242 3780 quod
1269 3710 1512 3765 Christus
1536 3713 1606 3764 sit
1635 3720 1791 3765 natus
1821 3713 2022 3766 ex-vir-

483 3779 590 3851 ine.
617 3780 704 3835 Sic
733 3779 1014 3851 acoepistis
1035 3823 1049 3844 ,
1077 3779 1154 3836 sic
1183 3797 1278 3836 vos
1309 3781 1530 3836 credere
1552 3782 1787 3845 dixistis,
1828 3781 2022 3836 Credo.

497 3865 575 3906 aee
601 3852 846 3906 nativitas
875 3853 964 3906 Dei
986 3863 1040 3908 et
1061 3852 1292 3907 hominis
1317 3853 1450 3906 facta
1471 3861 1553 3906 est
1573 3866 1732 3905 causa
1755 3852 1984 3907 hominis
2009 3872 2022 3908 :

443 3921 778 3993 ut_sub|imis
803 3923 890 3978 illa
914 3924 1160 3993 Majestas
1197 3923 1493 3991 procedens
1515 3938 1584 3976 ex
1613 3923 1776 3976 corde
1815 3923 1989 3978 Patris
2008 3965 2021 3986 ,

445 3991 749 4047 infunderct
773 4007 833 4048 se
870 3995 921 4048 in
949 3991 1101 4049 utero
1128 3994 1341 4059 matris,
1388 4008 1546 4047 causa
1571 3993 1747 4062 exegit
1778 3994 2021 4062 pietatis;

446 4071 508 4134 ut
537 4063 694 4117 homo
721 4065 1046 4120 inveniretur
1075 4064 1308 4134 perditus
1328 4107 1343 4131 ,
1389 4075 1443 4118 et
1473 4065 1582 4121 Deo
1612 4063 1754 4118 Patri
1796 4079 1888 4132 per
1912 4064 2023 4120 Me—

444 4131 707 4189 diatorem
741 4131 1110 4190 restitueretur
1132 4136 1394 4190 inventus.
1423 4135 1551 4188 Mira
1581 4145 1754 4188 tamen
1784 4131 1898 4188 haec
1928 4151 2023 4189 ua-

444 4204 624 4258 tivitas
651 4206 1116 4270 secunda,fratres
1159 4205 1510 4261 dilectissimi.
1563 4205 1829 4260 Caeterum
1880 4205 2023 4260 illam

442 4276 672 4346 primam
715 4292 816 4346 qua
848 4277 914 4330 de
956 4277 1112 4332 Patre
1156 4277 1311 4332 natus
1351 4287 1435 4332 est
1462 4277 1576 4331 sine
1619 4275 1793 4345 aliqua
1822 4287 2022 4341 matre,

444 4347 565 4418 quis
603 4347 913 4402 enarrabit?
941 4347 998 4402 Si
1033 4348 1168 4404 hanc
1195 4362 1306 4401 non'
1327 4347 1931 4418 possumusexplieare,
1959 4347 2025 4400 il-

443 4417 549 4472 lam
581 4419 792 4488 quando
836 4419 1076 4474 valemus
1117 4419 1203 4475 vel
1242 4419 1529 4474 inchoare?
1574 4417 1634 4488 Si
1662 4417 1775 4472 haec
1814 4419 1882 4471 ita
1927 4433 2028 4473 nos

444 4487 679 4555 exercet,
709 4501 764 4544 ut
785 4489 906 4544 ﬁdei
935 4490 1024 4544 det
1049 4490 1261 4555 locum;
1295 4491 1440 4545 illam
1465 4487 1676 4559 quando
1697 4489 2022 4559 attingimus,

443 4574 603 4628 quam
631 4576 730 4614 nec
757 4561 915 4616 corda
945 4570 1229 4630 potuerunt
1252 4559 1704 4630 comprehendere
1731 4559 2027 4628 Propheta-

444 4631 603 4683 rum?
630 4631 704 4684 De
743 4631 840 4685 hac
867 4629 1042 4685 tamen
1079 4631 1309 4686 secunda
1351 4629 1485 4684 mira
1515 4638 1569 4683 et
1595 4629 1844 4684 ineffabili
1885 4630 2030 4683 dica-

446 4715 567 4753 mus
605 4700 802 4766 aliquid
825 4741 839 4764 ,
879 4700 1018 4768 quod
1062 4701 1256 4760 factum
1280 4709 1363 4754 est
1390 4715 1489 4768 pro
1514 4699 1691 4763 nobis,
1722 4707 1777 4752 ut
1798 4699 2028 4753 Verbum

446 4784 572 4823 caro
602 4768 784 4834 ﬁeret,
816 4783 869 4824 et
898 4768 1161 4824 habitaret
1204 4773 1259 4823 in
1303 4770 1455 4823 nobis
1485 4768 1661 4839 (Joan.
1691 4785 1728 4833 ι,
1758 4768 1869 4838 tt).
1901 4770 2029 4836 Quis

445 4841 587 4894 enim
620 4854 723 4893 non
749 4850 1098 4908 expavescat,
1129 4855 1248 4895 cum
1279 4840 1424 4893 audit
1455 4839 1624 4892 Deum
1667 4840 1890 4893 natum?
1919 4846 2028 4894 Au-

445 4911 529 4965 dis
555 4920 884 4977 nascentem,
917 4911 1038 4964 vide
1067 4911 1117 4964 in
1152 4912 1264 4980 ipso
1293 4919 1412 4964 ortu
1443 4909 1699 4963 miracula
1725 4909 2026 4965 facientem.

446 4984 611 5036 Alvus
637 4983 884 5037 tumescit
906 4981 1141 5050 virginis,
1171 4981 1458 5036 claustrum
1482 4980 1698 5050 pudoris
1715 4991 2026 5050 permanet:

447 5053 699 5121 impletur
742 5061 924 5107 uterus
968 5053 1155 5106 matris
1198 5053 1313 5106 sine
1361 5053 1466 5105 ullo
1506 5052 1786 5121 complexu
1831 5055 2024 5122 patris,

446 5125 608 5177 sentit
635 5124 837 5192 prolem
863 5138 982 5193 qua:
1003 5137 1060 5177 se
1083 5124 1357 5193 ignombat
1377 5123 1679 5192 conjugem.
1707 5124 1942 5193 Angelus
1963 5125 2028 5179 ad

445 5196 702 5264 virginem
726 5195 978 5264 loquitur,
1003 5209 1032 5247 a
1065 5195 1263 5264 virgine
1289 5209 1383 5250 cor
1409 5203 1754 5263 praeparatur,
1787 5195 2030 5250 Christus

445 5266 548 5321 tlde
590 5267 906 5336 concipitur.
949 5265 1158 5320 Miraris
1199 5265 1349 5321 tunc?
1397 5265 1586 5320 Adhuc
1630 5265 1846 5336 mirare.
1888 5267 2033 5321 Parit

445 5345 616 5391 mater
639 5348 692 5391 et
715 5335 883 5406 virgo,
911 5337 1012 5390 feta
1033 5344 1088 5390 et
1113 5337 1304 5391 intacta
1332 5355 1345 5390 :
1380 5339 1612 5392 nascitur
1633 5335 1770 5392 ﬁlius
1795 5339 1908 5392 sine
1936 5338 2031 5392 ho-

444 5409 590 5462 mine
618 5416 800 5476 patre,
831 5408 920 5477 qui
952 5406 1079 5461 fecit
1102 5417 1156 5463 et
1200 5409 1366 5476 ipsam
1413 5418 1657 5463 matrem.
1692 5408 1885 5466 Factor
1909 5425 2030 5464 om-

443 5479 589 5534 nium
615 5481 673 5533 ﬁt
701 5480 837 5532 inter
866 5479 1041 5532 omnia
1070 5497 1082 5532 :
1113 5489 1356 5546 portatur
1381 5480 1624 5534 manibus
1646 5483 1830 5536 matris
1855 5490 2032 5537 rector

441 5551 606 5605 totius
631 5550 812 5604 orbis:
846 5549 1032 5604 lambit
1070 5551 1233 5605 ubera
1256 5593 1270 5617 ,
1303 5565 1494 5620 regens
1525 5551 1703 5605 sidera
1729 5570 1741 5603 :
1772 5561 1936 5615 tacet,
1978 5561 2033 5606 et

443 5621 679 5676 Verbum
720 5631 820 5676 est.
849 5620 1083 5676 Necdum
1128 5637 1224 5692 per
1264 5623 1496 5691 linguam
1531 5637 1590 5675 se
1634 5622 2034 5676 demonstrabat

441 5692 562 5758 quis
592 5701 769 5756 esset,
796 5701 849 5746 et
875 5694 1122 5748 universa
1151 5703 1395 5746 creatura
1437 5707 1590 5744 suum
1622 5702 1802 5745 natum
1836 5693 2033 5749 indicat

439 5761 768 5820 Creatorem.
802 5763 987 5835 Angeli
1015 5765 1318 5835 pastoribus
1343 5764 1688 5831 aununtiant,
1737 5764 1893 5824 stella
1919 5765 2030 5824 Ma-

1854 272 1942 330 DE
1981 271 2294 331 SYMBOLO

3616 274 3713 335 665

2130 404 2226 460 gos
2249 389 2436 444 invitat
2458 407 2470 444 :
2497 385 2765 460 rusticitas
2791 395 3066 460 pastorum
3104 385 3713 460 admonitionem__exigit

2127 457 2453 529 Angelorum
2474 500 2490 530 ,
2517 459 2798 530 curiositas
2826 459 3094 530 Magorum
3125 457 3376 530 instructa
3406 466 3492 514 est
3533 457 3708 530 lingua

2127 527 2406 587 caelorum.
2437 529 2571 598 Magi
2608 527 2930 585 Judaeorum‘
2949 544 3130 599 regem
3172 529 3495 598 praedicant,
3543 527 3712 586 Judaei

2127 602 2425 672 ahnegant:
2457 600 2820 672 illiiquagrunt
2845 600 3118 672 adorare,
3168 599 3254 654 isti
3279 610 3531 669 qua'runt
3574 603 3712 655 occi-

2127 670 2286 757 (iere.—
2304 673 2495 757 Dicunt
2525 671 2656 757 hiagi
2684 670 2877 757 ilerodi
2919 671 3229 757 regi-quem
3255 678 3505 757 auxerunt
3531 678 3709 757 natum

2129 743 2362 812 Regem:
2390 743 2573 797 dicunt
2597 740 2766 797 Juda-i
2789 757 2858 812 ex
2893 740 3001 807 qua
3021 742 3235 795 civitate
3257 740 3503 812 Christus
3537 753 3714 811 surgat

2128 811 2370 883 regnare.
2408 813 2630 882 Utrique
2658 811 2964 881 praedicant,
2996 813 3204 881 utrique
3229 811 3589 866 conﬁtentur:
3621 813 3710 867 sed

2129 884 2202 939 illi
2229 885 2402 947 aliter,
2446 884 2531 939 isti
2559 883 2746 946 aliter;
2775 883 2868 948 illi,
2899 892 2956 936 ut
2992 883 3239 938 inventus
3265 883 3556 947 adoretur;
3589 883 3707 944 isti,

2129 963 2188 1009 ut
2205 964 2390 1022 captus
2419 963 2654 1010 necetur.
2681 952 2726 1007 0
2749 952 2942 1017 Judaei,
2982 953 3047 1006 ad
3078 954 3180 1007 hoc
3202 951 3436 1006 ferentes
3463 954 3516 1006 in
3547 955 3713 1007 mani-

2129 1025 2227 1092 bus
2257 1026 2525 1080 lucernam
2557 1024 2743 1095 Legis,
2785 1034 2842 1078 ut
2878 1023 2998 1077 aliis
3035 1025 3173 1095 viam
3203 1022 3622 1095 demonStretis,
3662 1033 3712 1078 et

2129 1097 2280 1151 vobis
2306 1097 2550 1150 tenebras
2573 1093 2822 1164 ingeratis
2848 1112 2860 1147 :
2885 1109 3014 1149 ecce
3038 1094 3170 1164 Magi
3193 1093 3441 1163 primitiae
3461 1093 3708 1148 Gentium

2129 1166 2339 1222 Christo
2363 1167 2590 1221 offerunt
2614 1180 2865 1232 munera,
2911 1181 3016 1220 non
3043 1166 3215 1220 solum
3245 1179 3431 1218 aurum
3450 1205 3465 1228 ,
3513 1164 3639 1218 thus
3664 1174 3712 1219 et

2131 1239 2423 1320 myrrham,
2454 1253 2636 1318 verum
2665 1237 2828 1320 etiam
2853 1236 3059 1317 animas
3089 1251 3250 1298 suas;
3279 1245 3334 1320 ei
3352 1235 3710 1320 vosrepudiat

2130 1305 2382 1378 iniquitas
2412 1309 2621 1378 propria
2644 1349 2659 1374 ,
2693 1316 2750 1378 ut
2779 1307 2922 1361 illum
2950 1307 3038 1376 qui
3066 1321 3159 1360 vos
3189 1305 3335 1378 venit
3360 1306 3628 1378 obligaios
3656 1306 3713 1378 li:

2131 1375 2337 1441 herare.
2368 1375 2641 1432 dementes
2659 1377 2835 1432 effecti
2855 1375 2984 1432 cum
2999 1376 3251 1447 qmeratis
3273 1376 3555 1447 occidere!
3580 1375 3710 1444 Quid

2130 1449 2280 1504 vobis
2303 1449 2542 1519 profuit,
2563 1450 2704 1518 quod
2749 1445 3051 1517 prodidistis
3077 1446 3270 1502 Herodi
3289 1447 3439 1519 ζΔιψὶ
3470 1445 3712 1519 Christus

2131 1516 2471 1575 nasceretur?
2501 1516 2686 1573 Nonne
2711 1516 2805 1574 vus
2850 1519 3061 1573 lresistis
3089 1533 3247 1586 quam
3277 1516 3492 1572 Christo
3519 1517 3708 1585 aliquid

2130 1589 2423 1645 nocuistis?
2454 1590 2688 1644 Audiens
2711 1589 2853 1644 enim
2878 1589 2967 1644 ille
3000 1603 3030 1642 a
3057 1588 3209 1651 vobis
3233 1588 3320 1640 ubi
3345 1586 3596 1641 Christus
3623 1603 3707 1640 na-

2130 1671 2215 1715 tus
2254 1661 2419 1730 possit
2460 1660 2717 1725 inveniri,
2750 1669 2943 1714 vestra:
2986 1659 3160 1730 gentis
3199 1657 3432 1730 infantes
3456 1658 3707 1730 continuo

2129 1728 2382 1802 praecepit
2406 1732 2594 1787 occidi.
2633 1731 2795 1802 Stevit
2821 1728 3078 1802 Herodes,
3111 1738 3170 1784 ut
3206 1729 3344 1802 inger
3366 1728 3567 1782 multos
3591 1743 3706 1798 per-

2130 1798 2220 1857 dat
2246 1798 2408 1857 unum
2435 1822 2447 1855 :
2479 1811 2532 1856 et
2562 1801 2819 1870 plurimos
2847 1800 3084 1856 necando
3113 1816 3172 1855 se
3196 1798 3568 1870 efﬁcitgreum,
3601 1815 3703 1870 nec

2131 1874 2323 1928 occidit
2363 1888 2518 1943 quem
2561 1867 3067 1943 quzerithominem
3114 1871 3302 1926 Deum.
3354 1867 3399 1924 Ο
3444 1869 3696 1935 Herodes,

2130 1960 2318 2013 magna
2357 1941 2442 1998 tua
2489 1942 2774 2013 iniquitas!
2819 1949 2875 1997 et
2917 1941 3147 2013 infantes
3176 1955 3354 2005 necas,
3400 1949 3456 1994 et
3485 1949 3587 2013 tua:
3611 1955 3703 2013 ne-

2129 2011 2310 2084 quitiae
2349 2024 2510 2070 testes
2551 2011 2822 2084 cutnulas;
2855 2022 2910 2066 et
2950 2012 3194 2084 Christus
3219 2026 3252 2065 a
3291 2020 3344 2084 te
3371 2026 3478 2065 non
3493 2011 3707 2084 inveni-

2130 2081 2237 2153 tur,
2267 2087 2387 2157 quia
2415 2085 2649 2140 nondum
2678 2083 2957 2157 venitejus
2977 2083 3106 2137 hora
3134 2093 3191 2137 ut
3217 2083 3466 2157 patiatur.
3493 2081 3710 2157 Teneris

2130 2151 2343 2226 quidem
2373 2166 2680 2228 persecutor
2717 2151 2911 2228 Christi
2947 2164 3003 2210 et
3027 2168 3155 2228 reus
3189 2151 3380 2228 mortis
3409 2153 3558 2228 ejus,
3586 2151 3708 2207 nihil

2130 2223 2335 2298 agendo
2373 2223 2424 2282 in
2467 2230 2621 2296 ipso:
2653 2224 2901 2298 sedAdum
2932 2225 3096 2298 multa
3130 2224 3242 2298 agis
3279 2233 3464 2298 contra
3497 2223 3708 2298 ipsum,

2130 2294 2404 2368 pérdidisti
2430 2294 2502 2353 tet
2524 2298 2718 2366 ipsum.
2747 2294 2895 2368 Quid?
2910 2296 3116 2368 metuis
3138 2294 3547 2368 talemARegem
3565 2336 3580 2359 ,
3628 2295 3708 2368 qui

2129 2364 2206 2423 sic
2235 2370 2374 2423 venit
2397 2364 2639 2439 regnare,
2662 2376 2720 2420 ut
2741 2367 2945 2439 teinolit
2962 2366 3244 2439 excludere
3255 2364 3282 2439 ?_
3302 2364 3470 2432 Quem
3494 2365 3707 2434 quaeris,

2131 2439 2241 2495 Rex
2274 2437 2611 2510 regum—est:
2643 2439 2689 2493 si
2726 2437 2894 2492 velles
2932 2452 3152 2510 securus
3181 2437 3422 2510 obtinere
3449 2445 3600 2489 tuum
3632 2452 3709 2490 re-

2129 2527 2313 2581 gnum,
2339 2508 2445 2580 ipsi
2467 2509 2812 2581 supplicares,
2847 2519 2902 2562 ut
2929 2508 3108 2581 abillo
3131 2508 3402 2581 acciperes
3430 2510 3709 2576 sempiter-

2130 2578 2258 2636 num
2325 2578 2530 2652 Regnet
2552 2579 2819 2652 Christus
2837 2578 3106 2647 quomodo
3133 2579 3276 2632 venit
3306 2591 3535 2652 regnare
3559 2595 3570 2628 :
3600 2593 3711 2631 sus-

2129 2653 2291 2722 cipiat
2329 2647 2614 2722 credentes
2631 2693 2670 2722 ,ί
2694 2648 2912 2704 irrideat
2939 2658 3319 2722 persequentes
3335 2689 3350 2711 ,
3398 2647 3557 2701 faciat
3573 2717 3587 2722 _
3601 2663 3712 2702 cer-

2129 2717 2324 2787 tantes,
2355 2723 2568 2792 adjuvet
2607 2721 2912 2792 laborantes
2929 2717 2954 2783 ,’
2975 2717 3197 2775 coronet
3218 2719 3529 2792 vincentes;
3556 2717 3709 2792 donet

2129 2789 2499 2854 sanctitatem.
2547 2801 2692 2846 amet
2734 2791 3064 2854 castitatem,
3109 2797 3417 2844 remaneret
3444 2789 3712 2859 virgipita-

2131 2873 2259 2918 tem.
2288 2863 2550 2928 Gaudete,
2591 2863 2824 2932 virgines
2853 2870 3050 2915 sanctae
3071 2900 3086 2923 ,
3127 2861 3276 2930 virgo
3318 2857 3712 2932 peperi‘t‘Chri-

2130 2945 2294 2990 stum.
2321 2934 2438 2990 Non
2464 2949 2558 2988 vos
2588 2928 2868 2987 eon'tristet
2892 2932 3162 2997 sterilitas,
3189 2928 3413 3000 quarum
3445 2928 3576 2984 ﬁdes
3606 2946 3712 2985 ma-

2127 3021 2230 3076 gna
2261 3015 2343 3062 est
2367 3004 2692 3067 fecunditas;
2723 3017 2820 3056 nec
2840 3001 3070 3076 doleatis
3097 3017 3200 3056 non
3228 3015 3324 3055 vos
3342 3014 3464 3055 esse
3487 3012 3706 3076 matres,

2130 3071 2614 3153 qutespiritualiter
2631 3073 2920 3153 generatis,
2943 3073 3181 3153 virgines
3195 3071 3558 3153 permanetis,
3567 3071 3710 3153 ﬁlios

2128 3142 2432 3218 suscipitis,
2479 3142 2834 3214 integritatem
2865 3157 2970 3218 non
3015 3142 3276 3218 amittitis.
3310 3142 3612 3218 Accepistis
3650 3143 3709 3197 ab

2130 3217 2222 3273 illo
2243 3213 2436 3273 nomen
2463 3224 2782 3277 maternum,
2817 3222 2876 3268 ut
2900 3214 3065 3270 decus
3101 3213 3358 3268 castitatis
3385 3213 3437 3266 in
3464 3227 3562 3267 vos
3593 3228 3708 3282 per-

2131 3298 2344 3344 maneat
2367 3290 2770 3356 sempiternum.
2795 3285 2984 3356 Amate
3007 3283 3148 3354 quod
3168 3284 3319 3350 estis,
3342 3292 3552 3356 servate
3573 3284 3709 3356 quod

2129 3361 2428 3428 accepistis.
2472 3353 2978 3428 fmitaminigﬁde‘les
3017 3353 3240 3428 matrem
3288 3354 3474 3423 capitis
3513 3354 3704 3428 vestri,

2131 3425 2311 3499 sponsi
2343 3431 2504 3484 vestri
2529 3446 2543 3482 :
2576 3444 2680 3483 non
2705 3427 2854 3499 vobis
2877 3426 3158 3499 denegavit
3182 3426 3421 3499 pignora.
3441 3425 3524 3499 qui
3549 3435 3703 3499 natus

2131 3495 2216 3555 est
2241 3501 2308 3556 de
2331 3501 2532 3570 virgine
2552 3499 2732 3570 Maria.
2765 3495 2918 3570 Quod
2941 3495 3104 3570 tan’tte
3124 3495 3280 3570 matri
3307 3496 3542 3570 contulit,
3572 3495 3704 3548 etin

2130 3585 2226 3626 sua
2252 3566 2680 3630 carne'servavit,
2709 3568 2814 3624 hoc
2841 3567 2999 3623 etiam
3022 3568 3173 3622 vobis
3193 3566 3412 3622 donavit
3433 3566 3575 3635 virgo
3601 3581 3711 3620 ma-

2133 3651 2234 3705 ter.
2266 3652 2446 3697 sancta
2477 3657 2604 3696 caro
2627 3638 2849 3702 Christi,
2875 3638 2944 3693 ab
2967 3637 3112 3693 omni
3140 3638 3456 3708 contagione
3484 3637 3705 3706 integra.

2129 3710 2236 3768 Sed
2261 3727 2362 3768 nec
2382 3713 2492 3782 ipsa
2515 3725 2640 3766 caro
2659 3709 2997 3782 ejussterilis
3022 3709 3137 3776 fuit,
3161 3708 3288 3782 dum
3319 3725 3412 3782 per
3433 3723 3552 3782 eam
3580 3721 3711 3777 pra:-

2131 3783 2358 3838 dicando
2399 3778 2698 3852 spirituales
2741 3779 2901 3835 ﬁlios
2940 3780 3272 3852 regeneravii
3312 3778 3392 3852 ad
3412 3778 3620 3852 vitam,
3664 3786 3711 3833 et

2131 3863 2252 3923 post
2279 3848 2580 3925 passionem
2613 3868 2708 3923 per
2741 3859 2910 3907 totum
2949 3848 3209 3906 mundum
3242 3848 3581 3905 fructiﬁcavit
3624 3863 3710 3904 oc-

2131 3939 2262 3979 etsa.

2119 4023 2124 4028 -
2202 3994 2428 4051 CAPUT
2457 3993 2699 4050 V.-—-5.
2742 3993 2946 4047 Passio.
2991 3991 3262 4047 Crucifixi.
3305 3991 3382 4046 Ex
3429 3991 3532 4046 hoc
3569 3990 3711 4047 omni

2132 4066 2378 4122 libertate
2425 4073 2716 4135 assumpta,
2745 4063 2990 4119 ﬁduciam
3029 4063 3112 4118 sui
3138 4062 3314 4117 anima
3345 4062 3522 4135 capiat
3569 4061 3705 4116 chri-

2132 4136 2456 4191 stiana.Non
2488 4133 2630 4191 enim
2674 4135 2991 4191 erubescere
3031 4135 3189 4189 debet
3235 4134 3287 4188 in
3313 4133 3630 4188 cruciﬁxum
3659 4147 3710 4186 se

2131 4206 2424 4262 credidisse
2446 4203 2738 4262 Christum.
2785 4206 2926 4260 Crux
2963 4204 3052 4260 illa
3082 4204 3328 4260 ﬁdelibus
3371 4219 3477 4260 non
3509 4216 3590 4259 est
3617 4220 3710 4273 op-

2132 4279 2397 4347 probium,
2429 4278 2522 4334 sed
2552 4276 2872 4346 triumphus.
2916 4275 3056 4330 Crux
3086 4277 3174 4330 illa
3195 4275 3445 4331 vexillum
3475 4285 3708 4347 nostrum

2133 4345 2215 4404 est
2241 4359 2424 4404 contra
2463 4345 2821 4403 adversarium
2854 4358 3095 4401 nostrum
3132 4347 3437 4417 diabolum:
3468 4345 3712 4417 pugnavit

2133 4421 2276 4474 enim
2303 4419 2417 4474 Rex
2475 4428 2655 4474 noster
2683 4434 2777 4487 pro
2814 4417 2969 4472 nobis
3006 4426 3190 4472 contra
3235 4415 3596 4471 adversarium
3624 4431 3711 4487 no.

2134 4500 2322 4544 strum.
2357 4486 2713 4546 Adversarius
2732 4489 2974 4544 diabolus
3005 4497 3187 4550 noster
3211 4497 3436 4542 mortem
3465 4486 3709 4541 minando

2135 4562 2388 4627 terrebat,
2439 4561 2534 4616 sed
2563 4560 2810 4616 Christus
2850 4568 3104 4614 aeternam
3152 4559 3311 4612 vitam
3355 4557 3708 4627 promittebat.

2134 4632 2488 4688 Adversarius
2529 4630 2790 4687 diabolus-
2816 4644 3030 4684 carnem
3057 4637 3457 4700 perempturum
3511 4645 3571 4684 se
3596 4642 3710 4700 esse

2136 4702 2378 4759 dicebat:
2419 4703 2532 4757 Rex
2558 4711 2735 4774 autem
2775 4708 2956 4774 noster
2981 4710 3038 4755 ut
3061 4699 3281 4774 doceret
3305 4701 3572 4770 quomodo
3600 4699 3708 4774 ejus

2136 4775 2401 4828 exercitus
2430 4774 2685 4838 vinceret,
2728 4773 2780 4826 in
2822 4786 2881 4826 se
2906 4771 3289 4827 demonstravit
3332 4780 3560 4825 mortem
3597 4771 3710 4822 cor-

2173 4843 2284 4898 oris
2310 4858 2414 4898 non
2442 4859 2561 4898 esse
2598 4842 2907 4906 timendam,
2935 4843 3060 4896 dum
3089 4843 3232 4912 prior
3271 4842 3385 4912 ipse
3416 4857 3512 4912 pro
3538 4840 3704 4912 omni-

2173 4857 2284 4898 OI'lS
2310 4858 2414 4898 non
2442 4859 2561 4898 esse
2598 4857 2907 4906 timendam,
2935 4857 3060 4896 dum
3089 4857 3232 4912 prior
3271 4857 3385 4912 ipse
3416 4857 3512 4910 pro
3538 4857 3704 4894 omm-

2135 4857 2235 4969 ἕως
2258 4913 2503 4985 dignatus
2529 4923 2611 4969 est
2636 4915 2790 4976 mori,
2838 4929 2906 4967 ne
2933 4914 3050 4982 ejus
3079 4913 3343 4985 exercitus
3367 4928 3398 4966 a
3423 4911 3631 4985 diabolo
3658 4909 3706 4962 in

2137 4983 2525 5054 anima'possct
2552 4985 2742 5040 occidi.
2775 4985 2886 5039 Hoc
2912 4985 3100 5054 agebat
3130 4984 3182 5038 in
3209 4983 3300 5038 illo
3324 4983 3507 5052 pra-lio
3537 4983 3707 5054 diabo-

2089 5089 2092 5094 -
2139 5055 2242 5121 lus,
2281 5057 2325 5109 si
2350 5053 2450 5110 Sibi
2471 5057 2900 5111 consentiretur:
2933 5056 3138 5110 animas
3183 5055 3406 5123 perdere
3445 5053 3702 5124 cupiebat,

2138 5135 2190 5181 et
2240 5127 2464 5182 salutem
2519 5127 2832 5196 corporibus
2881 5120 3239 5195 promittebat.
3295 5120 3540 5179 Christus
3581 5120 3706 5196 mori

2139 5197 2364 5254 docebat
2405 5200 2470 5254 ad
2497 5195 2728 5268 tempus,
2774 5207 2828 5253 et
2863 5198 3093 5268 animam
3133 5206 3188 5251 et
3227 5211 3434 5268 corpus
3461 5195 3706 5268 vivereiu

2139 5278 2418 5347 aeternum.
2459 5268 2553 5347 Ill_e
2597 5263 2829 5333 dicebat,
2873 5268 2928 5323 Si
2949 5267 3095 5347 _mihi
3122 5263 3532 5347 consenseritis,
3577 5263 3708 5347 dabo

2134 5341 2292 5396 vobis
2321 5342 2480 5395 vitam
2511 5342 2665 5396 istam
2704 5341 3048 5410 temporalem
3075 5357 3089 5404 ;
3116 5337 3362 5410 Christus
3401 5337 3619 5410 dicebat,
3653 5337 3707 5386 Si

2141 5426 2170 5465 a
2213 5428 2298 5466 me
2337 5425 2440 5467 non
2471 5408 2842 5475 discesseritis,
2883 5425 2982 5466 nec
3022 5409 3368 5479 temporalem
3401 5408 3625 5479 perditis,
3657 5415 3706 5456 ct

2142 5484 2447 5537 teternalem
2469 5483 2760 5552 accipietis.
2789 5482 3035 5537 Diabolus
3055 5477 3284 5552 dicebat,
3302 5477 3476 5552 Nplite
3498 5477 3704 5552 perdere

2141 5553 2296 5607 istam
2327 5553 2496 5608 lucem
2521 5569 2536 5616 ;
2567 5549 2805 5606 Christus
2829 5554 3057 5616 dicebat,
3089 5551 3201 5621 Ego
3227 5551 3314 5619 qui
3339 5549 3437 5604 feci
3461 5551 3705 5621 etiistam,

2141 5622 2278 5678 dabo
2329 5625 2626 5678 meliorem.
2684 5623 2835 5690 Quod
2884 5623 2974 5678 ille
3008 5619 3436 5692 Jpromittit,ait
3474 5619 3703 5692 Christus

2143 5707 2343 5760 noster,
2387 5695 2437 5748 in
2471 5704 2729 5764 potestate
2755 5694 2886 5749 dare
2912 5691 3019 5748 non
3048 5693 3224 5758 habet,
3254 5701 3307 5764 et
3339 5691 3449 5764 inec
3476 5691 3552 5745 lus
3584 5701 3702 5741 mea

2139 5775 2242 5835 est,
2269 5776 2322 5823 et
2367 5763 2481 5824 haec
2519 5766 2625 5823 vita
2655 5782 2685 5822 ει
2723 5781 2810 5824 me
2835 5775 3013 5824 creata
3041 5772 3162 5823 cst:
3212 5763 3306 5820 sed
3363 5763 3446 5821 illa
3499 5769 3704 5836 propter
