3904 6362
1674 154 1757 197 δ’κλ
1912 145 1920 157 λ
1937 148 1955 175 ς
1976 147 2017 177 ν-.’
2036 144 2084 168 (οι
2124 147 2139 160 ο

1693 186 1703 197 ι
1752 191 1756 195 ς
1778 188 1784 193 x
1912 183 1923 191 4

1672 170 1840 217 rw“
1878 171 1923 191 π

262 234 3511 306 m

842 335 985 489 ξε·
1043 332 1818 483 annuli,

1942 284 2927 489 iw

1056 473 1157 483 nul.

1401 530 1907 596 Hipponensis
1946 484 2304 595 EPISCOPI

1689 665 2093 765 SERMO

374 809 658 961 DE
782 797 1931 959 DISCIPLINA‘
2048 786 3383 971 CHRISTIANA‘.

1636 997 2126 1035 ’.Μολίνη-ι·-

314 1088 533 1148 CAPUT
592 1081 884 1143 PRIMUM.
936 1108 1008 1123 —-
1051 1079 1103 1137 1ο
1152 1077 1412 1149 Sermonis
1449 1084 1825 1150 argumentum-
1935 1077 2067 1147 Quae
2095 1076 2265 1137 voluit
2316 1085 2496 1143 tamen
2524 1076 2688 1147 Deus,
2716 1084 2936 1149 propter
2958 1092 3053 1145 eos
3096 1076 3186 1150 qui
3226 1094 3283 1151 se
3312 1092 3529 1163 possem

252 1181 465 1243 lacunis
527 1188 614 1236 est
666 1177 745 1233 ad
799 1188 899 1241 nos
948 1186 1129 1231 sermo
1181 1170 1321 1241 Dei,
1377 1178 1433 1225 et
1486 1169 1831 1240 depromptus

252 1285 325 1331 ut
348 1273 412 1331 ad
461 1269 900 1337 exhortationem
942 1272 1178 1321 nostram
1202 1304 1219 1332 ,
1264 1262 1477 1319 dicente
1522 1262 1830 1333 Scriptura,

252 1368 459 1438 Accipite
486 1363 818 1433 disciplinam
848 1361 904 1413 in
939 1357 1089 1412 domo
1119 1355 1401 1426 disciplinae
1432 1353 1616 1429 (Eccti.
1647 1370 1718 1421 ω,
1741 1354 1830 1421 51,

252 1461 350 1531 86).
377 1458 693 1530 Disciplina,
719 1471 751 1511 a
781 1451 1039 1511 discendo
1068 1449 1210 1506 dicta
1231 1457 1315 1506 est
1356 1467 1369 1503 :
1402 1447 1698 1521 disciplinae
1726 1446 1827 1501 do-

244 1567 387 1621 mus,
433 1560 519 1607 est
568 1548 813 1606 Ecclesia
862 1542 1076 1599 Christi.
1121 1540 1259 1609 Quid
1284 1555 1413 1611 ergo
1442 1540 1531 1595 hic
1572 1539 1830 1606 discitur,

240 1645 319 1701 vel
344 1657 508 1714 quare
526 1637 799 1695 discitur?
823 1635 926 1705 Qui
944 1642 1070 1691 sunt
1086 1633 1179 1705 qui
1204 1632 1453 1700 discunt,
1484 1640 1539 1687 et
1563 1648 1595 1687 a
1621 1646 1726 1702 quo
1745 1629 1830 1685 di-

236 1736 426 1795 scunt?
450 1731 687 1790 Discitur
710 1732 852 1785 bene
868 1729 1067 1789 vivere.
1091 1725 1318 1795 Propter
1340 1724 1443 1779 hoc
1457 1722 1680 1779 discitur
1692 1722 1833 1809 bene

232 1829 433 1895 vivere,
465 1834 526 1891 ut
576 1822 926 1895 perveniatur
970 1818 1039 1874 ad
1088 1831 1308 1888 semper
1353 1815 1553 1871 vivere.
1607 1815 1833 1870 Discunt

224 1918 545 1985 Christiani,
574 1916 733 1972 docet
759 1914 1023 1971 Christus.
1052 1911 1233 1967 Primo
1260 1924 1411 1981 ergo,
1439 1906 1567 1979 quid
1594 1907 1663 1964 sit
1693 1907 1831 1965 bene

228 2014 454 2083 vivere;
482 2010 693 2077 deinde,
720 2024 840 2080 qua:
882 2008 956 2063 sit
1004 2020 1216 2063 merces
1259 2004 1415 2060 bonae
1442 2003 1597 2068 vitae;
1633 2003 1787 2058 tertio
1810 2041 1828 2070 ,

240 2106 343 2177 qni
360 2107 468 2160 sint
490 2105 602 2160 veri
628 2101 938 2167 Christiani;
966 2108 1160 2172 quarto
1181 2140 1197 2166 ,
1229 2098 1350 2169 quis
1376 2098 1446 2153 sit
1472 2112 1632 2153 verus
1661 2096 1829 2166 magi.-

239 2207 385 2263 ster,
407 2210 576 2267 pauca
607 2193 936 2267 loquentibus
966 2191 1158 2257 nobis,
1182 2191 1321 2245 sicut
1344 2188 1511 2244 donat
1533 2187 1823 2255 Dominus,

237 2290 432 2363 audire
454 2288 757 2359 dignemini.
785 2285 987 2343 Omnes
1010 2284 1066 2340 in
1095 2284 1256 2341 domo
1283 2282 1581 2352 disciplina:
1608 2294 1823 2347 sumus,

224 2382 334 2439 sed
353 2382 506 2438 multi
531 2379 719 2435 nolunt
744 2377 944 2434 habere
956 2376 1327 2446 disciplinam;
1350 2383 1405 2430 et
1433 2372 1573 2444 quod
1596 2381 1679 2429 est
1697 2386 1822 2441 per-

222 2474 459 2541 versius,
493 2487 595 2529 nec
619 2472 677 2527 in
701 2470 862 2529 domo
897 2469 1197 2538 disciplinae
1223 2467 1411 2522 volunt
1439 2452 1637 2522 habere
1663 2463 1828 2519 disci-

222 2568 450 2639 plinam.
474 2568 610 2627 Cum
636 2574 922 2636 propterea
956 2563 1187 2619 debeant
1234 2562 1287 2616 in
1314 2560 1481 2617 domo
1534 2557 1829 2627 disciplina:

225 2661 477 2731 accipere
496 2657 840 2727 disciplinam
858 2697 874 2722 ,
906 2663 963 2713 ut
993 2661 1209 2710 servent
1243 2652 1388 2707 illam
1414 2660 1469 2706 et
1496 2649 1553 2725 in
1574 2647 1825 2703 domibus

228 2754 371 2817 suis;
390 2753 491 2821 ipsi
517 2760 737 2817 contra,
760 2747 1305 2817 indisciplinationem
1327 2760 1434 2800 non
1452 2742 1625 2799 solum
1658 2742 1709 2796 in
1734 2741 1831 2796 do-

233 2845 408 2901 mibns
434 2845 544 2901 suis
574 2844 779 2897 habere
810 2842 1011 2906 volunt,
1040 2840 1135 2897 sed
1160 2838 1303 2894 ferre
1322 2838 1467 2892 illam
1485 2850 1667 2893 secum
1687 2833 1821 2899 etad

239 2937 450 3001 domum
470 2932 936 3006 disciplindeeo
964 2930 1105 3001 apud
1134 2945 1269 3001 quos
1289 2943 1397 2985 non
1422 2935 1575 2983 vacat
1599 2926 1827 2983 verbum

242 3030 373 3097 Dei,
399 3030 486 3101 qui
509 3044 605 3085 cor
632 3027 754 3085 auri
783 3026 1146 3096 coniungunt;
1174 3021 1266 3093 qui
1292 3037 1400 3077 non
1426 3029 1552 3083 sunt
1577 3020 1662 3074 via
1679 3059 1694 3083 ,
1738 3018 1828 3073 ubi

245 3138 429 3179 semen
452 3137 567 3183 cum
617 3119 879 3176 ceciderit
905 3118 972 3174 ab
1020 3116 1208 3172 avibus
1255 3113 1555 3183 colligitur;
1602 3110 1692 3181 qui
1724 3125 1831 3165 non

253 3224 377 3273 sum
398 3225 598 3284 pen-osa
621 3214 745 3269 loca
771 3252 787 3279 ,
818 3210 906 3267 ubi
935 3223 1120 3267 semen
1162 3190 1323 3261 altam
1369 3203 1603 3259 radicem
1634 3202 1833 3257 habere

251 3323 361 3365 non
388 3316 574 3378 potest,
592 3316 650 3362 et
675 3305 744 3360 ad
774 3306 957 3369 horam
984 3301 1115 3368 exit,
1147 3309 1203 3355 et
1227 3299 1284 3353 in
1325 3306 1459 3353 cestu
1488 3296 1711 3359 arescit;
1743 3293 1831 3363 qui

247 3414 359 3458 non
376 3410 494 3458 sunt
518 3414 644 3470 ager
667 3396 945 3469 spinosus,
974 3394 1062 3465 ubi
1082 3406 1269 3447 semen
1296 3403 1417 3446 cum
1454 3384 1834 3460 germinaverit

254 3494 383 3551 etin
400 3508 546 3551 auras
568 3505 791 3563 surgere
820 3487 1067 3558 cmperit,
1093 3485 1372 3555 spinarum
1392 3479 1657 3536 densitate
1669 3475 1833 3532 sull‘o-

260 3591 414 3639 catur
439 3602 453 3636 :
480 3584 563 3637 sed
586 3584 673 3654 qui
698 3591 823 3637 sunt
846 3590 989 3643 terra,
1011 3578 1150 3639 bona
1174 3583 1361 3646 parata
1391 3586 1577 3630 semen
1619 3569 1831 3640 accipe—

252 3691 355 3747 rc,
383 3684 439 3732 et
457 3674 670 3745 fructum
690 3673 919 3733 reddere
938 3670 1027 3726 vel
1046 3678 1351 3733 centenum,
1370 3665 1455 3720 vel
1480 3676 1829 3732 sexagenum,

250 3770 340 3829 vel
368 3770 616 3827 tricenum
649 3762 1050 3840 (recordamini,
1081 3760 1171 3832 qui
1200 3774 1309 3825 non
1331 3757 1448 3813 sine
1475 3769 1637 3813 causa
1664 3754 1834 3809 intra.-

251 3864 325 3923 tis
343 3863 628 3933 disciplina:
647 3859 887 3923 scholam
906 3897 921 3923 ,
943 3857 1038 3912 has
1065 3869 1153 3911 me
1173 3850 1548 3919 similitudines
1572 3862 1637 3903 ex
1662 3846 1837 3900 Evan-

253 3955 390 4025 gelia
408 3964 862 4019 commemorasse
903 3946 1114 4021 [Matth.
1142 3960 1258 4011 xm,
1301 3939 1533 4014 535]):
1565 3938 1655 4011 qui
1702 3952 1834 4009 ergo

262 4049 389 4113 tales
414 4057 553 4115 sunt,
581 4046 845 4116 accipiant
895 4041 1037 4113 quod
1079 4055 1175 4111 per
1220 4052 1307 4093 me
1364 4034 1619 4091 Dominus
1658 4032 1837 4087 dicere

259 4139 512 4210 dicimur.
545 4140 659 4211 Ego
677 4138 822 4201 enim
837 4178 854 4203 ,
877 4134 1130 4206 quoniam
1151 4132 1240 4186 ille
1266 4128 1511 4192 seminat,
1530 4124 1657 4196 quid
1673 4124 1833 4179 sum?

259 4230 355 4289 Vix
376 4232 636 4303 cophinus
659 4226 990 4293 seminantis.
1015 4225 1134 4294 ipse
1177 4223 1232 4278 in
1277 4236 1363 4277 me
1406 4232 1606 4289 ponere
1648 4215 1836 4286 digna—

256 4330 383 4385 ωτι
408 4326 546 4397 quod
575 4324 729 4387 vobis
742 4328 979 4392 spargat.
1010 4317 1190 4373 Nolite
1215 4329 1340 4385 ergo
1363 4311 1639 4367 attendere
1661 4308 1726 4364 ad
1754 4309 1836 4364 vi-

262 4420 453 4479 litatem
471 4418 684 4489 eophini
705 4458 721 4483 ,
748 4416 842 4472 sed
864 4414 931 4471 ad
960 4412 1273 4469 charitatem
1297 4406 1525 4467 seminis
1550 4413 1613 4460 et.
1634 4402 1701 4459 ad
1734 4418 1834 4489 po-

263 4518 496 4576 testatem
524 4508 887 4579 seminatoris.
1698 4544 1701 4548 Α

332 4602 547 4660 CAPUT
580 4600 646 4657 ll.
680 4628 753 4640 —
788 4597 845 4653 ‘2.
892 4593 1181 4650 Dicendum
1222 4590 1346 4662 quid
1392 4589 1457 4646 sit
1495 4588 1616 4643 bene
1657 4587 1837 4643 vivere.

280 4691 518 4765 Praecpta
540 4691 665 4757 bene
691 4690 886 4746 vivendi
902 4704 1000 4753 uno
1017 4687 1153 4743 brevi
1176 4694 1224 4741 et
1245 4690 1419 4755 aperto
1444 4682 1684 4738 mandato
1706 4697 1843 4749 com-

1939 1184 2236 1237 excusare,
2283 1168 2368 1227 vel
2412 1169 2533 1249 quia
2589 1169 2667 1227 eis
2696 1185 2802 1239 non
2830 1179 2983 1227 vacat
3010 1170 3190 1242 legere
3217 1213 3233 1237 ,
3281 1173 3364 1245 vel
3408 1178 3528 1243 quin

1939 1277 2044 1329 non
2092 1270 2287 1326 norunt
2345 1262 2567 1334 legere,
2632 1262 2713 1331 vel
2763 1263 2885 1333 quia
2940 1279 3046 1319 non
3096 1274 3321 1339 possunt
3378 1265 3528 1320 facile

1938 1356 2276 1427 intelligere,
2336 1364 2393 1427 ut
2444 1355 2844 1431 excusationem
2899 1371 3057 1425 nemo
3102 1346 3295 1429 habeat
3343 1357 3395 1425 in
3447 1356 3532 1411 die

1933 1448 2158 1519 judicii,
2211 1446 2417 1514 voluit,
2470 1448 2606 1507 sicut
2656 1448 2917 1521 scriptum
2981 1457 3098 1517 est,
3154 1464 3530 1505 consummare

1938 1548 1993 1615 et
2044 1538 2288 1595 breviare
2339 1539 2562 1603 verbum
2622 1555 2783 1611 super
2839 1550 3072 1615 terram,
3130 1542 3266 1597 sicut
3316 1542 3383 1599 de
3436 1543 3529 1597 illo

1936 1631 2198 1701 propheta
2259 1631 2580 1704 prmdixerat
2626 1650 2639 1686 :
2690 1630 2914 1705 Verbum
2975 1634 3106 1711 enim
3176 1651 3530 1701 consummatis

1937 1737 1982 1781 et
2003 1725 2231 1781 brevians
2258 1727 2406 1798 faciet
2428 1725 2680 1781 Dominus
2708 1720 2861 1797 super
2890 1736 3072 1798 terram
3116 1726 3277 1800 (Isai.
3325 1745 3380 1793 ι,
3408 1726 3528 1798 25).

1936 1818 2050 1876 Hoc
2072 1821 2250 1889 ipsum
2279 1819 2504 1891 verbpm
2532 1829 2961 1877 consummatum
2991 1828 3045 1874 et
3078 1810 3396 1888 breviatum,
3427 1836 3529 1877 nec

1935 1910 2220 1967 obscurum
2254 1925 2375 1966 esse
2407 1912 2548 1967 Deus
2572 1911 2756 1975 voluit.
2786 1910 2911 1966 Ideo
2940 1892 3124 1975 breve,
3148 1926 3216 1979 ne
3244 1927 3348 1965 non
3368 1927 3525 1966 vaca-

1935 2010 2017 2058 ret
2037 2002 2217 2073 legere
2247 2020 2259 2054 :
2292 2002 2411 2081 ideo
2440 2010 2685 2073 apertum
2705 2045 2718 2069 ,
2767 2017 2834 2057 ne
2864 2002 3040 2071 dicat,
3071 2001 3197 2071 Mihi
3236 2018 3343 2058 non
3368 2003 3521 2059 licuit

1935 2093 2251 2165 intelligere.
2300 2093 2606 2151 Thesaurus
2653 2108 2780 2164 ergo
2823 2100 2907 2163 est
2948 2108 3172 2163 magnus
3218 2093 3517 2165 divinarum

1935 2187 2349 2257 Scripturarum,
2380 2186 2580 2241 habens
2602 2185 2656 2242 in
2680 2200 2738 2242 se
2762 2178 3026 2243 mirabilia
3049 2196 3315 2257 przccepta
3330 2187 3518 2254 multa,

1935 2287 2186 2349 tanquam
2214 2279 2409 2334 multas
2434 2293 2693 2350 gemmas,
2721 2288 2774 2334 et
2802 2279 3303 2351 pretiosamonilia,
3322 2288 3375 2333 et
3389 2294 3517 2335 vasa

1936 2373 2167 2444 ingentia
2194 2380 2248 2431 et
2281 2373 2459 2445 magni
2504 2372 2724 2431 mctalli.
2778 2371 2885 2427 Sed
2931 2372 3049 2441 quis
3079 2380 3256 2442 potest
3296 2375 3524 2435 scrutari

1936 2466 2244 2533 thesaurum
2269 2466 2427 2522 istum
2448 2507 2464 2534 ,
2492 2474 2548 2520 et
2586 2466 2661 2520 uli
2693 2481 2757 2523 eo
2778 2507 2793 2534 ,
2836 2472 2889 2527 et
2918 2464 3201 2539 pervenire
3248 2464 3315 2521 ad
3344 2464 3523 2519 omnia

1935 2572 2054 2629 quae
2077 2556 2151 2613 ibi
2180 2556 2347 2613 sunt?
2372 2555 2596 2625 Quando
2623 2555 2759 2614 hanc
2810 2554 3214 2619 similitudinem
3267 2553 3524 2611 Dominus

1934 2648 2083 2725 dedit
2105 2649 2159 2704 in
2190 2648 2475 2719 Evangelio
2496 2663 2613 2713 suo,
2647 2656 2701 2703 et
2723 2647 2874 2712 dixit,
2901 2646 3079 2703 Simile
3102 2654 3175 2711 est
3196 2663 3404 2717 regnum
3426 2662 3530 2700 cae-

1935 2742 2100 2797 lorum
2124 2742 2357 2796 thesauro
2378 2742 2577 2795 invento
2598 2741 2650 2794 in
2676 2757 2823 2812 agro;
2844 2754 2911 2795 ne
2934 2740 3052 2809 quis
3094 2754 3153 2794 se
3184 2731 3358 2809 minus
3403 2735 3518 2793 ido-

1936 2849 2095 2891 neum
2125 2833 2326 2891 diceret
2351 2832 2415 2888 ad
2439 2833 2879 2903 perscrutandum
2905 2831 3210 2905 thesaurum
3231 2873 3245 2899 ,
3268 2831 3523 2901 continuo

1936 2925 2083 2983 dedit
2113 2926 2270 2983 aliam
2302 2925 2725 2990 similitudinem,
2774 2925 2954 2989 Simile
2993 2935 3100 2991 est,
3134 2923 3413 2995 inquiens,
3441 2941 3527 2979 re-

1936 3034 2092 3091 gnum
2119 3017 2357 3072 caelorum
2386 3017 2577 3070 homini
2605 3016 2902 3086 negotiatori
2932 3016 3171 3085 quterenti
3193 3014 3351 3068 bonas
3384 3031 3524 3068 mar-

1936 3110 2163 3179 garitas,
2217 3108 2302 3179 qui
2346 3107 2531 3161 invenit
2576 3124 2729 3161 unam
2776 3108 3049 3179 pretiosam
3080 3107 3442 3176 margaritam,
3476 3114 3522 3161 et

1938 3200 2160 3255 vendidit
2187 3200 2354 3253 omnia
2374 3214 2486 3268 quae
2507 3198 2701 3265 habuit,
2724 3206 2770 3251 et
2811 3197 2925 3251 emit
2962 3198 3105 3250 illam
3140 3195 3349 3268 (Matth.
3395 3212 3489 3252 xm
3511 3238 3526 3261 ,

1939 3292 2129 3364 dri-lii)
2149 3310 2163 3348 :
2180 3300 2234 3347 ut
2259 3293 2302 3346 si
2323 3292 2469 3362 piger
2495 3306 2614 3346 eras
2638 3290 2703 3345 ad
2724 3288 3164 3361 pcrscrutandum
3196 3287 3526 3357 thesaurum,

1938 3400 2045 3449 non
2071 3386 2144 3440 sis
2171 3385 2317 3459 piger
2343 3399 2504 3449 unam
2544 3384 2885 3457 margaritam
2929 3382 3029 3437 sub
3062 3382 3239 3453 lingua
3266 3382 3405 3439 ferre
3427 3423 3442 3450 ,
3465 3388 3522 3439 et

1936 3472 2045 3547 quo
2065 3476 2143 3545 vis
2170 3490 2391 3531 securus
2420 3475 2693 3531 ambulare
2722 3462 2762 3526 ί.

2010 3556 2236 3633 CAPUT
2264 3560 2351 3623 ΙΙΙ.
2381 3596 2453 3606 -
2472 3566 2526 3621 ’5.
2559 3564 2862 3627 Mandatum
2885 3562 3128 3635 diligendi
3158 3552 3321 3618 Deum
3343 3570 3389 3617 et
3408 3578 3530 3634 pro-

1938 3654 2434 3725 grimum.Proa:imus
2459 3658 2588 3729 quis.
2612 3657 2763 3726 Quod
2785 3663 2868 3713 est
2888 3671 3016 3729 ergo
3042 3655 3261 3710 verbum
3280 3669 3534 3709 consum-

1944 3766 2095 3811 muns
2111 3760 2164 3806 et
2179 3742 2463 3805 breviatis?
2485 3747 2682 3821 Diliges
2708 3736 2982 3802 Dominum
3002 3746 3158 3801 Deum
3181 3756 3319 3813 tuum
3342 3761 3405 3799 ea:
3432 3754 3535 3800 toto

1943 3844 2092 3898 corde
2120 3852 2226 3910 tuo,
2260 3851 2305 3896 et
2333 3859 2393 3897 ea:
2419 3850 2522 3896 tota
2551 3841 2721 3895 anima
2742 3850 2858 3909 tua,
2883 3848 2929 3894 et
2950 3856 3011 3894 ex
3041 3847 3144 3892 tota
3170 3848 3334 3893 mente
3355 3847 3465 3909 tua;
3489 3846 3536 3891 et

1945 3936 2123 4006 diliges
2149 3935 2436 4005 proximum
2459 3941 2604 3988 tuum
2633 3932 2764 3988 sicut
2792 3942 2838 3989 te
2882 3935 3071 4002 ipsum.
3113 3927 3180 3983 In
3224 3929 3301 3983 his
3343 3927 3537 3983 duobus

1945 4030 2207 4099 praceptis
2237 4038 2340 4082 tota
2383 4027 2491 4081 Lex
2539 4028 2723 4096 pendet
2763 4037 2807 4080 et
2840 4023 3113 4097 Progr/leta,
3148 4022 3258 4097 (Id.
3289 4023 3539 4091 xxu,‘57-

1947 4122 2061 4192 40).
2090 4121 2227 4176 Ecce
2243 4119 2386 4190 quod
2413 4119 2637 4174 discitur
2659 4120 2712 4172 in
2742 4117 2903 4175 domo
2930 4116 3227 4185 disciplina:
3256 4134 3269 4169 :
3308 4116 3538 4185 Diligere

1948 4215 2135 4281 Deum,
2167 4213 2388 4284 diligere
2438 4213 2772 4282 proximum;
2820 4211 2987 4267 Deum
3042 4219 3288 4279 tanquam
3321 4209 3527 4275 Deum,

1948 4307 2246 4377 proximum
2278 4314 2525 4375 tanquam
2552 4312 2622 4373 te.
2652 4302 2766 4358 Non
2795 4303 2936 4363 enim
2968 4301 3174 4363 invenis
3197 4314 3372 4369 parem
3400 4300 3529 4365 Deo,

1948 4410 2007 4457 ut
2032 4400 2200 4470 possit
2226 4399 2317 4453 tibi
2341 4398 2466 4463 dici,
2490 4398 2657 4468 Dilige
2686 4397 2853 4461 Deum
2885 4396 3026 4461 sicut
3064 4395 3239 4465 diligis
3263 4395 3427 4447 illum.
3463 4394 3539 4450 De

1952 4491 2193 4563 proximo
2222 4490 2435 4545 inventa
2478 4498 2561 4544 est
2616 4489 2711 4544 tibi
2762 4487 2984 4557 regula,
3015 4487 3136 4557 quia
3184 4487 3430 4540 inventus
3484 4500 3542 4540 es

1948 4584 2195 4656 proximo
2223 4591 2314 4639 tuo
2344 4598 2439 4653 par
2488 4590 2541 4636 tu
2597 4581 2731 4651 ipse.
2779 4579 2985 4648 Quaeris
3040 4577 3310 4651 quomodo
3355 4576 3544 4647 diligas

1951 4679 2252 4755 proximum
2273 4676 2541 4737 ?Attende
2562 4684 2613 4733 te
2644 4674 2848 4744 ipsum;
2870 4680 2924 4728 et
2958 4671 3225 4747 quomodo
3258 4678 3312 4747 te
3344 4668 3541 4743 diligis,

282 4760 520 4853 prehensa.
565 4784 702 4855 Quid
751 4791 835 4840 est
899 4795 1028 4851 ergo
1081 4779 1221 4847 bene
1283 4776 1505 4842 vivere,
1566 4772 1706 4843 quod
1758 4772 1845 4841 hic
1951 4773 2030 4830 sic
2058 4772 2218 4844 dilige
2244 4770 2572 4841 proximum.
2615 4766 2730 4832 Non
2777 4774 2860 4823 est
2901 4763 2989 4819 ubi
3031 4777 3201 4825 erres.
3261 4760 3397 4815 Volo
3434 4761 3545 4829 jam

280 4866 512 4939 discitur?
526 4877 797 4961 Praecepta
811 4872 977 4929 multa
989 4878 1114 4930 sunt
1130 4868 1183 4961 in
1196 4867 1358 4938 Lege,
1373 4866 1563 4938 quibus
1577 4864 1687 4943 ipsa
1705 4864 1845 4925 bona

281 4969 370 5025 vita
405 4956 724 5036 continetur,
756 4967 1047 5037 imperatur
1073 4970 1129 5018 et
1155 4960 1396 5023 discitur.
1424 4957 1585 5015 Multa
1619 4956 1838 5015 omnino

276 5072 521 5134 praecepta
544 5068 706 5129 sunt,
740 5054 1165 5145 innumerabilia.
1188 5052 1584 5125 Prmceptorum
1603 5048 1843 5145 ipsorum

276 5156 479 5227 paginas
503 5156 590 5214 vix
617 5153 903 5226 quisquam
927 5134 1228 5215 enumerat,
1256 5153 1457 5218 quanto
1479 5141 1650 5212 magis
1678 5134 1794 5212 ipsa
1820 5140 1843 5194 ?

1955 4880 2081 4937 ergo
2119 4872 2174 4920 et
2222 4863 2317 4919 tibi
2338 4861 2677 4918 committere
2706 4858 3009 4939 proximum
3039 4864 3187 4921 tuum
3210 4894 3224 4920 ,
3258 4860 3314 4919 ut
3356 4850 3547 4921 diligas

1955 4974 2076 5015 eum
2109 4966 2360 5027 tanquam
2390 4963 2441 5010 te
2467 4953 2639 5025 ipsum
2664 4969 2677 5007 :
2707 4951 2849 5017 volo,
2879 4946 2972 5005 sed
3002 4946 3173 5013 adhuc
3200 4945 3382 5003 timeo.
3413 4940 3546 4995 Volo

1957 5052 2052 5107 tibi
2091 5051 2269 5107 dicere
2298 5089 2313 5114 ,
2360 5048 2528 5116 Dilige
2580 5044 2883 5116 proximum
2939 5050 3088 5096 tuum
3119 5039 3257 5095 sicut
3287 5030 3462 5105 diligis
3494 5042 3548 5088 te

1958 5143 2130 5216 ipsum
2147 5160 2162 5208 ;
2180 5149 2235 5201 et
2251 5141 2412 5203 timeo
2430 5156 2445 5201 :
2463 5137 2639 5199 adhuc
2670 5137 2812 5201 enim
2839 5133 3108 5199 discutere
3136 5129 3261 5195 volo
3281 5124 3550 5201 quomodo

1432 5249 1716 5292 LDUONITIO
1754 5251 1835 5291 PP.
1877 5249 2360 5305 BENEDlCTlNORUI.

326 5349 483 5397 sermo
499 5342 565 5403 de
851 5334 1393 5403 christianmsﬁsams
1415 5337 1493 5403 εει
1513 5328 2178 5403 εᾴρρςυθὶειιξθιηροάὲεεηξ
2196 5334 2314 5403 ante
2336 5337 2488 5403 ψιλοὶ
2507 5313 3549 5403 ci!¢‘£?‘.§°9af3§lli‘.‘£m.zfd.§ei§?“m'

273 5378 715 5461 ceEEé'é'nsem,
740 5378 1492 5465 Βὶεοίιῖιιῖιῖιῖῖᾱῖοξὲέιέιῖδέιιί
1516 5378 1789 5441 abbalizes.
1818 5378 1980 5453 illauri,
2006 5388 2065 5440 ad
2086 5378 2434 5440 CistercienSes
2454 5378 2594 5447 duos,
2622 5391 2673 5436 et
2694 5384 2753 5432 ad
2779 5378 3021 5431 editiones
3042 5384 3117 5427 Er.
3142 5381 3196 5427 et
3214 5378 3324 5426 [ιον.

343 5487 854 5572 Comparavimus
878 5491 1185 5567 praeterea
1219 5498 1317 5541 eas
1348 5496 1554 5567 omnes
1586 5474 1887 5537 editiones
1917 5476 2103 5542 initio
2135 5475 2306 5537 Retr.
2331 5478 2387 5557 et
2412 5466 2727 5544 C0nfess.,
2748 5476 2793 5528 t.
2826 5468 2887 5541 1,
2916 5470 3305 5525 memoratas.
3380 5457 3468 5518 lt.

326 5600 425 5662 ιω
446 5605 555 5662 Mss
581 5594 835 5662 ιξιεξςίειιιιεε
869 5574 1142 5662 sepeliatur
1178 5580 1856 5662 littemel.l~ilie.‘.‘l‘igt'ﬂ¥‘

1076 5652 1183 5700 sive
1202 5651 1265 5721 de.

266 5702 465 5777 τ’ἓὶῖῶ
478 5702 742 5773 se:
759 5702 939 5777 eis};
958 5702 1170 5777 additur,
1192 5710 1267 5766 oet
1288 5709 1350 5764 de
1365 5702 1502 5762 nam
1524 5702 1829 5771 Disciplina.

326 5789 350 5820 ²
381 5783 577 5857 Miami

2029 5578 2049 5615 ι
2082 5578 2306 5644 Plerique
2326 5583 2461 5641 Mss,
2476 5578 2523 5628 et
2543 5584 2637 5640 quo
2654 5570 2743 5661 vis,
2764 5580 2962 5624 securus
2978 5562 3190 5618 mbula.
