3810 6470
492 381 596 441 671

494 501 683 571 diligas
698 506 752 555 te
772 495 965 567 ipsum.
982 489 1097 547 Noli
1111 501 1241 559 ergo
1255 499 1396 557 aegre
1412 481 1571 538 ferre.
1590 478 1708 535 Non
1724 491 1781 533 es
1799 484 1851 571 tu
1870 475 1981 545 ipse
1997 471 2078 525 fa-

494 569 975 651 cile‘dimittendus,
1004 583 1089 639 cui
1110 588 1193 637 est
1214 578 1492 651 proximus
1504 569 1946 647 committendus:
1975 580 2085 619 non

498 683 801 743 transitorie
824 690 997 735 tecum
1027 673 1292 746 agendum
1316 678 1418 725 est.
1433 668 1515 723 Tu
1529 681 1663 721 unus
1680 664 1843 719 homo
1861 676 1938 726 es,
1961 673 2059 729 pro
2074 686 2089 699 ε

498 780 623 837 ximi
643 778 716 834 tui
733 777 882 831 multi
900 780 1042 829 sunt.
1061 769 1179 824 Non
1197 767 1338 822 enim
1357 764 1529 834 primo
1546 761 1622 815 sic
1638 759 1802 814 debes
1821 756 2084 824 intellige-

499 893 555 931 re
568 867 987 944 proximum,vel
1005 865 1221 918 fratrem
1239 902 1253 926 ,
1283 859 1368 914 vel
1389 864 1670 927 cognatum
1691 894 1705 915 ,
1734 850 1818 906 vel
1847 848 2080 904 affinem.

501 966 781 1021 Proximus
805 960 947 1014 enim
972 965 1054 1011 est
1069 954 1212 1009 omni
1234 950 1436 1007 homini
1459 947 1630 1002 omnis
1650 945 1830 999 homo.
1850 939 2086 996 Proximi

498 1062 598 1114 sibi
632 1059 880 1113 dicuntur
903 1060 1051 1122 pater
1080 1059 1134 1104 et
1163 1048 1319 1111 filius,
1343 1058 1496 1100 socer
1523 1050 1576 1096 et
1602 1053 1784 1110 gener.
1815 1034 1957 1091 Nihil
1980 1041 2086 1087 tam

501 1153 798 1225 proximum
825 1189 837 1211 ,
862 1160 1018 1217 quam
1048 1143 1208 1197 homo
1237 1149 1291 1195 et
1319 1139 1497 1193 homo.
1517 1133 1619 1190 Sed
1642 1132 1685 1187 si
1715 1139 1959 1202 putamus
1982 1141 2087 1181 non

500 1262 619 1301 esse
644 1244 934 1315 proximos,
972 1239 1071 1292 nisi
1098 1237 1187 1307 qui
1218 1235 1284 1289 de
1313 1232 1500 1287 iisdem
1519 1226 1835 1299 parentibus
1862 1236 2090 1278 nascun-

502 1349 618 1403 tur;
659 1336 826 1391 Adam
873 1342 927 1388 et
960 1332 1122 1387 Evam
1159 1326 1527 1388 attendamus;
1556 1330 1610 1376 et
1658 1332 1846 1373 omnes
1898 1315 2089 1369 fratres

502 1446 706 1487 sumus.
738 1430 804 1483 Et
834 1426 1044 1499 quidem
1084 1422 1276 1477 fratres
1318 1416 1609 1475 secundum
1655 1411 1793 1484 quod
1846 1408 2089 1464 homines

434 1552 439 1555 ι
502 1537 705 1587 sumus,
736 1528 932 1590 quanto
968 1515 1133 1585 magis
1179 1510 1469 1567 secundum
1498 1506 1637 1577 quod
1676 1500 1950 1560 christiani
1996 1512 2089 1553 su-

504 1616 668 1671 mus?
695 1616 762 1669 At
792 1613 839 1666 id
864 1610 1002 1679 quod
1049 1609 1207 1662 homo
1251 1621 1342 1667 es,
1391 1618 1525 1656 unus
1558 1609 1709 1670 pater
1761 1596 1858 1650 fuit
1886 1594 2053 1649 Adam
2072 1632 2089 1658 ,

502 1725 608 1763 una
635 1718 800 1763 mater
824 1705 935 1760 Eva
964 1720 977 1756 :
1007 1701 1073 1757 ad
1105 1702 1156 1755 id
1200 1698 1340 1769 quod
1371 1694 1692 1750 christianus
1711 1705 1804 1757 es,
1828 1702 1965 1743 unus
1993 1699 2090 1757 pa-

506 1812 586 1856 ter
604 1810 685 1856 est
703 1802 860 1864 Deus,
891 1812 994 1851 una
1025 1802 1197 1848 mater
1224 1790 1485 1845 Ecclesia.

579 1891 805 1947 CAPUT
837 1889 926 1943 ιν.
952 1887 1099 1940 -4.
1135 1882 1398 1948 Quomodo
1440 1878 1646 1948 diligere
1674 1891 1725 1929 se
1770 1873 1968 1937 debeat,
2012 1869 2093 1923 cui

506 1986 715 2058 jubetur
758 1982 967 2051 diligere
1000 1977 1287 2047 proximum
1335 1983 1573 2041 tauquam
1613 1984 1684 2021 se.
1721 1964 1910 2019 Videte
1965 1975 2093 2031 ergo

506 2056 733 2146 quantos
762 2071 1033 2141 proximos
1059 2066 1249 2122 habeat
1272 2081 1407 2118 unus
1421 2063 1608 2117 homo.
1626 2059 1826 2115 Omnes
1849 2056 2096 2111 homines

510 2145 563 2221 in
586 2166 733 2236 quos
763 2161 1046 2217 incurrerit
1068 2201 1083 2226 ,
1133 2158 1325 2228 quibus
1361 2153 1512 2223 jungi
1545 2150 1812 2221 potuerit,
1869 2145 2096 2214 proximi

506 2258 621 2327 ejus
651 2264 792 2309 sunt.
826 2250 1106 2322 Quomodo
1132 2263 1260 2318 ergo
1285 2244 1650 2301 discutiendus
1675 2251 1757 2295 est
1798 2249 1975 2294 utrum
2008 2236 2093 2291 di-

507 2349 631 2420 ligat
658 2363 735 2410 se,
767 2347 851 2400 cui
876 2340 1247 2399 committendi
1277 2346 1401 2393 sunt
1430 2344 1507 2391 tot
1538 2333 1794 2405 proximi,
1819 2340 1874 2384 ut
1902 2330 1980 2384 sic
2003 2342 2098 2383 eos

506 2440 691 2509 diligat
718 2447 966 2506 tanquam
995 2434 1088 2488 se?
1108 2431 1223 2486 Non
1255 2444 1383 2499 ergo
1414 2429 1675 2481 irascatur
1710 2422 2095 2491 unusquisque,

514 2533 560 2585 si
581 2530 810 2584 discutio
837 2524 1105 2597 quomodo
1130 2537 1189 2578 se
1235 2521 1437 2590 diligat.
1493 2518 1649 2572 Certe
1692 2530 1791 2585 ego
1831 2512 2094 2576 discutio,

509 2624 621 2692 ipse
647 2637 705 2675 se
727 2618 977 2673 inveniat.
1000 2615 1200 2686 thuid
1242 2614 1385 2668 enim
1412 2608 1681 2666 discutio?
1711 2607 1833 2677 quia
1876 2620 1976 2675 ego
2016 2604 2099 2657 iu-

508 2724 766 2771 venturus
795 2712 961 2768 sum?
987 2709 1111 2765 Ideo
1140 2706 1391 2770 discutio,
1423 2713 1483 2758 ut
1530 2704 1644 2772 ipse
1687 2716 1745 2755 se
1774 2700 2095 2768 interroget,

510 2808 623 2876 ipse
653 2805 752 2860 sibi
784 2812 1055 2874 appareat,
1078 2801 1191 2870 ipse
1215 2814 1273 2853 se
1300 2813 1404 2851 non
1439 2797 1622 2860 lateat,
1642 2793 1757 2862 ipse
1783 2791 1882 2845 sibi
1911 2806 1971 2844 se
1990 2803 2096 2843 non

509 2898 834 2963 abscondat,
893 2898 1007 2967 ipse
1038 2893 1138 2948 sibi
1178 2907 1236 2947 se
1264 2899 1387 2945 ante
1414 2888 1600 2943 oculos
1629 2900 1757 2941 suos
1783 2926 1796 2949 ,
1830 2898 1936 2937 non
1980 2888 2099 2951 post

510 2992 730 3046 dorsum
760 2997 939 3059 ponat.
974 2986 1056 3041 Me
1083 2986 1333 3055 loquente
1363 2982 1521 3037 faciat
1553 2980 1674 3045 hoc,
1705 2992 1792 3032 me
1823 2975 2097 3030 nesciente

510 3084 671 3139 faciat
696 3084 817 3138 hoc.
846 3079 1127 3149 Quomodo
1160 3088 1209 3132 te
1235 3072 1411 3145 diligis
1439 3074 1463 3127 ?
1490 3072 1744 3142 Quisquis
1774 3085 1859 3123 me
1898 3066 2053 3122 audis
2075 3106 2091 3132 ,

510 3176 618 3231 imo
645 3174 884 3245 quisquis
914 3173 1077 3227 Deum
1108 3187 1200 3240 per
1217 3185 1302 3224 me
1328 3167 1501 3231 audis,
1527 3166 1577 3220 in
1600 3164 1701 3219 hac
1730 3163 1891 3217 domo
1933 3160 2096 3214 disci-

509 3270 687 3340 plinze,
714 3267 929 3321 attende
966 3274 1017 3319 te
1042 3305 1056 3325 ,
1091 3261 1361 3333 quomodo
1394 3270 1445 3315 te
1466 3258 1659 3329 diligis.
1693 3255 1936 3310 Profecto
1954 3252 2097 3308 enim

508 3361 552 3416 si
579 3371 629 3415 te
656 3361 976 3428 interrogem
1004 3363 1179 3410 utrum
1211 3352 1401 3424 diligas
1434 3362 1505 3415 te,
1537 3347 1833 3419 respondes
1862 3350 1984 3418 quia
2012 3346 2097 3401 di-

508 3452 649 3521 ligis.
695 3452 824 3520 Quis
870 3449 1011 3504 enim
1052 3463 1110 3503 se
1138 3446 1250 3502 odit
1287 3446 1311 3498 ?
1360 3444 1471 3499 Hoc
1519 3442 1758 3499 dicturus
1799 3456 1861 3497 es
1903 3459 1916 3495 :
1966 3441 2095 3511 Quis

507 3546 650 3599 enim
699 3560 757 3597 se
822 3541 937 3595 odit
977 3540 1000 3593 ?
1046 3539 1186 3608 Ergo
1232 3552 1337 3591 non
1398 3535 1573 3605 diligis
1628 3534 2000 3604 iniquitatem,
2050 3535 2097 3590 si

509 3646 562 3690 te
583 3634 774 3703 diligis.
809 3632 939 3687 Nam
981 3631 1022 3684 si
1051 3630 1225 3698 diligis
1270 3627 1601 3697 iniquitatem
1627 3668 1640 3691 ,
1674 3641 1780 3681 non
1807 3642 1907 3697 ego
1937 3625 2093 3696 dico,

507 3727 775 3783 Psalmum
807 3724 950 3789 audi,
985 3723 1084 3789 Qui
1112 3720 1279 3792 diligit
1306 3719 1619 3788 iniquitatem
1645 3760 1659 3783 ,
1710 3720 1814 3773 odit
1871 3720 2097 3772 animam

508 3835 652 3872 suam
680 3815 849 3885 (l’sal.
877 3831 928 3878 x,
973 3813 1051 3887 6).
1086 3812 1222 3882 Ergo
1249 3813 1293 3866 si
1324 3810 1500 3877 diligis
1555 3811 1885 3877 iniquitatem
1906 3853 1920 3878 ,
1972 3811 2096 3866 audi

508 3912 821 3969 veritatem;
855 3906 1128 3960 veritatem
1173 3919 1277 3958 non
1302 3914 1354 3957 te
1382 3901 1685 3972 palpantem
1713 3943 1728 3967 ,
1772 3902 1865 3957 sed
1911 3912 2096 3972 aperte

510 4002 605 4056 tibi
633 4001 894 4054 dicentem
915 4040 930 4064 ,
954 3996 1082 4051 0dis
1112 4006 1183 4051 te.
1216 3994 1424 4062 Quanto
1446 3993 1612 4064 magis
1642 3992 1774 4046 dicis
1799 3994 1919 4063 quia
1947 4008 2095 4049 amas

511 4108 582 4158 te,
616 4093 732 4146 odis
756 4100 807 4145 lc
837 4109 849 4144 :
886 4090 987 4154 Qui
1011 4089 1152 4143 cuim
1185 4086 1349 4156 diligit
1378 4086 1713 4154 iniquitatem,
1742 4086 1846 4139 odit
1872 4086 2096 4140 animam

507 4202 673 4241 suam.
701 4182 839 4250 Quid
857 4182 1028 4236 dicam
1052 4180 1119 4234 de
1150 4194 1334 4243 carne,
1363 4192 1479 4247 quia
1498 4192 1620 4247 pars
1648 4176 1802 4231 vilior
1821 4186 1903 4232 est
1922 4177 2096 4231 homi-

511 4278 595 4332 nis
622 4276 645 4329 ?
675 4275 727 4330 Si
757 4276 988 4329 animam
1012 4271 1143 4335 odit,
1168 4284 1383 4325 carnem
1408 4269 1678 4339 quomodo
1704 4269 1918 4340 diligit?
1942 4271 2099 4325 Deni-

507 4385 611 4436 que
632 4370 720 4440 qui
744 4374 925 4422 ammt
951 4364 1307 4434 iniquitatem,
1328 4370 1383 4416 et
1410 4361 1641 4417 oderunt
1665 4362 1897 4417 animam
1916 4377 2090 4429 suam,

506 4480 718 4519 omnem
767 4462 1145 4534 turpitudinem
1194 4468 1449 4513 exercent
1494 4458 1562 4513 de
1607 4473 1767 4513 carne
1811 4474 1927 4512 sua.
1973 4457 2091 4514 Jam

506 4573 659 4628 ergo,
696 4557 783 4627 qui
812 4543 988 4625 diligis
1038 4552 1400 4624 iniquitatem,
1448 4550 1717 4621 quemodo
1759 4550 1850 4606 tibi
1879 4550 2095 4606 volebas

505 4649 763 4702 committi
814 4648 1157 4717 proximum,
1191 4654 1247 4699 ut
1274 4644 1522 4713 diligercs
1550 4659 1671 4697 eum
1702 4652 1955 4712 tanquam
1994 4643 2093 4697 te?

508 4737 713 4801 llomo,
738 4736 862 4804 quid
905 4735 1082 4805 perdis
1122 4735 1219 4787 te?
1255 4734 1308 4791 Si
1339 4734 1482 4787 enim
1515 4741 1567 4785 tu
1596 4734 1709 4800 ipse
1736 4733 1811 4786 sic
1840 4741 1891 4785 te
1916 4731 2093 4802 diligis

506 4840 565 4883 ut
590 4828 781 4896 perdas
812 4836 898 4893 te;
923 4830 1000 4882 sic
1031 4826 1271 4896 profecto
1298 4826 1608 4897 perditurus
1629 4840 1687 4879 es
1717 4832 1770 4880 et
1786 4839 1906 4880 eum
1931 4842 2093 4896 quem

505 4920 687 4989 diligis
707 4920 845 4972 sicut
868 4924 942 4972 te.
974 4919 1108 4973 Nolo
1135 4932 1262 4986 ergo
1289 4932 1608 4987 quemquam
1635 4916 1821 4985 diligas
1844 4935 1855 4971 :
1880 4918 1964 4972 vel
2001 4934 2091 4972 so-

506 5010 1066 5081 lus,peri.Autcorrige
1094 5009 1431 5063 dilectionem
1462 5049 1476 5074 ,
1515 5017 1604 5063 aut
1642 5022 1834 5079 respue
1867 5010 2092 5066 societa-

508 5114 633 5157 tem.

573 5192 800 5249 CAPUT
836 5191 902 5246 V.
925 5223 994 5232 —
1014 5193 1066 5248 5.
1097 5190 1221 5256 Quis
1266 5192 1540 5265 perniciose
1581 5193 1758 5262 diligat
1779 5196 2088 5264 proximum.

502 5285 767 5341 Belluinus
797 5286 964 5340 homo.
1008 5286 1252 5339 Dicturus
1296 5285 1425 5339 mihi
1457 5300 1554 5339 es:
1586 5286 1755 5357 Diligo
1793 5289 2089 5356 proximum

505 5390 753 5450 tanquam
780 5395 865 5433 me
888 5378 1078 5449 ipsum.
1114 5378 1285 5432 Audio
1321 5378 1507 5448 plane,
1525 5378 1702 5433 audio.
1730 5379 1984 5436 Inebriari
2014 5382 2093 5437 vis

501 5489 623 5529 cum
650 5471 759 5536 illo,
782 5487 939 5543 quem
974 5471 1147 5541 diligis
1177 5478 1425 5540 tanquam
1461 5480 1511 5525 te
1537 5472 1729 5541 ipsum.
1758 5472 1899 5528 Bene
1939 5474 2092 5527 nobis

502 5565 757 5631 faciamus
800 5563 991 5637 hodie,
1038 5574 1290 5633 quantum
1335 5577 1613 5633 possumus
1652 5564 1915 5621 bibamus.
1959 5566 2091 5622 Vide

500 5659 624 5728 quia
657 5660 734 5713 sic
762 5666 813 5713 te
836 5657 1043 5727 diligis,
1073 5666 1122 5712 et
1154 5658 1299 5711 illum
1338 5658 1403 5711 ad
1449 5666 1500 5713 te
1536 5657 1703 5712 trahis
1724 5701 1737 5726 ,
1770 5668 1821 5713 et
1850 5661 1915 5713 ad
1947 5661 2089 5729 quod

508 5764 657 5806 amas
681 5766 861 5805 vocas.
885 5750 1112 5806 Necesse
1139 5760 1219 5805 est
1251 5760 1307 5805 ut
1340 5765 1495 5822 quem
1533 5750 1708 5820 diligis
1747 5759 1997 5823 tanquam
2036 5761 2087 5808 te

504 5859 683 5920 psum,
712 5842 837 5900 illuc
871 5843 1018 5901 illum
1049 5843 1229 5902 trahas
1253 5844 1319 5902 ad
1348 5843 1490 5919 quod
1519 5852 1573 5903 et
1602 5854 1656 5902 tu
1695 5853 1746 5902 te
1779 5860 1947 5909 amas.
1975 5846 2087 5905 llu.

1719 361 1776 417 s.
1818 348 2184 413 AUGUSTINI
2224 350 2525 409 EPISCOPI
2652 382 2655 385 -
2976 320 2983 325 ’
3603 372 3681 431 m

2194 484 2382 527 manus
2414 473 2592 542 homo,
2616 474 2725 531 imo
2753 474 3031 545 belluinus,
3054 477 3281 536 amando
3300 481 3409 537 talia
3428 483 3575 554 qualia
3597 487 3683 544 bel~

2193 563 2313 619 luze.
2345 565 2557 622 Belluas
2594 567 2735 622 enim
2766 569 2906 624 Deus
2943 580 3234 640 prostratas
3272 572 3323 627 in
3359 573 3523 632 faciem
3563 578 3683 645 fecit,

2192 666 2399 726 pastum
2434 669 2735 727 quaerentes
2761 659 2827 715 de
2855 670 2990 716 terra
3020 679 3034 715 :
3070 672 3121 717 te
3152 664 3203 716 in
3233 662 3357 720 duos
3394 667 3538 736 pedes
3560 674 3687 727 erexit

2191 748 2259 803 de
2286 757 2445 803 terra.
2479 750 2646 805 Tuam
2675 751 2861 807 faciem
2893 768 3106 809 sursum
3138 754 3403 812 attendere
3427 758 3581 816 voluit.
3605 762 3684 817 Non

2192 840 2458 898 discordet
2496 858 2591 899 cor
2621 855 2768 900 tuum
2808 860 2838 900 a
2881 846 3012 902 facie
3050 855 3163 902 tua.
3193 847 3304 903 Non
3339 850 3513 906 habeas
3549 853 3684 909 faciem

2192 947 2426 1002 sursum,
2458 944 2512 990 et
2538 951 2632 991 cor
2661 938 2911 993 deorsum
2944 957 2956 992 :
2987 940 3096 995 imo
3133 956 3316 995 verum
3342 941 3451 997 audi
3480 954 3526 999 et
3547 960 3683 1001 verum

2193 1024 2295 1091 fac,
2327 1024 2547 1081 Sursum
2576 1042 2709 1093 cor;
2749 1045 2816 1084 ne
2856 1030 3133 1085 mentiaris
3173 1032 3225 1085 in
3265 1030 3413 1087 domo
3445 1032 3686 1104 disciplina.

2192 1117 2417 1186 Quando
2450 1121 2591 1175 enim
2622 1121 2805 1188 audis,
2846 1124 3115 1193 responde
3142 1141 3155 1177 :
3188 1122 3280 1180 sed
3310 1126 3375 1180 sit
3406 1142 3561 1182 verum
3588 1130 3687 1199 quod

2192 1212 2505 1281 respondes.
2522 1213 2608 1270 Sic
2636 1223 2686 1270 te
2716 1215 2897 1286 dilige,
2923 1224 2977 1271 et
2996 1216 3190 1287 diliges
3211 1217 3487 1286 proximum
3502 1227 3686 1288 tanquam

2193 1312 2246 1359 te
2274 1306 2464 1376 ipsum.
2487 1306 2621 1375 Quid
2652 1317 2733 1362 est
2755 1309 2895 1362 enim
2919 1323 3134 1364 sursum
3154 1309 3347 1364 habere
3371 1324 3473 1374 cor,
3490 1311 3569 1365 nisi
3591 1312 3687 1382 quod

2193 1399 2391 1455 dictum
2423 1410 2505 1455 est
2535 1402 2698 1471 prius,
2731 1401 2920 1474 Diliges
2944 1402 3218 1457 Dominum
3255 1402 3409 1457 Deum
3429 1414 3688 1459 tuumcztoto

2194 1489 2345 1544 corde
2374 1501 2479 1560 tuo,
2517 1500 2566 1545 et
2592 1509 2654 1546 ea:
2682 1503 2786 1547 tota
2818 1495 2988 1548 anima
3014 1503 3126 1562 tua,
3161 1503 3207 1548 et
3238 1510 3301 1550 ea:
3327 1503 3425 1550 tota
3447 1504 3578 1550 mente
3600 1496 3688 1549 tua!

2194 1581 2327 1647 Quia
2371 1597 2499 1652 ergo
2537 1582 2645 1637 duo
2685 1594 2950 1655 praecepta
2983 1593 3130 1651 sunt,
3161 1585 3206 1640 si
3226 1600 3383 1639 unum
3406 1584 3683 1649 diceret,non

2195 1672 2504 1729 sufﬁceret?
2530 1674 2740 1731 Sufﬁcit
2763 1686 2818 1731 et
2844 1692 3007 1731 unum
3033 1719 3047 1742 ,
3072 1678 3117 1732 si
3149 1678 3472 1748 intelligatur.
3497 1677 3594 1732 Nam
3613 1679 3680 1732 ali-

2196 1767 2407 1837 quando
2432 1769 2509 1823 sic
2535 1768 2769 1840 loquitur
2788 1768 3086 1840 Scriptura,
3105 1771 3245 1826 sicut
3268 1771 3452 1826 Paulus
3468 1775 3677 1841 apostolus:

2199 1858 2320 1914 Non
2348 1860 2679 1930 adulterabis,
2710 1880 2813 1917 non
2832 1863 3161 1917 homicidium
3211 1865 3382 1934 facies,
3410 1881 3495 1917 non
3517 1866 3673 1933 concupi-

2197 1967 2342 2006 sces:
2368 1962 2412 2005 et
2441 1954 2486 2006 si
2504 1955 2639 2023 quod
2660 1965 2733 2010 est
2765 1955 2909 2009 aliud
2938 1956 3425 2020 mandatum,iulioc
3437 1971 3598 2009 semone
3619 1972 3671 2008 re-

2198 2044 2529 2115 capitulatur,
2563 2044 2757 2118 Diliges
2788 2047 3081 2116 proximum
3113 2057 3253 2101 tuum
3271 2058 3487 2118 tanquam
3504 2056 3540 2100 te
3556 2047 3675 2115 ipsum.

2200 2135 2416 2190 Dilectio
2442 2138 2655 2205 proximi
2684 2139 2874 2192 malum
2898 2155 3001 2192 non
3032 2147 3290 2209 operatur.
3322 2137 3554 2192 Plenitudo
3572 2146 3681 2189 autut

2204 2227 2350 2301 Legis
2394 2240 2465 2284 est
2501 2229 2721 2283 charitas
2748 2229 2922 2297 (Rom.
2957 2246 3059 2285 xm
3080 2273 3094 2295 ,
3126 2230 3180 2297 9,
3204 2230 3312 2302 10).
3339 2230 3460 2299 Quid
3486 2239 3549 2284 est
3567 2228 3684 2282 chari-

2202 2322 2319 2376 tas?
2345 2322 2587 2376 Dilectio.
2610 2321 2749 2376 Nihil
2795 2322 3009 2377 videtur
3043 2322 3251 2377 dixisse
3276 2323 3337 2377 de
3363 2321 3592 2377 dilectione
3611 2320 3681 2385 Dei,

2202 2412 2296 2468 sed
2336 2414 2502 2467 solam
2539 2414 2765 2484 proximi
2793 2414 3140 2469 dilectionem
3170 2413 3302 2468 dixit
3323 2413 3533 2468 sufficere
3552 2412 3600 2465 ad
3619 2412 3680 2463 im-

2203 2506 2448 2576 plendam
2470 2508 2660 2578 legem.
2690 2507 2955 2578 Quidquid
2981 2518 3072 2564 est
3091 2508 3232 2563 aliud
3258 2506 3544 2572 mandatum,
3569 2502 3682 2558 inhot

2203 2613 2451 2654 sermone
2477 2600 2872 2670 recapitulatur,
2906 2601 2956 2654 in
2988 2601 3100 2656 hoc
3141 2614 3380 2656 sermone
3419 2598 3627 2668 impletur.
3648 2594 3681 2647 lu

2203 2690 2348 2760 quo?
2376 2689 2565 2761 Diliges
2586 2693 2872 2760 proximum
2897 2702 3048 2746 tuum
3076 2702 3310 2763 tanquam
3348 2699 3391 2745 te
3422 2691 3570 2761 ipsum.
3596 2688 3682 2741 Ecce

2204 2797 2364 2836 unum
2408 2790 2511 2837 est.
2542 2783 2698 2839 Certe
2726 2783 2831 2838 duo
2857 2792 3135 2855 praecepta
3173 2794 3327 2851 sunt,
3364 2781 3585 2853 inquibus
3614 2786 3683 2831 tota

2204 2872 2313 2929 Lex
2341 2874 2535 2941 pendet
2558 2882 2612 2929 et
2630 2874 2929 2943 Prophetas.

2272 2965 2498 3022 CAPUT
2526 2966 2611 3021 Vl.
2630 2996 2702 3007 --
2718 2966 2857 3021 Deus
2873 2967 3095 3036 homini,
3117 2978 3171 3023 ut
3191 2970 3351 3023 beatus
3372 2968 3443 3030 sit,
3462 2960 3682 3033 diligenda.

2202 3059 2428 3115 Pecunia
2453 3075 2553 3114 non
2581 3060 2653 3114 sic
2671 3060 2911 3128 amanda,
2935 3069 2990 3114 ut
3014 3079 3120 3117 non
3135 3062 3204 3117 si:
3223 3070 3411 3132 paratus
3427 3058 3598 3113 dividere
3609 3068 3683 3106 ενα

2203 3153 2454 3224 proximo.
2482 3150 2670 3206 Videte
2705 3153 2975 3223 quomodo
3000 3154 3131 3224 plus
3154 3154 3423 3209 breviatum
3455 3158 3543 3214 est,
3564 3142 3683 3201 etad-

2202 3246 2307 3304 huc
2335 3246 2468 3317 ping
2495 3261 2697 3302 sumus.
2726 3246 2865 3302 Ecce
2903 3262 3031 3317 qua:
3055 3247 3162 3303 duo
3188 3255 3359 3313 erant,
3388 3258 3517 3299 unum
3542 3240 3681 3294 factum

2201 3348 2304 3395 est.
2328 3339 2554 3395 Prorsus
2582 3340 2880 3410 proximum
2904 3339 3077 3411 dilige
3098 3383 3114 3409 ,
3154 3347 3209 3396 et
3244 3337 3433 3395 sufficit.
3462 3332 3541 3390 Sed
3568 3330 3683 3398 dilige

2201 3432 2470 3504 quomodo
2510 3438 2566 3487 te
2604 3432 2778 3502 ipsum
2826 3432 3030 3503 diligis,
3081 3448 3190 3489 non
3231 3428 3457 3504 quomodo
3489 3424 3676 3491 teipsuin

2201 3525 2378 3581 odisti.
2411 3524 2577 3595 Dilige
2598 3525 2897 3594 proximum
2926 3533 3087 3581 tuum
3115 3534 3353 3597 tanquam
3371 3530 3411 3578 te
3431 3520 3586 3591 ipsum
3604 3508 3677 3567 sed

2201 3616 2350 3687 prius
2375 3625 2457 3672 est
2483 3625 2540 3671 ut
2566 3616 2756 3688 diligas
2779 3628 2829 3673 te
2849 3618 3055 3688 ipsum.

2204 3734 2205 3737 η
2275 3708 2327 3762 6.
2366 3706 2619 3774 Quaerere
2656 3708 2824 3769 habes
2864 3709 3144 3779 quomodo
3179 3708 3359 3779 diligas
3393 3714 3437 3761 te
3474 3701 3683 3773 ipsum;ei

2201 3800 2386 3856 audire
2431 3799 2618 3868 habes,
2645 3800 2837 3871 Diliges
2883 3799 3171 3857 Dominum
3208 3800 3360 3855 Deum
3397 3807 3512 3851 tuum
3541 3806 3588 3845 es
3617 3796 3683 3839 ιοιο

2202 3892 2351 3947 corde
2381 3902 2489 3957 tuo,
2531 3901 2576 3946 et
2611 3908 2673 3947 ea:
2711 3904 2816 3947 tota
2842 3894 3017 3948 anima
3048 3905 3155 3959 tua,
3183 3902 3230 3949 et
3252 3908 3310 3947 ea:
3332 3900 3421 3945 tota
3454 3891 3581 3939 metite
3612 3888 3683 3930 M-

2202 3985 2373 4041 Homo
2394 3987 2537 4041 enim
2564 3987 2831 4057 quomodo
2867 4002 2899 4043 a
2941 4003 3001 4043 se
3053 3989 3169 4044 ﬁeri
3210 4001 3310 4042 non
3346 3980 3519 4055 potuit.
3542 3975 3685 4029 εἱοηθο

2202 4076 2388 4132 beatus
2414 4078 2529 4133 fieri
2549 4092 2579 4133 a
2616 4092 2675 4133 se
2704 4086 2896 4147 potest.
2930 4079 3054 4135 Alia
3082 4094 3168 4135 res
3197 4092 3313 4134 eum
3340 4074 3451 4130 fecit
3472 4066 3683 4124 hominem.

2202 4170 2343 4239 quod
2362 4185 2466 4223 non
2488 4180 2570 4225 est
2597 4172 2711 4241 ipse
2728 4172 2888 4228 homo
2918 4172 3060 4228 :alia
3087 4188 3175 4229 res
3198 4186 3315 4228 eum
3342 4168 3510 4223 factura
3532 4156 3685 4216 estha-

2203 4271 2336 4329 ιυηι»
2365 4262 2507 4332 (ἰυοά
2538 4278 2642 4317 non
2670 4273 2752 4318 est
2792 4264 2905 4334 ipse
2940 4263 3130 4320 homo.
3163 4263 3388 4332 Denique
3412 4266 3567 4313 errans
3588 4245 3685 4300 videt

2201 4355 2335 4425 ipse,
2360 4356 2481 4425 quia
2514 4371 2607 4425 per
2623 4371 2682 4412 se
2705 4372 2808 4412 non
2830 4365 3003 4426 potest
3032 4359 3215 4415 beatus
3239 4369 3369 4421 esse,
3390 4361 3437 4407 et
3462 4334 3685 4403 amataliud

2201 4448 2344 4504 unde
2363 4449 2431 4503 sit
2456 4449 2659 4504 beatus.
2682 4449 2833 4506 Unde
2860 4465 2918 4507 se
2939 4450 3055 4507 ﬁeri
3073 4458 3221 4522 putat
3236 4449 3450 4510 beatum,
3471 4442 3553 4495 hoc
3574 4438 3684 4522 amatf

2200 4539 2360 4607 Quid,
2394 4549 2660 4610 putamus,
2705 4552 2867 4609 amat,
2900 4543 3045 4598 unde
3074 4519 3236 4613 putat
3276 4555 3331 4596 se
3370 4534 3471 4592 ﬁeri
3508 4519 3684 4586 beatum?

2202 4632 2509 4697 Pecuniam,
2543 4650 2753 4701 aurum,
2781 4645 3082 4705 argentum,
3116 4634 3463 4707 possessiones
3487 4643 3499 4679 :
3522 4617 3684 4677 breviter

2200 4726 2339 4794 dico,
2371 4729 2878 4798 pecuniam.Totum
2906 4732 3049 4786 enim
3077 4728 3324 4803 quidquid
3347 4723 3554 4781 homines
3572 4709 3684 4803 p055}

2198 4819 2328 4875 dent
2373 4822 2423 4875 in
2467 4830 2627 4888 terra,
2659 4824 2836 4877 omnia
2880 4800 3111 4895 quorum
3145 4820 3339 4879 domini
3368 4824 3495 4881 sunt,
3527 4800 3682 4881 pecuni:l

2198 4925 2437 4971 vocatur.
2469 4917 2663 4972 Servus
2688 4919 2779 4984 sit,
2799 4891 2914 4985 vas,
2934 4934 3079 4990 ager,
3104 4917 3279 4984 arbor,
3303 4924 3477 4985 pecus;
3501 4891 3683 4976 αυίδίῖυίδ

2199 5004 2389 5062 horum
2418 5016 2521 5072 est,
2555 5010 2775 5078 pecunia
2804 5009 3018 5065 dicitur.
3042 5010 3111 5065 Et
3136 5007 3272 5064 unde
3296 5013 3372 5061 est
3402 5000 3591 5073 primum
3619 4998 3682 5078 νος

2198 5108 2314 5153 cata
2337 5072 2583 5170 pecunia.
2614 5100 2740 5155 Ideo
2766 5102 3012 5170 pecunia,
3038 5102 3161 5172 quia
3196 5096 3386 5167 antiqui
3415 5098 3556 5147 totum
3584 5072 3679 5172 quid

2198 5168 2492 5257 habebant,
2522 5196 2573 5248 in
2606 5168 2886 5263 pecoribus
2928 5168 3210 5251 habebant.
3248 5196 3289 5246 A
3327 5198 3497 5259 pecore
3521 5168 3681 5249 pecu"ia

2197 5295 2434 5342 vocatur.
2465 5286 2713 5356 Legimus
2748 5288 2997 5357 antiquos
3038 5296 3212 5357 patres
3255 5282 3408 5337 fuisse
3438 5271 3593 5330 divites
3618 5274 3682 5329 ρα-

2196 5388 2388 5433 stores.
2418 5378 2559 5448 Ergo
2594 5378 2871 5448 pecuniam
2914 5378 3109 5449 diligis,
3139 5392 3171 5427 ο
3209 5375 3359 5427 homo
3388 5373 3402 5427 ἒ
3427 5361 3544 5418 unde
3576 5359 3681 5449 Was

2198 5480 2249 5526 te
2281 5474 2392 5526 fieri
2423 5447 2657 5535 beatum,
2694 5472 2915 5541 pecunia
2940 5447 3040 5536 est,
3073 5479 3127 5524 et
3157 5466 3367 5522 multum
3406 5471 3507 5513 eam

2199 5562 2426 5617 Volebas
2451 5563 2670 5631 diligere
2694 5529 2991 5631 proximum
3017 5529 3261 5630 tanquam
3286 5564 3333 5609 te
3353 5554 3528 5620 ipsum,
3554 5529 3679 5633 divide

2195 5670 2316 5711 cum
2340 5656 2430 5711 illo
2453 5655 2725 5725 pecuniam
2752 5664 2914 5711 tuam.
2944 5652 3081 5723 Quid
3107 5666 3249 5706 esses
3274 5638 3571 5702 discutiebam
3594 5644 3605 5680 :
3627 5636 3679 5676 m-

2194 5760 2383 5807 νεηιυε
2419 5766 2511 5815 es;
2542 5750 2828 5820 apparuisti
2856 5721 2985 5817 tibi,
2999 5746 3177 5803 vidisti
3208 5752 3287 5809 te,
3314 5721 3604 5795 considerasti
3628 5724 3675 5769 te.

2196 5848 2309 5906 Non
2338 5863 2394 5905 cs
2413 5854 2626 5922 paratus
2645 5843 2884 5903 dividere
2908 5840 3285 5916 cum'preuimo
3303 5827 3541 5908 pecuniam
3556 5823 3676 5876 ιυπωο
