3810 6464
175 485 264 541 Sed
284 480 383 551 quid
404 478 533 533 mihi
566 477 873 551 respondet
898 476 1100 549 benigna
1121 479 1373 534 avaritia?
1398 479 1536 545 Quid
1568 477 1697 532 mihi

174 577 437 649 respondet?
463 573 524 630 Si
550 575 800 631 divisero
828 589 947 629 cum
984 573 1087 637 illo,
1115 574 1291 629 minus
1332 574 1435 628 erit
1468 582 1524 649 et
1563 572 1691 628 mihi

163 669 315 725 etilli:
338 664 606 720 minuetur
642 664 794 736 quod
821 680 955 731 amo,
986 679 1079 719 nec
1114 672 1281 719 totum
1324 664 1541 719 habebit
1566 664 1655 720 ille
1675 706 1691 732 ,

153 776 234 818 nec
254 768 400 815 totum
421 756 640 813 habebo
664 772 789 828 ego.
811 755 912 812 Sed
939 756 1053 827 quia
1088 754 1250 824 diligo
1286 771 1406 810 eum
1440 766 1688 826 tanquam

151 854 409 923 meipsnm.
445 860 577 920 opto
607 850 690 905 illi
724 858 785 904 ut
817 857 1008 902 tantum
1039 846 1262 913 habeat;
1290 855 1353 902 ut
1384 862 1483 903 nec
1510 862 1689 902 meum

158 955 388 1008 minuatur,
413 951 468 998 et
494 943 614 1011 ipse
641 941 780 995 mihi
803 948 1111 1010 coaequatur.

204 1033 395 1091 CAPUT
430 1032 639 1085 Vll.—
666 1033 724 1085 7.
757 1030 1027 1084 Invidentia
1060 1028 1235 1083 vilium
1270 1028 1574 1083 diabolicum
1602 1045 1683 1084 tte-

145 1130 256 1182 nias
272 1124 590 1194 “superbia.
608 1122 759 1177 Bene
772 1130 989 1192 optantes
1005 1121 1183 1193 egenti,
1207 1138 1297 1175 nec
1318 1131 1484 1176 tamen
1494 1122 1688 1192 aliquid

138 1222 300 1270 dantes.
315 1215 472 1284 Optas
489 1213 639 1269 unde
655 1213 791 1267 nihil
815 1212 1000 1283 perdas
1025 1230 1038 1267 :
1061 1222 1221 1284 atque
1247 1214 1448 1268 utinam
1468 1213 1567 1269 hoc
1588 1228 1682 1268 ve-

136 1324 231 1364 rum
250 1307 401 1369 dicas,
431 1306 521 1361 vel
548 1314 737 1375 nptes.
763 1305 938 1359 Timeo
972 1304 1111 1361 enim
1141 1321 1210 1360 ne
1238 1306 1498 1361 invideas.
1531 1305 1685 1372 Quo-

140 1400 264 1456 modo
296 1399 431 1453 enim
460 1397 685 1452 socialis
727 1396 818 1452 erit
855 1395 1079 1451 felicitas
1113 1405 1201 1451 tua
1224 1439 1239 1462 ,
1269 1412 1427 1468 qttam
1472 1406 1682 1467 torquet

134 1493 316 1549 felicitas
341 1492 510 1546 aliena
525 1490 551 1543 ?
577 1488 772 1545 Nonne
793 1505 910 1544 cum
939 1490 1164 1559 coeperit
1185 1490 1450 1546 ditescere
1474 1491 1679 1545 vicinus

130 1595 245 1650 tuus,
270 1592 323 1639 et
350 1585 582 1653 incipere
611 1583 768 1653 quasi
808 1597 1046 1653 surgere,
1078 1592 1132 1637 et
1154 1582 1231 1637 ire
1263 1592 1384 1653 post
1424 1592 1494 1646 te,
1522 1584 1679 1639 times

128 1690 184 1729 ne
220 1685 454 1745 sequatur
493 1684 575 1740 te,
612 1675 774 1729 times
818 1689 887 1728 ne
928 1682 1163 1729 transeat
1188 1674 1281 1729 te?
1307 1674 1464 1729 Certe
1505 1674 1680 1744 diligis

130 1769 391 1835 maximum
424 1777 675 1836 tanquam
712 1773 759 1819 te
787 1764 981 1833 ipsum.
1006 1764 1110 1819 Sed
1143 1764 1465 1835 nonloquor
1492 1764 1560 1819 de
1598 1766 1682 1819 in-

128 1857 297 1911 vidis’.
324 1858 525 1911 Avertat
569 1856 723 1911 enim
764 1856 905 1910 Deus
946 1854 1086 1911 hanc
1129 1863 1331 1924 pestem
1377 1857 1444 1911 ab
1484 1856 1679 1911 animis

134 1951 349 2003 nmmum
386 1948 682 2012 hominum,
732 1947 929 2002 nedum
984 1945 1437 2011 Christianorum;
1489 1947 1674 2003 vitium

144 2040 450 2104 diabolicnm,
473 2055 565 2108 quo
583 2039 725 2093 solus
744 2037 992 2093 diabolus
1022 2052 1146 2092 reus
1173 2045 1275 2102 est,
1308 2047 1360 2093 et
1382 2038 1675 2108 inexpiabi-

155 2133 266 2186 liter
304 2148 428 2187 reus.
465 2131 569 2186 Non
608 2131 739 2185 enim
788 2129 985 2185 dicitur
1023 2128 1235 2184 diabolo
1275 2139 1334 2184 ut
1368 2128 1668 2196 damnetur,

159 2224 448 2277 Adulterium
466 2223 768 2287 commisisti,
796 2221 994 2275 furtum
1016 2220 1209 2284 fecisti,
1234 2220 1412 2275 villam
1442 2221 1670 2275 alienam

158 2312 493 2381 rapuisti:sed,
516 2312 709 2367 Homini
737 2312 902 2366 stanti
930 2312 1110 2380 lapsus
1139 2310 1394 2365 invidisti.
1427 2310 1675 2366 Inviden-

144 2406 203 2457 tia
240 2404 518 2458 diabolicnm
546 2403 729 2457 vitium
756 2412 843 2458 est
870 2420 884 2457 :
914 2402 1006 2457 sed
1038 2402 1197 2457 habet
1237 2411 1462 2457 matrem
1493 2417 1667 2457 suam.

138 2497 354 2569 Superbia
379 2507 577 2552 vocatur
602 2506 781 2552 mater
808 2495 1129 2551 invidentize.
1160 2494 1422 2564 Superbia
1455 2494 1664 2551 invidos

136 2590 247 2643 ﬁcit.
274 2588 459 2644 Stil'oca
484 2598 712 2643 matrem
736 2630 752 2654 ,
782 2596 837 2642 et
866 2602 968 2642 non
1007 2587 1111 2643 erit
1138 2586 1266 2641 ﬁlia.
1296 2586 1424 2642 Ideo
1450 2586 1667 2640 humili-

136 2693 262 2734 tatem
284 2681 445 2737 docuit
463 2680 734 2737 Christus.
761 2679 881 2734 Non
910 2694 1038 2749 ergo
1067 2680 1257 2749 loquor
1286 2678 1503 2744 invidis,
1528 2678 1667 2733 bene

132 2774 378 2843 optantibus
397 2776 599 2844 loquor.
630 2774 751 2829 Illis
775 2773 963 2843 loquor
983 2772 1070 2842 qui
1097 2779 1282 2841 optant
1302 2772 1439 2827 bene
1455 2771 1661 2835 amicis,

139 2877 187 2919 ut
214 2866 637 2923 habeanttantum
673 2874 937 2937 quantum
982 2864 1181 2919 habent
1226 2874 1279 2918 et
1318 2863 1437 2933 ipsi.
1471 2863 1669 2933 Optant

145 2958 251 3010 bene
270 2960 521 3027 egentibus,
547 2970 605 3014 ut
627 2960 874 3013 habeant
897 2965 1151 3027 quantum
1181 2965 1242 3010 et
1266 2956 1367 3025 ipsi
1395 2971 1409 3007 :
1445 2955 1538 3010 sed
1564 2970 1663 3009 no-

147 3046 239 3102 lunt
267 3048 346 3104 illis
375 3050 491 3105 dare
528 3066 598 3105 ex
638 3065 720 3105 eo
761 3046 902 3118 quod
942 3047 1158 3103 habent.
1202 3046 1330 3101 Inde
1380 3054 1432 3101 te
1470 3046 1662 3115 jactas,

147 3141 273 3196 homo
293 3144 560 3211 christiane,
581 3144 723 3214 quia
740 3152 892 3212 optas
918 3139 1097 3197 bene?
1123 3140 1310 3195 Melior
1335 3147 1388 3193 te
1416 3146 1498 3193 est
1524 3153 1666 3193 men-

147 3230 273 3299 dicus,
307 3236 373 3305 qui
399 3236 547 3307 plura
598 3235 710 3290 tibi
749 3243 918 3304 optat,
944 3242 998 3289 et
1040 3231 1168 3287 nihil
1205 3230 1386 3287 habet.
1412 3230 1557 3285 Bene
1584 3229 1665 3284 vis

138 3334 275 3395 optare
295 3329 404 3382 nihil
430 3346 458 3383 a
487 3340 539 3385 te
564 3327 866 3399 accipienti
897 3345 909 3381 :
938 3326 1004 3380 da
1032 3324 1233 3396 aliquid
1272 3324 1409 3379 bene
1433 3323 1659 3392 optanti.

132 3420 175 3475 Si
200 3421 357 3478 bonum
392 3434 465 3479 est
505 3423 659 3479 bene
696 3431 910 3492 optare,
943 3419 1109 3475 redde
1137 3417 1464 3474 mercedem.
1500 3416 1659 3486 Optat

135 3516 211 3567 tibi
244 3518 350 3572 bene
380 3534 604 3589 pauper,
670 3514 795 3587 quid
836 3511 1291 3583 trepidasl‘Addo
1328 3509 1525 3580 aliquid
1556 3526 1569 3562 :
1604 3508 1663 3563 In

141 3606 266 3661 domo
287 3608 536 3679 disciplina:
566 3626 669 3666 es-
702 3606 853 3662 Addo
877 3605 1076 3676 aliquid
1120 3604 1205 3658 bis
1237 3618 1355 3674 quae
1382 3602 1489 3656 dixi
1512 3602 1554 3668 ',
1588 3601 1662 3655 Da

134 3701 245 3757 bene
265 3707 456 3773 optanti;
478 3704 750 3760 Christus
774 3708 876 3756 est.
903 3701 1021 3770 Ipse
1046 3707 1150 3753 ate
1169 3698 1298 3767 petit
1325 3696 1415 3767 qui
1443 3695 1534 3750 tibi
1563 3694 1664 3749 de-

126 3790 202 3846 dit.
228 3793 473 3851 Erubesce.
505 3796 607 3851 Ille
640 3794 808 3848 dives
834 3806 1036 3862 pauper
1055 3806 1175 3846 esse
1201 3788 1390 3852 voluit,
1417 3797 1472 3843 ut
1498 3788 1663 3844 habe-

129 3899 193 3939 res
224 3901 445 3957 pauperes
469 3888 689 3959 quibus
715 3884 890 3939 dares.
926 3883 999 3938 Da
1033 3880 1232 3952 aliquid
1264 3879 1413 3935 fratri
1441 3889 1565 3947 tuo,
1586 3879 1662 3935 da

130 3976 275 4048 aliquid
310 3983 536 4051 proximo
565 3992 700 4043 tuo,
729 3978 796 4032 da
824 3975 1022 4048 aliquid
1049 3975 1231 4032 comiti
1260 3983 1369 4029 tuo.
1394 3974 1475 4029 Tu
1513 3973 1664 4030 dives

135 4083 204 4133 es,
221 4072 287 4126 ille
308 4089 493 4145 panper
518 4084 631 4130 est.
671 4071 789 4127 Vita
818 4072 915 4125 ista
936 4069 1016 4124 via
1045 4078 1149 4135 est,
1175 4068 1332 4123 simul
1356 4067 1665 4125 ambulatis.

187 4162 354 4221 CAiUT
377 4165 662 4223 “IL—8.
685 4165 901 4220 Sarcina
922 4163 1211 4216 divitiarum
1236 4161 1527 4226 minuenda,
1562 4161 1663 4214 lar-

127 4256 262 4321 giendo
288 4262 502 4329 pauperi.
541 4257 835 4313 Emsatio
877 4254 1095 4309 crudelis
1147 4268 1416 4306 avarorum
1467 4252 1665 4321 pietatis

126 4351 273 4404 nomine
289 4353 456 4405 relata.
489 4351 605 4407 Sed
641 4348 777 4403 forte
797 4348 931 4403 dicis
960 4368 974 4400 :
1008 4346 1121 4415 Ego
1146 4345 1314 4411 dives,
1346 4344 1436 4398 ille
1460 4358 1664 4413 pauper

126 4452 199 4493 est.
235 4442 378 4499 Simul
418 4442 744 4506 ambulatis,
794 4438 1016 4493 annon?
1048 4436 1183 4503 Quid
1214 4445 1298 4492 est
1322 4435 1461 4506 quod
1505 4435 1659 4501 dicis,

128 4534 207 4595 Ero
228 4537 370 4609 dives,
400 4541 490 4595 ille
522 4552 774 4610 pauper;
805 4534 929 4597 nisi,
949 4534 1061 4604 Ego
1091 4539 1362 4596 oneratus,
1395 4528 1486 4583 ille
1501 4526 1660 4584 levis?

132 4627 208 4697 Ego
228 4631 372 4693 dives,
395 4634 483 4687 ille
510 4644 748 4702 pauper.
767 4626 1041 4683 Sarcinam
1074 4632 1218 4679 tuam
1246 4635 1659 4686 commemoras,

129 4720 285 4784 aindas
310 4734 447 4777 tuum
478 4723 701 4778 laudas.
733 4719 802 4774 Et
840 4717 982 4789 quod
1010 4716 1224 4787 gravius
1254 4722 1368 4778 est,
1392 4712 1661 4768 constrin-

135 4816 217 4868 xizti
238 4818 292 4872 ad
318 4832 367 4875 te
390 4820 669 4875 sarcinam
700 4825 845 4870 tuam
880 4830 892 4866 ε
928 4812 1048 4867 ideo
1078 4826 1184 4865 non
1216 4812 1367 4878 potes
1394 4807 1663 4878 porrigere

133 4922 309 4966 Mount.
330 4912 587 4977 Onerate,
617 4911 804 4980 ligato,
836 4906 959 4978 quid
992 4915 1044 4960 te
1064 4904 1279 4975 jactas?
1308 4900 1436 4972 quid
1464 4911 1513 4955 te
1552 4900 1664 4954 lau-

138 4999 232 5053 das?
262 5003 405 5060 Solve
448 5004 670 5060 vincula
713 5011 821 5067 tua,
860 5000 1041 5054 minue
1076 4997 1143 5052 de
1185 4996 1391 5051 sarcina
1437 5002 1544 5048 tua.
1588 4992 1664 5047 Da

131 5093 285 5159 (uniti,
318 5106 370 5151 et
393 5097 545 5151 illum
575 5095 821 5165 adjuvas,
853 5100 909 5147 et
931 5098 982 5145 te
1004 5089 1229 5145 relevas.
1270 5086 1413 5141 Inter
1444 5086 1539 5138 has
1566 5099 1660 5137 vo-

131 5195 312 5242 testuas
352 5188 633 5244 laudantes
672 5184 935 5241 sarcinam
980 5191 1157 5247 tuam,
1189 5178 1363 5233 adhuc
1407 5176 1655 5251 Christus

132 5278 247 5343 Prtit,
271 5288 319 5333 et
336 5295 437 5335 non
464 5280 666 5349 accipit
691 5296 703 5332 :
734 5286 790 5331 et
812 5274 1060 5331 obtendis
1080 5287 1271 5327 nomen
1297 5269 1507 5340 pietatis
1545 5282 1667 5321 cru-

132 5364 293 5425 delibus
308 5374 547 5439 vocibus,
582 5383 639 5427 et
666 5370 834 5433 dicis,
862 5368 932 5424 Et
968 5366 1093 5437 quid
1126 5380 1281 5420 servo
1320 5363 1442 5417 ﬁliis
1488 5360 1666 5415 meis?

134 5458 348 5520 Christum
388 5469 461 5521 illi
498 5481 716 5537 oppono
740 5507 757 5533 ,
781 5464 921 5517 ﬁlios
960 5477 1085 5515 suos
1123 5459 1252 5514 mihi
1288 5456 1517 5526 reponit.
1561 5453 1664 5507 Ista

138 5566 233 5607 mo
263 5572 432 5629 magna
469 5560 696 5628 iustitia,
730 5567 786 5609 ut
820 5554 1010 5609 habeat
1038 5552 1176 5605 unde
1208 5551 1506 5603 luxurietur
1527 5545 1667 5599 filius

142 5649 246 5709 ῑῠιιε,
274 5659 414 5717 egeat
439 5651 696 5705 Dominus
722 5646 883 5703 tuus?
909 5645 1035 5699 Cum
1065 5646 1194 5697 enim
1237 5643 1326 5696 uni
1354 5658 1416 5694 ex
1443 5638 1664 5691 minimis

192 5801 207 5870 ξ
232 5807 350 5870 {tnta
370 5812 422 5853 Fx
437 5806 583 5867 Lugd.
602 5814 738 5854 Vens
764 5804 971 5870 Sednon
990 5800 1154 5870 loquar
1177 5800 1236 5870 de
1256 5796 1489 5870 invidis.“
1518 5804 1574 5843 tu.

191 5863 208 5892 ³
232 5868 355 5916 nuta
372 5873 442 5919 Er.
631 5877 768 5919 Velm
794 5866 933 5918 Addo
953 5859 1088 5916 aliud
1111 5861 1236 5928 quod
1260 5859 1386 5913 dixi.
1453 5867 1507 5910 tu.

1134 358 1360 418 διεκιιο
1396 359 1486 416 DE
1527 344 1902 419 DISCIPLINA
1944 362 2377 441 CHRISTIANA.

3277 381 3383 437 671

1807 481 1929 534 meis
1949 483 2155 552 fecistis,
2188 486 2311 539 milii
2337 487 2539 556 fecistis.
2566 487 2680 545 Non
2707 490 2902 563 legisti,
2926 510 3032 552 non
3060 495 3330 554 advertisti
3352 501 3376 554 ‘I

1803 571 1929 628 Cum
1959 576 2047 629 uni
2072 594 2133 631 ea:
2160 579 2382 634 minimis
2407 583 2529 637 meis
2554 600 2654 638 non
2683 587 2888 656 fecistis,
2917 604 3006 643 nec
3036 590 3161 644 mihi
3188 590 3376 662 fecistis

1805 664 2013 737 (Matth.
2045 685 2171 735 xxv,
2200 671 2288 735 40,
2313 673 2427 742 45).
2457 673 2571 729 Νοιι
2598 675 2792 747 legisti,
2810 695 2917 735 non
2945 682 3209 737 timuisti?
3237 683 3377 739 Ecce

1797 759 1917 828 quis
1948 770 2083 830 eget,
2112 770 2166 816 et
2194 762 2332 819 ﬁlios
2370 773 2488 820 tuos
2532 769 2816 824 numeras?
2843 771 3119 828 Postremo
3154 789 3375 829 numera

1796 848 1935 907 ﬁlios
1982 860 2121 918 tuos,
2162 855 2299 911 adde
2334 873 2496 912 unum
2538 859 2677 914 inter
2701 860 2838 926 illos,
2876 864 3153 919 Dominum
3203 876 3373 919 tuum.

1794 940 1968 998 Unum
1998 944 2182 1012 habes,
2222 948 2292 1001 sit
2336 948 2426 1004 ille
2467 951 2768 1017 secundus;
2798 953 2933 1009 duos
2970 954 3155 1018 habes,
3188 957 3257 1010 sit
3283 957 3373 1012 ille

1795 1037 2011 1101 tertius;
2048 1047 2154 1092 tres
2176 1038 2360 1106 habes,
2393 1042 2462 1097 sit
2486 1043 2575 1097 ille
2613 1055 2869 1113 quartus:
2894 1045 3024 1101 nihil
3053 1047 3241 1103 horum
3270 1051 3371 1105 vis.

1788 1129 1932 1200 Ecce
1962 1133 2228 1201 quomodo
2250 1134 2423 1205 diligis
2454 1138 2754 1205 proximum
2784 1149 2949 1207 tuutn,
2982 1156 3138 1211 quem
3164 1142 3261 1196 tibi
3291 1142 3373 1198 Ia-

1791 1222 1901 1277 cias
1928 1225 2131 1278 sncium
2161 1226 2225 1279 ad
2258 1227 2412 1282 istam
2442 1231 2819 1298 perditionem.

1862 1318 1918 1371 9.
1944 1317 2079 1384 Quid
2106 1320 2197 1374 tibi
2224 1320 2462 1376 dicturus
2490 1337 2626 1387 sum,
2662 1325 2844 1395 Diligis
2865 1327 3164 1397 proximum
3196 1328 3376 1382 tuum?

1789 1409 1925 1478 Quid
1948 1411 2021 1465 illi
2049 1412 2099 1465 in
2117 1428 2274 1467 aures
2296 1415 2673 1485 insusurrabis,
2697 1418 2857 1474 homo
2878 1436 3070 1486 avare;
3096 1422 3217 1487 nisi,
3249 1421 3369 1489 Fili,

1787 1511 1879 1555 aut
1903 1501 2084 1568 frater,
2114 1514 2203 1559 aut
2231 1514 2402 1574 pater,
2430 1506 2625 1561 bonum
2652 1519 2733 1564 est
2761 1511 2913 1566 nobis
2941 1521 2997 1566 ιιι
3024 1528 3143 1567 cum
3176 1513 3266 1568 hic
3292 1514 3370 1568 vi-

1787 1592 1978 1659 vimus,
2008 1593 2141 1648 bene
2171 1596 2239 1648 sit
2260 1595 2452 1651 nobis?
2475 1598 2739 1664 Quantum
2762 1600 3006 1667 habebis,
3030 1612 3206 1659 tantus
3236 1604 3365 1658 eris.

1785 1682 1993 1755 Frange
2026 1686 2222 1752 lunam,
2241 1696 2295 1741 et
2320 1688 2399 1741 fac
2421 1687 2704 1743 fortunam.
2732 1690 2834 1745 Ista
2854 1694 3157 1749 susurrabis
3186 1694 3370 1764 proxi-

1783 1785 2019 1841 motuo,
2049 1794 2168 1846 quae
2212 1794 2318 1833 non
2364 1778 2595 1834 didicisti
2641 1782 2695 1836 in
2723 1782 2882 1837 domo
2910 1784 3239 1856 disciplinae,
3270 1800 3369 1843 nec

1782 1867 1974 1922 audisti
2006 1868 2111 1925 hic.

1852 1958 2079 2015 CAPUT
2118 1960 2209 2015 IX.
2233 1991 2305 2002 -—
2342 1963 2616 2017 Avaroram
2658 1966 2939 2035 perniciosa
2984 1968 3235 2039 colloquia
3275 1986 3368 2023 ca-

1780 2050 1959 2103 venda.
2001 2051 2133 2106 Nolo
2162 2053 2239 2107 sic
2264 2053 2453 2123 diligas
2482 2057 2783 2124 proximum
2808 2067 2981 2113 tttum.
3010 2059 3054 2114 0
3083 2060 3124 2114 si
3150 2076 3365 2132 possem

1780 2139 1976 2207 facere,
2014 2151 2078 2195 ut
2122 2144 2250 2197 nulli
2291 2144 2620 2215 jungererisl
2656 2147 2996 2219 Corrumpunt
3027 2152 3169 2205 enim
3203 2169 3366 2208 mores

1778 2228 1933 2285 bonos
1960 2233 2213 2304 colloquia
2241 2237 2374 2288 mala
2406 2236 2447 2305 (I
2469 2237 2585 2291 Cor.
2617 2254 2708 2305 xv,
2734 2241 2846 2310 55).
2871 2240 2975 2296 Sed
3008 2258 3113 2297 non
3146 2259 3364 2312 possum

1777 2320 1952 2376 facere
1978 2331 2035 2377 ut
2060 2326 2257 2378 nemini
2293 2325 2533 2397 jungaris
2553 2370 2566 2391 ,
2595 2330 2678 2382 cui
2708 2331 2844 2384 mala
2870 2331 2968 2385 ista
2996 2348 3113 2402 quae
3142 2349 3248 2387 non
3276 2335 3357 2389 vis

1775 2410 2052 2467 dediscere
2091 2414 2420 2479 insusurres;
2450 2426 2504 2471 et
2548 2432 2653 2472 non
2700 2420 2871 2473 solum
2917 2422 3055 2476 nolis
3088 2422 3362 2495 dedoceri,

1775 2503 1869 2558 sed
1912 2503 2130 2565 aﬂ‘ectes,
2169 2507 2327 2560 etiam
2354 2507 2568 2563 docere.
2612 2509 2765 2576 Nolo,
2809 2512 2917 2566 imo
2947 2513 3101 2576 volo,
3130 2514 3224 2569 sed
3255 2531 3361 2571 non

1775 2609 2016 2663 possum,
2044 2596 2349 2668 disjungere
2377 2607 2428 2652 te
2454 2598 2522 2653 ab
2548 2602 2766 2656 auribus
2800 2602 3048 2658 aliorum.
3087 2604 3235 2659 Alios
3263 2605 3359 2659 ad-

1773 2703 2042 2750 moneam,
2066 2690 2130 2744 ad
2160 2707 2387 2759 quorum
2412 2708 2571 2747 aures
2598 2695 2787 2756 ambis,
2821 2710 3047 2765 quorum
3080 2711 3238 2751 aures
3269 2712 3362 2767 pe-

1772 2790 1988 2837 netrare
2018 2784 2243 2847 moliris,
2286 2784 2350 2839 ad
2381 2802 2607 2854 quarunt
2640 2787 2798 2841 corda
2834 2803 2930 2857 per
2975 2804 3132 2843 aures
3163 2789 3363 2845 intrare

1772 2873 2031 2945 disponis.
2063 2876 2107 2931 Ο
2127 2878 2215 2946 qui
2253 2879 2448 2948 accipis
2474 2880 2692 2933 verbum
2721 2895 2906 2934 sanum
2936 2882 2988 2935 in
3016 2880 3177 2937 domo
3203 2882 3363 2938 disci-

1771 2967 1951 3036 plinae,
1982 2966 2105 3037 Sepi
2133 2984 2279 3021 aures
2306 2979 2417 3022 tuas
2455 2971 2614 3037 spinis
2655 2971 2842 3040 (Eccli.
2868 2987 3062 3036 xxvnt,
3089 2971 3202 3042 28).
3227 2971 3357 3028 Cor-

1770 3068 2008 3124 rumpunt
2036 3057 2189 3113 bonos
2218 3076 2378 3113 mores
2407 3060 2657 3131 colloquia
2692 3064 2828 3116 mala
2857 3079 2876 3116 :
2915 3064 3022 3133 sepi
3060 3081 3206 3118 aures
3248 3074 3360 3119 tuas

1770 3149 1949 3218 spinis.
1979 3148 2123 3217 Sepi,
2148 3158 2199 3203 et
2227 3150 2393 3218 spinis
2427 3151 2574 3221 sepi;
2610 3160 2669 3205 ut
2699 3153 2785 3207 ille
2815 3153 2903 3222 qui
2949 3153 3250 3222 importune
3281 3155 3362 3208 in-

1769 3248 1913 3295 trare
1956 3253 2117 3293 ausus
2148 3239 2325 3304 fuerit,
2350 3257 2457 3295 non
2505 3242 2676 3295 solum
2715 3244 3023 3312 repellatur,
3058 3244 3150 3298 sed
3193 3245 3353 3299 etiam

1770 3340 2174 3401 compungatur.
2222 3332 2443 3401 Repello
2486 3334 2633 3387 illum
2671 3350 2699 3388 a
2750 3344 2821 3389 te.
2860 3336 2952 3389 Dic
2982 3354 2996 3390 :
3026 3335 3359 3392 Christianus

1770 3436 1849 3488 es,
1881 3421 2217 3477 Christianus
2256 3438 2372 3477 sum
2404 3440 2416 3477 :
2450 3438 2557 3478 non
2603 3424 2704 3479 hoc
2746 3426 3047 3495 accepimus
3087 3427 3139 3480 in
3190 3428 3351 3483 domo

1768 3516 2089 3585 disciplinas,
2121 3531 2226 3571 non
2266 3516 2368 3570 hoc
2406 3516 2691 3572 didicimus
2740 3518 2793 3571 in
2841 3518 2931 3571 illa
2970 3518 3152 3572 schola
3196 3534 3354 3587 quam

1768 3610 1934 3680 gratis
1972 3609 2319 3674 intravimus;
2352 3624 2456 3663 non
2497 3609 2596 3663 hoc
2622 3609 2905 3663 didicimus
2935 3609 3035 3663 Sub
3062 3609 3153 3664 illo
3192 3610 3358 3679 magi-

1770 3710 1882 3755 stro
1909 3702 2059 3770 cujus
2086 3699 2337 3755 cathedra
2366 3701 2415 3753 in
2438 3702 2575 3755 ccelo
2596 3710 2696 3755 est.
2721 3699 2839 3755 Noli
2869 3700 2997 3754 mihi
3024 3701 3123 3755 ista
3150 3700 3349 3766 dicere,

1769 3800 1861 3846 aut
1888 3792 1996 3846 noli
2031 3791 2097 3847 ad
2126 3808 2213 3848 me
2244 3791 2518 3848 accedere.
2550 3793 2661 3849 lloc
2697 3801 2780 3848 est
2817 3793 2959 3847 enim
2980 3835 2995 3859 ,
3042 3793 3168 3864 Sepi
3207 3809 3356 3849 aures

1770 3894 1881 3940 tuas
1908 3886 2087 3956 spinis.

1841 3974 1929 4029 10.
1969 3977 2289 4032 Convertam
2315 3992 2401 4033 me
2423 3976 2487 4032 ad
2517 3977 2688 4031 illum.
2714 3976 2919 4032 Avarus
2946 3990 3005 4031 es
3028 4015 3043 4041 ,
3073 3976 3353 4046 pecuniam

1768 4083 1917 4125 amas
1948 4087 1963 4123 :
1994 4070 2180 4125 beatus
2206 4086 2324 4126 esse
2352 4072 2470 4124 vis?
2497 4072 2660 4125 Deum
2693 4079 2837 4125 tuum
2868 4086 3009 4124 ama.
3038 4069 3266 4124 Pecunia
3300 4077 3354 4125 te

1770 4176 1877 4216 non
1902 4160 2026 4215 facit
2051 4161 2265 4216 beatum
2298 4178 2310 4212 :
2341 4170 2393 4214 tu
2423 4176 2539 4215 eam
2570 4160 2701 4215 facis
2731 4172 2973 4215 ornatam
2995 4201 3009 4226 ,
3048 4177 3152 4215 non
3186 4161 3271 4214 illa
3301 4168 3353 4215 te

1768 4253 2003 4309 beatum.
2035 4250 2138 4307 Sed
2166 4252 2287 4321 quia
2313 4252 2537 4306 multum
2576 4267 2725 4306 amas
2759 4253 3037 4321 pecuniam
3060 4292 3075 4318 ,
3118 4261 3173 4306 et
3197 4251 3354 4307 video

1769 4347 1892 4417 quia
1924 4346 2097 4415 pergis
2132 4360 2237 4413 quo
2278 4344 2496 4413 jusserit
2528 4344 2828 4413 cupiditas;
2858 4345 3024 4414 piger,
3053 4358 3212 4413 perge
3248 4360 3353 4413 quo

1765 4437 1915 4508 jubet
1934 4438 2165 4492 charitas
2188 4453 2203 4491 :
2226 4437 2454 4507 respice,
2486 4444 2539 4490 et
2560 4435 2679 4490 vide
2703 4444 2953 4505 quantum
2980 4435 3191 4490 intersit
3212 4436 3354 4490 inter

1770 4530 2049 4601 pecuniam
2080 4535 2224 4583 tuam
2256 4537 2311 4584 et
2333 4529 2497 4582 Deum
2534 4537 2701 4581 tuum.
2730 4527 3009 4581 Pulchrior
3035 4535 3117 4581 est
3144 4526 3243 4581 iste
3274 4528 3350 4582 sol

1770 4636 1928 4693 quam
1975 4620 2197 4691 pecunia
2242 4628 2353 4687 tua,
2390 4629 2444 4675 et
2485 4629 2659 4674 tamen
2691 4619 2768 4673 sol
2811 4620 2911 4674 iste
2954 4634 3059 4673 non
3099 4627 3182 4673 est
3212 4620 3354 4675 Deus

1771 4724 1907 4770 tuus.
1935 4714 2104 4768 Porro
2123 4713 2165 4767 si
2190 4711 2457 4781 pulchrior
2475 4720 2556 4765 est
2577 4710 2662 4763 lux
2688 4711 2784 4764 ista
2806 4724 2966 4779 quam
2997 4709 3218 4777 pecunia
3243 4719 3353 4766 tua.

1770 4816 2022 4880 quantum
2049 4814 2132 4861 est
2156 4803 2426 4875 pulchrior
2452 4803 2539 4872 qui
2568 4801 2691 4856 fecit
2718 4801 2853 4855 hanc
2873 4800 3085 4855 lucem?
3111 4803 3192 4855 An
3220 4802 3355 4855 forte

1770 4911 2082 4967 comparare
2108 4895 2186 4950 vis
2212 4893 2488 4964 pecuniam
2514 4900 2654 4945 tuam
2691 4891 2836 4945 luci?
2860 4892 2993 4946 Ecce
3015 4892 3209 4947 occidit
3238 4893 3315 4945 Sui
3339 4909 3351 4955 ;

1770 4988 1995 5045 ostende
2040 4986 2171 5042 mihi
2210 4985 2486 5056 pecuniam
2532 4992 2697 5036 tuam.
2730 4982 2902 5046 Nitet,
2930 4992 2984 5036 et
3026 4993 3181 5037 nocte
3226 4983 3352 5035 sub;

1772 5078 1924 5138 traho
1943 5083 2247 5144 lucernam;
2281 5094 2406 5134 ecce
2431 5077 2580 5132 dives
2605 5082 2699 5143 es,
2728 5076 2951 5131 ostende
2982 5075 3112 5129 mihi
3138 5076 3350 5129 divitias

1772 5186 1908 5232 tuas.
1940 5176 2057 5231 Jam
2080 5176 2122 5229 si
2152 5174 2350 5228 lumine
2375 5172 2621 5243 priveris,
2644 5170 2754 5245 jam
2785 5171 2828 5224 si
2852 5184 2958 5223 non
2986 5168 3184 5223 habeas
3212 5167 3351 5221 unde

1770 5270 1911 5343 quod
1943 5270 2107 5323 habes
2138 5266 2339 5327 videas,
2370 5265 2460 5319 ubi
2481 5274 2602 5318 sunt
2624 5262 2821 5317 divitiae
2851 5260 2998 5314 tum?

1842 5358 2067 5415 CAPUT
2107 5357 2432 5411 X.—Acute
2454 5355 2508 5409 in
2536 5370 2692 5407 crocos
2712 5354 2955 5424 quosdam
2988 5367 3184 5405 avaros.
3214 5350 3350 5417 Quo-

1772 5456 1920 5509 modo
1965 5452 2253 5524 praecipitur
2288 5448 2427 5502 Deus
2466 5449 2627 5501 amari
2668 5456 2906 5516 tanquam
2945 5446 3180 5516 pecunia.
3222 5443 3356 5495 Tim-

1772 5552 1894 5604 dens
1922 5556 2109 5619 pectus,
2137 5562 2225 5599 nec
2246 5562 2299 5598 se
2324 5544 2599 5611 corrigens,
2625 5541 2809 5595 solidat
2832 5548 3052 5609 peccata,
3076 5553 3175 5589 non
3203 5533 3355 5617 tollit.

1774 5644 1838 5697 Et
1859 5614 1934 5696 sic
1961 5651 2136 5694 tamen
2160 5634 2424 5689 horrenda
2455 5631 2782 5702 profunditas
2817 5626 3057 5681 avaritia:
3083 5638 3189 5677 non
3211 5614 3357 5691 patet

1773 5734 1961 5794 oculis,
1993 5741 2045 5785 et
2070 5737 2238 5783 scatet
2275 5726 2464 5780 animis
2487 5725 2527 5776 ¹.
2553 5720 2791 5773 Vidimus
2830 5725 2881 5769 et
2916 5729 3085 5769 caecos
3122 5727 3356 5774 avaros:

1745 5899 1781 5913 ,,
1840 5854 1857 5885 ί
1892 5858 2018 5910 κω,
2046 5858 2139 5897 non
2160 5836 2486 5908 patetoculus,
2512 5841 2557 5886 et
2577 5835 2724 5886 scatet
2744 5840 2944 5883 annuus.
3298 5866 3330 5931 ﬂ,
3360 5917 3379 5925 Δ
