3904 6362
548 321 652 376 079

548 434 691 488 videt
711 447 827 503 qua:
848 430 981 485 facta
1009 436 1127 483 sunt
1154 441 1305 482 nova.
1331 427 1385 483 Si
1411 437 1584 484 autem
1610 429 1837 483 carnalis
1861 427 2017 493 adsit,
2037 427 2125 497 qui

549 537 717 583 totum
749 542 841 595 per
868 525 1048 579 oculos
1080 523 1273 586 carnis,
1306 521 1435 576 nihil
1467 539 1559 591 per
1594 524 1762 576 aciem
1805 522 1998 577 mentis
2041 520 2125 574 in-

548 620 753 688 telligit,
782 617 1009 672 irridens
1046 614 1371 685 respondet:
1405 614 1553 685 Rogo
1580 622 1652 679 te,
1692 614 1778 669 dic
1821 628 1939 685 quae
1987 612 2124 669 facta

546 721 668 766 sunt
687 710 858 764 nova?
879 707 1141 778 Numquid
1160 706 1300 760 aliud
1318 707 1509 762 caelum
1527 706 1750 776 respicio
1767 720 1923 775 quam
1944 712 2119 769 antea,

544 812 635 857 aut
655 802 827 857 sidera
882 802 933 855 in
982 816 1175 855 novum
1219 799 1555 869 splendorem
1603 798 1887 853 micantia?
1936 797 2123 852 Nonne

544 894 730 949 iisdem
760 893 1003 947 cursibus
1033 892 1111 946 sol
1143 891 1342 960 peragit
1362 890 1522 953 diem,
1552 888 1861 959 eisdemque
1888 890 2125 943 curricu-

546 987 611 1040 lis
656 986 775 1039 luna
806 984 1010 1055 peragit
1059 982 1303 1036 noctem?
1346 981 1611 1053 Numquid
1670 995 1815 1035 mare
1866 980 2122 1035 terminos

546 1091 672 1130 suos
703 1075 940 1145 ﬁnesque
984 1082 1371 1143 transgressum
1401 1081 1500 1137 est,
1534 1079 1626 1125 aut
1645 1080 1809 1125 terrae
1835 1070 1996 1125 facies
2020 1071 2122 1124 im-

546 1177 740 1221 mutata
771 1167 870 1221 alia
904 1167 1110 1220 insolita
1148 1164 1386 1234 germina
1411 1164 1743 1232 procreavit?
1770 1162 1957 1218 Nonne
1985 1163 2124 1218 sicut

543 1275 606 1313 ex
635 1259 784 1312 initio
810 1257 954 1312 horis
994 1256 1274 1310 duodecim
1320 1255 1583 1325 peragitur
1625 1252 1762 1319 dies,
1813 1253 2121 1323 eisdemque

543 1349 826 1403 crementis
851 1347 1049 1402 uastatis
1079 1356 1284 1414 tempus
1305 1386 1321 1410 ,
1365 1344 1554 1414 quibus
1576 1342 1909 1398 detrimentis
1946 1335 2120 1397 hiems

545 1440 845 1510 peragitur?
866 1438 1151 1507 Progenies
1174 1451 1383 1507 quoque
1415 1436 1527 1503 ipsa
1556 1434 1857 1490 mortalium
1887 1434 2003 1487 aliis
2027 1432 2121 1487 de-

543 1532 884 1597 cedentibus,
938 1530 1056 1583 aliis
1106 1527 1507 1583 succedentibus
1560 1526 1868 1581 terminatos
1934 1524 2121 1578 ﬁniunt

542 1623 677 1678 dies.
706 1623 837 1677 Cum
861 1635 987 1690 ergo
1008 1620 1206 1683 omnia,
1235 1619 1371 1672 sicut
1393 1634 1458 1672 ex
1484 1618 1633 1672 initio
1660 1617 1947 1671 constituta
1973 1624 2116 1682 sunt,

540 1716 612 1769 ita
638 1721 981 1778 concurrunt,
1010 1726 1136 1766 suos
1172 1718 1348 1765 motus
1374 1709 1615 1778 ﬁnesque
1657 1708 1955 1769 servantia;
1995 1707 2119 1777 quid

539 1804 781 1873 estquod
818 1803 968 1857 nobis
1010 1800 1344 1870 praedicatur,
1404 1797 1582 1851 Vetera
1630 1798 1958 1863 transierunt,
2011 1814 2121 1852 ecce

541 1902 674 1967 facta
698 1904 811 1950 sunt
842 1894 1009 1947 nova?
1036 1890 1337 1961 Responde,
1369 1904 1402 1943 o
1445 1889 1625 1954 Paule,
1686 1889 1805 1942 talia
1853 1888 1918 1942 de
1967 1887 2121 1942 nobis

541 1986 863 2057 requirenti;
891 1993 941 2037 et
963 1983 1085 2052 quia
1119 1983 1294 2035 minus
1322 1979 1475 2033 valeo
1500 1979 1567 2032 ad
1594 1977 2036 2049 respondendum,
2069 1986 2120 2032 te

537 2078 779 2136 obsecro,
806 2072 1067 2143 reSponde
1108 2085 1202 2140 pro
1244 2086 1350 2124 me.
1398 2068 1535 2123 Ecce
1582 2067 1703 2121 audi
1760 2067 2115 2145 apostolum:

455 2170 473 2195 ’
537 2165 674 2235 Quid
695 2164 908 2233 quaaris,
937 2162 1163 2217 carnalis
1191 2160 1431 2226 auditor,
1480 2173 1573 2228 per
1601 2158 1782 2213 oculos
1809 2160 1983 2213 carnis
2028 2174 2114 2213 re-

539 2256 787 2327 spicere?
808 2255 963 2323 Erige
1008 2253 1201 2306 mentis
1223 2252 1415 2316 aciem,
1443 2257 1501 2303 ut
1529 2248 1669 2319 quod
1705 2248 1899 2303 dicitur
1948 2250 2116 2317 possis

536 2348 856 2417 intelligere,
895 2344 1073 2399 Vetera
1113 2343 1438 2408 transierunt,
1490 2356 1603 2394 ecce
1650 2344 1787 2411 facta
1822 2348 1935 2401 sunt
1966 2354 2113 2391 nova.

535 2441 663 2506 Quae
710 2446 890 2491 vetera
948 2432 1313 2489 transierunt?
1362 2447 1481 2501 qua:
1534 2430 1671 2485 facta
1746 2438 1870 2483 sunt
1938 2427 2116 2482 nova?

536 2532 743 2586 Primus
763 2530 929 2593 homo,
949 2527 1138 2596 inquit,
1160 2525 1222 2579 de
1232 2534 1385 2591 terra,
1413 2534 1638 2577 terrenus
1656 2538 1675 2586 ;
1692 2520 1938 2576 secundus
1965 2522 2113 2575 homo

536 2624 598 2678 de
622 2624 766 2689 aeto,
796 2621 1005 2675 cmlestis
1031 2620 1070 2689 (l
1099 2617 1217 2673 Cor.
1237 2633 1325 2682 xv,
1352 2617 1462 2687 47).
1484 2615 1716 2671 Transiit
1741 2615 1929 2680 Adam,
1954 2613 2114 2669 homo

532 2722 685 2768 vetus
714 2713 881 2766 factus
906 2728 972 2765 ex
998 2710 1125 2765 limo
1154 2726 1169 2761 :
1197 2709 1342 2763 venit
1360 2707 1625 2765 Christus.
1648 2706 1788 2760 Deus
1809 2704 1967 2761 homo
1987 2706 2114 2761 mis-

532 2822 625 2862 sus
643 2821 675 2861 e
702 2804 859 2861 etelo.
893 2804 1125 2859 Transiit
1150 2810 1382 2857 vetustas
1408 2799 1687 2867 mentium,
1715 2799 1939 2854 accessit
1964 2800 2112 2869 novi-

536 2910 614 2954 tas
643 2898 975 2954 credentium
1008 2912 1022 2949 :
1053 2895 1263 2950 transiit
1303 2893 1409 2948 vita
1441 2892 1689 2955 carnalis,
1720 2893 1977 2947 successit
2005 2893 2114 2963 spi-

531 2989 751 3045 ritualis.
792 2993 873 3041 An
903 3002 1065 3057 parva
1093 2995 1176 3040 est
1218 2985 1423 3039 novitas
1449 2985 1582 3048 lucc,
1634 2984 1703 3038 ita
1751 2982 2112 3038 demonstrata

533 3096 629 3151 per
658 3078 925 3133 hominem
955 3078 1144 3143 Deum,
1167 3084 1223 3129 ut
1250 3073 1528 3130 moriendo
1556 3073 1852 3143 susciperet
1879 3080 2113 3127 vetusta-

533 3184 639 3229 tem
680 3181 842 3237 tuam,
872 3168 1198 3241 resurgendo
1244 3168 1550 3224 ostenderet
1602 3167 1890 3222 novitatem
1946 3175 2108 3232 tuam,

530 3262 869 3320 ascendendo
913 3263 1151 3316 ﬁrmaret
1177 3260 1473 3315 claritatem
1513 3257 1689 3312 tuam?
1712 3255 1904 3312 Vetera
1932 3265 2109 3311 trans-

530 3359 894 3427 ieruntzqute
932 3365 1112 3411 vetera
1169 3353 1533 3409 transierunt?
1583 3350 1735 3420 Quod
1808 3351 1967 3405 eratis
2017 3348 2109 3403 ﬁlii

528 3451 720 3514 Adam,
746 3449 835 3505 ﬁlii
873 3448 1136 3503 carnales.
1182 3446 1327 3507 Nova
1367 3453 1705 3501 accesserunt
1734 3460 1747 3497 :
1772 3458 1890 3513 qua:
1936 3442 2110 3497 nova?

528 3542 678 3609 Quod
700 3540 970 3596 efﬁcimini
1001 3540 1093 3593 ﬁlii
1128 3539 1346 3602 Dei,ﬁlii
1375 3534 1896 3607 spirituales.Vetera
1928 3542 2106 3590 trans-

531 3635 742 3696 ierunt;
773 3644 912 3687 terra
962 3632 1126 3685 eratis
1157 3648 1169 3682 :
1201 3645 1327 3685 ecce
1350 3629 1487 3684 facta
1514 3638 1638 3684 sunt
1666 3644 1829 3691 nova;
1854 3628 1975 3683 caeli
2001 3629 2107 3698 jam

531 3736 666 3791 pene
689 3719 864 3775 effecti
911 3721 1058 3774 estis.
1112 3717 1236 3774 Caeli
1282 3719 1425 3772 enim
1470 3728 1709 3771 enarrem
1753 3717 1965 3788 gloriam
2014 3718 2110 3772 Dei

532 3807 701 3884 (Psal.
735 3824 882 3873 xvnt,
908 3808 984 3878 l).
1011 3808 1126 3862 Non
1153 3808 1304 3862 vobis
1333 3808 1662 3876 impossibile
1682 3808 1944 3877 videatur,
1967 3809 2108 3878 quod

530 3918 649 3956 cum
696 3902 811 3955 sitis
836 3907 1134 3965 terrestres,
1188 3898 1488 3953 efﬁciamini
1534 3898 1799 3953 caelestes.
1847 3899 1922 3953 De
1969 3909 2106 3954 terra

530 4006 635 4045 non
661 3991 787 4045 facit
808 3989 1025 4053 coelum,
1054 3989 1142 4058 qui
1159 3987 1227 4044 de
1252 3989 1418 4043 nihilo
1445 3986 1569 4061 fecit
1608 3997 1800 4042 terram
1818 3989 2109 4045 etetelum?

480 4130 485 4137 .
532 4081 723 4137 Vetera
752 4080 1109 4145 transierunt;
1141 4078 1344 4149 lapides
1373 4078 1662 4135 colebatis:
1691 4094 1826 4134 nova
1868 4094 2108 4136 accesse-

530 4182 686 4237 runt;
732 4170 897 4226 Deum
948 4185 1131 4225 verum
1201 4169 1450 4223 adoratis.
1507 4168 1696 4224 Vetera
1745 4171 2103 4237 transierunt;

530 4263 738 4319 transiit
780 4262 1110 4317 mortalitas:
1139 4275 1272 4316 nova
1307 4270 1673 4325 accesserunt;
1710 4264 1970 4333 promissa
2021 4273 2108 4319 est

528 4355 919 4414 immortalitas.
956 4354 1143 4409 Vetera
1177 4346 1531 4419 transierunt;
1563 4355 1794 4424 perierat
1816 4357 1990 4410 omnis
2016 4370 2108 4411 ca-

528 4463 590 4505 ro
632 4466 728 4520 per
768 4449 1046 4504 mulierem
1090 4448 1247 4503 simul
1299 4462 1420 4502 cum
1475 4449 1593 4502 viro
1647 4459 1900 4517 peccante
1930 4467 1942 4504 :
1968 4465 2106 4505 nova

530 4549 903 4606 accesserunt;
928 4548 1171 4609 reparata
1193 4547 1279 4594 est
1301 4539 1593 4602 caro,‘sine
1628 4538 1745 4593 viro
1770 4540 1974 4610 virgine
2008 4555 2105 4610 pa-

531 4631 718 4684 riente.
746 4629 939 4685 Vetera
968 4630 1318 4693 transierunt;
1358 4629 1565 4683 transiit
1602 4630 1749 4698 regio
1782 4632 2058 4685 vetustatis
2086 4647 2102 4683 :

528 4736 661 4775 nova
690 4728 1067 4785 accesserunt;
1098 4719 1334 4774 succedit
1351 4719 1645 4776 Jerusalem
1663 4721 1851 4786 civitas
1871 4724 2106 4797 ctelestis

528 4811 795 4866 novitatis.
819 4811 900 4865 Ad
928 4810 1064 4866 hanc
1082 4810 1350 4865 civitatem
1373 4826 1559 4867 novam
1586 4816 1868 4884 pervenire
1888 4818 2101 4888 cupitis,

526 4907 616 4975 qui
646 4905 858 4961 nomina
888 4914 1064 4960 vestra
1098 4905 1479 4961 conscribenda
1506 4906 1748 4963 dedistis.

596 5019 820 5077 CAPUT
854 5020 1067 5076 ll.—2.
1096 5020 1493 5075 Festinemusad
1523 5022 1757 5091 patriam.
1794 5022 2006 5099 Navigii
2025 5028 2105 5084 in-

526 5114 755 5168 structio.
780 5113 895 5179 Eia,
926 5112 1116 5169 fratres
1140 5113 1267 5180 mei,
1308 5113 1555 5170 ardenter
1586 5115 1953 5174 desideremus
1978 5135 2102 5190 pro-

524 5205 692 5275 priam
723 5206 979 5275 patriam;
1012 5206 1488 5276 peregrinationem
1518 5209 1695 5276 istam,
1730 5225 1849 5281 quae
1895 5228 1992 5267 nos
2035 5214 2103 5270 ab

527 5308 588 5352 ea
613 5296 789 5351 adhuc
824 5297 1045 5361 detinet,
1072 5298 1378 5365 toleremus,
1430 5315 1535 5356 non
1573 5316 1812 5358 amemus
1842 5320 1856 5357 :
1887 5305 2103 5361 festiue-

528 5404 648 5444 mus
678 5399 876 5445 tamen.
900 5390 1015 5445 Non
1045 5400 1125 5446 est
1147 5407 1311 5462 quare
1341 5392 1426 5449 hic
1458 5405 1634 5461 stare;
1665 5412 1763 5453 nec
1797 5399 2001 5455 invenis
2046 5400 2100 5456 in

525 5481 743 5547 steculo,
775 5481 915 5551 quod
942 5482 1051 5551 jam
1077 5484 1249 5554 possis
1279 5500 1478 5541 amare.
1506 5489 1624 5558 Ipse
1648 5492 1791 5544 enim
1823 5508 1974 5547 amor
2012 5509 2103 5563 pa-

524 5578 754 5638 rentum,
783 5572 1085 5643 conjugum,
1109 5575 1359 5641 ﬁliorum,
1377 5577 1707 5644 facultatum,
1740 5594 1829 5637 aut
1853 5600 2099 5655 magnum

525 5664 840 5732 quibusdam
861 5666 1198 5722 incusserunt
1227 5669 1485 5733 laborem.
1519 5683 1607 5726 aut
1625 5688 1866 5742 magnum
1892 5680 2103 5746 pariunt

528 5755 771 5816 timorem
800 5772 812 5809 :
843 5774 947 5813 non
968 5772 1049 5814 est
1073 5774 1237 5831 quare
1264 5759 1352 5827 hic
1373 5769 1535 5820 stare.
1567 5762 1754 5820 Melius
1782 5772 1921 5828 enim
1956 5777 2099 5834 festi-

1481 315 1570 372 DE
1607 314 1896 372 CANTICO
1931 314 2112 372 NOVO

2215 328 2338 378 rrc.,
2378 311 2836 371 S.AUGUSTINI
3330 338 3349 353 τ
3622 333 3698 395 oss

2233 447 2411 502 nando
2443 450 2742 518 appetimus
2770 449 3107 518 sempiterna,
3142 465 3292 521 quam
3338 454 3414 510 hic
3448 468 3699 523 remanendo

2210 538 2531 601 ,smculi'nos
2559 540 2925 611 apprehendat
2942 540 3111 597 ruina.
3135 542 3467 614 Praeparemus
3480 551 3699 617 sitarciam.

2231 630 2697 700 apprehendannts
2731 640 2786 687 et
2813 633 3159 688 ascendatnus
3207 650 3379 691 navem
3420 639 3550 695 ﬁdem
3591 645 3702 704 simul

2230 729 2287 776 et
2311 737 2525 777 crucem
2558 723 2599 789 ί,
2630 737 2729 777 nec
2753 722 2893 777 desit
2931 722 3159 779 anchora
3195 740 3313 794 spes
3345 738 3513 785 nostrae
3553 735 3698 803 salutis,

2231 814 2578 871 extendamus
2622 815 2775 871 funes
2810 814 3047 870 diversas
3094 817 3324 883 virtutes,
3366 820 3465 874 vela
3498 820 3701 883 charitatis

2228 906 2539 975 colligamus
2554 909 2598 974 ',
2638 906 2950 962 invocemus
2974 916 3185 962 ventum
3224 924 3503 978 prosperum
3539 916 3699 970 verbum

2230 996 2356 1062 Dei;
2384 1011 2446 1050 ex
2456 997 2756 1051 hauriamus
2777 998 3041 1053 sentinam
3069 1013 3096 1050 a
3119 999 3355 1067 peccatis,
3377 1016 3461 1069 per
3479 1003 3700 1077 eleemosy-

2228 1104 2323 1144 nas
2354 1089 2639 1145 mandetur
2663 1090 3008 1145 conscientia.
3038 1088 3153 1143 Non
3184 1090 3474 1158 impediatur
3490 1094 3614 1163 hujus
3633 1113 3701 1151 no-

2228 1181 2325 1235 stri
2368 1195 2555 1235 cursus
2589 1181 2801 1250 navigii,
2832 1187 3082 1250 Operetur
3108 1180 3341 1235 manibus
3371 1191 3421 1236 ut
3444 1186 3699 1251 possumus‘.

2227 1272 2469 1327 Manibus
2496 1272 2607 1327 suis
2632 1272 2895 1326 sentinam
2924 1271 3266 1326 exhauriebat
3287 1272 3368 1341 qui
3392 1273 3595 1328 dicebat:
3619 1275 3701 1329 ilo-

2224 1364 2372 1417 nibus
2399 1365 2521 1418 nteis
2545 1380 2712 1417 coram
2731 1380 2789 1417 eo
2814 1372 2973 1427 nocte,
3004 1372 3048 1417 et
3087 1380 3185 1417 non
3223 1380 3331 1417 sum
3362 1365 3559 1434 deceptus
3578 1365 3697 1437 (Psal.

2226 1470 2382 1509 LxxVI
2408 1496 2422 1521 ,
2475 1454 2550 1524 '5).
2597 1454 2711 1509 Non
2753 1456 3080 1525 negligamus
3107 1464 3282 1509 nostra
3312 1460 3699 1525 peccatazminuta

2224 1554 2368 1612 sunt,
2392 1545 2485 1601 sed
2507 1546 2669 1600 multa
2691 1555 2830 1601 sunt.
2858 1545 3077 1601 Fluctus
3097 1561 3229 1601 unus
3247 1546 3438 1601 validus
3456 1548 3619 1604 irruens
3635 1550 3698 1603 ob-

2224 1638 2329 1692 ruit
2364 1654 2549 1693 navem
2575 1681 2592 1707 ,
2626 1639 2961 1709 minaturque
3002 1638 3325 1709 naufragium
3357 1657 3369 1693 :
3399 1638 3560 1694 humor
3574 1651 3695 1696 autem

2227 1743 2319 1797 per
2347 1728 2509 1783 rimas
2536 1728 2760 1783 influens
2794 1737 2850 1783 et
2884 1730 2934 1782 in
2966 1729 3228 1783 sentinam
3253 1730 3474 1794 veniens,
3506 1730 3583 1783 nisi
3607 1731 3693 1783 sub-

2225 1819 2346 1874 inde
2375 1820 2621 1886 siceetur,
2655 1819 2755 1875 hoc
2784 1819 2925 1874 idem
2955 1818 3104 1874 facit.
3148 1820 3285 1891 Ergo
3303 1820 3688 1875 exhauriaturseu-

2225 1912 2352 1977 tina,
2380 1926 2487 1965 non
2508 1912 2799 1982 negligatur
2825 1911 3222 1975 misericordia;
3253 1910 3366 1982 quia
3393 1911 3654 1980 eleemosyna
3672 1925 3695 1964 a

2221 2014 2393 2059 morte
2426 2005 2633 2069 linerat,
2667 2015 2721 2062 et
2748 2008 2856 2075 ipsa
2885 2018 3077 2078 purgat
3116 2015 3322 2077 peccata
3346 2006 3363 2076 (
3386 2005 3498 2059 Tob.
3522 2021 3586 2071 tv,
3612 2005 3693 2071 ll).

2227 2095 2377 2151 Adsit
2414 2105 2591 2151 nostra
2623 2098 2783 2153 tutela
2811 2098 3008 2153 Christi
3055 2099 3242 2168 gratia,
3282 2098 3499 2153 celeuma
3524 2106 3695 2151 nostrum

2220 2185 2375 2240 dulce
2417 2197 2693 2241 cantemus
2725 2188 2984 2253 Alleluia;
3034 2197 3093 2243 ut
3120 2189 3222 2243 laeti
3248 2203 3309 2242 ac
3327 2188 3481 2243 securi
3506 2184 3695 2256 ingredia-

2219 2292 2338 2329 mur
2375 2278 2750 2347 sempiternam
2781 2294 2845 2334 ac
2873 2279 3232 2334 felicissimam
3272 2279 3491 2348 patriam.
3515 2277 3604 2332 Non
3625 2291 3697 2331 me-

2218 2372 2331 2418 tuat
2350 2367 2526 2419 anima
2557 2383 2704 2423 mare
2735 2369 2833 2423 hoc
2861 2384 3114 2439 maguum
3135 2411 3149 2436 ,
3181 2370 3420 2424 sazculum
3444 2370 3616 2432 scilicet,
3634 2383 3694 2422 ott-

2211 2457 2298 2527 jus
2322 2457 2511 2513 ﬁuctus
2539 2474 2601 2513 ac
2635 2459 2871 2517 turbines
2896 2462 3161 2517 sentimus
3186 2462 3412 2516 inimicas
3430 2460 3576 2515 sectili
3598 2469 3695 2529 pote-

2216 2558 2400 2605 states.
2446 2548 2503 2603 In
2534 2550 2643 2605 Deo
2676 2560 2952 2621 sperantes
2978 2553 3137 2606 multi
3161 2552 3268 2622 jam
3296 2551 3448 2606 sancti
3470 2549 3696 2603 hoslluctts

2212 2651 2552 2711 spreverunt,
2577 2643 2726 2697 multi
2753 2644 3119 2709 calcaverunt,
3148 2644 3295 2699 multi
3320 2658 3463 2713 super
3477 2644 3569 2711 ejus
3586 2653 3694 2709 aquas

2213 2732 2546 2788 ambulantes
2557 2737 2730 2789 securi
2743 2735 2809 2788 ad
2826 2738 3047 2803 patriam
3064 2744 3421 2806 pervenerunt.
3434 2730 3696 2801 Sedexsurgit

2212 2831 2402 2878 ventus
2418 2822 2625 2879 validus
2640 2833 2695 2880 et
2719 2840 2908 2895 magna
2937 2835 3248 2897 tempestas,
3271 2841 3360 2881 sua
3374 2826 3587 2896 cujusque
3600 2822 3697 2890 cupi-

2214 2914 2371 2969 ditas.
2392 2914 2605 2969 Titubat
2620 2916 2748 2971 ﬁdes
2766 2917 2816 2971 in
2831 2918 3190 2985 mari,clamet
3208 2918 3321 2973 inte
3336 2914 3694 2979 Petrus.Domine,

2214 3020 2408 3074 pereo:
2432 3004 2579 3061 dabit
2610 3021 2823 3062 manum
2854 3011 3139 3079 mergenti,
3158 3024 3255 3065 nec
3268 3010 3385 3064 sinit
3406 3000 3696 3076 perireilleqd

2212 3104 2431 3167 propter
2452 3112 2550 3163 nos
2584 3112 2745 3169 super
2762 3100 3195 3171 aquasdignatus
3210 3099 3531 3156 estambulare
3543 3092 3695 3167 (llattlt.

2212 3205 2321 3257 xsv,
2348 3189 2521 3247 25-32
2540 3190 2581 3262 ).
2628 3191 2757 3247 Vide
2797 3192 3106 3261 apostolum
3136 3188 3370 3255 Paulum,
3391 3192 3478 3245 hoc
3506 3187 3697 3255 navigium

2213 3300 2322 3342 non
2365 3284 2537 3341 solum
2577 3282 3032 3338 demoustrantem
3052 3325 3068 3352 ,
3108 3299 3292 3339 verum
3319 3283 3462 3338 etiam
3485 3277 3699 3335 ascenden-

2213 3387 2343 3446 tem,
2374 3386 2429 3434 et
2461 3391 2617 3447 quam
2654 3376 2911 3445 plurimos
2934 3377 3285 3433 invitantem.
3326 3374 3515 3445 Quando
3534 3369 3699 3433 dicebat,

2214 3469 2468 3531 Habentes
2504 3470 2690 3522 victum
2741 3478 2787 3522 et
2829 3478 3176 3540 tegumentum
3194 3512 3207 3536 ,
3255 3470 3330 3523 his
3382 3464 3554 3522 contenti
3585 3462 3698 3514 sith

2213 3562 2269 3635 (l
2302 3561 2431 3616 Tim.
2462 3576 2535 3629 vt,
2567 3560 2670 3631 8);
2701 3560 2829 3631 quid
2856 3561 2998 3615 aliud
3026 3578 3199 3632 quam
3223 3554 3699 3631 competentemsitar-

2210 3655 2348 3709 ciam
2377 3654 2749 3724 imponendam
2774 3669 2895 3709 esse
2919 3655 3293 3711 monstrabat?
3316 3652 3510 3721 Quando
3531 3644 3698 3706 dicebat.

2213 3746 2343 3801 Mihi
2368 3756 2536 3799 autem
2560 3746 2687 3801 absit
2713 3747 2920 3818 gloriari
2945 3789 2961 3814 ,
2993 3748 3097 3801 nisi
3137 3749 3190 3801 in
3229 3762 3368 3801 cruce
3404 3741 3571 3798 Domini
3592 3731 3702 3791 nostri

2208 3835 2334 3891 Iesu
2359 3836 2543 3891 Christi
2582 3853 2670 3907 per
2705 3853 2848 3907 quem
2892 3837 3017 3891 mihi
3059 3839 3283 3893 ntundus
3320 3836 3558 3904 cruciﬁxus
3585 3832 3702 3893 εδιοα
3782 3866 3783 3875 ι

2210 3943 2301 3998 ego
2323 3928 2509 3981 mndo
2533 3926 2725 3998 (Galat.
2747 3943 2821 3995 v1,
2845 3929 2958 3999 li);
2981 3944 3176 3985 navem
3201 3928 3514 3986 ascendebat.
3538 3918 3699 3991 Quando

2209 4018 2438 4086 dicebat,
2467 4018 2669 4073 lnduite
2691 4035 2777 4074 vos
2801 4021 2927 4075 sicut
2956 4022 3103 4076 electi
3131 4023 3245 4082 Dei.
3279 4022 3562 4093 Ιιρηὶςπῑιαιε,
3586 4010 3703 4067 lissi-

2212 4112 2384 4179 litate,
2422 4103 2833 4184 longanimitate,
2869 4116 3254 4171 mansuetudine
3288 4115 3502 4187 (Coloss.
3527 4125 3590 4173 nt,
3613 4104 3702 4171 ως

2208 4203 2335 4273 quid
2361 4203 2501 4258 aliud
2525 4220 2683 4275 quam
2718 4204 2869 4260 funes
2895 4207 3253 4263 extendebat?
3289 4205 3491 4273 Quando
3523 4198 3699 4256 dicebat.

2210 4294 2385 4349 Manet
2422 4294 2581 4364 ﬁdes,
2624 4312 2772 4367 spes,
2817 4297 3034 4352 charitas
3052 4317 3071 4364 ;
3128 4301 3291 4370 major
3339 4300 3501 4352 horum
3543 4288 3704 4346 chori!“

2210 4384 2270 4457 (¹
2305 4384 2421 4439 00"-
2470 4395 2583 4452 Xlll}
2616 4386 2746 4459 15);
2792 4389 2907 4442 vela
2946 4390 3249 4460 colligebat.
3290 4388 3496 4457 Quando
3532 4380 3701 4441 dicebat,

2219 4474 2432 4530 Verbum
2453 4476 2547 4531 Dei
2571 4478 2755 4534 habitet
2774 4480 2828 4533 in
2852 4481 2987 4535 vobis
3007 4482 3320 4538 abundanter
3345 4480 3534 4553 (Coloss.
3552 4469 3701 4539 nnis);

2208 4576 2421 4621 ventum
2445 4582 2751 4638 prosperum
2779 4570 3078 4627 invocabat.
3124 4574 3344 4642 Quando
3369 4570 3569 4631 dicebat,
3594 4564 3703 4629 Ιηία·

2209 4659 2435 4730 tigabiles
2455 4663 2638 4732 itaque,
2661 4662 2782 4717 dum
2805 4673 2997 4734 tempus
3024 4666 3284 4729 habemus,
3310 4678 3548 4735 operemur
3569 4657 3704 4711 bonum

2207 4750 2275 4803 ad
2293 4766 2463 4804 omnes
2494 4751 2686 4823 (Galat.
2710 4770 2785 4817 vr,
2809 4754 2922 4827 10);
2951 4767 3025 4823 et,
3058 4756 3334 4827 Operantes
3362 4753 3559 4825 propriis
3577 4743 3700 4801 πιαηίο

2208 4840 2299 4895 bus
2322 4844 2495 4897 vestris
2533 4842 2584 4914 (Ι
2614 4843 2788 4900 Thess.
2819 4862 2892 4913 tv,
2923 4848 2983 4903 ii
3012 4852 3028 4914 )
3056 4865 3070 4903 :
3101 4849 3228 4920 quid
3256 4848 3390 4903 aliud
3418 4858 3557 4917 quam
3586 4832 3705 4909 οβςιιί·

2207 4949 2329 4989 nam
2358 4935 2628 4992 exhauriri
2666 4941 3040 5008 praecipiebat?
3082 4942 3307 5008 Quando
3342 4939 3550 5001 dicebat,
3576 4926 3705 4985 (ἷνσιίσ

2205 5027 2331 5080 salvi
2358 5028 2478 5099 facti
2498 5030 2613 5084 estis
2637 5028 2853 5102 (Ephes.
2877 5048 2934 5095 tt,
2959 5034 3037 5104 8);
3065 5035 3281 5088 tutelam
3304 5030 3554 5088 exorabat.
3578 5023 3707 5091 θεων

2206 5116 2276 5172 do
2298 5119 2543 5187 dicebat,
2576 5120 2643 5175 lu
2672 5124 2879 5193 psalmis
2903 5135 2950 5178 et
2979 5127 3177 5197 hymnis
3202 5136 3450 5180 cantantes
3470 5124 3517 5176 in
3531 5114 3707 5174 cordibus

2206 5210 2379 5263 vestris
2406 5209 2620 5266 Domino
2641 5212 2753 5283 (Id.
2785 5230 2838 5282 v,
2868 5215 2982 5286 i9);
3011 5218 3244 5273 celeuma
3267 5224 3492 5271 sanctum
3514 5204 3703 5266 docebat-

2205 5299 2426 5368 Quando
2452 5303 2679 5371 dicebat,
2703 5306 2809 5378 Spe
2830 5308 2957 5362 salvi
2981 5311 3102 5380 facti
3129 5327 3299 5365 sumus
3323 5309 3484 5382 (Rom.
3511 5319 3603 5365 vnt,
3623 5297 3704 5363 24);

2205 5396 2493 5453 auchoram
2514 5399 2565 5453 in
2587 5400 2837 5456 cordibus
2866 5402 3194 5459 credentium
3221 5404 3421 5474 ﬁgebat.
3447 5393 3633 5467 Quando
3651 5386 3708 5443 di-

2207 5538 2401 5649 θέωὲξῑ
2413 5544 2518 5589 Mss.
2542 5547 2597 5590 Αι
2620 5546 2712 5601 En,
2737 5539 2838 5605 fide
2867 5542 3010 5593 simul
3029 5548 3076 5595 et
3095 5555 3255 5593 cruce.
3281 5550 3405 5601 Lov.,
3428 5535 3535 5604 fidei
3551 5532 3661 5585 εἱηηιί
3676 5528 3709 5574 τί

2213 5636 2248 5733 .w
2267 5636 2618 5733 :Ei'vionensis
2634 5670 2736 5733 nos,
2762 5665 3072 5733 collocemus;
3092 5673 3141 5717 et
3159 5665 3398 5733 aliquan
3413 5668 3524 5733 130δὲ
3536 5648 3711 5733 ,δείξω

2207 5720 2403 5791 iuvabat.
2438 5717 2864 5791 (ξριιιηιεζίοιέηδίελ
2884 5717 3087 5779 colemus
3099 5742 3116 5791 ,'
3135 5736 3189 5778 et
3210 5717 3344 5786 idl‘ra,
3370 5717 3464 5776 veta
3482 5717 3649 5771 σοιαθα.

2272 5786 2293 5816 ³
2326 5790 2376 5833 In
2399 5792 2526 5849 Mss,
2554 5793 2604 5838 ut
2627 5786 2714 5838 hoc
2739 5788 2988 5855 possimus.
