3904 6362
221 295 306 351 σει

222 684 391 738 Gratias
430 683 539 738 Deo
562 725 579 749 ,
628 684 719 751 qui
751 684 889 736 dedit
927 683 1069 736 nobis
1091 680 1355 734 uictoriam
1384 696 1474 748 per
1497 678 1773 753 Dominum

226 786 410 829 nostrum
425 774 606 828 Iesum
624 773 882 829 Christum
908 772 951 842 (l
973 774 1089 827 Cor.
1114 788 1200 840 xv,
1223 773 1313 838 55,
1331 772 1445 841 57);
1474 787 1580 825 non
1600 771 1773 826 adhuc

227 865 271 919 in
289 866 395 920 mari
423 864 844 933 periclitabatur,
872 863 967 918 sed
990 863 1098 933 jam
1122 864 1173 917 in
1197 862 1408 933 propria
1430 863 1601 933 patria
1624 862 1771 916 laeta-

230 955 362 1009 batur.
390 956 432 1010 0
462 956 667 1024 optime
682 955 1035 1025 gubernator,
1052 954 1097 1008 ~o
1126 953 1482 1023 pulcherrime
1517 952 1771 1024 magister

225 1055 268 1099 et
287 1045 471 1107 doctor,
500 1045 751 1108 docuisti,
784 1044 983 1109 iecisti;
1024 1053 1078 1099 ct
1108 1042 1227 1099 ideo
1251 1044 1496 1100 celeriter
1524 1045 1768 1115 perveni-

224 1136 292 1200 διε,
310 1137 413 1206 quia
438 1151 556 1204 quae
606 1134 858 1197 docuisti.
882 1136 1029 1204 prior
1048 1135 1161 1203 ipse
1184 1135 1371 1190 fecisti.

275 1224 478 1281 CAPUT
517 1225 607 1281 ill.
636 1254 707 1265 -—
726 1226 785 1280 5.
823 1225 896 1279 De
919 1225 1000 1278 via
1022 1226 1242 1279 terrestri
1262 1226 1331 1279 ad
1360 1226 1596 1295 patriam,
1630 1234 1677 1279 ct
1700 1226 1767 1280 de

213 1315 402 1383 iumento
423 1326 730 1387 Opportuna.
757 1316 817 1373 Si
860 1317 978 1388 quis
1024 1315 1181 1384 forte,
1228 1325 1289 1371 ut
1326 1319 1542 1382 assolet,
1573 1317 1765 1387 refugit

216 1406 463 1475 navigium,
494 1414 552 1461 et
605 1406 849 1461 insolitos
897 1404 1088 1461 ﬂuctus
1115 1406 1277 1461 maris
1314 1406 1594 1472 horrescit,
1623 1408 1765 1461 desi-

210 1498 428 1569 det-atque
464 1499 569 1553 iter
585 1500 877 1564 conﬁcere,
903 1513 1030 1568 quo,
1051 1498 1151 1553 etsi
1177 1497 1397 1562 tardius,
1427 1498 1494 1553 ad
1535 1500 1761 1568 patriam

208 1589 349 1643 valeat
378 1590 705 1659 pervenire;
748 1589 1127 1645 demonstrabo
1175 1590 1336 1654 viam,
1378 1590 1485 1644 imo
1537 1590 1651 1661 ipsa
1704 1607 1763 1646 se

202 1680 501 1736 demonstrat
526 1681 637 1736 via.
664 1681 805 1737 Ecce
829 1681 881 1736 in
922 1682 1208 1752 Evangelia
1261 1684 1455 1737 clamat
1496 1683 1758 1752 Salvator,

195 1768 291 1840 Ego
311 1773 521 1825 sumain
545 1769 569 1842 (
596 1771 757 1825 Joon.
812 1786 924 1838 xlv,
972 1773 1005 1827 6
1032 1771 1075 1843 ).
1108 1772 1285 1837 liabes
1334 1775 1491 1841 viam,
1524 1775 1757 1842 ambula,

189 1862 433 1917 sollicitus
453 1870 632 1916 tamen
652 1862 813 1917 deum
827 1861 1126 1933 jumentum
1147 1873 1312 1929 tuum,
1336 1880 1550 1921 carnem
1575 1876 1714 1921 tnam
1740 1884 1755 1934 ;

184 1951 279 2023 ipsi
298 1953 442 2007 enim
476 1954 667 2009 insidet
707 1954 890 2009 anima
918 1963 1026 2009 tua.
1055 1956 1332 2024 Quomodo
1380 1959 1423 2013 si
1452 1959 1503 2014 in
1546 1959 1645 2016 hac
1670 1961 1758 2017 via

182 2045 399 2098 mortali
436 2044 670 2113 iumento
692 2046 974 2115 insideres,
1031 2048 1171 2117 quod
1202 2059 1253 2104 te
1296 2051 1573 2120 gestiendo
1599 2053 1760 2108 vellet

184 2137 570 2204 prmcipitare;
610 2152 771 2194 nonne
812 2147 871 2194 ut
895 2155 1118 2196 securus
1162 2143 1264 2198 iter
1307 2158 1515 2214 ageres,
1558 2145 1756 2201 cibaria

172 2227 465 2282 ferocienti
494 2228 837 2297 subtraheres,
860 2240 917 2286 et
960 2231 1099 2287 fame
1137 2232 1385 2300 domares
1421 2235 1561 2304 quod
1603 2235 1756 2291 freno

174 2334 284 2373 non
297 2318 534 2389 posses?
566 2322 696 2375 Caro
743 2332 925 2377 nostra
974 2322 1276 2393 jumentum
1330 2338 1569 2382 neatrunt
1620 2338 1745 2384 est:

158 2410 268 2464 iter
287 2409 501 2480 agimus
526 2411 579 2465 in
599 2410 896 2468 Jerusalem
924 2429 941 2480 ;
984 2415 1296 2488 plerumque
1316 2433 1412 2473 nos
1437 2420 1574 2489 rapit
1598 2437 1746 2489 caro,

157 2509 211 2554 et
228 2500 297 2555 de
312 2502 397 2555 via
426 2511 658 2569 conatur
674 2504 977 2561 excludere'
991 2546 1005 2560 .
1028 2506 1159 2562 Tale
1178 2523 1305 2579 ergo
1328 2509 1625 2580 jumentum
1656 2529 1751 2568 co-

154 2592 436 2648 hibeamus
456 2594 701 2666 jejuniis.
728 2596 861 2652 Vide
887 2596 1029 2652 illum
1050 2604 1460 2669 gubernatorem
1476 2604 1751 2659 eumdem-

151 2703 253 2757 qne
270 2689 535 2744 viatorem
557 2690 859 2761 apostolum
875 2691 1116 2758 Paulum,
1138 2693 1260 2749 vide
1290 2694 1433 2749 illum
1454 2695 1747 2766 jumentum

155 2798 303 2836 suum
316 2784 726 2838 domantemJn
738 2786 891 2854 fame,
907 2784 1093 2855 inquit,
1108 2794 1151 2839 et
1167 2785 1267 2852 siti,
1286 2789 1337 2840 in
1341 2788 1555 2857 jejuniis
1565 2791 1750 2859 sepius

158 2872 225 2942 (ll
239 2871 352 2927 Cor.
366 2891 441 2940 ιι,
455 2874 577 2947 27),
591 2877 784 2947 castigo
799 2892 979 2946 corpus
994 2894 1177 2943 meum,
1198 2889 1243 2932 et
1260 2880 1310 2934 in
1322 2881 1601 2936 servitutem
1611 2883 1719 2936 redi
1725 2909 1750 2923 -

157 2980 221 3033 go
242 2964 408 3034 (lCor.
424 2966 638 3038 1x37).
660 2967 733 3022 Ita
753 2983 880 3040 ergo
893 2977 944 3023 ct
960 2978 1036 3037 tu,
1051 2972 1140 3040 qui
1160 2973 1430 3029 ambulare
1450 2974 1741 3044 desideras,

156 3057 315 3111 doma
329 3073 546 3114 carnem
566 3068 734 3126 tuam,
754 3061 1047 3117 etambula.
1066 3063 1321 3118 Ambulas
1333 3064 1495 3130 enim,
1509 3066 1555 3121 si
1574 3081 1741 3123 amas.

161 3146 279 3202 Non
295 3150 429 3203 enim
441 3151 506 3204 ad
527 3151 700 3207 Deum
716 3152 976 3221 passibus,
993 3153 1085 3209 sed
1102 3154 1379 3210 ali‘ectibus
1390 3157 1670 3214 currimus.

239 3238 455 3297 CAPUT
492 3240 584 3297 IV.
602 3272 677 3283 —
702 3243 757 3297 4.
785 3242 864 3298 De
887 3244 1252 3300 ambulantium
1280 3248 1547 3316 multiplici
1587 3266 1739 3321 gene-

156 3348 232 3384 re.
269 3331 355 3386 Via
377 3347 505 3403 ergo
524 3335 626 3389 ista
648 3344 829 3391 nostra
850 3335 1181 3393 ambulantes
1213 3340 1426 3408 qumrit.
1455 3340 1576 3396 Tria
1619 3351 1743 3397 sunt

161 3423 433 3478 hominum
455 3440 649 3495 genera
674 3441 794 3497 qua:
840 3427 991 3482 odit:
1027 3440 1412 3496 remanentem,
1464 3441 1610 3489 retro
1657 3450 1742 3490 re-

158 3514 803 3581 deuntem,aberrantem.
834 3519 915 3574 Ab
961 3518 1044 3575 his
1089 3522 1256 3578 tribus
1281 3525 1563 3593 generibus
1585 3526 1741 3583 malis

166 3602 403 3656 Domino
424 3606 697 3675 adiuvante
739 3609 1035 3665 vindicetur
1086 3623 1139 3667 et
1184 3614 1499 3672 defendatur
1523 3634 1739 3688 gressus

161 3702 371 3749 noster.
411 3695 522 3751 iam
551 3714 676 3755 vero
700 3715 822 3755 cum
862 3703 1195 3760 ambulantes
1232 3720 1434 3772 sumus,
1464 3709 1603 3765 alius
1628 3718 1738 3764 tar-

158 3787 547 3859 diusambulst,
577 3793 714 3848 alius
763 3794 990 3851 celerius
1032 3796 1287 3863 ambulat,
1340 3809 1515 3856 tamen
1546 3803 1731 3859 ambu-

160 3877 291 3933 lant.
320 3881 593 3938 Excitandi
608 3893 730 3939 sunt
768 3900 895 3956 ergo
930 3897 1288 3954 remanentcs,
1320 3899 1463 3945 retro
1510 3892 1739 3948 redeun-

162 3975 243 4020 tes
264 3972 567 4038 revocandi,
595 3983 837 4031 errantes
857 3976 908 4031 in
929 3978 1066 4032 viam
1082 3977 1329 4043 ducendi,
1363 3981 1499 4036 tardi
1542 3982 1737 4038 exhor-

163 4061 327 4128 tandi,
357 4065 557 4123 celeres
585 4068 845 4124 imitandi.
872 4069 973 4140 Qui
1010 4086 1117 4126 non
1148 4072 1373 4143 prolicit,
1404 4076 1663 4131 remansit
1682 4077 1735 4133 in

163 4150 247 4204 ria
267 4170 281 4205 :
299 4156 385 4223 qui
407 4154 540 4212 forte
563 4173 593 4211 a
623 4159 842 4216 meliore
866 4160 1139 4231 proposito
1166 4162 1396 4219 declinat
1431 4164 1498 4219 ad
1521 4165 1573 4220 id
1593 4166 1733 4235 quod

164 4240 394 4299 deterius
433 4248 753 4319 reliquerat,
803 4266 1048 4307 reversus
1086 4262 1168 4309 est
1214 4265 1361 4309 retro
1389 4273 1403 4310 :
1436 4258 1525 4327 qui
1576 4257 1733 4314 ﬁdem

171 4331 379 4401 deserit,
407 4354 433 4392 a
454 4340 536 4395 via
558 4343 780 4397 erravit.
808 4341 940 4400 Cum
969 4345 1133 4402 tardis
1160 4346 1230 4401 sit
1245 4347 1398 4404 nobis
1419 4360 1472 4405 et
1497 4363 1616 4405 cum
1644 4366 1735 4407 ce-

171 4420 436 4484 lerioribtts
471 4432 627 4499 ratio,
678 4448 798 4489 cum
821 4435 1216 4493 ambulantibus
1266 4447 1462 4495 tamen.
1491 4440 1622 4508 Quis
1648 4452 1733 4498 est

169 4514 249 4580 qui
279 4533 385 4572 non
411 4522 779 4592 νη)ῆοίιῖρυὶ
823 4542 883 4580 se
919 4529 1181 4597 putaverit
1230 4545 1352 4585 esse
1398 4534 1729 4602 sapientem;

171 4605 248 4669 qui
275 4608 481 4675 dixerit,
507 4612 713 4670 Sufﬁcit
732 4616 861 4671 mihi
888 4617 1027 4687 quod
1054 4635 1205 4685 sum;
1238 4622 1326 4691 qui
1353 4638 1458 4677 non
1484 4624 1729 4680 attende-

171 4696 230 4748 rit
244 4713 367 4755 eum
384 4704 467 4773 qui
487 4705 634 4772 dicit,
660 4707 788 4774 Qua:
819 4720 951 4764 retro
970 4711 1171 4777 oblitus,
1195 4713 1247 4766 in
1272 4730 1331 4768 ea
1348 4730 1461 4784 qum
1483 4726 1599 4771 ante
1616 4725 1730 4772 sunt

172 4796 398 4857 manus,
419 4797 693 4853 secundum
739 4802 1058 4856 intentionem
1080 4820 1263 4872 sequor
1296 4809 1364 4860 ad
1404 4809 1624 4878 palmam
1640 4828 1729 4865 vo-

175 4879 369 4967 :alionis
396 4883 485 4939 Dei
524 4887 580 4940 in
631 4888 826 4943 Christo
866 4891 991 4946 Jesu
1021 4892 1295 4965 (Philipp.
1336 4913 1413 4964 tu,
1467 4900 1555 4967 15,
1589 4902 1655 4956 14
1684 4902 1726 4964 ).

172 4958 459 5029 Canentem
493 4992 553 5031 se
574 4976 726 5044 dixit,
748 4992 1055 5050 sequentem
1095 4998 1154 5039 se
1174 4984 1306 5041 dixit
1330 5003 1345 5052 ;
1376 5004 1481 5043 non
1510 5004 1727 5046 reman-

170 5055 240 5119 sit,
274 5078 376 5116 non
397 5076 539 5122 retro
564 5072 802 5138 respexit
828 5088 842 5124 :
870 5072 1009 5127 absit
1029 5083 1086 5128 ut
1122 5078 1401 5147 erraverit,
1438 5081 1560 5149 quia
1587 5084 1727 5138 viam

164 5145 261 5212 ipse
285 5155 527 5227 docebat,
550 5162 639 5225 qui
670 5172 723 5218 et
748 5166 959 5220 tenebat
998 5176 1053 5221 et
1101 5145 1432 5226 ostendebat.
1458 5145 1725 5231 Celerita-

161 5244 247 5297 lem
276 5259 457 5305 autem
501 5251 619 5321 ejus
647 5262 706 5307 ut
753 5255 1100 5323 imitaremur,
1151 5261 1268 5315 ait:
1317 5261 1605 5321 Imitatores
1631 5269 1729 5321 mei

152 5343 310 5404 atate,
345 5341 478 5395 sicut
497 5352 547 5396 et
582 5359 677 5415 ego
710 5344 937 5420 Cltristil
962 5348 983 5404 l
1014 5349 1131 5405 Cor.
1161 5369 1238 5420 xt,
1269 5356 1289 5410 l
1324 5354 1365 5428 ).
1393 5357 1727 5415 Arbitrantur

142 5433 257 5495 Ergo
286 5446 408 5499 nos,
436 5432 772 5490 dilectissimi
796 5478 812 5502 ,
837 5438 890 5492 in
915 5440 998 5495 via
1026 5441 1298 5499 vobiscum
1342 5448 1649 5505 ambulare:
1680 5452 1726 5506 si

137 5520 264 5573 tardi
296 5537 507 5590 sumus,
540 5528 834 5596 praevenite
862 5545 957 5586 nos
986 5548 1000 5597 ;
1029 5547 1133 5587 non
1180 5536 1497 5605 invidemus,
1530 5545 1724 5610 qumri-

124 5624 243 5667 mus
273 5630 418 5685 quos
447 5632 760 5687 sequamur.
790 5620 846 5676 Si
875 5633 1051 5680 autem
1092 5641 1189 5682 nos
1236 5630 1429 5701 putatis
1479 5633 1725 5691 celeriter

179 5707 199 5740 ⁸
232 5713 409 5773 forte,
432 5716 681 5759 excutere.

461 5796 694 5857 Ssucr.
729 5797 1000 5861 Auccsr.
1040 5802 1145 5863 VI.

1363 290 1594 346 SERMO
1632 289 1723 345 AD
1759 288 2331 352 CATECHUMENOS.

229 411 373 477 nebat,
394 408 684 465 Jerusalem
719 423 825 477 qua
875 420 1068 462 sanum
1108 413 1217 470 est,
1257 403 1412 458 libera
1450 414 1544 470 est,
1570 418 1681 473 qua:
1706 412 1777 458 est

233 514 363 557 mater
382 514 546 555 nostra
575 500 803 571 ('Galat.
834 516 903 564 ιν,
928 500 998 553 26
1021 499 1074 568 );
1108 500 1274 575 ipsam
1306 498 1528 567 patriam
1557 498 1779 552 demon-

229 596 409 650 strabat.
439 593 671 659 Quando
691 593 917 657 dicebat,
956 591 1053 647 Ubi
1081 602 1174 655 est,
1204 607 1358 654 mors,
1388 592 1637 644 contentio
1662 590 1777 641 tuo?

3356 314 3468 371 682

1891 402 2115 474 ingredi,
2143 408 2339 462 currite
2367 409 2640 465 nobiscum
2675 431 2687 467 :
2735 430 2895 471 unum
2917 419 3083 476 estad
3108 422 3250 491 quod
3274 438 3465 483 omnes

1884 491 2216 561 festinamus,
2239 509 2291 554 et
2320 503 2405 569 qui
2424 503 2633 557 tardius
2658 514 2711 559 et
2734 508 2821 576 qui
2847 510 3073 567 celerius
3109 514 3462 575 ambulamus.

1884 585 1982 651 Qui
2022 600 2145 643 sunt
2189 600 2243 645 et
2270 602 2411 647 retro
2439 595 2719 653 redeuntes
2747 600 2769 653 ?
2797 600 2894 668 Qui
2918 617 2984 657 ex
3011 607 3333 663 continentia
3377 627 3464 667 re-

1883 688 2156 734 vertuntur
2180 682 2231 736 in
2260 684 2662 755 immunditiam,
2690 692 2777 760 qui
2805 708 2869 746 ex
2895 704 3077 750 sancto
3120 708 3176 753 et
3207 700 3461 771 singulari

1881 766 2020 824 bono
2047 774 2318 839 proposito
2370 776 2682 846 virginitatis
2728 781 3063 840 divertuntur
3090 787 3143 841 in
3170 766 3454 859 turpitudi-

1878 872 1973 912 nes
2001 860 2299 931 voluptatis,
2335 873 2389 919 et
2434 879 2679 938 corrupta
2713 882 2891 927 mente
2918 888 3260 947 corrumpunt
3299 882 3458 936 simul

1876 958 1929 1001 et
1966 964 2199 1007 carnem.
2255 954 2361 1009 Hos
2410 957 2646 1027 increpat
2691 964 2962 1030 apostolus
2993 965 3198 1033 Petrus,
3230 970 3410 1043 dicens
3440 992 3453 1028 :

1878 1038 2063 1096 Melius
2087 1045 2189 1100 illis
2226 1058 2329 1101 erat
2358 1066 2458 1103 non
2496 1067 2792 1123 cognoscere
2818 1056 2948 1109 viam
2968 1058 3163 1126 salutis,
3188 1078 3339 1132 quam
3366 1082 3456 1119 co-

1871 1145 2164 1201 gnoscentes
2188 1147 2321 1192 retro
2349 1142 2591 1211 respicere
2618 1148 2634 1214 (
2660 1144 2703 1198 ll
2730 1146 2872 1202 Petr.
2906 1166 2964 1215 li,
2991 1150 3055 1206 21
3088 1151 3130 1224 ).
3160 1153 3204 1208 Ο
3232 1156 3451 1223 malum,

1872 1233 2016 1278 retro
2066 1229 2371 1299 respicere!
2406 1234 2551 1290 Uxor
2590 1238 2728 1292 enim
2783 1240 2939 1306 Loth,
2987 1258 3106 1314 quae
3151 1246 3372 1304 liberata
3422 1267 3455 1305 a

1871 1312 2179 1383 Sodomitis,
2228 1332 2413 1377 contra
2457 1338 2775 1398 prteceptunt
2826 1340 2969 1387 retro
3003 1312 3266 1405 respexit,
3302 1341 3455 1409 quod

1866 1415 2111 1461 evaserat
2133 1410 2380 1479 perdidit.
2412 1414 2522 1469 Nec
2549 1416 2813 1473 immerito
2843 1421 2895 1474 in
2947 1432 3174 1479 statuam
3207 1427 3332 1483 salis
3359 1445 3451 1482 re-

1868 1506 2025 1564 pente
2049 1514 2301 1557 conversa
2329 1515 2409 1560 est
2438 1505 2457 1575 (
2491 1506 2617 1561 Gen.
2660 1525 2772 1572 xu,
2791 1512 2861 1567 26
2885 1513 2923 1584 ),
2952 1515 3049 1570 nisi
3078 1526 3135 1571 ut
3162 1519 3331 1574 fatuos
3353 1536 3452 1576 suo

1867 1586 2027 1641 etiam
2082 1593 2327 1664 exemplo
2380 1597 2642 1653 condiret.
2700 1600 2798 1666 Qui
2844 1613 2968 1658 sunt
3013 1615 3062 1660 et
3095 1607 3450 1665 aberrantes?

1865 1675 2062 1733 Omnes
2088 1679 2343 1749 hmretici,
2375 1686 2463 1756 qui
2501 1688 2680 1743 relicta
2710 1692 2948 1749 veritatis
2990 1696 3069 1749 via
3093 1700 3320 1755 errando
3350 1716 3451 1772 per

1864 1765 2133 1826 desertum
2157 1773 2554 1843 latrocinantur,
2572 1790 2627 1835 et
2645 1782 2849 1838 animas
2870 1796 3082 1855 captant
3110 1788 3164 1842 in
3185 1793 3441 1860 peccatis,

1866 1861 2298 1936 prmpcdiuntque
2325 1883 2393 1923 ne
2427 1870 2545 1939 quis
2574 1873 2639 1927 ad
2672 1876 2894 1942 patriam
2924 1879 3097 1935 valeat
3126 1886 3441 1952 pervenire:

1863 1952 2032 2009 ell‘ecti
2070 1957 2173 2029 lupi
2204 1961 2461 2017 semitarii
2494 1966 2657 2022 induti
2686 1971 2840 2025 ovina
2888 1974 3042 2042 pelle,
3069 1991 3190 2032 cum
3223 1980 3331 2034 sint
3357 1981 3444 2036 in-

1864 2052 1947 2100 tus
1984 2047 2093 2117 lupi
2118 2065 2370 2119 rapaces;
2399 2056 2750 2124 pr:edicantes
2773 2060 3043 2120 Christum
3074 2068 3233 2137 viam,
3262 2079 3316 2125 et
3346 2072 3436 2143 qui

1861 2148 1953 2189 eos
1979 2149 2273 2208 sequuntur
2298 2142 2554 2200 ducentes
2574 2148 2639 2202 ad
2669 2159 2918 2206 mortem.

1930 2224 2156 2284 CAPUT
2197 2230 2258 2286 V.
2287 2263 2358 2275 -—
2378 2236 2429 2290 5.
2474 2236 2588 2303 Quo
2613 2238 2830 2294 discerni
2854 2246 3009 2313 possit
3031 2248 3163 2315 falsa
3189 2252 3442 2320 pt‘wdica-
3490 2286 3498 2295 -

1859 2315 1928 2369 tio
1974 2334 2005 2370 a
2032 2333 2167 2373 uera.
2202 2321 2298 2377 Hic
2326 2325 2369 2378 si
2397 2326 2586 2396 aliquis
2634 2330 2794 2395 dicat,
2818 2334 2956 2400 Quid
2985 2351 3082 2407 ego
3113 2315 3297 2395 faciam
3329 2359 3436 2399 non

1858 2405 2069 2462 invenio
2103 2426 2116 2462 :
2145 2426 2271 2467 ecce
2294 2414 2453 2469 homo
2478 2417 2749 2473 Christum
2773 2405 3045 2492 prtedicat,
3076 2428 3211 2483 viam
3244 2433 3439 2500 praedi-

1856 2505 1962 2564 cat,
1984 2498 2179 2555 Christi
2213 2517 2271 2557 se
2296 2503 2424 2559 dicit
2449 2521 2568 2561 esse
2595 2510 2930 2581 discipulum,
2958 2498 3325 2576 veritatetnse
3348 2524 3435 2577 di-

1855 2590 1927 2643 cit
1945 2594 2280 2659 annuntiare,
2300 2612 2465 2666 quare
2493 2616 2596 2654 non
2632 2618 2826 2672 sequar
2856 2607 2980 2661 talia
3007 2610 3383 2676 prardicantein
3412 2617 3437 2669 ‘l

1854 2688 2173 2756 respondeo,
2193 2692 2324 2756 Quia
2355 2694 2496 2750 aliud
2546 2697 2661 2765 ejus
2710 2699 2869 2754 habet
2914 2701 3112 2772 lingua,
3143 2705 3281 2760 aliud
3308 2722 3438 2762 con-

1851 2774 2093 2831 scientia.
2120 2778 2273 2835 Unde
2311 2784 2455 2849 novi,
2503 2785 2713 2856 inquis?
2742 2791 2995 2860 numquid
3028 2807 3127 2862 ego
3153 2798 3438 2852 conscien-

1853 2863 1952 2919 tias
1981 2865 2247 2951 discutere
2276 2886 2488 2940 possum
2516 2875 2539 2927 ?
2579 2876 2847 2932 Christum
2865 2883 2931 2935 ab
2958 2896 3023 2936 eo
3047 2883 3205 2939 audio
3242 2904 3256 2940 :
3287 2889 3431 2957 quod

1849 2956 2028 3025 audio,
2071 2942 2173 3014 hoc
2214 2962 2395 3029 credo,
2428 2964 2528 3020 hoc
2581 2974 2757 3022 teneo.
2787 2969 2901 3024 Non
2953 2981 3006 3026 te
3046 2974 3267 3031 seducat
3296 2978 3435 3034 illius

1848 3044 2113 3113 falsitatis,
2141 3051 2186 3106 si
2216 3051 2354 3108 filius
2395 3071 2455 3111 es
2483 3059 2734 3115 veritatis.
2788 3061 2939 3119 Disce
2962 3064 3094 3134 jam,
3122 3066 3428 3137 christiano,

1848 3142 1935 3210 qui
1960 3140 2227 3199 Christum
2278 3146 2550 3203 desideras
2575 3160 2633 3206 et
2669 3153 2852 3209 audire
2879 3164 2933 3210 et
2978 3158 3179 3214 videre.
3226 3161 3281 3218 Si
3311 3164 3433 3233 quis

1850 3233 1941 3288 tibi
1969 3234 2239 3291 Christum
2270 3241 2541 3309 praedicat,
2573 3245 2788 3300 attende
2815 3255 2867 3301 et
2894 3249 3173 3306 considera
3214 3258 3428 3323 qualem

1846 3327 2139 3396 prmdicet,
2194 3332 2282 3386 ubi
2326 3335 2596 3401 praedicet.
2648 3336 2890 3393 Christus
2940 3342 3079 3397 enim
3126 3344 3321 3401 veritas
3346 3358 3430 3401 est

1846 3415 2036 3488 (Joan.
2068 3435 2180 3487 xxv,
2204 3420 2237 3477 6
2263 3420 2308 3494 ),
2338 3439 2433 3494 per
2463 3425 2763 3495 Scripturas
2817 3440 3029 3487 sanctas
3060 3434 3420 3503 przcdicatur;

1843 3523 1953 3563 non
1975 3510 2027 3564 in
2052 3511 2277 3582 angulis,
2302 3529 2407 3569 non
2434 3516 2660 3583 occulte,
2709 3518 2806 3573 sed
2848 3520 3043 3589 palam,
3091 3524 3320 3593 publice.
3354 3527 3423 3581 In

1842 3597 1949 3653 sole
1970 3601 2110 3655 enim
2134 3603 2298 3672 posuit
2327 3606 2702 3661 tabernaculum
2721 3626 2865 3663 suum
2896 3610 2915 3684 (
2950 3610 3091 3667 Psal.
3119 3630 3271 3684 xvnt,
3305 3621 3337 3672 6
3367 3618 3426 3686 );

1844 3688 1945 3745 hoc
1970 3701 2070 3758 est,
2104 3694 2155 3746 in
2190 3696 2469 3751 manifesto
2495 3698 2775 3754 collocavit
2795 3700 3089 3757 Ecclesium
3121 3707 3423 3763 suamJant

1842 3779 1928 3836 hic
1978 3784 2181 3853 reSpice
2222 3786 2369 3840 illum
2400 3788 2489 3858 qui
2538 3789 2633 3844 tibi
2663 3790 2931 3847 Christum
2971 3795 3242 3865 praedicat,
3284 3798 3426 3856 dicat

1842 3875 2052 3944 qualem
2084 3876 2350 3933 Christum
2368 3881 2640 3951 praedicet.

1910 3987 2135 4044 CAPUT
2176 3991 2261 4046 Vi.
2286 4021 2359 4031 —
2386 3992 2439 4047 6.
2469 3993 2864 4052 Manichaeorum
2887 4016 3049 4056 error.
3087 4003 3228 4060 Ecce
3254 4004 3425 4063 luere-

1841 4078 1977 4133 ticus
2004 4080 2348 4150 manichasus,
2405 4085 2494 4153 qui
2529 4101 2627 4155 per
2652 4103 2802 4143 suam
2831 4090 3127 4148 doctrinam
3158 4099 3417 4164 promittit

1838 4170 2178 4227 introducere
2232 4182 2283 4228 te
2337 4174 2390 4228 in
2420 4177 2721 4241 veritatem,
2773 4180 2946 4250 ipsum
2985 4182 3253 4241 Christum
3293 4189 3426 4245 dicit

1837 4275 1959 4317 esse
1985 4263 2245 4318 fallacem.
2285 4264 2401 4319 Non
2430 4265 2633 4333 habuit,
2686 4271 2876 4340 inquit,
2933 4289 3118 4329 verum
3178 4291 3421 4348 corpus:

1838 4353 2151 4424 phantasma
2180 4355 2297 4423 fuit,
2327 4358 2544 4427 spiritus
2574 4359 2688 4415 fuit.
2719 4363 2783 4417 Et
2811 4364 2912 4419 hoc
2940 4365 2990 4419 in
3014 4367 3107 4423 illo
3132 4367 3297 4424 fuisse
3316 4386 3415 4426 ne-
3475 4431 3488 4446 ,

1834 4455 1925 4516 gat
1969 4448 2325 4515 nequissimus
2390 4452 2731 4508 maniehacus.
2782 4457 2827 4511 Ο
2882 4460 3111 4527 pessime
3174 4463 3422 4520 hmretice
3473 4463 3476 4469 ’

1838 4537 2150 4601 manichaee,
2184 4539 2227 4591 si
2280 4540 2499 4597 credere
2531 4558 2637 4597 non
2687 4545 2766 4600 vis
2803 4546 3091 4604 Veritatem
3145 4552 3413 4609 dicentem

1835 4625 2107 4695 discipulis
2131 4628 2257 4690 suis,
2295 4627 2532 4700 Palpate,
2565 4641 2612 4686 et
2638 4634 2815 4701 videte,
2853 4638 2973 4706 quia
3001 4640 3207 4709 spiritus
3236 4659 3351 4697 ossa
3372 4656 3420 4698 et

1836 4732 2037 4771 carnem
2066 4733 2167 4772 non
2211 4718 2376 4788 habet,
2424 4723 2551 4776 sicut
2589 4740 2668 4778 me
2717 4726 2892 4781 videtis
2947 4731 3211 4787 habentem
3240 4733 3411 4804 (Luc.

1836 4823 1981 4871 xxnv,
2014 4808 2082 4865 59
2111 4809 2151 4879 ).
2209 4809 2265 4865 Si
2290 4812 2509 4869 credere
2535 4830 2641 4870 non
2666 4816 2765 4882 vis,
2803 4827 2859 4872 ut
2885 4818 3283 4891 dixi,«Veritati,
3315 4826 3412 4880 Ju-

1834 4897 1951 4951 dmo
1972 4899 2129 4953 crede
2169 4901 2517 4973 cruciligenti.
2562 4905 2693 4960 Nam
2723 4923 2842 4963 cum
2895 4919 2948 4964 tu
2975 4911 3128 4981 dicis,
3174 4915 3415 4978 Christus

1836 4987 1975 5041 Deus
2002 4986 2120 5056 fuit,
2152 5005 2260 5045 non
2310 4991 2509 5058 homo;
2536 4994 2750 5053 Judaaus
2778 4998 2925 5067 dicit,
2954 5002 3068 5057 Non
3119 5003 3218 5060 iuit
3250 5007 3414 5074 Deus,

1834 5075 1928 5130 sed
1959 5077 2137 5134 homo.
2170 5079 2438 5137 Catholica
2488 5093 2743 5157 utrosque
2772 5093 3115 5162 convincens,
3146 5094 3279 5167 Ego,
3307 5099 3406 5164 ait,

1833 5184 2015 5222 verum
2051 5180 2225 5237 teneo,
2256 5173 2400 5242 quod
2424 5174 2667 5233 Christus
2694 5188 2747 5233 et
2772 5181 2909 5236 Deus
2941 5191 3100 5239 estet
3126 5186 3306 5241 homo.
3331 5188 3414 5242 Tu

1832 5270 2029 5327 autem,
2058 5262 2370 5330 manicbtee,
2422 5267 2563 5322 unde
2607 5271 2800 5338 probas
2844 5273 3114 5329 Christum
3169 5278 3418 5347 spiritum

1833 5351 1995 5409 fuisse
2019 5354 2042 5407 ?
2067 5354 2292 5425 Spiritus
2318 5357 2497 5429 alapas
2523 5364 2767 5431 accepit?
2790 5366 3006 5434 spiritus
3049 5369 3286 5439 spineam
3317 5387 3417 5427 eo-

1831 5460 2017 5500 ronam
2073 5449 2585 5521 portavit?spiritus
2636 5456 2734 5510 sibi
2760 5472 2971 5513 cmcem
3021 5462 3320 5531 bajulavit?
3355 5465 3414 5519 Si

1831 5536 2046 5606 Spiritus
2093 5537 2209 5603 fuit,
2259 5541 2409 5611 cujus
2461 5545 2775 5601 vestimenta
2822 5549 3019 5605 milites
3072 5552 3413 5607 diviserunt?

1829 5629 1883 5684 Si
1912 5629 2128 5701 spiritus
2154 5630 2266 5697 fuit,
2297 5635 2564 5703 quomodo
2590 5653 2709 5691 cum
2738 5638 2967 5693 traderet
2995 5642 3262 5709 spiritum,
3287 5659 3411 5699 cor-

1834 5739 1930 5797 pus
1951 5723 2065 5795 cjus
2086 5740 2249 5797 prope
2285 5726 2559 5783 dimidium
2606 5730 2747 5783 diem
2789 5731 3038 5785 exanime
3086 5736 3413 5807 pependitin

2666 5823 2700 5899 ί
2714 5820 3164 5907 Vingt-tlcuxJ
