3904 6362
521 308 624 362 685

518 445 677 487 cruce
702 430 726 483 ?
752 427 808 483 Si
835 425 1048 495 spiritus
1094 421 1211 483 fuit,
1252 416 1516 489 quomodo
1543 415 1678 468 latus
1703 412 1818 482 ejus
1861 408 2096 478 perfora-

521 534 634 577 tum
657 530 737 576 est
760 520 942 574 lancea
969 516 992 568 ?
1031 511 1296 583 quomoda
1323 517 1600 578 susceptus
1625 515 1702 559 est
1735 519 1763 558 a
1789 501 1983 570 Joscph
2016 514 2100 554 se-

523 612 818 680 peliendus,
871 605 1137 678 quomodo
1190 603 1434 672 sepuicro
1482 609 1564 654 est
1610 591 2098 652 conditus?0mnia

524 706 622 757 ista
650 701 868 771 spiritus
895 698 998 768 pati
1035 711 1140 750 non
1195 701 1389 764 potest.
1445 691 1593 745 Sicut
1621 688 1688 741 de
1736 702 1799 741 eo
1825 694 1975 738 antea
2009 699 2102 751 per

525 796 821 866 Prophetas
874 790 1184 860 praedictum
1229 795 1344 849 est,
1405 785 1474 838 ita
1511 791 1564 837 et
1613 781 1829 836 factum.
1861 779 2018 832 Erras
2046 785 2100 829 tu

523 890 702 952 nimis,
731 884 967 948 falsitas;
995 882 1046 936 in
1074 879 1322 934 omnibus
1357 886 1406 930 te
1441 882 1655 944 superat
1683 873 1895 926 veritas.
1931 868 2102 938 Ergo.

525 997 610 1047 ne,
641 978 912 1039 hmretice,
956 983 1013 1028 ut
1041 973 1221 1036 doces,
1245 969 1454 1025 Veritas
1483 967 1813 1026 meutitaest,
1845 973 1897 1018 et
1925 971 1977 1016 ttt
2009 977 2101 1015 ve-

524 1088 640 1128 rum
663 1067 956 1141 prmdicas?
990 1065 1055 1120 Et
1101 1063 1190 1118 ubi
1238 1061 1339 1115 hnc
1392 1056 1690 1129 praedicas?
1723 1055 1774 1108 In
1823 1054 2101 1118 absconso,

525 1166 580 1219 in
606 1161 836 1219 occulto.
859 1158 915 1214 Si
935 1157 1157 1211 veritate
1179 1153 1390 1207 fulcitur
1419 1148 1723 1221 prmdicatio
1754 1156 1858 1209 tua,
1896 1144 2102 1214 publica

525 1255 595 1309 sit
643 1251 886 1309 doctrina
917 1259 1024 1304 tua.
1063 1248 1375 1300 Dcmonstra
1431 1241 1558 1295 mihi
1603 1236 1892 1292 Ecclesiam
1938 1246 2101 1288 tuam.

526 1345 632 1403 Sed
660 1343 904 1398 novimus
923 1337 1050 1410 quid
1076 1336 1242 1404 agatis
1273 1333 1477 1401 dccvpti
1509 1340 1562 1384 et
1599 1329 1930 1397 deceptorcs.
1962 1328 2103 1393 Apo-

523 1436 696 1494 stolus
723 1432 922 1490 Paulus
949 1446 1041 1484 vos
1081 1426 1309 1497 prodidit
1339 1425 1520 1478 dicens
1547 1441 1560 1475 :
1613 1421 1738 1487 Qua:
1764 1420 1892 1472 enim
1920 1417 2109 1470 occulte

525 1529 655 1595 ﬁunt
675 1525 737 1579 ab
752 1525 840 1588 eis,
873 1533 1015 1592 turpe
1035 1528 1105 1573 est
1131 1518 1279 1571 etiam
1310 1516 1472 1569 direre
1501 1515 1517 1582 (
1548 1512 1734 1582 Epltes.
1760 1526 1814 1573 v,
1846 1509 1910 1563 12
1937 1508 1976 1578 ).
2004 1507 2110 1561 No—

524 1615 1109 1686 bisturpeestdiccrc,
1163 1609 1256 1665 sed
1312 1625 1406 1661 vos
1461 1622 1564 1660 non
1620 1603 1887 1673 quiescitis
1929 1616 2104 1669 agerc.

523 1710 804 1766 Manifesta
835 1717 917 1764 est
937 1705 1220 1778 ignominia
1250 1712 1446 1766 vestra,
1494 1699 1683 1752 nudata
1733 1705 1812 1750 est
1840 1693 2109 1763 turpitudo

524 1813 733 1868 vestra;
772 1817 836 1856 ex
881 1797 1216 1854 confessione
1256 1793 1410 1848 simul
1483 1803 1533 1845 et
1599 1790 1857 1858 scriptura
1912 1795 2107 1848 vestra,

525 1893 772 1949 omnibus
799 1890 969 1960 palam
1004 1888 1134 1942 facta
1181 1894 1260 1939 est
1292 1883 1459 1952 turpis
1485 1881 1724 1935 doctrina
1756 1888 1934 1932 vestra
1964 1896 1975 1931 :
2011 1877 2106 1930 uti-

531 2001 655 2040 nam
688 1981 972 2053 aliquando
999 1978 1330 2048 corrigantur
1355 1973 1511 2029 corda
1537 1980 1707 2024 vestra
1739 1971 1753 2024 !

595 2071 822 2128 CAPUT
907 2068 1192 2125 Vll.——-7.
1248 2063 1410 2118 Error
1479 2062 1800 2114 Arianorum.
1852 2057 1952 2111 Alii
2001 2057 2111 2109 hae-

527 2164 678 2220 retici
745 2161 928 2216 Ariani
993 2160 1157 2229 ipsam
1224 2156 1359 2208 viam
1435 2151 1749 2212 Christum.
1802 2163 1896 2216 per
1956 2162 2112 2216 quam

527 2255 633 2311 itur
673 2253 740 2308 ad
771 2253 978 2306 Patrem
1005 2292 1020 2316 ,
1068 2245 1358 2304 Secundum
1409 2242 1733 2296 divinitatem
1777 2239 1960 2292 uolunt
1995 2253 2116 2291 esse

529 2344 785 2417 mqualem
844 2341 1008 2396 Patri.
1050 2339 1117 2393 Et
1179 2352 1298 2391 cum
1344 2335 1455 2404 ipse
1505 2333 1678 2396 dicat,
1718 2328 1829 2398 Ego
1870 2337 1915 2379 et
1960 2325 2118 2378 Pater

536 2454 692 2491 unum
716 2451 886 2488 sumus
914 2433 1108 2504 (Joan.
1142 2445 1202 2492 ιι,
1226 2427 1295 2481 5O
1319 2425 1372 2497 );
1398 2425 1469 2478 illi
1496 2422 1697 2486 dicunt,
1725 2418 1780 2474 Si
1808 2418 2000 2471 missus
2035 2425 2118 2471 est

533 2527 801 2590 Christus,
827 2522 999 2576 tniuor
1027 2529 1109 2575 est
1142 2537 1154 2570 :
1201 2515 1371 2585 major
1392 2522 1472 2567 est
1499 2513 1681 2580 utique
1705 2509 1792 2578 qui
1817 2509 1996 2574 mittit,
2025 2507 2117 2562 illo

536 2617 624 2688 qui
653 2615 898 2670 mittitur.
950 2610 1076 2665 Hme
1132 2605 1519 2677 argumentatio
1571 2611 1653 2656 est
1705 2600 1956 2666 humana,
2011 2613 2118 2653 non

535 2707 823 2763 auctoritas
858 2703 1056 2758 divina.
1092 2700 1205 2754 Alia
1236 2706 1318 2753 cst
1367 2695 1608 2764 Operatio
1633 2693 1925 2758 Trinitatis,
1957 2707 2115 2762 quam

539 2813 614 2862 tu,
667 2795 934 2858 hmretice,
976 2808 1096 2846 nou-
1130 2787 1448 2858 assequeris,
1500 2786 1589 2856 qui
1639 2784 1922 2840 carnaliter
1952 2781 2114 2852 sapis,

541 2886 790 2941 Mundam
815 2884 954 2940 enim
979 2897 1072 2938 cor
1116 2897 1219 2934 non
1249 2880 1431 2943 habes,
1464 2892 1563 2932 nec
1584 2876 1648 2931 ad
1672 2877 1859 2930 Deum.
1879 2874 2119 2930 Christus

540 2978 679 3032 enim
711 2979 760 3030 in
801 2981 1054 3045 quantum
1097 2970 1368 3025 hominem
1397 2967 1650 3036 suscepit,
1671 2967 1865 3020 missus
1890 2963 2114 3018 dicitur:

539 3072 590 3124 iu
616 3077 868 3141 quantum
899 3067 1040 3122 Deus
1064 3071 1167 3130 est,
1186 3063 1404 3134 mqualis
1425 3071 1505 3116 est
1531 3060 1691 3115 Patri.
1714 3057 1844 3113 Nam
1867 3073 1971 3128 quo
1997 3073 2119 3112 eum

539 3164 694 3218 Pater
733 3161 984 3224 mitteret,
1016 3157 1104 3213 ubi
1150 3157 1263 3225 ipse
1314 3169 1434 3210 cum
1487 3152 1619 3206 Filio
1648 3168 1753 3205 non
1803 3149 2122 3205 esset?Aut

537 3269 642 3324 quo
669 3251 834 3307 Filius
861 3249 1121 3312 venisset,
1151 3245 1242 3300 ubi
1272 3260 1377 3299 non
1418 3242 1577 3298 simul
1609 3256 1727 3296 cum
1775 3240 1932 3294 Patre
1979 3247 2121 3294 esset

535 3346 625 3400 ille
654 3344 742 3414 qui
777 3340 925 3408 dicit,
976 3338 1088 3409 Ego
1126 3338 1180 3391 in
1209 3335 1384 3400 Patre,
1418 3343 1464 3388 et
1516 3332 1671 3386 Pater
1711 3332 1761 3384 in
1791 3346 1868 3383 me
1895 3338 1966 3383 est
1994 3344 2012 3392 ;
2043 3336 2116 3390 et,

539 3438 801 3509 Philippe,
843 3435 930 3508 qui
956 3434 1078 3488 uidit
1109 3448 1204 3498 me,
1235 3429 1355 3484 vidit
1384 3437 1430 3482 ct
1467 3426 1673 3479 Patrem
1699 3423 1718 3495 (
1752 3422 1837 3476 Id.
1889 3437 1995 3487 xw,
2032 3420 2116 3484 10,

538 3532 572 3587 9
597 3531 616 3602 )
647 3548 659 3583 :
694 3528 856 3598 ctqui
877 3541 972 3596 per
1001 3522 1312 3594 prophetam
1353 3519 1498 3582 dicit,
1528 3515 1718 3571 Caelum
1747 3524 1790 3567 et
1816 3523 2000 3567 terram
2027 3528 2117 3582 ego

533 3621 718 3690 impleo
744 3619 762 3690 (
785 3619 978 3673 Jerem.
1019 3631 1174 3680 χχιιι,
1197 3610 1300 3683 24)
1329 3628 1342 3676 ;
1371 3619 1422 3665 et
1451 3610 1517 3664 de
1569 3623 1676 3678 quo
1725 3607 1974 3662 Salomon
2023 3607 2117 3672 ait,

535 3711 749 3781 Attingit
777 3726 807 3762 a
832 3709 932 3778 ﬁne
956 3721 1112 3776 usque
1134 3703 1201 3756 ad
1221 3703 1374 3771 ﬁnem
1396 3701 1614 3770 fortiter,
1641 3708 1686 3752 et
1707 3697 1925 3767 disponit
1952 3697 2121 3749 omnia

535 3804 771 3860 suaviter.
830 3799 1041 3870 Attingit
1104 3797 1284 3864 ubique
1353 3802 1557 3865 propter
1628 3808 1769 3846 suam
1821 3790 2120 3842 munditiam

541 3893 843 3964 (Sap.vnt,
870 3891 920 3955 1,
947 3899 991 3942 et
1033 3903 1126 3952 vtt,
1156 3886 1228 3939 2i
1261 3884 1315 3956 )?
1343 3884 1445 3938 Sed
1486 3894 1559 3944 ιιι,
1591 3881 1857 3940 lmreticc,
1889 3880 2006 3934 ideo
2038 3879 2119 3931 tli-

536 3989 614 4041 eis
637 3985 889 4054 majorem
915 3995 1034 4037 esse
1062 3980 1150 4050 qui
1199 3977 1378 4039 mittit,
1438 3976 1697 4029 minorem
1747 3973 1836 4042 qui
1866 3972 2111 4034 mittitur,

542 4078 662 4146 quia
693 4085 990 4145 temporum
1031 4071 1200 4142 spatia
1253 4068 1474 4139 cogitas.
1530 4064 1634 4120 Sed
1681 4064 1901 4117 multum
1949 4076 2118 4127 erras,

541 4170 616 4224 illi
640 4168 910 4239 assignare
954 4173 1192 4234 tempora
1226 4176 1318 4231 per
1345 4173 1502 4230 quem
1543 4157 1678 4211 faeta
1709 4165 1831 4210 sunt
1858 4164 2115 4222 tempora.

539 4262 593 4316 Si
624 4261 830 4315 Patrem
859 4256 1132 4313 conﬁteris
1161 4254 1347 4318 Deum,
1381 4252 1544 4304 Deum
1578 4247 1791 4314 Filium,
1829 4256 2118 4301 arternum-

539 4368 642 4421 que
661 4350 836 4404 credis
861 4357 915 4403 et
953 4347 1163 4401 Patrem
1199 4353 1254 4399 et
1300 4341 1488 4396 Filium
1516 4357 1530 4407 ;
1564 4339 1671 4394 noli
1699 4340 1955 4392 minorem
1986 4338 2124 4392 face-

540 4460 598 4499 re
630 4443 818 4498 Filium
852 4441 905 4496 in
940 4454 1006 4496 eo
1053 4437 1195 4509 quod
1234 4436 1357 4491 fecit
1397 4443 1468 4501 te,
1497 4434 1617 4504 quia
1664 4433 1783 4488 ideo
1835 4433 2008 4486 minor
2043 4432 2121 4486 fa-

539 4545 658 4588 ctus
703 4542 821 4598 est,
861 4539 918 4585 ut
961 4529 1250 4586 redimeret
1299 4535 1374 4582 te.
1431 4525 1535 4581 Sed
1575 4526 1706 4596 ipse,
1745 4525 1938 4595 inquis,
1967 4524 2120 4591 dixit,

549 4625 701 4676 Pater
715 4624 878 4688 maior
902 4637 981 4674 me
1000 4630 1070 4674 est
1099 4620 1118 4690 (
1148 4617 1306 4672 Joan.
1349 4615 1599 4685 x1v,28).
1632 4616 1869 4685 lntellige
1927 4630 2120 4670 secun-

543 4715 671 4768 dum
723 4721 1026 4780 susceptum
1073 4709 1366 4774 hominem,
1393 4717 1446 4761 et
1489 4706 1712 4774 deponis
1741 4721 2000 4760 errorem.
2028 4705 2126 4761 Se-

542 4804 775 4858 cundum
803 4801 904 4856 hoc
923 4799 1069 4863 dicit,
1092 4798 1246 4854 Pater
1270 4797 1433 4867 major
1457 4813 1537 4850 me
1555 4805 1646 4861 est,
1674 4795 1965 4851 secundum
1984 4797 2123 4867 quod

542 4893 613 4950 de
639 4909 703 4949 eo
757 4893 831 4948 ait
872 4892 1150 4962 propheta,
1208 4888 1480 4942 Minorasti
1511 4904 1622 4941 eum
1671 4891 1823 4957 pauto
1873 4890 2038 4944 minus
2063 4890 2125 4943 ab

543 4986 738 5058 augetis
793 4983 980 5057 (Psal.
1023 4999 1130 5048 vnt,
1183 4983 1284 5054 6).
1326 4980 1406 5036 Tu
1445 4991 1622 5034 autem
1677 4981 1782 5046 dic,
1834 4981 2125 5036 secundum

545 5078 672 5149 quid
690 5094 812 5133 eum
837 5077 1095 5131 minorem
1122 5073 1361 5129 asseris?
1383 5072 1437 5127 Si
1464 5071 1756 5126 secundum
1772 5081 2086 5142 potestatem
2110 5091 2122 5128 :

545 5171 706 5225 Pater
725 5186 826 5224 non
847 5168 1048 5238 judicat
1073 5171 1392 5238 quemquam,
1417 5163 1504 5218 sed
1525 5161 1691 5216 Filius
1718 5163 1894 5233 (Joan.
1920 5164 2055 5232 v,2'2
2082 5165 2124 5236 ).

545 5263 600 5321 Si
655 5262 945 5317 secundum
991 5273 1194 5330 opera:
1227 5256 1411 5310 Omnia
1461 5271 1550 5324 per
1603 5253 1795 5308 Filium
1825 5255 1960 5324 facta
1987 5266 2124 5312 sunt.

546 5354 599 5409 Si
631 5350 921 5408 secundum
956 5360 1164 5419 tempus
1189 5347 1290 5401 hoc
1311 5343 1485 5400 credis
1514 5343 1581 5398 de
1609 5345 1717 5399 Deo
1740 5354 1850 5410 tuo,
1875 5347 1996 5416 quia
2022 5361 2128 5402 διο-

547 5457 605 5501 ιιι
653 5453 708 5499 ιιι
759 5443 926 5514 major
969 5459 1026 5496 es
1067 5441 1177 5496 tilio
1215 5450 1324 5506 tuo,
1362 5440 1432 5493 ita
1477 5438 1564 5492 ille
1603 5437 1713 5492 ﬁlio
1740 5455 1838 5493 suo
1872 5459 1884 5495 :
1927 5451 2132 5498 avertat

549 5539 652 5594 hoc
673 5539 812 5591 Deus
839 5535 907 5590 ah
931 5534 1144 5590 auribus
1191 5531 1421 5586 ﬁdelium
1453 5547 1466 5593 ;
1499 5528 1709 5600 indigna
1739 5541 1862 5586 sunt
1889 5532 1988 5587 ista
2016 5547 2132 5590 cre-

549 5629 677 5683 dere
706 5627 774 5682 de
806 5628 932 5682 Deo.
979 5625 1033 5682 Si
1077 5625 1217 5678 enim
1250 5623 1415 5678 Filius
1439 5621 1728 5676 secundum
1760 5622 2006 5678 deitatem
2039 5626 2128 5681 Dei

552 5721 784 5775 Verbum
820 5730 938 5786 cst,
985 5719 1118 5774 sicut
1174 5715 1495 5787 evangelista
1547 5713 1780 5770 Joannes
1822 5726 2022 5786 narrat,
2061 5719 2124 5773 1η

997 302 1084 357 DE
1122 300 1417 356 CANTICO
1454 298 1654 365 NOVO,
1697 312 1840 362 ετα,
1891 293 1943 350 S.
1982 289 2343 348 AUGUSTINI
2381 293 2605 351 SERMO
2650 296 2740 350 AD
2777 291 3340 351 CATHECUMENOS.

3671 295 3780 352 681

2208 408 2456 477 principio
2476 417 2581 460 erat
2622 406 2858 474 Verbum,
2882 415 2929 461 et
2984 406 3199 460 Verbum
3227 415 3333 459 erat
3361 403 3500 474 apud
3531 402 3715 470 Deum,
3734 417 3780 458 et

2207 497 2344 553 Deus
2370 507 2475 552 erat
2530 497 2747 553 Verbum
2775 497 2958 571 (Joan.
2992 515 3030 563 ι,
3076 500 3130 560 5,
3156 498 3178 551 1
3204 497 3222 567 )
3254 513 3268 561 ;
3292 496 3388 550 fuit
3416 497 3629 567 aliquod
3652 507 3782 553 tem-

2207 606 2307 661 pus
2340 589 2552 658 quando
2590 590 2745 644 Pater
2790 589 2888 651 fuit
2935 589 3051 643 sine
3082 575 3276 654 Verbo,
3303 598 3392 642 aut
3437 588 3535 642 fuit
3576 588 3784 659 aliquod

2209 683 2522 751 principium
2553 691 2677 736 ante
2704 682 2873 751 ipsum
2917 681 3260 751 principium,
3291 681 3539 748 quoniam
3569 681 3678 750 ipse
3704 681 3787 736 Fi-

2212 772 2312 825 lius
2334 773 2551 826 dixit-sc
2577 787 2696 827 csse
2727 772 3082 842 principium?
3120 770 3570 840 Interrogantihus
3599 772 3788 840 quippe

2209 863 2428 929 Judmis,
2469 863 2546 916 Tu
2576 865 2687 933 quis
2717 863 2812 917 es?
2839 863 3136 933 respondit,
3172 862 3486 932 Principium
3515 863 3533 935 (
3564 862 3650 916 Id.
3676 880 3783 930 \‘lll,

2208 955 2280 1009 25
2304 955 2341 1023 ).
2372 955 2512 1023 Ergo
2557 964 2610 1008 et
2631 954 2759 1008 illud
2813 954 2951 1023 quod
2992 955 3042 1007 in
3073 955 3265 1010 Genesi
3301 955 3557 1022 scriptum
3587 965 3695 1018 cst,
3721 954 3783 1008 In

2212 1048 2458 1115 principio
2491 1047 2604 1115 {erit
2642 1045 2777 1099 Deus
2813 1046 2990 1098 caelum
3019 1055 3064 1098 et
3111 1054 3295 1098 terrant
3322 1043 3488 1115 (Gen.
3514 1061 3556 1108 ι,
3588 1047 3609 1099 1
3641 1045 3685 1115 ),
3717 1047 3789 1099 in~

2213 1138 2532 1205 telligiturin
2569 1137 2721 1202 Filio,
2753 1136 2844 1206 qui
2873 1145 2954 1190 est
2982 1136 3320 1205 principium.
3350 1135 3439 1190 Sic
3481 1151 3609 1204 ergo
3648 1152 3786 1191 sem-

2213 1244 2308 1297 per
2341 1229 2476 1281 Deus
2513 1227 2686 1290 Pater,
2737 1243 2950 1296 semper
3002 1228 3140 1280 Deus
3184 1225 3380 1290 Filius;
3424 1227 3545 1296 quia
3578 1241 3677 1280 nec
3709 1227 3790 1281 ille

2212 1318 2494 1386 aliquando
2514 1333 2614 1372 non
2638 1318 2814 1380 Pater,
2854 1333 2952 1370 nec
2979 1318 3077 1370 iste
3121 1315 3406 1385 aliquando
3459 1331 3562 1370 nou
3596 1315 3783 1370 Filius.

2213 1410 2325 1464 Non
2344 1411 2485 1464 enim
2510 1421 2566 1464 ut
2593 1410 2748 1463 Pater
2769 1418 3050 1477 generaret
3071 1407 3283 1474 Filium,
3307 1409 3497 1473 minuit
3513 1410 3784 1478 seipsnm:

2213 1503 2305 1556 sed
2330 1503 2397 1556 ita
2427 1502 2606 1572 genuit
2633 1502 2698 1556 de
2724 1517 2781 1555 se
2823 1501 3046 1555 alterum
3091 1502 3298 1572 qualem
3346 1515 3422 1564 se,
3450 1512 3505 1554 ttt
3526 1511 3672 1556 totus
3691 1519 3789 1556 ma-

2214 1604 2364 1647 neret
2393 1595 2443 1647 in
2489 1609 2566 1649 se.
2623 1594 2850 1663 Spiritus
2879 1603 3054 1648 autem
3094 1603 3311 1648 sanctus
3356 1610 3459 1648 non
3501 1596 3786 1664 prmccdit'

2215 1686 2353 1739 unde
2395 1686 2650 1754 procedit,
2680 1685 2773 1739 sed
2831 1685 3034 1755 integer
3079 1685 3146 1739 de
3198 1686 3422 1755 integro,
3479 1701 3578 1739 nec
3613 1688 3790 1741 minuit

2214 1791 2334 1829 eum
2378 1775 2729 1843 procedendo,
2765 1791 2864 1828 nec
2915 1785 3071 1845 auget
3119 1775 3390 1829 lucrendo.
3423 1776 3488 1829 Et
3536 1775 3655 1830 lucc
3699 1778 3789 1829 tria

2216 1883 2352 1922 unus
2381 1869 2538 1931 Deus,
2581 1868 2646 1922 de
2675 1884 2780 1938 quo
2808 1869 3060 1938 propheta
3089 1867 3220 1922 dicit
3250 1884 3263 1920 :
3314 1868 3389 1921 Tu
3425 1885 3476 1922 es
3503 1867 3632 1922 Deus
3658 1870 3792 1923 solus

2218 1959 2474 2030 magnus(
2511 1958 2653 2012 Psal.
2710 1975 2884 2014 ικιιχν
2912 2001 2926 2024 ,
2977 1959 3112 2028 10
3153 1959 3232 2014 Tu
3285 1968 3484 2023 autem,
3528 1959 3788 2025 ha‘reticc,

2217 2065 2475 2119 compone
2523 2050 2717 2118 gradus
2746 2091 2759 2112 ,
2816 2065 3002 2118 separa
3051 2049 3403 2104 Trinitatem:
3465 2050 3547 2104 tae
3588 2059 3785 2120 patrem

2219 2141 2496 2212 majorem,
2524 2140 2709 2195 Filium
2731 2142 3010 2205 minorem,
3031 2140 3287 2212 Spiritum
3301 2149 3544 2195 sanctum
3567 2156 3782 2211 seqttcno

2221 2243 2345 2288 tem.
2375 2233 2480 2287 Sed
2502 2233 2610 2302 jam
2646 2232 2712 2287 de
2732 2232 2886 2297 Filio,
2915 2233 3054 2304 quod
3102 2233 3320 2303 mqualis
3347 2234 3414 2287 sit
3444 2233 3612 2298 Patri,
3642 2235 3787 2304 aliqua

2219 2325 2467 2390 diximus,
2493 2334 2545 2378 et
2570 2324 2711 2394 quod
2732 2325 2981 2391 occurrit,
3013 2324 3244 2379 diximus
3276 2343 3290 2379 :
3329 2324 3526 2379 audiet
3551 2325 3621 2379 de
3643 2326 3789 2393 ερίιὶο

2222 2425 2276 2470 ιιι
2304 2425 2510 2480 sancto,
2558 2430 2716 2484 quem
2763 2417 3022 2469 minorem
3067 2415 3146 2469 vis
3182 2429 3302 2470 esse
3351 2415 3508 2469 Patre
3553 2427 3608 2470 et
3654 2417 3786 2469 Filio.

2219 2507 2421 2577 Nempe
2457 2507 2687 2577 Spiritus
2737 2515 2953 2562 sanctus
2983 2509 3094 2577 ipse
3141 2506 3370 2576 Spiritus
3413 2517 3497 2561 est
3529 2507 3647 2560 Dei.
3675 2508 3789 2560 Audi

2220 2611 2274 2656 et
2300 2601 2412 2671 ipse
2437 2600 2578 2670 quod
2603 2600 2758 2654 simul
2796 2601 2863 2654 sit
2892 2615 3014 2655 cum
3057 2601 3216 2656 Patre
3239 2611 3292 2655 et
3321 2599 3482 2666 Filio,
3517 2611 3568 2654 et
3619 2600 3791 2668 ubint

2220 2695 2292 2750 sit
2326 2704 2486 2749 totus.
2538 2694 2695 2756 Deus,
2729 2694 2898 2764 inquit
2947 2693 3182 2748 Joannes
3223 2693 3530 2762 Apostolus,
3584 2693 3792 2762 Spiritus

2221 2797 2292 2842 est
2316 2789 2334 2860 (
2359 2787 2512 2841 Joan.
2543 2804 2615 2853 tv,
2644 2789 2714 2841 24
2747 2789 2786 2857 ).
2812 2787 2876 2841 Ει
2903 2787 3015 2856 ipse
3045 2786 3206 2840 Filius
3240 2801 3334 2856 per
3366 2785 3687 2856 prophetam
3710 2788 3789 2848 ait,

2223 2879 2452 2951 Spiritus
2509 2878 2714 2932 Domini
2764 2863 2915 2949 super
2946 2875 3225 2947 me'(1sai.
3259 2893 3365 2943 ιιιι,
3397 2877 3417 2930 1
3455 2877 3474 2947 )
3511 2895 3525 2930 :
3562 2892 3673 2931 non
3713 2877 3788 2941 ait,

2222 2983 2343 3043 post
2371 2984 2548 3035 me,ut
2576 2981 2886 3041 sequentem
2934 2986 3053 3025 eum
3095 2970 3313 3037 faceret,
3361 2970 3444 3024 vel
3496 2969 3786 3031 minorem;

2222 3065 2317 3120 sed
2339 3065 2430 3128 ait,
2454 3080 2606 3132 super
2645 3079 2740 3115 me.
2774 3061 2927 3118 Unde
2983 3070 3036 3116 et
3081 3061 3300 3131 angelus
3347 3059 3564 3115 Gabriel
3607 3061 3674 3115 ad
3699 3061 3788 3114 Ma-

2222 3155 2354 3210 riam
2387 3173 2399 3208 :
2443 3154 2666 3224 Spiritus
2690 3164 2913 3220 sanctus,
2937 3153 3124 3223 inquit,
3152 3151 3461 3223 superveniet
3490 3153 3616 3205 inte
3646 3150 3790 3223 (Luc.

2223 3264 2261 3315 ι,
2283 3248 2396 3316 35).
2423 3247 2584 3301 David
2607 3261 2820 3316 quoque
2842 3245 3099 3315 prepheta
3124 3263 3136 3298 :
3174 3243 3287 3312 Quo
3303 3244 3382 3297 ibo
3407 3260 3437 3296 a
3461 3243 3672 3312 Spiritu
3699 3254 3790 3307 tuo,

2223 3348 2270 3391 et
2298 3356 2328 3390 a
2348 3338 2478 3406 [acie
2505 3347 2590 3390 tua
2631 3353 2728 3406 quo
2758 3336 2998 3407 fugiam?
3034 3335 3096 3388 Si
3118 3333 3393 3388 ascendere
3434 3335 3487 3387 in
3527 3335 3725 3396 cretata,
3750 3345 3795 3384 ιιι

2222 3428 2290 3481 ibi
2313 3444 2380 3493 es,
2407 3428 2452 3480 si
2475 3427 2774 3480 descendere
2789 3427 2838 3479 in
2860 3426 3113 3496 abyssum,
3132 3434 3184 3478 tu
3209 3425 3330 3478 ades
3357 3423 3515 3495 (Paul.
3534 3438 3797 3490 cxxxvm,

2224 3521 2253 3575 7
2280 3530 2328 3575 et
2355 3519 2578 3592 8).Ergo
2608 3521 2649 3571 si
2681 3519 2910 3588 Spiritus
2934 3517 3030 3573 Dei
3056 3525 3110 3572 ct
3150 3517 3200 3571 in
3233 3518 3373 3573 coelo
3413 3527 3463 3571 et
3490 3515 3546 3570 in
3583 3524 3732 3571 terra
3754 3526 3798 3570 ct

2224 3612 2277 3666 in
2318 3612 2524 3666 inferno
2548 3611 2692 3665 adest
2722 3625 2842 3664 cum
2881 3609 2974 3664 illo
3001 3610 3091 3678 qui
3117 3609 3264 3674 dicit,
3298 3608 3491 3663 Cottum
3533 3619 3581 3663 et
3630 3619 3798 3663 tetram

2224 3720 2313 3773 ego
2341 3702 2523 3770 impleo
2545 3703 2564 3772 (
2586 3699 2778 3756 Jerem.
2804 3700 3039 3768 χχιιι,24
3067 3700 3125 3771 );
3151 3715 3278 3771 ergo
3305 3700 3539 3754 Trinitas
3579 3715 3711 3755 unus
3728 3708 3797 3754 est

2229 3795 2384 3847 Deus.
2417 3793 2520 3846 Sed
2552 3792 2673 3846 audi
2719 3791 2914 3857 adhuc,
2972 3792 3242 3859 ltmretice,
3274 3790 3413 3845 unde
3447 3791 3791 3855 convincat-is,

2223 3888 2362 3955 quod
2390 3886 2620 3939 Trinitas
2673 3900 2810 3940 unus
2836 3886 2904 3940 sit
2953 3885 3108 3940 Deus.
3157 3885 3212 3939 ln
3237 3885 3352 3954 ipso
3380 3884 3651 3954 principio
3695 3883 3795 3937 libri

2224 3979 2514 4044 Geucscos,
2545 3979 2683 4047 quod
2723 3978 2973 4044 diximus,
3000 3977 3255 4047 scriptum
3301 3984 3403 4041 est,
3443 3975 3516 4029 In
3571 3975 3798 4046 principio

2226 4072 2340 4141 fecit
2373 4070 2509 4125 Deus
2532 4071 2709 4124 caelum
2736 4079 2780 4124 et
2803 4079 3008 4124 (errant.
3037 4069 3178 4125 Ecce
3217 4070 3356 4124 Deus
3385 4069 3572 4136 Pater,
3599 4070 3796 4139 etpriu-

2173 4224 2180 4230 κ
2225 4163 2420 4230 cipium
2469 4162 2655 4228 Filius,
2687 4160 2978 4216 secundum
3017 4160 3160 4231 quod
3200 4176 3259 4216 se
3285 4160 3416 4215 dixit
3457 4176 3589 4216 esse
3619 4160 3794 4231 princi-

2228 4255 2390 4324 pium.
2414 4255 2466 4310 Si
2493 4264 2670 4310 autem
2688 4253 3005 4324 etSpiritum
3031 4263 3272 4310 sanctum
3294 4256 3492 4324 qureris
3527 4274 3541 4306 :
3568 4254 3795 4325 Spiritus,

2227 4345 2416 4415 inquit,
2449 4344 2542 4399 Dei
2586 4346 2990 4415 superferebatur
3010 4362 3164 4415 super
3209 4363 3383 4417 aquas.
3437 4345 3578 4400 Cum
3612 4363 3734 4416 ergo
3755 4346 3798 4398 in

2228 4436 2672 4507 consequentibus
2689 4437 2902 4508 legitur,
2931 4437 3069 4492 Dixit
3086 4436 3243 4503 Deus,
3276 4435 3395 4490 Fiat
3417 4436 3552 4504 luat,-
3582 4449 3657 4504 ct,
3689 4436 3799 4490 Fin-

2227 4527 2300 4579 atit
2324 4525 2458 4580 Deus
2486 4527 2546 4580 de
2576 4536 2740 4590 terra;
2767 4536 2840 4589 et,
2881 4527 3023 4582 Fecit
3071 4527 3212 4582 Deus
3238 4542 3256 4580 :
3282 4526 3383 4582 hoc
3415 4527 3799 4582 demonstratur

2228 4618 2369 4688 quod
2421 4619 2793 4688 inseparabilia
2823 4627 2947 4673 sunt
2969 4633 3130 4689 opera
3173 4618 3466 4673 Trinitatis.
3503 4619 3799 4674 Erideatius

2232 4711 2333 4765 hoc
2359 4710 2410 4764 in
2441 4711 2889 4780 consequentibus
2931 4710 3347 4765 demonstratur.
3375 4709 3512 4764 Nam
3536 4726 3658 4765 cum
3687 4726 3800 4765 ven-

2231 4810 2343 4856 tum
2365 4800 2584 4857 esselad
2620 4800 2673 4856 id
2723 4811 2782 4856 ut
2812 4804 2971 4857 homo
3003 4798 3346 4864 formarctur,
3376 4803 3451 4855 ait
3489 4803 3760 4872 Scriptura
3790 4819 3801 4850 :

2233 4893 2302 4950 Et
2331 4895 2456 4950 dixit
2482 4895 2638 4965 Deus,
2692 4895 2964 4951 Faciamus
2999 4896 3249 4951 hominem
3276 4897 3345 4950 ad
3385 4898 3660 4968 imaginem
3678 4907 3722 4950 et
3741 4896 3802 4946 si-

2235 4987 2566 5041 militudinem
2591 4997 2835 5042 nostram.
2864 4987 2977 5042 Non
3002 4987 3154 5053 dixit,
3188 4987 3400 5042 Faciam
3433 4989 3501 5042 ad
3530 4988 3803 5058 imaginem

2233 5087 2288 5132 et
2314 5077 2714 5134 similitudinem
2739 5093 2929 5143 meam,
2958 5088 3015 5133 ut
3044 5079 3187 5134 solus
3210 5079 3370 5134 Pater
3397 5080 3802 5150 intelligeretur;

2235 5167 2500 5234 necdixit,
2554 5169 2691 5235 Fiat,
2735 5178 2792 5224 ut
2841 5169 2977 5224 Filio
3007 5171 3167 5224 veluti
3211 5169 3426 5240 juberet
3471 5170 3672 5236 facere,
3721 5184 3805 5239 per

2234 5277 2391 5331 quem
2416 5260 2554 5316 facta
2597 5268 2720 5317 sunt
2744 5261 2962 5324 omnia;
3004 5276 3102 5316 nec
3146 5260 3347 5316 dictum
3391 5273 3493 5328 est,
3527 5261 3800 5316 Fecerunt.

2237 5354 2500 5423 utsinguli
2551 5353 2755 5423 singula
2787 5353 2839 5406 in
2885 5367 2950 5406 eo
2997 5351 3306 5407 conferrent
3351 5368 3511 5423 opera
3554 5369 3654 5406 sua
3687 5349 3805 5404 :scd

2236 5461 2356 5500 cum
2390 5445 2692 5509 diceretur,
2748 5443 3020 5498 Faciamus
3071 5444 3323 5498 Immineat
3367 5447 3434 5499 ad
3477 5445 3742 5514 imaginem
3764 5452 3802 5491 et

2236 5537 2613 5593 similitudinem
2641 5547 2879 5601 nostram,
2912 5543 2968 5589 ttt
2996 5535 3226 5591 Trinitas
3273 5552 3410 5590 unus
3456 5537 3588 5590 Deus
3622 5532 3803 5587 intelli-

2299 5688 2315 5717 ¹
2352 5694 2401 5734 In
2438 5686 2707 5735 Divionensi
2743 5691 2823 5732 Ms.
2866 5684 3175 5731 substitutum
3217 5690 3293 5733 est
3333 5696 3360 5732 a
3399 5680 3604 5732 secunda
3643 5692 3801 5736 manu,

2234 5749 2407 5801 divisit.
2433 5756 2568 5798 Forte
2589 5748 2709 5810 leg,
2734 5746 2968 5810 pra‘ridit.
