3904 6362
239 278 330 336 685
1393 286 1619 341 SERMO
1661 288 1746 342 DE
1784 288 2062 356 QUAllTA
2106 295 2327 351 FERIA.

236 402 462 465 geretur;
493 392 684 447 statim
711 392 1049 465 sulijuuctum
1080 403 1182 457 est,
1214 394 1278 449 Et
1308 396 1425 466 fecit
1475 398 1611 453 Deus
1649 400 1813 453 homi-

242 503 363 545 nem,
408 484 472 537 ad
502 484 792 554 imaginem
836 500 980 537 suam
1011 486 1130 555 fecit
1183 485 1324 539 illum
1352 486 1516 557 (Gen.
1547 505 1563 543 t
1606 490 1648 558 ).
1675 489 1814 544 Ecce

242 592 327 643 per
348 575 645 643 Scripturas
674 584 896 647 sanctas
922 574 1158 629 Trinitas
1214 591 1350 630 unus
1392 577 1528 631 Deus
1556 578 1812 647 przedica-

236 677 344 729 tur;
380 668 598 721 arianus
647 667 926 721 convictus
964 666 1250 736 aliquando
1297 668 1663 723 confundatur.
1704 669 1810 725 Sed

235 757 339 811 audi
363 756 556 821 adhuc,
582 756 859 820 bzeretice,
894 758 1191 825 apostolum
1235 757 1456 812 Paulum
1483 760 1807 814 convincen-

238 859 332 903 teiu
357 859 404 903 te
425 860 477 901 et
502 847 791 902 docentem
819 863 924 910 me,
949 848 1069 901 audi
1093 848 1216 917 quid
1242 848 1310 903 de
1341 849 1448 904 Deo
1477 850 1611 904 Filio
1631 850 1803 905 dicat:

242 940 366 1004 Cum,
385 939 571 1007 inquit,
598 939 838 1005 informa
865 937 960 991 Dei
985 950 1128 1002 esset,
1154 956 1255 992 non
1282 941 1512 1005 rapinam
1535 940 1807 994 arbitratus

240 1043 299 1086 est
319 1048 412 1084 esse
437 1032 649 1099 (aqualis
677 1030 786 1083 Deo
812 1030 831 1100 (
862 1028 1097 1100 Philipp.
1118 1046 1177 1097 tt,
1207 1032 1240 1086 6
1271 1033 1307 1099 ).
1338 1031 1428 1087 llle
1451 1048 1571 1086 eum
1603 1033 1801 1102 praedi-

237 1133 307 1175 cat
338 1123 614 1191 aqualem,
642 1133 695 1174 tu
709 1138 830 1175 eum
850 1122 1044 1175 asseris
1064 1122 1344 1176 minorem.
1360 1121 1456 1177 Cui
1476 1122 1801 1178 credendum

235 1222 322 1276 est,
345 1212 617 1281 Apostolo,
641 1228 709 1264 an
746 1212 837 1264 tibi
869 1211 895 1264 ?
918 1211 1009 1264 tibi
1039 1226 1194 1281 quem
1228 1219 1366 1264 totus
1407 1212 1550 1265 orbis
1588 1212 1799 1280 abjccit,

231 1317 289 1354 au
318 1304 381 1355 illi
424 1317 584 1370 quem
620 1311 762 1354 totus
785 1301 1012 1355 mundus
1040 1300 1271 1370 suscepit
1291 1302 1315 1355 ἲ
1339 1301 1505 1356 Cedat
1535 1302 1694 1371 igitur
1718 1303 1800 1357 vel

231 1410 334 1446 sero
355 1393 603 1446 convicta
646 1393 970 1461 perversitas
1008 1401 1114 1453 tua,
1152 1392 1272 1461 quia
1296 1393 1404 1459 jam
1435 1402 1601 1446 totum
1635 1410 1796 1448 mun-

226 1487 333 1538 dum
358 1486 599 1555 possedit
635 1502 689 1539 ex
702 1485 940 1554 angelica
965 1492 1017 1537 et
1036 1484 1321 1554 apostolica
1348 1484 1605 1539 doctrina.

276 1578 498 1633 CAPUT
531 1577 669 1631 Vill.
691 1608 761 1616 —
782 1577 836 1632 8.
861 1576 1249 1646 Pelagianorum
1278 1576 1498 1631 litaresis.
1522 1578 1637 1631 Alia
1667 1593 1799 1648 quo-

216 1687 305 1739 que
331 1670 587 1738 Spelunca
634 1670 903 1722 latronum
950 1684 1055 1722 non
1094 1668 1353 1722 bonorum
1380 1710 1394 1733 ,
1425 1670 1794 1724 barreticorum

212 1760 629 1829 Pelagianorum,
660 1766 719 1813 et
746 1757 1159 1812 demonstranda
1189 1767 1271 1813 est
1299 1766 1353 1812 et
1377 1759 1609 1814 cavenda
1640 1777 1651 1813 :
1681 1762 1795 1815 lucc

202 1863 277 1905 est
315 1852 458 1905 enim
508 1866 700 1905 eorum
753 1865 1003 1919 perversa
1044 1847 1303 1905 doctrina.
1350 1850 1484 1904 Cum
1523 1850 1792 1921 Scriptura

198 1942 364 2006 dicat,
394 1941 700 1994 Maledicta:
726 1940 876 1994 homo
902 1940 990 2011 qui
1014 1957 1151 2010 spem
1174 1957 1320 1994 suam
1346 1942 1487 2011 ponit
1515 1942 1566 1994 in
1593 1942 1795 1996 homine

197 2032 255 2101 (.l
268 2049 423 2084 erem.
453 2048 589 2098 xvii,
612 2029 698 2101 5);
728 2040 780 2085 et
804 2072 819 2094 ,
852 2031 952 2097 Qui
974 2032 1218 2102 gloriatur
1237 2073 1250 2098 ,
1279 2033 1331 2085 in
1354 2031 1574 2086 Domino
1603 2033 1790 2103 glorie-

204 2134 294 2174 tur
325 2122 378 2191 (l
405 2121 527 2177 Cor.
554 2139 593 2185 ι,
618 2124 740 2191 3t):
771 2123 855 2177 isti
883 2132 1089 2187 contra,
1118 2124 1220 2178 hoc
1245 2125 1582 2179 maledictum
1613 2125 1790 2181 homi-

203 2228 337 2267 nem
362 2228 475 2267 non
504 2213 765 2269 incurrere
787 2213 1119 2283 promittunt,
1144 2215 1186 2268 si
1208 2214 1274 2269 de
1295 2230 1351 2269 se
1374 2218 1787 2286 prmsumpserit,

194 2304 286 2358 vel
331 2306 386 2357 in
418 2318 482 2359 se
520 2303 638 2373 ipso
661 2305 910 2374 gloriatus
954 2304 1132 2360 fuerit.
1181 2306 1285 2361 Sed
1324 2306 1447 2373 quid
1479 2317 1659 2361 contra
1694 2308 1791 2365 hos

183 2395 361 2448 multa
395 2394 645 2449 dicamus
666 2396 691 2448 ἲ
738 2396 848 2451 lloc
876 2396 1119 2465 promisit
1162 2404 1215 2451 et
1245 2406 1393 2466 pater
1436 2400 1642 2453 illorum
1673 2400 1789 2454 dia-

180 2486 343 2539 huius
376 2485 455 2539 illi
489 2490 670 2556 primo
696 2485 897 2540 homini
923 2504 935 2539 :
965 2484 1084 2540 Non
1115 2496 1293 2555 morte,
1323 2488 1508 2559 inquit,
1538 2492 1786 2558 morieris,

175 2576 322 2630 eritis
363 2577 502 2629 sicut
541 2578 636 2629 dii.
686 2577 851 2630 Deum
897 2577 1248 2646 ccutcmpsit,
1280 2580 1510 2648 serpenti
1541 2581 1785 2648 credidit,

175 2675 233 2720 et
279 2668 428 2736 quod
477 2677 770 2736 acceperat
814 2667 1059 2736 perdidit.
1107 2669 1161 2722 Si
1212 2678 1332 2721 tunc
1363 2670 1451 2723 ille
1493 2670 1651 2724 homo
1682 2687 1785 2725 uou

176 2757 279 2810 fuit
322 2768 544 2822 cautus,
600 2773 745 2811 nunc
796 2758 955 2811 homo
997 2766 1181 2812 caveat
1225 2760 1303 2812 vel
1348 2769 1615 2829 expertus.
1666 2761 1789 2815 Odit

182 2848 328 2901 Deus
356 2856 789 2917 praesumptores
815 2848 883 2902 de
904 2848 1103 2902 viribus
1126 2849 1257 2902 suis.
1287 2848 1423 2915 Quid
1451 2850 1591 2904 enim
1616 2853 1787 2905 valeat

187 2940 414 2994 liberum
452 2939 745 2991 arbitrium
789 2954 892 2991 non
938 2939 1196 3008 adjutum,
1242 2939 1295 2991 in
1335 2940 1449 3008 ipso
1480 2940 1646 2993 Adam
1685 2940 1781 2994 de-

186 3042 543 3084 moostratum
584 3040 691 3085 est.
736 3031 816 3084 Ad
843 3032 1036 3110 malum
1067 3030 1262 3085 sufﬁcit
1291 3031 1429 3095 sibi;
1479 3031 1546 3085 ad
1587 3032 1781 3086 bonum

186 3137 323 3186 non,
370 3123 467 3175 nisi
498 3122 789 3191 adjuvetur
815 3138 846 3176 a
877 3123 1001 3177 Deo.
1054 3122 1264 3177 Primus
1309 3123 1450 3178 enim
1493 3124 1582 3178 ille
1624 3124 1783 3179 homo

192 3212 402 3279 accepit
428 3213 653 3265 liberum
681 3212 959 3266 arbitrium
986 3222 1209 3279 rectum,
1232 3223 1287 3268 et
1313 3213 1485 3282 posuit
1511 3223 1635 3270 ante
1658 3231 1781 3270 eum

192 3301 355 3363 Deus,
388 3302 523 3355 sicut
548 3302 825 3371 Scriptura
856 3302 1003 3367 dicit,
1034 3304 1198 3374 ignem
1225 3313 1271 3356 et
1296 3321 1479 3372 aquam
1504 3321 1523 3357 :
1551 3305 1619 3357 ad
1646 3306 1783 3375 quod

184 3391 428 3455 volueris,
461 3394 669 3461 inquit,
699 3394 904 3463 porrige
931 3410 1133 3446 manuni
1170 3403 1307 3446 tuam
1334 3393 1517 3463 (Eccli.
1546 3411 1635 3461 xv,
1666 3394 1778 3468 17).

187 3480 372 3549 Elegit
395 3482 590 3551 ignem,
616 3483 831 3551 reliquit
853 3498 1064 3552 aquam.
1093 3483 1275 3538 Videte
1297 3483 1498 3553 justum
1522 3484 1779 3553 judicent.

191 3570 354 3637 Quod
388 3572 537 3640 elegit
566 3572 725 3626 homo
756 3573 911 3635 liber,
943 3574 1145 3642 accepit
1174 3590 1186 3624 :
1219 3574 1423 3627 malum.
1446 3574 1642 3640 voluit,
1679 3576 1779 3630 hoc

189 3661 348 3713 illum
383 3674 613 3716 secutum
640 3672 739 3717 est.
789 3664 973 3718 \‘idete
1000 3680 1209 3718 rursum
1238 3665 1382 3719 illum
1407 3666 1607 3732 justum
1633 3665 1777 3735 judi-

186 3766 311 3805 cent
367 3753 782 3808 misericordiam
839 3754 1140 3808 facientem.
1201 3754 1330 3810 Cum
1381 3756 1585 3811 videret
1634 3758 1778 3827 quod

189 3840 354 3895 homo
385 3852 545 3896 tutam
588 3845 813 3913 stirpem
845 3859 993 3897 suam
1016 3884 1029 3906 ,
1063 3845 1198 3898 male
1238 3859 1364 3898 usus
1392 3846 1561 3900 libero
1591 3846 1777 3901 volun-

191 3933 317 3985 tatis
358 3934 595 3999 arbitrio,
648 3936 700 3989 in
732 3951 791 3989 se
834 3944 1083 4004 tanquam
1114 3935 1168 3989 in
1212 3936 1391 3992 radice
1430 3937 1771 4007 damnasset;

194 4024 309 4092 ipse
352 4042 454 4079 non
506 4035 720 4096 rogatus
763 4026 832 4081 de
876 4026 1015 4082 C(BIO
1061 4025 1355 4094 descendit,
1403 4036 1458 4082 et
1502 4028 1772 4084 hominem

190 4120 437 4184 SUpt‘fbla
468 4128 779 4188 pereuntem
805 4120 845 4187 ί,
874 4134 967 4173 sua
997 4119 1293 4173 humilitate
1322 4120 1527 4173 sanavit
1552 4138 1566 4173 :
1591 4136 1773 4175 erran-

193 4217 273 4260 trs
303 4211 543 4277 perduxit
563 4212 629 4266 ad
652 4214 811 4278 viam,
836 4211 1145 4283 peregrinos
1176 4211 1419 4280 perducit
1439 4212 1503 4266 ad
1528 4214 1770 4283 patriam.

201 4297 308 4353 Non
339 4319 463 4373 ergo
488 4304 744 4373 glorietur
772 4304 1000 4357 humana
1030 4309 1219 4356 natura
1258 4300 1325 4356 de
1364 4315 1424 4357 se
1445 4344 1460 4369 ,
1492 4302 1585 4357 sed
1627 4303 1678 4357 in
1707 4318 1772 4358 eo

201 4392 443 4459 glorietur
467 4397 553 4466 qtti
584 4397 708 4451 fecit
733 4412 814 4451 se.

265 4485 482 4543 CAPUT
521 4487 611 4541 IX.
636 4518 707 4528 —-
735 4488 789 4542 9.
816 4486 1059 4541 [lavi-elici
1092 4503 1193 4540 una
1217 4503 1334 4541 voce
1361 4487 1768 4559 confunduntur.

204 4571 312 4627 iam
340 4594 456 4631 vero
498 4588 709 4633 craterae
746 4588 906 4633 sectte
934 4578 1306 4633 hmreticorum
1337 4578 1603 4634 Christum
1631 4579 1769 4635 viam

210 4670 593 4731 pnedicautmm
613 4713 628 4737 ,
659 4671 752 4725 sed
796 4671 952 4741 longe
976 4686 1006 4724 a
1031 4672 1113 4724 via
1155 4671 1442 4725 errantium
1462 4712 1478 4737 ,
1508 4688 1608 4726 una
1637 4688 1772 4730 voce

263 4780 279 4808 ί
304 4786 418 4836 uss.
430 4779 691 4829 humanum
700 4791 848 4843 genus
862 4778 1086 4843 superbia
1102 4784 1390 4839 pereuntem,
1406 4785 1505 4840 aut,
1527 4786 1769 4842 pereunte.

3398 320 3501 376 686

1923 404 2087 473 ipsius
2136 423 2275 462 vera:
2323 412 2419 463 vite
2466 414 2851 471 convincuntur
2901 429 3058 490 atque
3107 426 3502 487 confunduntur

1918 495 2181 557 dicentis:
2220 498 2373 554 Multi
2415 504 2539 555 milii
2582 506 2743 560 dicent
2775 510 2825 563 in
2855 511 2942 564 illo
2980 514 3079 579 die,
3128 516 3358 582 Domine.
3392 523 3499 577 Do-

1918 586 2083 645 mine.
2112 605 2277 643 nonne
2304 591 2355 644 in
2398 601 2481 645 tuo
2521 597 2721 650 nomine
2759 603 3197 674 praplietavimus,
3227 620 3274 663 et
3314 613 3367 666 in
3409 623 3495 669 tuo

1917 679 2119 731 nomine
2156 680 2405 735 dwmonia
2449 686 2685 754 ejeciinus
2708 729 2722 753 ,
2763 700 2808 743 et
2842 692 2893 744 in
2940 704 3024 748 tuo
3054 700 3254 753 nomine
3291 704 3494 759 virtules

1915 772 2100 824 inultas
2144 768 2396 843 fecimus?
2439 776 2505 829 Et
2550 787 2668 831 tunc
2709 781 2875 835 dicam
2919 786 3008 849 eis,
3049 787 3167 843 Non
3211 794 3325 845 novi
3361 812 3446 848 vos
3476 812 3494 849 :

1912 861 2125 915 recedite
2172 880 2203 916 a
2250 881 2365 931 me,
2421 884 2591 923 omnes
2641 872 2726 939 qui
2772 876 2966 942 aperati
3020 880 3136 932 estis
3183 883 3491 954 iniquitatem

1912 951 2124 1021 (Matth.
2156 971 2253 1021 vu,
2285 956 2355 1009 22
2374 967 2421 1011 et
2451 958 2578 1029 ‘23).
2612 959 2734 1015 [dco
2765 967 2968 1033 operati
2993 951 3485 1044 estisiniquitatem,

1910 1044 2028 1111 quia
2062 1046 2313 1101 Ecclesiae
2355 1066 2484 1104 mea:
2515 1054 2863 1120 perturbastis
2894 1060 3169 1115 unitatem.

1976 1134 2203 1190 CAPUT
2240 1137 2307 1190 Χ.
2335 1169 2407 1178 -
2434 1141 2519 1196 10.
2552 1142 2867 1199 Exhortatur
2901 1147 3232 1219 baptizando:
3272 1165 3325 1225 ut
3355 1166 3490 1211 recta

1908 1223 2112 1276 tendant
2139 1226 2205 1277 ad
2246 1229 2481 1294 patriam.
2512 1230 2618 1286 Vos
2645 1244 2820 1289 autem
2843 1277 2857 1301 ,
2892 1237 3062 1292 fidelia
3095 1223 3334 1310 germina
3364 1262 3489 1299 sau-

1904 1320 2002 1366 ct:e
2035 1316 2218 1369 matris
2248 1317 2501 1375 Ecclesia:
2540 1322 2815 1380 catholica:
2858 1342 2952 1396 per
2990 1331 3292 1387 universum
3326 1350 3487 1389 mun-

1902 1401 2029 1456 dum
2075 1404 2310 1474 diffusae,
2356 1409 2520 1480 fugite
2564 1428 2749 1469 omnes
2787 1415 3039 1473 bmrcses.
3072 1420 3143 1476 ~Si
3185 1425 3303 1494 quis
3343 1426 3486 1491 aliud

1901 1496 2343 1564 evangelizaverit
2374 1501 2541 1568 vobis,
2574 1504 2855 1560 anathema
2887 1509 2953 1563 sit
2982 1510 3176 1581 (Galut.
3203 1530 3239 1579 ί,
3269 1517 3345 1585 9).
3382 1517 3487 1572 Re-

1900 1591 2015 1637 ctos
2059 1600 2244 1641 cursus
2292 1589 2447 1645 facite
2493 1592 2716 1660 pedibus
2761 1598 2953 1651 vestris
2995 1617 3008 1652 :
3057 1617 3159 1656 non
3203 1605 3485 1661 declinetis

1900 1687 1999 1727 nec
2024 1673 2090 1728 ad
2126 1675 2397 1733 dexteram
2423 1684 2815 1751 praisumendo,
2861 1703 2956 1742 nec
2993 1690 3058 1744 ad
3088 1693 3355 1748 sinistram
3385 1697 3485 1751 de-

1897 1767 2182 1833 sperando.
2211 1768 2419 1826 Currite
2448 1773 2704 1830 velociter
2729 1787 2928 1832 rectam
2958 1781 3095 1835 viam
3142 1801 3152 1835 :
3188 1783 3300 1852 ipsa
3337 1788 3480 1841 enim

1898 1872 1989 1912 vos
2037 1860 2278 1927 perducit
2328 1863 2392 1917 ad
2444 1866 2708 1933 patriam;
2759 1869 2823 1923 ad
2874 1871 3016 1925 illam
3056 1875 3283 1944 patriam
3328 1878 3480 1947 cujus

1895 1948 2039 2003 cives
2069 1951 2252 2020 Augell
2282 1963 2423 2020 sunt,
2451 1956 2601 2024 cujus
2634 1960 2887 2029 templum
2915 1962 3075 2030 Deus,
3122 1966 3271 2036 cujus
3301 1969 3481 2038 splen-

1894 2037 1993 2093 dor
2038 2041 2223 2104 Filius,
2264 2044 2415 2111 cujus
2462 2046 2695 2104 cliaritas
2729 2050 2957 2120 Spiritus
3000 2066 3251 2125 sanctus;
3293 2037 3480 2118 civitas

1895 2138 2093 2188 sancta.
2118 2132 2306 2187 civitas
2334 2135 2484 2189 beata
2508 2152 2521 2200 ;
2559 2138 2746 2195 civitas
2774 2142 2860 2196 tibi
2890 2145 3062 2200 nullus
3090 2149 3228 2216 perit
3253 2152 3473 2217 amicus,

1894 2234 1998 2288 quo
2026 2222 2199 2277 nullus
2238 2224 2533 2281 admittitur
2562 2230 2842 2296 inimicus;
2886 2236 2973 2289 ubi
3016 2238 3190 2293 nullus
3228 2244 3474 2313 moritur,

1892 2314 2012 2382 quia
2057 2316 2233 2371 nullus
2272 2318 2479 2387 oritur;
2528 2324 2701 2379 nullus
2755 2327 3090 2396 infirmatur,
3133 2335 3253 2403 quia
3294 2337 3478 2394 incor-

1894 2415 2043 2474 rapta
2071 2408 2242 2462 Salute
2273 2410 2504 2464 laetatur.
2558 2414 2689 2468 Cum
2735 2417 2862 2473 illuc
2888 2423 3212 2489 venerimus,
3255 2442 3362 2482 non
3404 2428 3476 2485 ibi

1892 2498 2188 2554 csuriemus
2233 2509 2324 2554 aut
2368 2503 2658 2559 sitiemus:
2696 2508 2829 2563 visio
2874 2510 2985 2581 ipsa
3032 2515 3250 2571 satietas
3295 2528 3477 2575 nostra

1892 2588 2010 2640 erit.
2042 2589 2153 2643 Non
2186 2591 2253 2644 ibi
2286 2592 2645 2663 dormiamus,
2676 2599 2796 2667 quia
2830 2617 2933 2655 non
2975 2603 3045 2657 ibi
3092 2607 3472 2666 laborabimus.

1890 2679 2040 2734 Nulla
2069 2683 2346 2749 cujuslibet
2380 2688 2455 2740 rei
2484 2691 2783 2744 necessaria
2815 2693 2917 2747 erit
2943 2694 3186 2765 refectio,
3218 2700 3305 2755 ubi
3333 2703 3477 2759 nulla

1892 2774 1992 2825 erit
2034 2774 2279 2828 defectio.
2325 2775 2606 2845 Vivemus,
2644 2784 3011 2851 regnabimus,
3056 2788 3373 2846 lmtabimur.
3418 2794 3475 2849 Si

1892 2869 2093 2916 tantum
2132 2864 2363 2920 delectat
2409 2884 2529 2923 cum
2570 2870 2638 2925 de
2679 2888 2740 2927 ea
2791 2875 3075 2945 loquimur,
3123 2880 3246 2949 quid
3286 2883 3387 2937 erit
3423 2894 3479 2939 et

1890 2953 2113 3008 videre?
2161 2954 2359 3011 Videre
2405 2958 2570 3013 Deum
2592 3001 2607 3026 ,
2638 2962 2816 3019 vivere
2853 2980 2971 3020 cum
3020 2968 3161 3036 Deo,
3196 2971 3374 3028 vivere
3407 2973 3476 3028 de

1888 3044 2020 3098 Deo.
2057 3044 2172 3099 Vita
2211 3047 2353 3099 enim
2398 3058 2578 3104 nostra
2626 3052 2728 3105 erit
2773 3054 2989 3110 laudare
3022 3057 3227 3127 Deum,
3268 3071 3322 3116 et
3359 3062 3476 3119 sine

1887 3132 2097 3188 defectu
2153 3150 2355 3190 amare.
2404 3138 2547 3192 Beati
2583 3142 2755 3209 enim,
2786 3144 2860 3198 ait
2887 3146 3176 3216 propheta,
3212 3152 3302 3221 qui
3329 3154 3474 3207 habi—

1888 3235 1995 3278 tant
2022 3227 2074 3279 in
2104 3227 2253 3281 domo
2283 3237 2397 3295 tua,
2435 3230 2687 3296 Domine;
2730 3236 2782 3287 in
2820 3238 3005 3290 stecula
3033 3241 3335 3296 swculorum
3361 3244 3476 3298 lan-

1886 3316 2076 3371 dabunt
2116 3328 2164 3373 te
2202 3318 2375 3389 (Psal.
2405 3338 2633 3391 Lxxxui,
2664 3323 2753 3397 5).
2786 3326 2999 3382 Fratres
3038 3329 3397 3401 dilectissimi,
3426 3338 3473 3391 si

1886 3424 2007 3463 cum
2054 3412 2423 3481 navigantibus
2467 3414 2845 3485 laboravimus,
2893 3428 2946 3473 et
2976 3421 3270 3478 viatoribus
3304 3427 3470 3481 duca-

1887 3512 1996 3556 tum
2020 3503 2377 3572 prtebuimus,
2407 3506 2450 3559 si
2491 3507 2672 3562 devias
2713 3508 2892 3565 fauces
2930 3511 3194 3567 latronum
3217 3556 3231 3580 ,
3261 3515 3361 3570 hoc
3390 3525 3475 3573 est

1888 3592 2304 3661 haereticorum,
2350 3596 2577 3651 sollicite
2636 3598 3154 3667 demonstravimus,
3202 3604 3248 3658 si
3300 3605 3469 3675 ipsam

1884 3684 2108 3752 patriam
2153 3684 2427 3739 caelestem
2472 3685 2792 3741 declaratam
2843 3695 3005 3759 atque
3046 3691 3469 3749 demonstratam

1877 3772 1987 3842 jam
2016 3776 2238 3829 cernitis
2280 3776 2448 3831 oculis
2474 3778 2650 3833 cordis
2676 3781 2881 3845 vestri;
2926 3782 3133 3839 reddite
3168 3786 3321 3841 nobis
3355 3787 3471 3842 fru-
3545 3775 3548 3780 ’

1884 3874 2025 3918 ctum
2058 3864 2256 3921 laboris
2285 3868 2474 3921 nostri.
2507 3868 2763 3935 Reddite,
2794 3870 3005 3939 fratres,
3033 3876 3271 3943 reddite,
3300 3878 3471 3947 exigi-

1882 3970 2001 4008 mus
2028 3971 2057 4010 a
2086 3957 2253 4011 vobis.
2287 3958 2429 4012 Talis
2473 3966 2555 4013 est
2592 3960 2732 4014 enim
2767 3977 2973 4017 merces
3008 3974 3220 4033 nostra,
3249 3982 3405 4036 quam
3435 3984 3468 4023 a

1881 4047 2031 4101 vobis
2080 4048 2338 4117 exigimus
2363 4089 2378 4115 ,
2411 4057 2467 4103 ut
2496 4064 2595 4103 nec
2636 4065 2733 4104 nos
2763 4052 2960 4121 pudeat
3002 4064 3203 4123 petere,
3247 4072 3347 4110 nec
3371 4072 3470 4113 vos

1884 4139 2057 4209 pigeat
2083 4154 2323 4208 erogare.
2357 4141 2471 4195 lloc
2495 4140 2637 4210 quod
2662 4142 2923 4211 exigimus
2942 4185 2958 4211 ,
2986 4147 3257 4217 erogando
3279 4162 3470 4203 cumu-

1881 4231 2059 4285 labitis
2099 4233 2266 4300 magis
2288 4273 2302 4298 ,
2335 4247 2491 4301 quam
2519 4232 2896 4289 detrimentum
2940 4238 3247 4305 patiemini,
3280 4239 3322 4294 si
3356 4256 3467 4297 non

1880 4323 2246 4392 erogaveritis.
2270 4322 2401 4391 Quae
2426 4333 2509 4378 est
2532 4339 2661 4394 ergo
2688 4341 2895 4381 merces
2919 4328 3139 4382 nostra?
3174 4328 3288 4384 Non
3317 4346 3465 4400 quai-

1878 4417 2045 4469 rimus
2082 4430 2270 4469 aurum
2298 4423 2529 4470 vestrum
2550 4457 2565 4481 ,
2596 4430 2701 4469 non
2737 4425 3015 4487 argentum
3045 4428 3310 4486 vestrum,
3353 4436 3460 4479 non
3500 4410 3507 4413 ’

1878 4522 2155 4561 nummum
2182 4515 2414 4560 vestrum
2437 4548 2452 4572 ,
2495 4520 2593 4561 nec
2628 4507 2916 4576 quidquam
2947 4508 3015 4563 de
3044 4509 3202 4563 rebus
3230 4511 3422 4565 vestris
3449 4530 3463 4567 :

1878 4598 1972 4653 sed
2000 4612 2206 4652 merces
2233 4606 2412 4652 nostra
2444 4606 2559 4663 est,
2591 4605 2647 4651 ut
2683 4598 2735 4651 in
2778 4598 2868 4652 illo
2907 4609 3090 4654 sancto
3132 4600 3277 4655 fonte
3305 4601 3461 4671 adju-

1877 4690 2014 4745 vetis
2046 4705 2144 4744 uos
2170 4688 2500 4743 orationibus
2527 4688 2737 4743 vestris.

2787 4859 3468 4883 _.._____.____.

278 4916 615 4995 Sequentes
645 4917 986 4978 Sermones
1017 4916 1093 4978 de
1133 4915 1391 4996 Quarta
1417 4916 1633 4996 Feria,
1682 4918 1760 4979 de
1794 4916 2224 4996 Cataclysmo,
2271 4916 2334 4973 et
2382 4912 2459 4973 de
2500 4914 2818 4989 Tempore
2864 4913 3234 4990 Barbarico,
3280 4916 3462 4979 dubii

210 4994 563 5072 nobissunt,
600 5003 664 5059 et
707 4996 1002 5058 videntur
1026 4994 1337 5056 subdititii
1375 4994 1486 5075 (a).

873 5115 1114 5235 DE
1201 5107 1786 5273 QUAE"!

1896 5104 2602 5273 i___EEBIA
2650 5090 2775 5253 Mi

1212 5264 1365 5328 SIVE
1405 5273 1493 5326 DE
1531 5270 1852 5326 CULTURA
1891 5269 2053 5324 AGRI
2095 5264 2421 5334 DOMINICI',

1609 5372 2041 5455 SERMO.

249 5520 355 5572 llAl
383 5518 472 5574 UT
518 5513 803 5571 PRIMUM.
826 5542 898 5552 —-
924 5514 972 5565 l.
1012 5510 1107 5587 _De_
1128 5510 1468 5587 Aculturaﬂagri
1494 5508 1763 5587 Dominiri.

78 5614 87 5619 ·
176 5591 309 5660 luga
349 5594 503 5643 boum
549 5590 770 5654 quinque
816 5587 936 5655 quid
978 5582 1277 5652 signiﬁcent.
1328 5579 1543 5634 lecsti
1588 5579 1769 5647 gratia:

164 5684 304 5797 buEg)
322 5690 393 5732 De
416 5680 493 5727 bis
516 5691 682 5739 supra,
707 5674 799 5724 col.
826 5672 1053 5730 613-626,
1074 5672 1296 5719 Admonil.
1316 5671 1361 5718 in
1379 5682 1526 5719 scrm.
1553 5669 1615 5717 de
1638 5675 1762 5731 Sym-

1876 5517 1927 5560 et
1960 5506 2218 5574 spirituali
2254 5506 2449 5581 pluvia-
2484 5503 2861 5581 praeparandus
2903 5513 3145 5581 estﬁager
3185 5505 3459 5581 Ecclesia),

1879 5573 2004 5645 quia
2044 5577 2209 5630 imber
2235 5576 2444 5629 divinus
2483 5573 2532 5629 iu
2577 5575 2817 5643 proximo
2857 5584 2955 5627 est.
2984 5573 3296 5642 Operemur,
3327 5573 3461 5627 dile-

1929 5666 1999 5725 (b)
2032 5668 2102 5713 sic
2144 5666 2387 5727 appellant
2414 5668 2561 5727 etiam
2593 5673 2791 5713 veteres
2818 5662 2923 5727 libri
2943 5698 2962 5727 _,
3004 5666 3084 5725 qui
3110 5672 3271 5713 tamen
3294 5665 3342 5711 in
3360 5662 3461 5722 ﬁne

1862 5723 2137 5790 subjiciunt,
2165 5723 2367 5790 mare
2392 5728 2451 5779 de
2477 5726 2645 5777 ultima
2666 5732 2837 5786 quarta
2855 5723 2996 5781 feria.
