3904 6362
201 291 278 348 689
1313 281 1538 338 SERMO
1578 281 1663 334 DE
1701 279 1980 346 QUARTA
2021 281 2245 338 FERIA.

200 402 250 454 de
268 411 392 453 terra.
419 393 486 449 Et
512 411 676 459 nunc,
706 394 784 447 ait
810 391 1080 453 Dominus,
1110 391 1402 444 maledictus
1431 401 1482 442 tu
1507 407 1536 442 a
1565 401 1728 443 terra:

203 485 307 534 non,
330 465 595 521 maledicta
625 475 772 518 terra
798 505 814 525 ,
846 463 956 527 sed,
986 461 1280 534 maledictus
1309 470 1361 512 tu
1388 469 1594 534 autcrra,
1622 475 1734 534 qua:

201 529 353 609 accepit
372 537 667 609 sanguinem
699 535 872 604 fratris
901 534 973 584 tui
1001 531 1062 583 de
1076 538 1240 609 manu
1269 540 1352 582 tua
1379 529 1529 609 (Gen:
1560 545 1636 594 tv,
1669 531 1730 583 i-

203 601 548 681 ll).'Agn05ce
569 601 708 681 jam,
738 614 898 664 terra,
931 601 1178 670 quoniam
1207 601 1463 681 sanguine
1488 601 1654 680 rigata
1675 615 1733 653 es

201 671 449 733 innocentis
469 716 487 739 ,
525 671 792 728 convince
832 686 1014 725 vocem
1055 672 1295 740 negantis
1320 711 1334 732 ,
1365 671 1588 740 Suscipe
1613 685 1734 722 san-

229 749 365 802 niuem
403 738 729 800 confitentis.
779 738 1178 810 lnlerrogentur
1215 750 1269 793 et
1315 755 1454 792 nunc
1484 738 1656 810 iludas
1682 747 1735 793 et

229 764 365 802 ument
403 764 729 800 conmettus.
779 764 1178 810 ltttcrrugclltur
1215 764 1269 793 CI.
1315 764 1454 792 Itum:
1491 764 1656 792 Juuzts
1682 764 1733 793 ut.

203 764 354 880 indui,
372 817 477 869 imo
505 817 556 866 in
579 814 715 868 Juda
738 827 925 866 omnes
943 810 1132 865 Judwi.
1166 809 1459 880 Interroget
1482 809 1733 880 Dominus

212 878 358 941 ludant
383 895 433 940 et
472 885 617 938 dicat
658 885 708 937 ei
757 901 769 935 :
810 881 943 935 Juda
969 922 983 942 ,
1026 880 1112 934 ubi
1153 889 1241 951 est
1267 879 1531 951 (Christus
1572 878 1734 951 frater

211 958 335 1011 tuus?
368 959 441 1008 An
487 956 625 1007 forte
673 953 913 1006 dicturus
959 967 1055 1010 es.
1103 949 1314 1003 o‘male
1361 950 1556 1012 frater,
1590 949 1733 1016 quod

208 1028 403 1080 Christus
428 1035 545 1077 tuus
576 1039 684 1076 non
709 1022 806 1075 fuit
834 1021 1030 1074 frater?
1060 1019 1353 1074 Convincat
1381 1031 1430 1072 te
1455 1019 1602 1086 prius
1622 1019 1734 1084 ipse

210 1098 413 1149 Dominus
423 1093 565 1162 quod
581 1105 702 1146 tuus
716 1091 870 1162 fuerit
887 1090 1066 1162 frater.
1087 1089 1362 1153 Dicnobis,
1381 1089 1598 1162 Quinine
1610 1087 1735 1162 {esu

207 1167 370 1219 Christe
393 1207 405 1227 ,
440 1158 614 1217 utrum
643 1162 809 1216 ludas
849 1161 1003 1214 fuerit
1041 1161 1200 1213 frater
1231 1169 1369 1209 tuus.
1403 1158 1728 1226 ltespondet,

210 1235 260 1290 Et
279 1237 315 1289 si
338 1235 423 1287 fuit
445 1275 460 1296 ,
497 1235 593 1286 fuit
624 1251 638 1286 :
681 1248 786 1285 non
828 1232 968 1285 enim
997 1239 1078 1282 est
1104 1229 1243 1297 quod
1295 1229 1430 1294 fuit,
1460 1238 1514 1281 et
1541 1229 1584 1282 si
1615 1228 1736 1292 fuit,

207 1306 309 1359 fuit:
345 1319 440 1372 ego
479 1305 627 1358 enim
670 1302 992 1370 generaliter
1027 1299 1094 1352 de
1137 1298 1384 1372 omnibus
1433 1299 1571 1372 Patri
1599 1314 1736 1372 _meo

205 1375 318 1438 diti,
364 1367 695 1426 Hnnuntiaba
725 1387 905 1424 nomen
943 1380 1081 1422 tuum
1109 1369 1350 1437 fratribus
1394 1369 1516 1421 meis
1545 1367 1731 1438 (Psaf.

206 1458 305 1506 In,
327 1445 390 1499 25
413 1445 450 1510 ).
498 1444 666 1502 Ecce.
697 1441 830 1510 Juda
849 1481 864 1502 ,
911 1441 1184 1510 convictus
1211 1453 1272 1510 es
1298 1438 1454 1510 Aquod
1493 1439 1737 1510 Christus

197 1511 321 1569 fuerit
345 1507 504 1567 frater
531 1523 676 1566 tuus.
705 1509 808 1565 Ubi
831 1519 901 1563 est
931 1509 1086 1578 frater
1104 1519 1218 1578 tuus
1243 1509 1270 1560 ?
1295 1507 1732 1578 Responde,dic,

195 1594 398 1654 sequere,
428 1585 514 1636 dic
544 1581 688 1654 quod
729 1576 944 1654 dixitdet
969 1580 1093 1654 ille,_
1111 1576 1314 1631 Nescio.
1355 1577 1617 1654 p’umquid
1646 1594 1736 1645 eqo

192 1648 279 1706 snit
301 1664 458 1707 custos
487 1648 666 1709 fratris
697 1651 796 1704 mei
819 1651 845 1704 Ρ
872 1649 985 1704 Non
1008 1648 1149 1701 enim
1188 1659 1240 1700 et
1267 1657 1319 1700 tu
1352 1648 1492 1701 fuisti
1519 1657 1697 1701 custos
1718 1689 1732 1709 ,

191 1726 256 1794 qui
288 1734 338 1778 et
375 1715 616 1792 proditor
645 1721 819 1794 factus
847 1736 908 1794 es
933 1725 986 1772 et
1009 1718 1270 1794 venditor.
1306 1717 1398 1770 Dic
1423 1758 1438 1782 ,
1476 1715 1738 1794 filumqaid

186 1786 274 1847 iam
306 1786 469 1846 custos
508 1793 687 1862 fratris
723 1790 864 1862 mei?
891 1798 946 1842 ut
974 1788 1360 1862 respondeatur
1379 1798 1431 1840 et
1451 1786 1587 1862 tibi,
1629 1786 1738 1862 Vos:

179 1865 422 1943 sanguinis
446 1857 624 1943 frdtris
655 1863 726 1914 tui
758 1859 1035 1943 clamatum!
1063 1875 1141 1911 me
1160 1859 1225 1939 de
1247 1867 1400 1943 terra.
1441 1857 1735 1943 Qulid‘cnim

174 1926 294 1989 dicit
317 1926 492 1988 clunis
513 1932 674 1984 homo
706 1941 844 1984 terra
871 1930 894 1982 ?
922 1927 1124 1980 Primus
1145 1928 1284 1981 enim
1313 1926 1460 1981 homo
1497 1929 1558 1980 de
1582 1937 1734 1983 terra.

171 2015 394 2058 terram
423 2020 439 2065 ;
462 2013 520 2056 et
543 2043 557 2061 ,
586 2001 762 2064 Qualis
801 2010 1024 2053 terrenus
1049 2039 1063 2060 ,
1093 1999 1219 2051 talus
1247 2005 1292 2050 ct
1317 1997 1498 2050 terreni
1537 1997 1590 2067 (Ι
1618 1997 1735 2051 Cor.

176 2088 250 2126 xv
277 2114 293 2136 ,
316 2074 378 2126 Π
400 2082 447 2125 et
477 2070 599 2140 48).
627 2072 751 2137 Quid
782 2071 911 2122 dicit
935 2069 1110 2140 onmis
1134 2069 1324 2140 homo
1349 2077 1515 2140 terra,
1529 2067 1742 2140 quando

171 2143 372 2211 wsipit
411 2137 709 2210 sanguinem
746 2140 941 2211 Christi
968 2139 991 2190 ‘i
1015 2142 1180 2191 Amen
1227 2137 1371 2211 dicit.
1400 2137 1558 2211 Quid
1613 2148 1696 2192 est
1721 2177 1736 2202 ,

176 2207 351 2266 Amen
377 2213 401 2263 ?
431 2207 622 2264 Verum
650 2221 739 2264 est.
767 2210 901 2274 Quid
934 2217 1018 2262 est
1044 2223 1221 2260 verum
1253 2208 1276 2259 ’ἔ
1314 2207 1444 2271 Quia
1477 2207 1626 2262 fusus
1653 2216 1735 2261 est

174 2283 394 2352 sanguis
421 2281 637 2352 Christi.
668 2284 777 2352 Quo
819 2279 1042 2332 faciente
1083 2279 1105 2352 ξ
1155 2279 1422 2352 Discipulo
1445 2277 1582 2352 _.lu_da
1616 2287 1738 2331 tra-

162 2347 352 2408 denfe.
381 2353 552 2406 Amen
577 2351 817 2412 dicendo,
847 2365 1031 2403 verum
1053 2347 1330 2404 clamando
1355 2348 1482 2400 dicit
1513 2348 1611 2400 hoc
1633 2363 1742 2400 om-

158 2425 242 2477 nis
289 2424 457 2475 homo
505 2432 667 2475 terra.
716 2421 889 2482 Ecce,
932 2419 1064 2474 Juda
1089 2460 1104 2482 ,
1137 2434 1232 2470 vos:
1269 2418 1529 2488 sanguinis
1566 2419 1738 2488 fratris

159 2494 234 2545 tui
262 2494 456 2546 clamat
481 2492 554 2544 ad
582 2507 661 2546 me
688 2490 751 2544 de
776 2500 928 2543 terra.
959 2489 1303 2544 Probavimus
1331 2488 1453 2558 quia
1481 2487 1595 2558 ejus
1620 2503 1742 2543 san-

154 2564 314 2633 guine
334 2563 553 2633 rigaris2

222 2627 452 2688 CAPUT
483 2631 576 2686 ιν.
593 2663 668 2672 -
692 2632 745 2687 5.
780 2631 999 2702 Sanguis
1021 2627 1207 2702 Christi
1229 2629 1479 2702 quqmodo
1498 2629 1738 2702 accipien-

157 2705 270 2757 dus.
291 2703 612 2770 Stephanus,
648 2696 948 2772 Cyprianus,
967 2696 1286 2772 Laurentius,
1300 2697 1567 2772 Perpetua
1583 2696 1627 2752 et
1649 2696 1743 2753 Fe-

159 2773 384 2828 licitasN
397 2774 679 2838 ide,tcrra,
693 2770 964 2840 quomodo
987 2772 1216 2839 accipias
1233 2771 1371 2840 hunc
1387 2770 1694 2840 sanguinem
1721 2788 1734 2824 :

162 2845 284 2911 quia
301 2844 386 2913 qui
407 2859 536 2896 eum
565 2844 701 2897 betm
717 2839 940 2913 accipit,
965 2839 1591 2913 accipitbenedictionem
1613 2840 1742 2913 ,qui

164 2909 289 2967 vero
314 2909 434 2968 eum
460 2913 605 2968 male
619 2909 1101 2980 accipit,’judicium
1120 2909 1218 2980 sibi
1247 2909 1474 2980 bibendo
1493 2912 1742 2979 acquirit.

166 2985 272 3038 Hoc
295 2985 580 3053 figuratum
618 2993 704 3038 est.
729 2978 786 3037 et
819 2978 872 3035 in
902 2981 991 3036 illo
1012 2978 1314 3053 agt-eludat
1337 3021 1352 3045 ,
1393 2979 1461 3034 de
1501 2978 1607 3049 quo
1657 2980 1741 3053 di-

164 3065 304 3108 ctum
329 3051 408 3108 est
434 3052 578 3123 quod
605 3063 752 3123 esset
776 3067 900 3120 ager
919 3051 1186 3123 sanguinis
1206 3053 1470 3123 :Isecutum
1495 3060 1577 3123 est
1601 3051 1740 3123 enim

169 3134 230 3176 nt
263 3120 523 3178 diceretur
546 3165 562 3184 ,
591 3122 718 3176 Fiat
747 3122 868 3176 uilla
891 3123 999 3192 ejus
1023 3122 1218 3192 deserta
1245 3120 1398 3192 (Ach
1427 3136 1476 3192 ι,
1507 3121 1578 3192 20
1598 3127 1634 3187 >.
1685 3120 1742 3192 Si

172 3194 318 3246 enim
355 3195 420 3246 ad
459 3194 654 3248 ludam
687 3190 923 3261 pertines
942 3231 958 3255 ,
1003 3191 1047 3246 si
1088 3193 1222 3245 facta
1245 3190 1360 3260 ejus
1388 3190 1650 3256 imitaris,
1695 3190 1739 3244 si

172 3266 472 3333 sanguinem
498 3263 699 3319 Christi
732 3279 835 3316 non
875 3277 995 3316 cum
1019 3262 1230 3333 timore
1257 3269 1311 3314 et
1341 3269 1580 3333 tremore
1605 3261 1746 3314 acci-

167 3337 251 3402 pis
271 3329 294 3398 Ξ
313 3335 420 3388 eris
445 3336 568 3387 villa
595 3335 829 3399 deserta,
859 3331 1158 3396 maledicta,
1181 3329 1405 3398 reproba
1425 3339 1480 3384 et
1505 3331 1738 3400 spinosa.

164 3405 222 3457 Si
248 3414 428 3458 autem
456 3405 771 3474 sanguinem
803 3403 998 3474 Christi
1032 3411 1134 3456 tota
1147 3402 1593 3474 cumreverentia
1625 3416 1748 3468 per-

167 3475 332 3542 cipis,
359 3471 649 3545 cognosces
688 3489 782 3542 per
803 3473 949 3527 illum
993 3481 1080 3526 tua
1123 3471 1214 3545 tibi
1263 3471 1454 3545 dimitti
1483 3480 1741 3545 peccata,

176 3540 579 3612 quoniam'ager
606 3540 702 3598 ille
722 3559 880 3612 quem
907 3542 1232 3612 comparavit
1259 3540 1423 3596 ludas
1441 3583 1456 3607 ,
1485 3541 1626 3612 figuli
1654 3541 1740 3594 di-

171 3624 300 3666 ctus
328 3624 414 3667 est
441 3631 454 3665 :
485 3611 636 3667 Habet
664 3611 955 3682 potestatem
981 3613 1166 3681 ﬁgulus
1204 3611 1392 3675 luti,“
1427 3611 1598 3682 eadem
1625 3627 1746 3664 con-

169 3685 444 3751 sparsim
467 3685 598 3737 aliud
624 3679 828 3751 quidem
852 3698 936 3735 vas
965 3679 1128 3749 facere
1150 3683 1202 3734 in
1228 3682 1496 3744 honorem,
1519 3679 1662 3733 aliud
1690 3681 1744 3735 in

168 3755 526 3807 contumeliam
545 3754 565 3824 (
584 3753 733 3806 Rom.
767 3769 841 3819 ιι,
869 3754 931 3807 21
953 3753 997 3822 ).
1021 3751 1229 3824 Οίιειτιι
1261 3759 1410 3824 tanto
1429 3751 1591 3824 rigata
1611 3766 1752 3824 _san«

207 3824 367 3890 nine,
414 3820 674 3893 responde
703 3834 851 3879 tntth
893 3820 1176 3893 sanguini,
1227 3836 1328 3876 non
1368 3821 1504 3893 sicut
1531 3820 1661 3874 Cain
1691 3831 1745 3874 et

170 3839 367 3946 gntae,
414 3839 674 3893 responde
703 3839 851 3879 tanto
893 3839 1136 3892 sangunu
1161 3863 1176 3885 ,
1227 3839 1328 3876 non
1368 3839 1504 3874 SICUI.
1531 3839 1661 3874 bam
1691 3839 1744 3874 et

206 3893 336 3947 udas
366 3895 521 3948 verba
550 3893 909 3948 excusationis
931 3933 946 3956 ,
993 3892 1087 3947 sed
1113 3893 1250 3946 sicut
1280 3891 1449 3944 sancti
1481 3900 1744 3958 martyres

69 4023 82 4040 .
176 3964 340 4040 verba
361 3964 742 4040 confessienis._
777 3963 1058 4040 ReSponde
1087 3963 1222 4040 sicut
1261 3960 1534 4040 reSpendit
1560 3960 1748 4040 beatus

177 4031 471 4102 Stephanus
493 4075 508 4098 ,
537 4034 627 4103 qui
648 4035 700 4086 in
729 4033 832 4087 isto
857 4031 984 4101 agro
1012 4031 1278 4103 dominico
1321 4041 1377 4084 ut
1404 4031 1574 4103 bonus
1601 4031 1748 4084 colo-

179 4100 288 4153 nus‘
318 4100 598 4171 plurimum
637 4100 927 4157 laborando
965 4117 1102 4172 genu
1132 4101 1246 4156 fixit
1271 4141 1295 4172 ,γ
1317 4111 1478 4170 atque
1511 4100 1578 4153 de
1605 4109 1743 4155 terra

177 4181 390 4238 petrosa
427 4175 732 4228 vulneratus
758 4213 776 4238 ,
821 4188 886 4228 ex
927 4171 990 4226 ea
1039 4172 1239 4241 lapides
1285 4171 1335 4224 in
1377 4186 1477 4241 suo
1519 4185 1744 4238 corpore

181 4249 427 4311 tanquam
457 4245 506 4298 in
535 4245 655 4298 sinu
699 4259 797 4298 suo
823 4243 1033 4312 collegit
1051 4257 1076 4312 7;
1094 4239 1162 4296 ἐι
1188 4239 1508 4312 sudando‘in
1536 4255 1698 4308 opere
1723 4279 1739 4304 ,

185 4309 376 4366 terram
400 4322 578 4371 sancto
601 4314 858 4383 sanguine
879 4309 1098 4382 rigando
1117 4321 1400 4383 centenum
1429 4309 1654 4383 fructum
1678 4326 1743 4363 ex

186 4385 434 4453 martyrio
478 4380 724 4438 Domino'
757 4380 1110 4451 praesentavit.
1157 4380 1438 4450 Responde
1479 4381 1615 4453 sicut
1655 4395 1743 4453 re-_

184 4450 393 4518 spondit
409 4455 718 4525 Cyprianus,
745 4450 1081 4517 Laurentius,
1096 4453 1379 4520 czeterique
1403 4450 1570 4525 sancti
1596 4450 1744 4525 pueri

189 4530 240 4574 et
266 4519 633 4590 puella—tetas
665 4525 838 4577 omnis
862 4533 917 4578 et
943 4531 1163 4591 uterque
1205 4537 1369 4575 sexus
1393 4561 1409 4586 ,
1458 4519 1548 4591 qui
1574 4520 1746 4589 perci-

186 4592 386 4658 pientes
423 4596 731 4664 sanguinem
771 4594 1000 4659 Christi,
1053 4593 1412 4647 testimonium
1459 4591 1699 4664 dicentes
1725 4630 1740 4655 ,

188 4672 248 4733 et
265 4679 373 4717 non
396 4661 641 4733 negantes
670 4679 865 4718 nomen
890 4665 1084 4718 Christi
1109 4703 1124 4724 ,
1167 4678 1264 4730 pro
1302 4661 1557 4733 sanguine
1585 4675 1743 4729 quem

189 4730 442 4804 biberunt,
462 4730 774 4804 sanguinem
801 4749 954 4787 suum
979 4733 1197 4804 fundere
1225 4748 1327 4804 non
1349 4731 1740 4794 dubitaverunt,

192 4800 440 4873 simulque
467 4800 588 4859 cuni
618 4805 877 4871 Perpetua
905 4812 962 4858 et
986 4802 1258 4873 Felicuate
1281 4801 1339 4873 (in
1371 4810 1629 4873 aaternum
1669 4815 1746 4854 re-

191 4871 696 4936 mare‘merueruut.
728 4873 840 4928 Hoc
884 4875 934 4926 in
976 4871 1290 4941 Apocalypsi
1333 4871 1602 4941 revelante
1645 4884 1743 4922 an-

188 4941 302 5005 gelo
324 4983 342 5007 ,
368 4944 592 4998 Joannes
629 4943 759 4998 vidit
789 4943 980 4996 turbam
1006 4939 1215 4994 multum
1251 4957 1400 5009 quam
1430 4939 1746 4992 dinumerare

188 5025 325 5064 nemo
351 5025 555 5083 poterat.
586 5014 732 5067 lianc
756 5015 1030 5083 requirens
1059 5027 1301 5080 quzcnam
1324 5018 1492 5083 esset,
1522 5024 1741 5083 respon-

183 5093 295 5134 sum
329 5079 426 5138 tale
455 5084 664 5154 accepit
702 5100 715 5135 :
749 5079 988 5145 lii-sunt,
1014 5079 1221 5154 dictum
1261 5089 1376 5154 est,
1409 5079 1493 5147 qui
1513 5079 1745 5154 faverunt

179 5154 332 5222 stolas
363 5171 510 5218 suas,
541 5147 855 5206 et'candidas
880 5170 964 5206 eos
996 5153 1220 5222 fecerunt
1253 5151 1307 5204 in
1346 5149 1588 5220 sanguine
1612 5147 1744 5219 Αθηὶ

206 5221 365 5286 Apoc.
395 5240 503 5286 vn,
531 5224 586 5286 9,
616 5223 742 5286 14).

174 5220 365 5346 (Agat.
395 5240 503 5288 vn,
531 5224 586 5286 9,
616 5223 742 5291 M).
878 5293 890 5302 .
998 5220 1004 5222 ⁷
1168 5291 1176 5297 _
1379 5289 1388 5298 .
1445 5289 1455 5300 .

283 5295 411 5349 APU
422 5295 464 5348 Τ
497 5295 558 5347 Υ.
588 5323 663 5334 ——
692 5295 744 5346 6.
792 5293 973 5345 Anima
999 5307 1243 5360 sanguine
1271 5289 1453 5360 Christi
1482 5287 1744 5342 dea/batur

162 5372 209 5414 ct
237 5365 528 5418 decoratur.
584 5361 814 5418 Christus
867 5365 918 5415 in
970 5359 1200 5430 passione
1235 5378 1266 5413 a
1315 5359 1467 5430 Petro
1509 5368 1742 5430 negatus.

158 5431 276 5486 Jan:
306 5435 559 5506 agnoscis
581 5474 597 5498 ,
629 5436 806 5506 anima
839 5428 1135 5506 ebristiana
1156 5471 1171 5495 ,
1213 5428 1654 5506 quemadmodum
1693 5437 1748 5482 et

158 5514 214 5556 tu
239 5521 308 5560 ex
341 5498 452 5559 illo
493 5504 758 5573 sanguine
779 5501 1046 5573 efficiaris
1095 5500 1313 5573 candida
1338 5511 1439 5573 ,_ut
1477 5498 1671 5573 annvis
1695 5506 1748 5573 et

151 5589 384 5643 corpore
414 5585 469 5629 et
497 5566 665 5629 corde
704 5570 1218 5643 pulchraﬂaseendas
1257 5569 1324 5623 de
1367 5567 1510 5643 tonde
1548 5566 1745 5643 Christi

143 5637 471 5702 consecrata
518 5646 572 5697 in
616 5637 894 5710 sanguine.
925 5639 1058 5705 Quid
1099 5639 1236 5692 enim
1284 5637 1514 5710 manavit
1549 5651 1624 5710 ex_
1654 5637 1748 5691 illo

138 5717 331 5775 fatere.
347 5714 643 5774 cruciﬁxi?
667 5705 894 5782 Sanguis
915 5719 968 5767 et
986 5723 1120 5780 aqua
1143 5727 1156 5765 :
1180 5724 1243 5766 cx
1273 5707 1524 5780 sanguine
1546 5705 1740 5778 rubor,

3294 279 3399 336 690

1839 406 1903 444 ex
1932 405 2065 462 aqua
2088 391 2354 460 Splendor.
2383 391 2436 446 In
2477 393 2591 448 istis
2631 393 2834 450 duobus
2877 400 3220 456 sacramentis
3245 399 3407 458 deco-
3469 427 3472 430 λ

1841 470 2024 540 rantur
2059 463 2279 530 singula:
2315 464 2542 540 animm,
2582 481 2644 518 ex
2689 467 2881 540 quibus
2918 483 3021 540 una
3039 469 3152 540 Ailla
3191 472 3408 540 pulchra

1839 531 2068 585 efficitur
2093 547 2282 600 Sponsa
2315 534 2546 586 ECl'lUSiﬂ
2573 575 2586 596 ,
2619 531 2920 590 cni'dicitur
2948 539 2999 592 in
3027 531 3244 596 Cantico
3271 543 3403 596 ean—

1841 602 2062 655 ticorum
2093 620 2104 653 :
2137 602 2300 676 Quam
2320 605 2540 672 speciosa
2570 622 2620 658 es
2643 645 2658 669 ,
2697 623 2839 658 soror
2864 623 2974 660 mea
2997 649 3011 671 ,
3049 609 3230 663 dilecta
3263 628 3408 676 mea,

1837 672 2265 751 quantospeeiosw
2308 683 2422 751 sunt
2463 689 2603 751 gena:
2637 685 2736 751 tua:
2813 676 2959 729 Cant.
2987 693 3057 742 tv,
3092 681 3114 734 1
3146 721 3162 745 ,
3190 682 3223 735 5
3244 681 3294 751 )!
3345 672 3412 736 Et.

1838 756 1958 794 cum
1999 741 2111 818 ipse
2151 757 2266 818 eam
2311 741 2480 818 talenti
2516 743 2733 818 fecerit,
2767 741 3409 818 ipsamquepulchritudi-

1839 826 1959 864 nem
1988 813 2034 864 ei
2055 814 2176 888 ipse
2203 810 2513 888 donaverit,
2542 814 2727 867 videns
2750 810 2866 868 eam
2891 810 3226 888 talem'quasi
3253 823 3412 875 mira-

1839 887 1924 955 tus
1954 881 2215 936 exclamat
2237 922 2250 943 ,
2272 892 2436 955 atque
2460 883 2860 955 circumstantes
2890 881 3217 955 interrogans
3241 890 3369 944 dicit
3393 911 3408 944 :

1842 950 2088 1020 Quianam
2139 961 2210 1004 est
2261 950 2366 1005 haec
2407 968 2520 1020 quae
2564 954 2790 1007 ascendit
2838 950 3116 1011 dealbata?
3164 958 3231 1012 Et
3282 962 3408 1014 illi:

1841 1019 2278 1097 Equitasdilcx‘it
2321 1031 2367 1097 te
2397 1019 2524 1097 (ςιά.
2550 1039 2662 1097 vnt,
2690 1026 2786 1097 5A).
2819 1024 2934 1094 Ipsa
2977 1035 3059 1080 est
3095 1029 3268 1096 regina
3292 1047 3412 1097 qua:

1839 1092 1993 1142 astitit
2021 1108 2051 1142 a
2070 1093 2257 1161 dextris
2284 1093 2380 1146 tuis
2407 1092 2456 1146 in
2499 1095 2673 1147 vestitu
2711 1092 2954 1148 deaurato
2978 1138 2994 1161 ,
3037 1092 3413 1152 circumamicta

1839 1162 2072 1234 uarietate
2119 1159 2307 1234 (Psal.
2356 1178 2500 1224 xuv,
2553 1163 2682 1233 10),
2733 1159 3025 1234 linguarum
3078 1166 3412 1224 diversarum

1842 1230 2079 1304 gentium
2091 1230 2653 1304 Avarietate‘dueorataL
2685 1230 2916 1288 Audiens
2959 1235 3072 1290 lucc
3107 1240 3284 1304 Sponsi
3329 1241 3410 1292 sui

1843 1317 2022 1372 vocem
2050 1300 2312 1372 dicentis,
2344 1302 2588 1368 Quaenam
2614 1315 2685 1356 est
2729 1305 2834 1357 lucc
2863 1321 2976 1372 qute
3006 1300 3234 1360 ascendit
3272 1310 3414 1362 deal-

1841 1369 1954 1446 buta
1975 1371 2000 1422 .9
2031 1371 2327 1424 verecunde
2365 1374 2524 1446 etiam
2563 1374 2672 1446 ipsa
2718 1369 3038 1444 respondere
3087 1379 3292 1446 cogitur
3313 1419 3329 1444 ,
3361 1390 3416 1434 et

1841 1441 1968 1492 dicit
1991 1455 2311 1516 suo_spo_nso
2337 1461 2351 1496 :
2379 1443 2450 1516 [λιι
2478 1458 2562 1496 Ine
2584 1441 2878 1512 interrogas
2895 1461 3137 1516 qmcnatn
3155 1441 3266 1502 'sim
3293 1441 3412 1516 qua:

1840 1511 2052 1584 ascendi
2085 1511 2347 1584 dealbata.
2386 1513 2498 1584 Ego
2529 1529 2644 1566 sum
2679 1511 2837 1580 quam
2886 1511 3079 1570 foedam
3125 1511 3365 1572 invenisti
3392 1561 3408 1584 ,

1841 1579 2233 1654 pulchramque
2253 1580 2421 1654 fecisti
2438 1579 2462 1632 *ε
2492 1598 2590 1651 ego
2614 1579 2728 1636 sum
2766 1585 2916 1654 cujus
2956 1601 3140 1653 preces
3175 1589 3366 1643 audisti

1840 1651 2052 1717 quando
2091 1667 2174 1723 nte
2222 1651 2273 1704 in
2295 1652 2524 1723 _l’sa|tno
2569 1662 2784 1723 cantare
2819 1651 3024 1718 fecisti,
3057 1655 3269 1711 Lauabis
3294 1651 3411 1723 me,

1840 1729 1885 1772 et
1913 1735 2064 1798 super
2089 1721 2248 1798 niuem
2270 1721 2536 1798 dealbubor
2563 1721 2582 1792 (
2609 1721 2751 1777 Psal.
2783 1739 2813 1777 ι.
2837 1765 2850 1787 ,
2874 1723 2969 1797 9
2997 1725 3132 1798 Quid
3163 1743 3288 1798 ergo
3315 1721 3417 1783 mi;

1841 1791 1978 1843 raris
2024 1789 2467 1858 pulchritudinem
2513 1789 2720 1854 meam,
2771 1808 2889 1848 cum
2928 1789 3070 1849 scias
3114 1789 3252 1854 hanc
3293 1813 3414 1854 esse

1841 1874 2002 1932 Opera
2033 1870 2118 1932 tua
2141 1859 2164 1912 ?
2187 1860 2320 1928 Quid
2355 1863 2649 1928 interrogas
2683 1863 2821 1931 quod
2865 1863 2977 1932 ipse
3020 1865 3226 1920 fecisti?
3253 1868 3414 1926 Vides

1843 1945 1928 2002 me
1953 1929 2246 2002 dealbatam
2272 1972 2284 1993 ,
2333 1942 2385 1984 tu
2429 1932 2588 1985 lotam
2630 1929 2789 2002 super
2827 1929 2998 1988 nivem
3036 1935 3202 1990 fecisti
3228 1939 3414 1992 candi-

1841 1998 1982 2074 dam.
2015 1999 2080 2074 Ut
2111 1999 2286 2054 videas
2317 2017 2400 2055 me
2423 1998 2796 2074 ascendentem
2821 2045 2836 2068 ,
2867 2014 2915 2058 te
2941 2009 3161 2074 cognovi
3188 2007 3254 2060 de
3276 2009 3416 2064 caelo

1843 2069 2250 2142 descendentem
2276 2112 2290 2133 ,
2325 2081 2375 2125 te
2401 2073 2570 2126 amavi
2601 2072 2650 2126 in
2678 2088 2835 2128 cruce
2859 2069 3195 2142 pendentem.
3228 2077 3414 2131 llumi-

1843 2138 1962 2192 litas
1989 2148 2075 2192 tua
2108 2142 2240 2193 facta
2269 2151 2350 2194 est
2371 2142 2619 2196 exultatio
2641 2158 2755 2198 mea
2783 2185 2798 2209 ,
2827 2138 3034 2198 [ἀιδίως
3061 2155 3144 2199 tua
3175 2147 3305 2200 facta
3331 2159 3416 2202 est

1843 2209 2180 2278 pulchritudo
2211 2227 2344 2266 mea.
2390 2212 2494 2268 Nisi
2537 2215 2676 2266 enim
2719 2223 2774 2267 tu
2812 2214 2879 2269 de
2921 2231 3079 2270 cruce
3111 2217 3416 2272 vulneratus

1842 2279 2194 2350 descenderes
2214 2323 2228 2345 ,
2257 2297 2354 2350 ego
2379 2282 2620 2336 dealbata
2646 2284 2713 2338 de
2741 2284 2882 2339 fonte
2911 2303 3012 2338 non
3043 2288 3410 2341 ascenderem.

1847 2348 1982 2420 Vere
2010 2350 2205 2403 dictum
2245 2348 2327 2405 est
2369 2355 2486 2420 quia
2533 2353 2701 2406 valida
2747 2365 2816 2408 est
2868 2357 2991 2409 sicut
3038 2373 3171 2411 mors
3215 2358 3416 2411 dilectio

1845 2419 1864 2489 (
1889 2418 2036 2493 Cant.
2064 2436 2151 2474 vtn
2173 2462 2188 2486 ,
2213 2420 2302 2491 6).
2331 2418 2636 2493 Quousque
2665 2438 2722 2478 se
2747 2439 2971 2490 sponsus
2999 2425 3080 2479 hie
3109 2428 3412 2493 inclinavit,

1842 2490 1932 2558 qui
1963 2498 2166 2563 tantum
2200 2493 2427 2546 amando
2453 2490 2644 2547 findant
2674 2503 2730 2548 nt
2757 2494 2954 2548 faceret
2986 2497 3292 2563 pulchram,
3327 2490 3416 2551 nsi-

1844 2573 1946 2628 que
1980 2560 2060 2635 _ad
2110 2563 2312 2635 mortis
2345 2563 2544 2635 esitum
2583 2565 2764 2635 venit?
2805 2565 2875 2635 Et
2920 2560 3165 2632 Domini,
3208 2560 3412 2635 inquit,

1843 2631 2016 2704 mortis
2041 2631 2202 2704 cantus
2228 2633 2246 2702 (
2274 2631 2418 2687 Psaf.
2451 2649 2587 2704 vatt
2614 2675 2628 2697 ,
2663 2634 2727 2688 ‘21
2758 2635 2796 2704 ).
2837 2633 3064 2689 Vidimus
3089 2631 3229 2690 enim
3259 2631 3372 2690 cunt
3398 2631 3414 2703 ,

1844 2700 1918 2774 ait
1948 2701 2200 2774 propheta
2227 2700 2445 2774 {etnon
2475 2703 2679 2757 habebat
2704 2700 2916 2774 speciem
2941 2749 2957 2771 ,
2995 2723 3151 2774 neque
3189 2700 3420 2760 decorent

1850 2770 1868 2842 (
1889 2768 2137 2842 Isai.j.tlt
2161 2811 2177 2836 ,
2196 2775 2231 2826 2
2316 2773 2452 2840 Quid
2475 2775 2715 2828 miraris?
2732 2768 2965 2829 amando
2987 2768 3106 2830 talis
3124 2776 3291 2831 factus
3313 2787 3412 2832 est.

1919 2842 1968 2892 7.
1998 2841 2144 2896 Hanc
2187 2841 2359 2915 tamen
2404 2843 2743 2898 amissionem
2787 2845 2995 2900 decoris
3045 2847 3201 2915 hujus
3247 2848 3420 2902 timuit

1846 2909 2774 2986 Petrus,__q_uandopraenuntiauti
2834 2917 3054 2971 Domino
3115 2909 3414 2986 passionem

1845 2991 1993 3056 suam
2014 3021 2031 3046 ,
2059 2981 2189 3056 dixit
2223 3000 2236 3037 :
2255 2983 2459 3056 _Absit_a
2487 2993 2535 3037 te
2551 2983 2850 3056 ,ﬂDomine;
2889 2981 3136 3056 prapitius
3161 2988 3250 3040 tibi
3275 2998 3377 3041 esto
3400 3030 3415 3050 ,

1847 3067 1909 3124 ne
1932 3052 2021 3119 ﬁat
2054 3052 2227 3124 istud.”
2249 3053 2352 3124 Sed
2394 3054 2480 3107 ille
2517 3055 2638 3108 talia
2681 3052 3336 3124 sapientemincrepavit,
3364 3070 3418 3112 et

1845 3121 2156 3190 Apostolum
2178 3122 2442 3176 diabolum
2465 3127 2665 3178 vocavit
2685 3121 2867 3179 dicens
2890 3143 2902 3180 :
2930 3125 3057 3178 Redi
3086 3121 3216 3180 retro
3241 3169 3254 3190 ,
3283 3139 3421 3181 sata-

1847 3207 1938 3244 nas
1961 3207 1980 3256 ;
2006 3208 2108 3264 non
2133 3194 2261 3264 enim
2286 3195 2435 3264 sapis_
2446 3209 2568 3264 quia
2581 3193 2668 3246 Dei
2694 3204 2844 3264 sunt,
2868 3197 2954 3248 sed
2979 3213 3089 3264 qua:
3112 3205 3224 3249 sunt
3251 3199 3417 3249 homi-

1847 3277 1967 3313 num
1996 3261 2220 3331 (Matth.
2254 3261 2378 3326 xvt,
2409 3261 2480 3316 22
2503 3304 2518 3328 ,
2545 3262 2614 3316 25
2637 3265 2673 3329 ).
2708 3261 3016 3318 Ᾱέειίιιιωνῑι
3049 3266 3188 3318 enim
3230 3266 3419 3320 Petrus

1849 3339 2011 3406 totam
2041 3331 2182 3406 illam
2223 3332 2512 3406 divinitatis
2551 3333 2989 3406 pulchritudinem
3019 3335 3288 3388 absorberi
3318 3351 3417 3406 po-

1849 3401 2013 3474 tuisse
2055 3402 2108 3455 in
2152 3404 2389 3471 corporis
2423 3402 2638 3456 humani
2681 3405 2893 3474 specie,
2933 3413 2986 3457 et
3025 3407 3293 3458 nesciebat
3319 3401 3416 3474 'agi

1847 3469 1984 3543 illud
2001 3469 2659 3543 magttunrsacrantetttttttt
2683 3469 2861 3542 {quod
2892 3485 3162 3543 propterea
3189 3490 3247 3529 se
3273 3469 3418 3529 illam

1847 3540 2293 3613 pulchritudinem
2323 3543 2556 3612 quodam
2593 3540 2753 3597 modo
2789 3540 3110 3613 exspoliaret
3133 3586 3148 3609 ,
3178 3554 3417 3612 utquam

1847 3611 1952 3664 sibi
1987 3611 2356 3683 conjungere
2387 3613 2699 3682 dignabatur
2766 3611 3015 3683 sponsam
3085 3611 3414 3679 Ecclesium,

1848 3680 2308 3754 eamdem'ips'am
2337 3680 2812 3754 pulchritudinem
2850 3685 2961 3754 ipse
3013 3685 3246 3738 vestiret.
3301 3684 3418 3738 Non

1848 3752 1995 3824 enim
2016 3751 2194 3824 dando
2222 3753 2625 3824 perdebatillud
2653 3753 2793 3822 quod
2825 3751 3090 3824 eroganda
3125 3754 3416 3809 crescebat.

1850 3820 1941 3874 llle
1965 3821 2145 3888 dedit,
2175 3820 2288 3877 haec
2313 3823 2546 3890 accepit;
2575 3834 2628 3878 et
2655 3820 2752 3878 ista
2782 3820 2945 3891 quod'
2966 3841 3070 3878 non
3119 3825 3298 3878 habuit
3336 3825 3420 3878 in-

1849 3891 2030 3964 venit,
2071 3902 2125 3946 et
2170 3893 2259 3964 ille
2297 3893 2482 3964 (dando
2524 3892 2663 3962 quod
2706 3894 2852 3948 dedit
2888 3909 2991 3948 non
3035 3895 3250 3962 amisit,
3296 3896 3418 3964 quia

1848 3975 1969 4016 cum
2013 3961 2125 4030 ipsa
2169 3961 2558 4031 pulchritudine
2596 3979 2625 4016 a
2669 3965 2891 4018 mortuis
2928 3961 3242 4019 resurrexit.
3281 3961 3427 4032 Quid

1848 4033 2193 4102 expavescis,
2239 4033 2389 4086 Petre
2413 4073 2427 4096 ,
2467 4035 2615 4100 quasi
2648 4034 2939 4102 perdiderit
2981 4035 3225 4088 Christus
3270 4035 3416 4090 illam

1848 4101 2122 4223 pulchram
2145 4111 2346 4154 vestem
2371 4143 2385 4165 ,
2413 4103 2624 4172 quando
2644 4101 2764 4157 eum
2793 4105 2990 4158 nudum
3022 4103 3334 4160 intend'ebas
3365 4105 3426 4159 in

1869 4171 1991 4223 iuno
2044 4171 2395 4223 uendentem?
2441 4171 2556 4223 Noli
2607 4187 2993 4223 exnavescere.
3039 4175 3146 4223 noli
3198 4175 3416 4223 timere-

1869 4171 1991 4238 igno
2044 4171 2395 4239 pendentem?
2441 4171 2556 4226 Noli
2607 4187 2993 4241 expavescere,
3039 4175 3146 4227 noli
3198 4175 3416 4238 timere,

1848 4241 1955 4312 noli
1989 4256 2182 4312 negare
2208 4259 2222 4312 ς
2257 4243 2486 4294 tunicam
2515 4242 2979 4312 illamdivinitalis
3012 4253 3168 4312 atque
3203 4243 3421 4296 immor—

1849 4310 2069 4363 talitatis
2093 4310 2337 4364 Christus
2367 4327 2468 4364 non
2500 4311 2728 4381 perdidit
2757 4312 2807 4365 in
2842 4325 3032 4374 cruce,
3061 4310 3182 4381 quia
3209 4327 3419 4379 sponsu:

1847 4394 1958 4434 sua:
1987 4395 2103 4433 eam
2130 4381 2457 4450 consignavit
2498 4377 2548 4434 in
2582 4380 2724 4435 dote.
2773 4381 2958 4436 Vidisti
2985 4377 3140 4448 eum,
3165 4397 3196 4434 ο
3229 4377 3426 4444 Petre,

1848 4465 1953 4503 non
1984 4450 2264 4504 habentem
2294 4451 2524 4517 speciem
2556 4466 2724 4519 neque
2753 4451 2999 4507 decorem
3025 4493 3039 4514 ,
3078 4462 3131 4504 et
3167 4451 3421 4506 continuo

1848 4520 2050 4588 negasti
2083 4521 2264 4582 illum,
2298 4535 2454 4588 quem
2483 4522 2729 4574 omnibus
2756 4522 2954 4575 relictis
2984 4521 3086 4574 tuis
3110 4521 3293 4574 amasti
3325 4538 3338 4574 :
3367 4529 3422 4574 et

1851 4606 1956 4642 non
1983 4589 2154 4642 solum
2185 4591 2384 4656 semel,
2426 4590 2518 4645 sed
2559 4599 2704 4644 stans
2753 4591 2804 4644 in
2846 4592 2982 4645 atrio
3023 4591 3314 4646 sacerdotis
3352 4590 3421 4643 ab

1849 4675 1951 4712 una
1992 4659 2181 4712 ancilla
2220 4661 2375 4712 tertio
2416 4661 2758 4729 iuterrogaris
2784 4702 2797 4726 ,
2833 4669 2886 4714 et
2927 4677 3107 4730 negas.
3134 4664 3201 4714 At
3241 4661 3325 4712 ubi
3367 4668 3420 4718 te

1847 4730 1986 4799 gallo
2013 4739 2235 4783 canente
2252 4730 2481 4784 convicit
2501 4741 2935 4799 przcsumplorem
2957 4772 2970 4794 ,
2993 4731 3078 4800 qui
3103 4731 3422 4799 praedixerat

1849 4809 2004 4853 antea
2029 4809 2366 4868 negatorem;
2411 4800 2642 4868 respexit
2680 4812 2731 4854 te
2769 4801 2908 4856 intus
2944 4802 2996 4854 in
3028 4801 3221 4867 corde,
3264 4809 3318 4854 et
3366 4809 3422 4856 ιιι

1846 4884 2027 4923 amare
2049 4867 2206 4924 fleres
2235 4869 2252 4940 (
2278 4867 2362 4922 Id.
2398 4867 2521 4923 xxvi
2545 4911 2560 4933 ,
2585 4871 2749 4940 θῦε-75
2774 4874 2814 4938 ),
2845 4873 2981 4924 intus
3007 4871 3234 4939 quodam
3262 4869 3422 4922 modo

1850 4948 2022 5009 tecum
2061 4940 2216 4993 tacite
2245 4939 2572 5009 loquebatur
2615 4939 2701 4993 illa
2748 4942 2855 5007 ipsa
2899 4941 3012 5009 ejus
3053 4941 3335 5002 divinitas,
3367 4947 3421 4990 et

1847 5008 2057 5062 dicebat
2084 5009 2174 5062 tibi
2201 5027 2213 5060 :
2246 5008 2341 5063 Ubi
2365 5019 2444 5063 est
2468 5051 2488 5074 ,.
2515 5010 2668 5080 l’etre
2691 5051 2707 5074 ,
2738 5011 2799 5064 Si
2827 5008 3050 5080 possides
3078 5014 3295 5063 amicum
3319 5051 3334 5074 ,
3365 5009 3420 5080 in

1849 5080 2122 5133 tentatione
2164 5079 2361 5147 posside
2403 5096 2518 5132 eum
2558 5078 2760 5148 (Eccli.
2791 5077 2842 5134 vi
2863 5121 2877 5144 ,
2907 5081 2938 5132 7
2965 5080 3021 5148 )‘i
3047 5081 3155 5135 ubi
3199 5089 3312 5143 est,
3354 5077 3420 5148 fu

1849 5159 2068 5218 tempore
2093 5149 2426 5202 tribulationis
2451 5149 2588 5203 illius
2619 5167 2851 5218 permane
2879 5151 2954 5203 illi
2966 5147 3139 5217 ﬁdelis
3162 5191 3177 5215 ,
3211 5158 3266 5202 ut
3298 5147 3421 5201 etin

1850 5217 2139 5290 hwreditate
2153 5218 2300 5290 illius
2321 5219 2550 5272 colueres-
2567 5217 2636 5274 sis
2664 5219 2790 5289 (Id.
2818 5235 2925 5274 xxtt
2946 5263 2963 5290 ,
2988 5219 3144 5290 29)?
3184 5218 3380 5290 ubigesl
3405 5256 3420 5290 ε

1848 5286 2004 5342 Pctre
2029 5329 2042 5352 ,
2066 5288 2302 5340 Animam
2320 5305 2479 5342 meam
2505 5306 2596 5356 pro
2624 5283 2681 5342 ιε’
2695 5306 2878 5359 ponam
2901 5293 2915 5359 (
2935 5283 3094 5342 JoanI
3113 5305 3211 5359 χιιι
3232 5329 3247 5354 ,
3275 5287 3346 5359 58
3366 5283 3424 5355 )i

1849 5371 1933 5431 et,
1962 5367 2119 5431 tecum
2143 5359 2395 5431 usquead
2436 5358 2706 5431 mortem_(_
2727 5358 2850 5414 Luc.
2878 5358 2986 5412 xxu
3015 5402 3026 5419 ,
3055 5358 3124 5413 53
3147 5358 3202 5431 )?
3256 5358 3422 5426 Quam

1849 5427 2094 5498 celeriter
2120 5428 2320 5498 negasti
2349 5428 2500 5498 quasi
2529 5427 2797 5498 hominem
2827 5439 3123 5494 mortuum,
3147 5427 3303 5496 quem
3330 5444 3423 5498 adn-

1852 5506 1934 5552 tea
1961 5496 2238 5552 confessUs
2262 5496 2438 5552 fueras
2469 5498 2569 5552 vivi
2613 5499 2704 5554 Dei
2743 5497 2967 5553 Filium!
3017 5499 3293 5552 "necdum
3334 5496 3426 5549 ille

1851 5576 2024 5621 tecum
2066 5567 2116 5620 in
2157 5567 2316 5621 corde
2360 5569 2840 5631 sermocinaretur,
2876 5568 3107 5633 respexit
3134 5567 3380 5620 divinitas
3406 5606 3420 5630 ,

1853 5647 1909 5690 ct
1959 5637 2102 5689 tlevit
2136 5637 2474 5691 humanitas:
2521 5638 2694 5705 agnita
2740 5647 2822 5689 est
2865 5636 3129 5697 dulcedo,
3178 5646 3231 5690 et
3270 5634 3426 5703 periit

1853 5706 2180 5779 amaritudo;
2208 5719 2458 5779 suscepta
2482 5717 2562 5764 cst
2589 5706 2817 5762 Charitas
2841 5745 2854 5772 ,
2899 5715 2949 5761 et
2993 5705 3164 5761 deleta
3199 5715 3280 5762 est
3319 5705 3421 5761 ini—
