3904 6362
479 300 585 358 695

477 413 774 469 inferuntur
801 412 985 468 decem
1030 410 1195 481 plagae
1222 412 1275 465 in
1305 409 1565 481 Egyplo,
1590 419 1644 465 et
1673 410 1964 481 vindcxira
1994 411 2046 481 in

476 486 731 553 populum
759 480 1137 539 contumacem,
1155 482 1349 551 surgit,
1459 497 1521 535 cx
1546 480 1910 553 minutissimis
1930 480 2051 553 aui-

477 550 745 607 inantihus
765 594 779 616 ,
810 553 1141 615 vermiculis,
1175 550 1317 606 ranis
1346 560 1400 605 et
1429 552 1646 605 locustis
1683 550 1860 604 cervix
1889 550 2045 603 cade-

476 630 561 676 ret
586 623 933 692 superborum
963 639 975 674 :
1008 623 1058 676 in
1081 622 1273 691 quibus
1290 621 1453 690 plagis
1474 621 1656 692 ultima
1682 634 1827 674 mors
1847 620 2048 689 primo-

477 690 779 772 genitorum
820 690 1192 772 Egyptier’um
1229 692 1462 772 omnium
1506 690 1639 772 facta
1665 699 1785 772 est,
1829 698 1894 772 ut
1923 704 2049 772 suos

472 759 614 830 juste
642 759 1075 831 perderen't’fqui
1119 762 1321 816 alienos
1367 762 1560 827 injuste
1589 760 1919 831 detinebant.
1954 759 2046 812 Di-

474 829 638 885 mittit
665 833 909 901 populum
935 829 1161 894 Pharao,
1193 847 1297 885 non
1330 832 1618 891 voluntate,
1646 830 1737 884 sed
1763 829 1922 901 nimia
1950 844 2045 881 ne-

474 906 722 955 cessitate
737 899 1081 956 constrictus.
1114 902 1288 969 Pergit
1315 902 1539 969 populus
1565 908 1745 952 erutus
1787 899 1852 953 ad
1899 912 2047 952 mare

473 969 719 1025 Rubrum
764 972 1016 1026 festinans
1041 1013 1054 1034 ,
1085 981 1142 1025 ut
1185 987 1279 1040 per
1320 985 1485 1039 aquas
1522 969 1985 1040 salvatgnturiqui
2016 981 2046 1020 a

475 1042 712 1109 pessimo
740 1042 891 1096 hoste
922 1037 1296 1096 liberabantur.
1325 1037 1631 1109 sequuntur
1658 1037 1911 1109 Egyptii,
1942 1038 2044 1109 im-

474 1108 681 1165 minent
707 1113 900 1180 populo
930 1110 1168 1180 fugienti.
1187 1109 1383 1165 Vident
1407 1124 1565 1177 supra
1588 1123 1644 1162 se
1668 1108 1925 1180 Israelitre
1946 1108 2045 1161 ho-

474 1190 623 1245 stes,
678 1177 733 1235 et
779 1177 1120 1235 inimicorum
1173 1194 1388 1233 suorum
1429 1188 1736 1247 exspectant
1793 1177 2041 1246 gladium.

475 1248 619 1303 Mors
649 1250 701 1303 in
732 1252 931 1317 oculis,
958 1252 1115 1306 timor
1142 1259 1197 1305 et
1236 1259 1434 1304 tremor
1462 1249 1513 1301 in
1544 1249 1786 1301 manibus
1812 1247 2047 1315 singulo-

472 1334 616 1383 rum,
650 1336 717 1375 ne
746 1320 797 1374 in
844 1322 1020 1375 fauces
1051 1320 1301 1374 caderent
1326 1319 1772 1388 persequentium.
1798 1318 2048 1385 Exsurgit

476 1388 688 1459 Moyses
719 1392 947 1445 famulus
975 1391 1067 1444 Dei
1102 1401 1317 1458 portans
1343 1390 1541 1459 virgam
1568 1403 1724 1459 quam
1756 1402 1782 1439 a
1824 1387 2046 1441 Domino

474 1455 778 1528 acceperat,
806 1469 859 1515 et
884 1476 976 1529 per
1002 1455 1153 1527 quain
1172 1460 1280 1528 jam
1302 1455 1470 1529 multa
1498 1455 1643 1529 signa
1664 1455 1862 1529 fecerat
1885 1473 1898 1509 :
1927 1472 2048 1525 per-

474 1526 644 1582 cussit
664 1546 827 1592 mare,
847 1526 901 1584 et
919 1526 1143 1583 divisum
1171 1526 1269 1582 est.
1299 1528 1398 1583 Ubi
1429 1536 1510 1581 est
1539 1528 1623 1580 illa
1656 1526 1908 1595 potentia,
1940 1540 2045 1579 non

477 1599 775 1661 numinum,
804 1600 896 1655 sed
920 1599 1303 1653 dmmoniorum
1319 1599 1341 1651 ?
1360 1597 1456 1651 Ubi
1473 1605 1555 1651 est
1581 1612 1711 1649 vana
1739 1595 2046 1664 superstitio

476 1667 811 1735 Paganorum
832 1669 1135 1739 ?Numquid
1167 1679 1224 1721 ut
1261 1682 1406 1721 mare
1432 1665 1785 1739 divideretur,
1827 1665 2044 1739 illeNe-

473 1745 674 1805 ptunus
698 1748 780 1793 est
805 1735 1098 1805 invocatus,
1125 1752 1283 1806 quem
1307 1750 1484 1805 regem
1509 1736 1670 1788 maris
1698 1749 1814 1788 esse
1842 1735 2044 1806 volunt,

475 1808 565 1877 qui
620 1823 798 1877 regem
850 1824 1035 1862 verum
1094 1805 1260 1861 Deum
1302 1818 1779 1877 suumagnoscere
1813 1805 2051 1877 nolunt?

478 1875 637 1946 Virga
660 1874 878 1931 extensa
910 1893 1066 1930 manu
1095 1890 1256 1944 aquas
1284 1875 1509 1946 percutit
1536 1874 1761 1946 Moyses,
1794 1884 1845 1946 et
1871 1874 2046 1927 statim

476 1944 683 2015 cogitur
707 1946 896 2001 fluctus
925 1947 976 2000 in
1008 1946 1299 2011 cumulum,
1328 1954 1382 1999 et
1408 1944 1542 1997 unda
1574 1945 1623 2015 in
1647 1944 2046 2015 semetipsaire-

478 2013 661 2083 pressa
691 2026 938 2070 curvatur
968 2033 981 2069 :
1023 2016 1342 2069 soliditatem
1370 2015 1553 2082 recipit
1578 2013 1766 2083 liquor,
1796 2022 1850 2066 et
1876 2014 2045 2067 solum

478 2086 641 2145 maris
661 2087 854 2141 arescit
882 2087 932 2139 in
967 2086 1257 2153 pulverem.
1286 2084 1512 2153 lngressi
1542 2092 1663 2136 sunt
1683 2082 1767 2135 alii
1790 2083 2046 2149 salvandi,

475 2155 566 2208 aiii
586 2154 891 2211 damnandi.
910 2155 1084 2211 Unum
1109 2156 1426 2210 elementum
1455 2165 1707 2222 aquarum
1734 2162 1947 2207 auctore
1974 2161 2049 2206 to-

477 2224 582 2278 tius
608 2234 866 2280 creaturae
905 2225 1125 2295 jubente
1154 2225 1411 2291 judicavit
1448 2234 1748 2295 utrosque”:
1786 2222 2049 2295 separavit

475 2294 593 2361 pios
613 2295 680 2350 ab
711 2292 919 2364 impiisi
949 2296 1068 2349 illos
1084 2295 1267 2359 abluit,
1299 2295 1426 2364 istos
1454 2293 1659 2364 obruit;
1682 2292 1800 2348 illos
1823 2293 2047 2364 munda-

472 2364 571 2435 vit,
590 2365 719 2419 istos
744 2361 937 2420 occidit
957 2365 1147 2431 (Exod.
1180 2363 1367 2435 rfxtv).
1396 2363 1600 2435 Moyses
1632 2362 1849 2435 figuram
1868 2361 2049 2415 habuit

473 2434 683 2488 Domini
696 2435 915 2500 Christi,
929 2430 1175 2503 qUoniam
1195 2433 1298 2486 dux
1315 2430 1406 2486 fuit
1422 2430 1615 2503 populi.
1636 2430 1692 2503 l_n
1707 2431 1844 2498 virga
1860 2446 2048 2503 agnos-

473 2504 578 2558 cite
590 2520 820 2559 crucem.
840 2500 982 2557 Mare
1000 2503 1233 2557 Rubrum
1253 2500 1518 2571 agnoscite
1530 2501 1842 2568 baptismum
1857 2500 2048 2555 Christi

471 2574 726 2643 sanguine
738 2581 1106 2643 purpuratum:
1126 2570 1303 2639 regem
1314 2570 1680 2643 IEgyptiorum
1696 2571 2049 2643 populumque

472 2641 621 2709 ejus,
663 2641 932 2698 auctorem
969 2651 1304 2710 peccatorum
1339 2641 1605 2710 diabolum
1641 2654 1759 2694 cum
1803 2641 2048 2695 omnibus

476 2713 735 2768 ministris
759 2713 893 2781 ejus.
923 2709 1085 2768 Saevit
1113 2710 1354 2765 diabolus
1381 2750 1397 2773 ,
1425 2709 1639 2781 quando
1662 2723 1758 2762 nos
1788 2709 1931 2781 _vid_et
1956 2725 2049 2778 per

475 2798 667 2851 aquam
707 2779 964 2850 Baptismi
1012 2797 1041 2834 a
1084 2796 1180 2835 sua
1216 2779 1822 2851 oppressioneiliberari.
1859 2779 2049 2851 Excla-

471 2848 616 2907 mate
640 2852 705 2905 ad
730 2848 943 2922 Moysen
970 2863 1202 2922 vestrum
1233 2848 1515 2922 Dominum
1542 2848 1831 2911 Christum,
1855 2858 1909 2903 et
1934 2850 2047 2903 vir-

471 2937 539 2988 ga
564 2923 737 2976 crucis
780 2920 1041 2991 percutiat
1072 2935 1218 2975 mare
1264 2920 1548 2991 Baptismi,
1582 2928 1890 2991 revertatur
1913 2934 2045 2990 aqua

474 3000 529 3046 et
560 2988 1110 3062 operiat'ASgyptios;
1149 2988 1689 3062 utAquemadmodum
1730 2989 1903 3044 nullus
1955 2988 2043 3045 re-

470 3059 669 3115 mansit
692 3059 1082 3132 Egypﬁorum,
1107 3060 1238 3132 nihil
1272 3066 1543 3132 remaneat
1562 3059 1720 3132 etiam
1737 3066 2043 3132 _vestrorum

471 3126 1316 3200 peccatorum;Totum'mundet,
1338 3130 1424 3196 qui
1456 3138 1618 3184 totum
1649 3126 1803 3200 fecit;
1834 3139 2047 3200 reparet

470 3198 709 3270 perdita,
743 3201 832 3269 qui
858 3203 1059 3255 creavit
1084 3200 1261 3254 omnia
1296 3200 1537 3268 integra:
1570 3198 1872 3268 exstinguat
1896 3198 2048 3253 Pha-

469 3269 692 3325 raonem
719 3270 987 3325 diabolum
1018 3269 1203 3324 mortis
1219 3278 1509 3336 auctorem,
1528 3277 1583 3323 et
1609 3282 1764 3323 suum
1794 3269 2045 3338 populum

469 3340 666 3409 liberet
692 3356 788 3409 per
815 3354 1005 3409 aquam
1036 3341 1339 3394 salutarem.

542 3406 766 3465 CAPUT
808 3406 896 3463 Ν.
949 3439 1021 3450 —-
1071 3409 1124 3464 5.
1166 3408 1244 3461 De
1289 3407 1537 3477 mysteriis
1585 3408 1703 3477 agni
1756 3406 2044 3464 Paschatis.

468 3481 729 3545 Audistis,
751 3479 1101 3541 dilectissimi,
1126 3478 1426 3547 figurzcillae
1442 3477 1708 3547 quomodo
1726 3480 2048 3532 transierunt

471 3551 541 3606 ad
594 3551 826 3620 speciem
876 3548 1116 3620 veritatis
1146 3546 1318 3620 {illud
1360 3546 1636 3620 superest,
1686 3554 1744 3600 ut
1793 3549 2049 3603 noveritis

470 3615 919 3692 quemadmodum
948 3617 1301 3692 celebraverit
1329 3617 1523 3692 pascha
1548 3615 1798 3692 liberatus
1823 3620 2047 3692 populus

469 3686 539 3772 ex
569 3690 834 3772 Egyptq,
868 3690 1190 3772 balp'tilz‘atus,
1216 3694 1273 3772 ut
1294 3686 1713 3772 aitﬁpostolus‘,
1748 3687 1800 3739 in
1828 3686 1968 3772 nube
1996 3696 2051 3742 et

468 3762 527 3817 in
556 3755 691 3815 mari
713 3755 896 3814 Rubro
925 3755 981 3829 (Ι
1005 3757 1122 3813 Cor.
1155 3772 1215 3829 x,
1242 3758 1267 3810 1
1294 3755 1333 3827 ).
1367 3756 1704 3829 Acceperunt
1728 3768 2046 3829 prmceptum

470 3831 687 3885 Domini
714 3845 810 3899 per
836 3825 1052 3899 Moysen
1072 3869 1087 3894 ,
1114 3838 1174 3881 ut
1196 3827 1249 3899 _in
1273 3825 1540 3899 eccisione
1566 3826 1684 3892 agni
1718 3826 2049 3882 celebrarent

469 3901 666 3971 pascha
687 3893 798 3971 [ex
833 3893 987 3971 cujus
1028 3893 1280 3971 sanguine
1308 3904 1486 3964 postes
1509 3893 1699 3971 domus
1744 3910 1853 3949 suae
1881 3911 2049 3951 unus-

470 3964 698 4040 quisque
751 3964 923 4024 linire't
952 4008 966 4033 ,
994 3982 1093 4040 nec
1123 3964 1372 4040 timerent
1408 3964 2003 4040 angelum‘vastatorem
2030 4008 2045 4032 ,

471 4032 561 4109 qui
590 4032 1095 4109 signumgsang’uinis
1120 4035 1241 4105 agni
1264 4032 1499 4109 occisi-in
1521 4046 1631 4109 sua:
1654 4032 1828 4088 fronte
1856 4034 2055 4091 domus

469 4104 750 4165 habcrEut.
779 4107 848 4162 0s
866 4150 881 4173 ,
911 4104 1078 4175 inquit
1101 4148 1116 4173 ,
1143 4104 1243 4159 non
1269 4104 1705 4175 comminutisz
1726 4120 1783 4156 eo
1806 4144 1821 4168 ,
1850 4120 1938 4157 nec
1965 4122 2048 4158 re-

470 4180 708 4249 linquetis
743 4171 1109 4249 quidquamjn
1146 4171 1465 4249 mane._Cu_m
1508 4172 1733 4240 picridiis
1774 4184 1820 4249 et
1858 4177 2049 4243 azymis

470 4242 957 4329 σοήιεάειὶδξρρηῂηι
988 4245 1192 4329 (‘Erf‘od
1224 4244 1356 4329 ιιι).
1386 4242 1647 4329 Fecerunt
1674 4243 1814 4329 quqd
1844 4242 2046 4329 prince-

512 4328 620 4373 tum
643 4328 725 4373 est
747 4311 837 4371 lilii
864 4311 1044 4372 Israel:
1080 4311 1390 4370 Demonstra
1420 4321 1473 4367 et
1502 4322 1590 4378 tu,
1622 4311 1781 4367 Israel
1802 4311 2048 4381 spiritua-

512 4334 620 4373 tum
643 4334 725 4373 εει
747 4334 837 4371 ιιιιι
864 4334 1044 4372 Israel:
1081 4334 1390 4370 ucmouswa
1420 4334 1473 4367 Cl
1502 4334 1556 4367 ιυ
1574 4352 1590 4378 ,
1622 4334 1781 4367 Israel
1802 4334 2047 4381 Spll‘llua-

468 4334 540 4445 iis
562 4430 578 4456 ,
606 4389 677 4442 fili
731 4388 959 4443 Abrahze
1007 4385 1297 4441 secundum
1352 4384 1509 4456 fidem
1537 4423 1552 4448 ,
1600 4397 1704 4456 non
1756 4385 2047 4456 secundum

470 4452 723 4526 carnem,
749 4457 1054 4513 demonstra
1089 4465 1142 4510 et
1168 4465 1220 4509 tu
1247 4452 1512 4524 quomodo
1538 4452 1777 4526 gelehres
1802 4453 2000 4526 pascha
2030 4473 2048 4509 :

468 4530 638 4585 habes
666 4521 861 4599 agnum
891 4527 1121 4581 occisum
1141 4567 1157 4592 ,
1186 4521 1511 4599 demonstra.
1543 4521 1879 4599 Ecgedgnus
1908 4522 2003 4577 Dei
2026 4565 2043 4591 ,

469 4615 583 4653 ecce
602 4600 686 4668 qui
701 4591 839 4651 Tollit
866 4606 1121 4668 peccatum
1145 4591 1524 4668 ntundi(1_oan.
1554 4608 1592 4657 ι,
1620 4591 1881 4668 29).⁷Ιλῇιιί
1913 4608 2045 4668 gan-

472 4662 633 4737 guine
658 4668 773 4736 ejus
800 4662 980 4737 postes
1003 4666 1189 4737 domus
1211 4673 1313 4737 tua:
1342 4662 1680 4737 {demonstra
1710 4670 1764 4737 _ct
1786 4662 1891 4737 die,
1913 4663 2050 4737 Ecce

469 4730 603 4792 crux
634 4730 903 4805 sanguinis
920 4733 1114 4805 Christi
1143 4734 1197 4805 in
1224 4730 1490 4805 frontibus
1513 4739 1604 4805 est
1621 4731 1838 4805 pudoris
1854 4734 2044 4805 nostri.

469 4807 570 4861 Dic
597 4800 938 4869 cum'Paulo,
974 4802 1104 4856 Mihi
1130 4802 1257 4854 absit
1284 4800 1523 4870 gloriari,
1553 4801 1649 4854 nisi
1672 4801 1725 4854 in
1754 4818 1898 4855 cruce
1938 4803 2045 4857 Do-

468 4876 599 4930 mini
625 4874 783 4929 nostri
805 4873 931 4927 Jesu
954 4872 1139 4926 Christi
1167 4870 1365 4943 (Galat.
1384 4886 1455 4935 v1,
1484 4870 1594 4941 M).
1618 4870 1687 4923 0s
1711 4888 1809 4925 non
1832 4874 2046 4943 commi-

470 4947 637 4999 nuetis
660 4962 722 5000 ex
748 4960 805 4998 eo
824 4984 838 5008 ,
865 4944 1063 4997 dictum
1093 4940 1212 4996 est:
1243 4940 1513 5009 impletum
1558 4940 1644 4994 est
1684 4944 1785 4995 hoc
1827 4942 1878 4994 in
1930 4943 2045 5010 ipsa

471 5015 687 5071 Domini
736 5014 1017 5083 passione,
1058 5010 2043 5083 ipsius_sa_nctigAgni__immolatione,

469 5085 687 5154 quando
726 5079 1007 5138 crucifixus
1048 5079 1736 5154 cunrduoliusulatronibus
1772 5081 1822 5133 in
1870 5083 2046 5154 medio

468 5150 735 5227 pendebat
758 5154 909 5227 ,Aipsa
944 5165 1148 5227 summa
1174 5150 1377 5227 justitia
1406 5150 1634 5204 liberans
1668 5165 1834 5227 unum
1873 5152 2044 5205 conﬁ-

470 5218 673 5280 tentem
698 5267 714 5292 ,
739 5218 901 5292 alium
928 5222 1151 5292 puniens
1174 5218 1627 5288 hlasphcmantem
1661 5218 1681 5291 (
1708 5219 1837 5272 Luc.
1871 5234 2000 5292 xxiii
2024 5262 2039 5287 ,

468 5295 639 5351 39-43
659 5290 706 5365 ).’
736 5291 822 5365 Ita
841 5290 988 5365 facta:
1007 5299 1138 5365 sunt
1161 5299 1268 5365 tres
1290 5305 1476 5365 cruces
1495 5330 1510 5355 ,
1539 5301 1643 5343 tres
1672 5290 1864 5365 eausa).
1897 5290 2045 5365 unus

467 5360 737 5419 latronum
768 5363 983 5417 Christo
1005 5361 1308 5425 insultabat,
1336 5360 1469 5413 alter
1496 5375 1587 5413 sua
1616 5360 1801 5413 merita
1830 5361 2040 5415 confes-

467 5449 563 5489 sus
609 5434 805 5488 Christi
856 5446 915 5486 se
964 5431 1340 5485 misericordia:
1384 5428 1790 5484 commendabat
1844 5445 1857 5481 :
1908 5443 2038 5484 crux

469 5504 667 5560 Christi
706 5504 757 5557 in
788 5501 962 5557 medio
982 5541 997 5566 ,
1024 5515 1130 5555 non
1159 5500 1253 5555 fuit
1282 5500 1591 5570 supplicium
1620 5538 1636 5562 ,
1664 5498 1755 5570 sed
1786 5498 2043 5554 tribunal.

467 5573 589 5629 Mox
617 5583 674 5627 ut
700 5573 899 5643 peregit
927 5572 1103 5625 omnia
1128 5568 1425 5643 quaagde‘se
1452 5577 1603 5643 erant
1636 5568 1830 5643 scripta
1851 5611 1864 5633 ,
1888 5584 2040 5624 accc-

468 5652 561 5763 ἳὶιο
590 5637 715 5697 felle
732 5652 785 5724 et
807 5637 978 5705 aceto,
1014 5637 1226 5711 propter
1250 5637 1376 5692 illud
1398 5639 1542 5719 quod
1568 5638 1871 5719 praedictum
1900 5648 2035 5704 erat,

524 5712 729 5763 ederunt
756 5728 811 5763 ιη
838 5727 1000 5763 aram
1028 5725 1187 5763 meam
1216 5708 1282 5763 fel
1300 5748 1313 5763 .
1345 5717 1390 5763 et
1424 5725 1475 5762 ιιι
1499 5719 1581 5763 sm
1606 5725 1714 5763 mea
1744 5718 2035 5763 notaverunt

524 5712 729 5768 ederunt
756 5713 811 5769 in
838 5727 1000 5770 escam
1014 5708 1187 5767 'meam
1213 5708 1313 5780 fel,
1345 5717 1390 5763 et
1424 5710 1475 5762 in
1499 5709 1581 5763 siti
1606 5725 1714 5764 mea
1741 5718 2036 5779 potaverunt

1808 297 1896 353 DE
1950 294 2402 355 CATACLYSMO

3627 309 3723 365 ϐω

2162 429 2241 489 me
2258 424 2396 489 aceto
2424 413 2443 483 (
2455 410 2607 489 _I_’sal.
2641 413 2931 489 min,__22
2952 413 2971 486 )
2992 414 3284 489 ;_inciinato
3307 417 3484 489 capite
3521 422 3731 483 tradidit

2157 484 2422 555 spiritum.
2455 483 2721 538 Venerunt
2756 483 2983 555 milites,
3012 486 3282 555 fregerunt
3316 483 3472 545 crura
3514 492 3731 548 latroai-

2154 552 2253 606 bus
2284 555 2333 607 in
2374 568 2531 608 cruce
2560 554 2910 622 pendentibus
2935 555 3030 609 :ad
3059 552 3241 611 Iesum
3270 571 3445 614 autem
3486 577 3608 617 cum
3636 579 3729 618 ve.

2155 623 2517 700 t_tissent,_non
2544 622 2813 700 fregerunt
2838 624 2952 700 ejus
2981 640 3169 690 crura;
3205 637 3266 700 ut
3279 628 3602 700 impleretur
3621 676 3636 699 ,
3659 637 3733 689 ait

2152 692 2487 762 Evangelista
2514 692 2727 763 ,iquod
2784 692 3036 763 scriptum
3078 704 3194 760 est,
3243 698 3313 752 οε
3360 692 3468 754 non
3525 692 3733 757 commi-

2151 765 2310 836 nuetis
2337 780 2398 836 ea:
2423 779 2478 817 eo
2509 762 2685 836 (Joan.
2713 779 2833 829 xxx,
2855 764 2945 829 ‘28,
2971 765 3038 819 56
3058 766 3097 834 ).
3129 766 3236 821 Sed
3265 784 3397 823 unus
3422 787 3451 823 e
3475 773 3735 828 militibus

2152 833 2289 887 latus
2317 833 2430 903 ejus
2458 833 2687 910 aperuit,
2696 845 2754 910 _et
2779 837 3034 910 continuo
3060 833 3239 910 exivit
3246 841 3459 906 sanguis
3485 851 3539 894 et
3569 857 3726 910 aqua.

2150 912 2427 974 quiesunt
2461 905 2643 957 matris
2672 904 2925 958 Ecclesiae
2961 908 3169 974 gemina
3208 904 3571 963 Sacramenta.
3602 904 3741 966 Per;

2150 973 2317 1047 cassit
2372 974 2509 1028 latus
2539 974 2750 1047 __l_ancca
2817 973 3160 1047 persecutor,
3207 984 3262 1030 ct
3310 975 3443 1031 fudit
3496 982 3725 1047 pretium

2149 1042 2491 1112 Redemptor.
2539 1043 2634 1097 Hic
2664 1043 2876 1114 sanguis
2903 1044 3149 1114 inebriat
3195 1056 3423 1101 mentem
3444 1089 3463 1114 ,
3491 1042 3549 1102 ut
3574 1066 3728 1103 amo-

2149 1128 2263 1168 rem
2296 1114 2633 1184 obliviscatur
2660 1113 2863 1166 mundi.
2900 1112 3021 1166 Haec
3049 1128 3182 1183 aqua
3212 1112 3690 1173 mundatanimam
3710 1163 3724 1184 ,

2147 1192 2447 1256 utgcorpus
2498 1183 2681 1237 sordes
2732 1193 2913 1256 careat
2970 1183 3165 1256 diaboli
3186 1186 3226 1238 ⁸.
3280 1185 3388 1239 Nec
3437 1188 3741 1256 relinquetis

2149 1253 2420 1327 quidquam
2443 1269 2506 1327 ea;
2527 1269 2583 1306 eo
2610 1268 2765 1322 usque
2788 1252 2839 1304 in
2868 1268 3030 1305 mane.
3073 1252 3183 1307 Hoc
3208 1270 3347 1327 nunc
3383 1257 3557 1327 agitur
3580 1252 3600 1310 ἐ
3637 1275 3730 1313 co-

2150 1323 2380 1377 meditur
2416 1323 2556 1393 enim
2590 1336 2771 1393 _agnus
2802 1337 2909 1393 Aper
2952 1333 3161 1377 noctem
3215 1324 3371 1393 hujus
3419 1323 3601 1381 ἐπειΙί
3630 1370 3647 1392 ,
3678 1340 3737 1384 ut

2149 1406 2269 1447 cum
2297 1407 2451 1447 mane
2480 1391 2607 1445 illud
2637 1391 2839 1446 venerit
2863 1393 3001 1460 quod
3029 1391 3306 1461 vesperum
3330 1410 3435 1448 non
3461 1391 3685 1451 habebit
3711 1441 3726 1460 ,

2151 1477 2254 1535 non
2275 1462 2383 1531 jam
2410 1462 2658 1515 offeratur
2678 1461 3252 1535 sacrificiumimaginis
3274 1465 3415 1535 agni,
3434 1466 3527 1519 scd
3552 1467 3729 1535 ipsum

2149 1532 2369 1605 Agnmn
2384 1548 2538 1605 quem
2566 1532 2799 1605 quotidie
2822 1531 3152 1605 comedimus
3171 1535 3212 1597 ²,
3240 1542 3293 1587 et
3315 1531 3471 1605 cujus
3508 1531 3735 1605 sangui-

2150 1617 2271 1675 nem
2303 1602 2560 1659 bibimus,
2591 1601 2922 1675 inveniamus
2949 1601 3055 1655 illic
3081 1616 3201 1675 eum
3229 1601 3562 1659 sacerdotem
3608 1601 3729 1675 per-

2151 1670 2344 1727 fectum
2366 1712 2381 1736 ,
2408 1686 2567 1741 quem
2596 1671 2680 1741 hic
2704 1684 2800 1741 pro
2830 1681 3010 1724 nostra
3036 1671 3206 1725 salute
3233 1682 3442 1727 constat
3462 1670 3721 1733 occisum.

2151 1741 2278 1812 Qua;
2302 1740 2433 1795 sunt
2453 1742 2534 1795 ha:
2561 1740 2814 1812 picridiae,
2839 1741 2981 1812 olera
3008 1741 3393 1812 amaritudinis,
3416 1759 3536 1812 qua:
3554 1760 3725 1802 come

2151 1811 2227 1864 dit
2256 1809 2416 1864 Israel
2459 1809 2747 1880 spiritualis
2772 1825 2787 1875 ;
2813 1809 2918 1883 nisi
2949 1824 3050 1864 vox
3086 1810 3169 1863 illa
3196 1826 3374 1865 amara
3407 1809 3473 1865 ad
3517 1823 3719 1883 tempus

2149 1890 2450 1934 sanctorum
2485 1879 2777 1947 martyrum
2816 1879 3007 1932 emissa
3045 1894 3138 1946 per
3163 1892 3402 1935 sanctum
3435 1883 3591 1937 David
3612 1879 3636 1947 ,⁷
3660 1902 3729 1941 ac

2150 1950 2461 2021 dicentium,
2489 1950 2685 2021 Cibabis
2700 1965 2791 2021 nos
2811 1965 2941 2018 pane
2959 1950 3312 2021 lac‘rgmarum,
3331 1960 3377 2004 et
3396 1962 3567 2021 potum
3583 1955 3726 2007 dabis

2151 1965 2461 2015 arccnuum,
2489 1965 2685 2004 ornatus
2700 1965 2791 2002 nos
2811 1965 2941 2018 pane
2959 1965 3312 2071 tacrzmarum,
3331 1965 3377 2004 et
3396 1965 3567 2021 potum
3583 1965 3726 2007 datus

2151 2020 2288 2074 nobis
2315 2020 2368 2073 in
2396 2018 2629 2092 facrymis
2649 2061 2663 2083 ,
2690 2020 2997 2092 inmensum
3022 2018 3041 2089 (
3094 2020 3189 2092 sat.
3222 2037 3381 2092 pxxlx
3401 2062 3417 2086 ,
3449 2021 3528 2092 6);
3552 2033 3610 2076 et
3639 2040 3729 2092 per

2149 2091 2445 2156 apostolum
2475 2090 2717 2151 Paulum,
2747 2087 2810 2160 In
2837 2087 3063 2160 omnibus
3088 2089 3452 2160 tribulationem
3481 2087 3733 2160 patimur,

2148 2160 2234 2214 sed
2285 2177 2384 2213 non
2422 2161 2767 2230 angustiamnr
2792 2158 2810 2229 (
2840 2158 2880 2210 ll
2907 2156 3023 2230 Cor.
3054 2173 3106 2230 Iv
3126 2198 3140 2218 ,
3168 2158 3201 2213 8
3226 2160 3243 2229 )
3267 2161 3289 2213 ?
3315 2156 3637 2216 Demonstra
3675 2156 3726 2218 et

2150 2245 2333 2299 azyma
2353 2270 2367 2294 ,
2396 2227 2577 2300 sancte
2607 2229 2769 2300 Paule
2784 2227 2891 2300 {ex
2933 2227 3165 2300 Israelita
3205 2227 3401 2285 carnali
3431 2232 3739 2300 spiritualis

2150 2298 2390 2355 effectus.
2420 2298 2712 2353 Celebrasti
2741 2299 2879 2352 enim
2909 2298 3104 2368 pascha
3131 2313 3248 2368 eum
3280 2298 3489 2368 p0puld
3507 2312 3725 2367 vetere,

2150 2379 2205 2422 et
2232 2367 3111 2439 quemadmodumnovuspepultts
3142 2367 3331 2438 figuras
3355 2367 3412 2424 in
3438 2372 3722 2426 veritatem

2149 2436 2524 2505 converteret,
2555 2448 2607 2493 tu
2659 2438 2880 2492 docuisti
2915 2479 2929 2504 ,
2971 2446 3023 2491 tu
3069 2436 3461 2494 demonstrasti.
3490 2442 3729 2497 Ostende

2150 2525 2277 2580 ergo
2314 2523 2497 2580 azyma
2527 2509 2963 2580 consparsionem
2988 2522 3197 2562 novam.
3226 2508 3345 2580 Non
3369 2512 3423 2562 in
3443 2514 3724 2580 fermento,

2150 2579 2356 2649 inquit,
2382 2579 2537 2633 ueteri
2558 2594 2760 2650 ,neque
2799 2579 2852 2630 in
2880 2581 3132 2650 fermento
3149 2579 3355 2650 malitia:
3382 2590 3427 2633 et
3447 2579 3725 2650 nequam,

2148 2646 2236 2703 sed
2264 2652 2317 2703 in
2343 2666 2403 2702 az
2439 2651 2530 2703 mis
2551 2648 2846 2703 sinceritatis
2870 2646 2917 2700 et
2944 2648 3161 2701 veritatis
3228 2647 3245 2700 l
3275 2646 3392 2703 Cor.
3424 2662 3479 2716 v,
3511 2650 3598 2719 8).

2222 2667 2444 2769 (ΙΑΡΙΙῖι
2478 2719 2537 2769 ν.
2578 2748 2648 2757 --
2670 2719 2720 2769 6.
2770 2717 2919 2769 Viraa
2965 2716 3129 2769 Mousi
3174 2653 3417 2769 (Sevortms
3460 2737 3598 2769 suam

2222 2667 2234 2702 t
2264 2668 2317 2703 ιη
2343 2667 2403 2702 az
2439 2667 2530 2703 nus
2551 2667 2846 2703 smceruaus
2870 2667 2917 2700 et
2944 2667 3161 2701 vernam
3229 2667 3245 2700 ι
3275 2667 3392 2703 hor.
3424 2667 3479 2716 v,
3511 2667 3598 2719 δ).

2222 2667 2444 2774 (ΖΑΡυῖ
2578 2748 2648 2757 -—
2670 2719 2720 2771 6.
2770 2717 2930 2791 Virga
2965 2716 3129 2791 Moysi
3163 2667 3417 2791 devorans
3460 2737 3738 2791 magorum-

2149 2802 2398 2858 serpeutes
2421 2830 2433 2851 ,
2462 2790 2625 2859 ﬁgura
2666 2788 2827 2859 crucis
2858 2786 3053 2841 Christi
3095 2787 3239 2859 cujus
3293 2789 3475 2859 uirtute
3514 2786 3728 2845 latrem

2150 2858 2509 2913 conterantur.
2568 2858 2845 2911 Donatista:
2906 2858 3214 2927 expugnati,
3240 2874 3244 2878 '
3277 2858 3681 2914 Maximianisla:
3705 2903 3720 2926 ,

2151 2927 2822 3001 Manicltaai,‘_Pelagiani,
2879 2926 3059 2980 Ariani
3121 2931 3421 3001 refutantur.
3489 2928 3536 2984 Ο
3594 2947 3729 3001 agne

2150 3000 2325 3054 occise
2354 3040 2369 3066 ,
2401 3014 2434 3053 ο
2459 2997 2665 3069 Christe
2703 3004 2884 3051 sancte
2929 3010 3028 3066 pro
3052 2996 3488 3069 nohi’scrucitixe
3512 3042 3526 3065 ,
3553 2996 3656 3069 qui
3679 3012 3729 3054 ut

2150 3070 2296 3138 lapsa
2316 3083 2590 3141 repararcs
2607 3067 2656 3141 in
2678 3081 2836 3141 cruce
2860 3067 3156 3136 pependisti
3176 3084 3200 3141 εΔ
3216 3067 3325 3135 ipsa
3338 3078 3436 3141 _est
3463 3071 3549 3141 illa
3574 3067 3726 3141 virga

2150 3136 2295 3210 regni
2325 3136 2419 3204 tui,
2439 3154 2571 3210 crux
2617 3138 2747 3210 ipsa,
2771 3137 3001 3210 inquam,
3022 3152 3123 3206 qua
3143 3136 3389 3210 virtusin
3417 3136 3728 3210 infirmitate

2149 3205 2458 3279 perficitur;
2493 3209 2603 3279 ipsa
2648 3207 2732 3279 illa
2771 3205 2912 3279 virga
2951 3205 3113 3279 crux,
3142 3206 3253 3279 ipsa
3291 3207 3381 3261 illa
3416 3209 3560 3278 virga
3596 3226 3728 3278 “qua:

2151 3276 2329 3334 fforuit
2357 3294 2426 3334 ex
2454 3276 2629 3333 radice
2654 3277 2837 3341 Jesse;
2868 3278 2980 3346 ipsa
3006 3276 3091 3330 illa
3122 3278 3268 3346 virga
3292 3292 3448 3346 quam
3481 3276 3729 3347 portabat

2149 3350 2393 3421 Moyses,
2422 3364 2539 3421 qua;
2567 3362 2821 3421 conversa
2852 3347 2904 3421 in
2930 3355 3227 3421 serpentem
3254 3346 3427 3417 glutiit
3447 3346 3723 3417 magorum

2148 3415 2423 3489 serpentes
2439 3415 2468 3471 ἐ
2500 3418 2739 3473 doctrina
2762 3416 2962 3489 Christi
2984 3415 3167 3489 diffusa
3188 3415 3286 3489 per
3305 3431 3484 3489 omﬁnes
3506 3415 3713 3486 gentes,

2150 3486 2431 3545 haereticos
2467 3503 2723 3555 superans
2757 3487 3051 3541 dementes.
3090 3486 3145 3540 In
3182 3488 3273 3540 illo
3316 3488 3450 3540 enim
3478 3489 3678 3555 populo
3702 3529 3720 3555 ,

2149 3560 2375 3637 fratres,
2406 3560 2458 3615 in
2502 3574 2607 3628 quo
2643 3557 2820 3637 multa,
2845 3557 3099 3637 miracula
3139 3555 3361 3635 faciebat
3385 3556 3594 3637 Moyses
3633 3574 3729 3627 per

2150 3626 2390 3700 virgam,
2415 3626 2827 3700 exsurrexerunt
2861 3627 3000 3700 magi
3044 3626 3358 3700 Pharaonis,
3387 3626 3649 3700 facientes
3676 3636 3735 3700 et

2151 3696 2257 3769 ipsi
2289 3700 2524 3769 prodigia
2563 3707 2747 3752 contra
2791 3696 3063 3769 famulum_
3088 3696 3179 3769 Dei
3224 3696 3458 3766 Moysen.
3490 3697 3617 3769 Sed
3663 3698 3728 3751 ad

2150 3766 2252 3825 hoc
2276 3766 2517 3839 quaedam
2534 3769 2676 3839 mira
2696 3769 2876 3839 facere
2901 3766 3141 3839 permissi
3168 3770 3401 3839 struunt
3429 3768 3737 3839 mirabilius

2151 3836 2510 3894 vincerentur.
2528 3838 2661 3907 Magi
2694 3837 2982 3890 Pharaonis
3003 3836 3126 3907 quid
3150 3836 3290 3907 aliud
3319 3836 3691 3903 significabant
3711 3878 3727 3902 ,

2151 3911 2253 3963 nisi
2273 3923 2458 3963 omnes
2475 3905 2752 3962 haereticos
2773 3907 3041 3961 ministres
3057 3905 3272 3970 diaboli,
3290 3907 3377 3974 qui
3395 3908 3494 3959 sub
3513 3910 3730 3961 nomine

2150 3978 2345 4033 Christi
2389 3978 2646 4033 devorare
2693 3977 2913 4045 cupiunt
2958 3976 3207 4044 populum
3244 3975 3483 4029 Christi?
3510 3976 3737 4031 Seatent

2154 4065 2294 4104 nunc
2339 4048 2569 4103 haereses
2615 4048 2667 4101 in
2703 4046 2838 4100 hanc
2886 4056 3116 4108 terram,
3152 4054 3397 4113 tanquam
3447 4057 3734 4113 serpentes

2152 4134 2465 4189 magorum,
2510 4131 2643 4188 quos
2690 4117 2960 4189 devoravit
3003 4125 3057 4189 et
3104 4115 3321 4169 devorat
3374 4114 3464 4168 ille
3505 4132 3737 4186 serpens

2151 4185 2412 4244 exaitatus
2450 4189 2500 4242 in
2529 4185 2706 4257 ligno.
2743 4186 2849 4240 Sed
2890 4185 3143 4257 quoniam
3191 4200 3294 4257 non
3338 4195 3420 4239 est
3470 4185 3733 4256 temporis

2152 4260 2230 4315 ire
2296 4274 2391 4329 per
2450 4259 2684 4320 multos,
2732 4256 3057 4329 singulorum
3104 4256 3276 4323 capita
3332 4264 3737 4329 c_on_ter_antur:

2150 4324 2417 4399 quomodo
2462 4335 2787 4399 exsurgunt,
2818 4324 2905 4399 g'sic
2955 4324 3321 4399 devorenmr;
3344 4325 3474 4399 Fuit
3519 4325 3613 4381 hic
3636 4368 3650 4389 ,
3676 4335 3731 4379 ut

2152 4395 2347 4465 nostis,
2374 4395 2724 4460 dilectissimi,
2780 4396 2988 4465 viperea
3028 4396 3264 4449 doctrina
3294 4395 3689 4450 Donatistarum
3714 4414 3737 4449 ι

2152 4471 2376 4525 contrita
2400 4477 2519 4531 est,
2557 4476 2866 4534 consumpta
2908 4473 3008 4520 est.
3051 4465 3174 4519 Mox
3219 4465 3735 4520 Maximianistarum

2151 4540 2455 4610 serpentina
2492 4538 2637 4591 fraus
2665 4536 2938 4605 pullulavit
2966 4552 2991 4588 εκ
3012 4535 3240 4610 contrita
3267 4544 3347 4588 est
3365 4546 3728 4610 ,_consumpta

2152 4604 2261 4665 est.-
2304 4604 2708 4663 Manichmorum
2761 4621 3019 4659 venenum
3074 4604 3273 4671 aspidis
3323 4604 3673 4673 subrepserat
3709 4622 3722 4633 ”

2152 4680 2436 4734 contritum
2461 4686 2562 4741 est,
2581 4685 2949 4745 consumptum
2972 4683 3086 4737 est;
3108 4675 3510 4743 Pelagianorum
3529 4689 3733 4727 novum

2152 4750 2407 4819 dogma,a
2429 4748 2682 4819 ministris
2708 4746 2898 4800 diaboli
2930 4756 3177 4819 tanquam
3195 4760 3223 4797 a
3249 4745 3413 4813 magis
3434 4745 3727 4819 Pharaonis

2151 4815 2439 4873 excitatum
2465 4857 2479 4881 ,
2534 4817 2607 4870 illi
2651 4826 2832 4869 nostro
2877 4816 3110 4884 serpenti
3161 4824 3427 4868 certamen
3482 4815 3725 4869 indixit:

2151 4890 2467 4952 conteritur,
2496 4888 2841 4941 consumitur.

2223 4961 2275 5013 7.
2308 4958 2438 5012 Cum
2480 4966 2558 5011 tot
2603 4967 2905 5023 serpentum
2954 4955 3126 5024 capita
3175 4953 3431 5008 catholica
3482 4952 3725 5007 doctrina

2150 5029 2487 5091 eontriverit,
2539 5026 2905 5096 dissipavcrit,
2933 5026 3321 5096 consumpserit
3344 5065 3357 5085 ,
3386 5038 3515 5096 ecce
3564 5024 3724 5076 nobis

2150 5115 2284 5154 unus
2330 5099 2517 5167 anguis
2563 5094 2790 5150 Arianus
2835 5097 2959 5149 olim
2998 5103 3236 5147 mOI‘LIlttS
3264 5094 3480 5147 insultat
3513 5109 3528 5145 :
3562 5102 3725 5160 caput

2149 5171 2303 5239 erigit
2326 5210 2340 5233 ,
2374 5168 2532 5222 veluti
2565 5168 2740 5220 vivum
2784 5181 2842 5239 se
2883 5168 3525 5239 detuohstrare‘cOuatur,
3558 5177 3723 5230 quem

2141 5233 2256 5309 jaui
2300 5240 2425 5292 olim
2474 5244 2680 5309 constat
2724 5233 3197 5309 occisum.__l’._edi,
3244 5233 3450 5303 Moyses
3495 5243 3720 5309 noster;

2146 5302 2258 5365 redi
2279 5350 2295 5374 ,
2321 5309 2505 5378 virga;
2529 5307 2679 5378 redi,
2714 5320 2932 5378 serpens
2960 5305 3171 5357 Christe
3189 5302 3419 5378 _sancte,
3459 5302 3724 5378 aqualem

2149 5372 2462 5450 potestatein
2507 5392 2625 5431 cum
2659 5372 2815 5429 Patre
2839 5375 3038 5428 habens
3056 5392 3080 5450 ε
3102 5372 3222 5450 redi
3254 5414 3268 5436 ,
3301 5382 3511 5450 contere
3537 5372 3723 5449 capita

2144 5439 2431 5504 draconum
2486 5461 2646 5515 super
2694 5460 2895 5515 aquas;
2945 5443 3217 5567 confringe
3266 5451 3429 5511 caput
3471 5439 3723 5493 draconis

2144 5522 2339 5567 magni-
2369 5519 2550 5567 vivum
2586 5530 2703 5567 sese
2741 5514 3058 5567 profitentis.
3090 5527 3148 5566 sc
3212 5528 3390 5566 veram
3418 5512 3569 5564 vitam
3606 5524 3721 5562 non

2144 5522 2340 5592 magni,
2369 5512 2566 5573 vivunt
2586 5530 2703 5570 sese
2741 5512 3058 5585 profitentis,
3090 5512 3184 5567 sed
3212 5528 3390 5566 veram
3418 5512 3569 5564 vitam
3606 5524 3721 5562 non

2204 5656 2221 5687 ι
2256 5656 2329 5703 sic
2352 5662 2453 5701 MSS.
2476 5658 2531 5700 At
2550 5650 2686 5709 editi,
2705 5647 2926 5699 sordibus
2948 5651 3115 5709 careat
3133 5644 3331 5696 diabot'i.

2205 5719 2226 5750 ³
2257 5717 2338 5764 ttic
2357 5714 2458 5764 sola
2482 5712 2631 5763 editio
2652 5706 2760 5763 ιον.
2785 5710 2938 5772 addit,
2954 5706 3268 5760 iimuofantua.
