3904 6362
448 277 553 336 099

453 392 686 463 pendat,
737 399 796 445 ut
840 386 1082 463 servitnti
1125 384 1334 463 animat.
1363 381 1640 462 subjiciat;
1697 376 2015 463 etLtcrtiuni

450 448 685 535 gradum.
710 459 966 535 ascendit.
1011 457 1070 535 In
1109 452 1373 535 prnfundo
1424 448 1598 535 crucis
1625 448 1892 535 occultum
1936 455 2022 535 esi

451 516 594 604 aliud
639 547 742 604 non
773 530 940 604 vides,
979 527 1071 604 sed
1107 516 1232 604 inde
1274 523 1510 604 exsurgit
1537 521 1640 576 hoc
1677 528 1846 604 totum
1876 516 2021 604 quod

453 592 642 658 vides:
674 602 810 655 adsit
836 592 968 653 ﬁdes
1006 596 1314 661 christiana,
1344 592 1487 663 quod
1529 605 1636 646 non
1661 597 1836 660 potest
1871 601 2023 641 com-

455 670 806 744 prehendere,
854 668 1034 744 credat
1086 665 1264 730 corde,
1311 664 1498 744 altiora
1541 676 1600 718 se
1627 676 1749 744 ‘non
1799 665 2020 744 quaarfit,

457 727 580 814 'spes
609 756 728 814 eum
752 727 953 814 nutriat
975 755 1000 814 ;Δ
1017 745 1070 791 et
1099 746 1222 791 tunc
1250 727 1494 814 quartum
1517 730 1736 814 gradum
1764 727 2022 814 ascendit.

523 814 580 867 9.
622 811 723 866 Per
752 810 849 863 hos
874 807 1074 878 gradus
1094 802 1446 878 ascenderunt
1471 802 1640 858 sancti
1661 813 1869 878 omnes,
1899 812 2028 878 coii-

455 866 706 947 tinentes,
747 866 1009 950 conjiigati
1053 877 1275 950 ﬁdeles:
1299 883 1582 950 evaserunt
1609 871 1788 950 ruinas
1819 866 2024 950 m_undi,

457 938 819 1022 migraverunt
845 938 1049 1022 advloca
1079 947 1362 1022 tutissima,
1404 944 1490 998 ubi
1514 943 1625 1012 jam
1655 954 1753 1022 nec
1775 938 2028 1022 barbaros

455 1011 668 1085 timent,
716 1036 812 1076 nec
851 1019 1066 1088 fragiles
1104 1031 1260 1071 casus
1303 1011 1561 1090 humanos
1590 1011 1896 1090 exhorrent,
1930 1021 2031 1061 nec

455 1083 827 1161 corruptiones
850 1083 1111 1161 metuunt,
1137 1102 1232 1142 nec
1255 1083 1594 1161 argritudines
1615 1083 1900 1161 patiuntur,
1925 1091 2031 1161 nec

459 1150 884 1217 tribulationibus
927 1150 1401 1228 ailligrtntnrtoec
1446 1155 1613 1228 ipsam
1648 1150 1756 1228 inm
1805 1156 2030 1228 mortem

457 1234 670 1294 timent,
711 1230 802 1284 sed
844 1244 962 1283 cum
997 1220 1102 1282 Doo
1147 1227 1213 1281 de
1262 1227 1372 1280 Deo
1418 1220 1796 1294 vivunt.l_lanc
1839 1220 2026 1294 vitam,

459 1287 806 1355 dilectissimi.
847 1314 1104 1362 amemus,
1149 1307 1481 1366 appetamus,
1527 1291 1934 1366 desideremus:
1965 1287 2030 1366 ad

460 1387 620 1440 quam
654 1371 826 1424 omnis
854 1369 940 1440 qui
978 1356 1162 1440 currit,
1186 1356 1298 1421 non
1324 1356 1662 1440 graditur_via
1688 1356 2030 1440 (pedum,.sed

461 1426 543 1493 via
593 1455 820 1493 morum.
869 1426 997 1492 Boni
1045 1426 1174 1510 ergo
1213 1426 1393 1490 moros
1430 1426 1787 1502 requirantur,
1832 1426 2033 1510 ipsiin

461 1511 708 1564 omnibus
748 1510 1096 1564 inveniantur.
1135 1507 1362 1575 Uterque
1408 1518 1568 1575 sexus
1595 1512 1661 1575 et
1691 1507 1876 1575 omnis
1904 1507 2034 1550 tetas

462 1580 623 1633 habet
663 1582 711 1632 in
743 1580 842 1632 hoc
885 1587 1186 1633 sanctorum
1216 1569 1490 1630 hominum
1519 1569 1825 1626 imitationis
1849 1581 2033 1622 exem-

463 1651 628 1718 plum.
656 1649 933 1703 Imitentur
966 1662 1123 1702 senes
1151 1662 1325 1718 mores
1354 1645 1556 1718 Tobiae,
1584 1642 1673 1718 qui
1713 1654 1833 1718 enm
1862 1650 2035 1718 cacus

462 1706 606 1773 esset
633 1734 879 1788 corpore,
901 1719 1039 1772 viam
1063 1719 1184 1770 vitae
1211 1717 1317 1769 lilio
1341 1706 1736 1769 demonstrabat
1766 1711 1817 1763 in
1849 1706 2032 1788 corde.

463 1789 556 1843 Ille
582 1805 704 1844 eum
731 1764 890 1843 inatvn’t
922 1787 1148 1841 ducebat
1190 1787 1242 1840 in
1287 1795 1446 1843 terra.
1484 1791 1537 1836 et
1581 1791 1730 1851 pater
1767 1764 2036 1851 monendo

461 1874 584 1912 eum
631 1859 948 1912 perducebat
990 1857 1056 1910 ad
1101 1857 1314 1912 etelum.
1354 1849 1628 1908 Imitentur
1667 1849 2035 1905 adolescentes

462 1919 662 1997 Joseph
708 1937 980 1992 sanctum,
1035 1928 1312 1996 pulchrum
1362 1938 1622 1994 corpore,
1675 1919 2032 1990 pulchriorem

1468 262 1699 322 SERMO
1748 261 1834 317 DE
1873 257 2196 316 TEMPORE
2235 257 2640 317 BABBARICO.

3607 255 3702 313 700

2130 385 2308 432 mente
2334 393 2348 429 :
2375 390 2535 446 quem
2557 373 2891 446 castiftfasnsic
2938 369 3265 446 possederat,
3313 378 3372 425 ιιι
3446 369 3704 427 irruentes

2129 447 2288 502 mina:
2324 443 2556 502 domina:
2594 443 2833 499 mulieris
2875 443 3152 513 impudicae
3195 451 3550 513 nonpossent
3583 458 3705 513 eum

2129 517 2350 582 violare,
2398 532 2496 571 nec
2536 524 2715 570 mente
2733 516 2770 580 ⁸,
2814 528 2914 568 nec
2952 511 3201 582 corpore,
3241 511 3390 581 cujus
3415 514 3530 581 jam
3577 512 3708 568 Deus

2131 587 2443 657 possederat
2484 593 2739 657 mentem.
2786 583 3331 657 Imitenturvirgines
3360 592 3710 657 saltemsalt-

2131 651 2268 711 ctam
2314 657 2522 712 Domini
2570 655 2654 710 sui
2692 652 2915 709 matrem
2953 651 3191 708 Mariam.
3240 651 3520 707 Imitentur
3547 652 3710 708 vidua:

2131 727 2431 796 religiosam
2467 725 2681 780 viduam
2725 727 2972 779 Annam:
3001 725 3275 796 imitentur
3317 733 3367 796 et
3416 722 3710 796 conjngata:

2133 793 2334 852 castam
2364 796 2682 852 Susannam.
2703 796 2865 864 Virgo
2890 804 3061 850 mater
3084 793 3224 863 quod
3248 793 3412 856 vovit,
3437 793 3710 862 implevit:

2132 868 2286 922 Anna
2312 867 2466 921 vidua
2514 868 2564 921 in
2596 867 2928 921 orationibus
2955 876 3009 920 et
3031 864 3250 934 jejuniis
3277 878 3445 934 usque
3473 864 3528 917 in
3561 865 3712 934 linem

2134 937 2582 1006 perseverantiam
2629 937 2838 991 tenuit:
2873 933 3118 990 Susanna
3163 942 3305 988 easta
3338 949 3434 1002 pro
3450 933 3714 1006 (pudicitia

2135 1003 2394 1078 conjugali
2424 1023 2588 1076 usque
2611 1007 2678 1061 ad
2706 1006 3000 1078 periculum
3033 1006 3230 1078 mortis
3260 1003 3510 1078 accessit.
3535 1003 3717 1058 Inten-

2136 1073 2266 1139 dité.
2297 1073 2612 1146 oonjugatm,
2647 1073 2817 1147 qualis
2851 1075 3003 1147 vobis
3031 1077 3189 1147 hujus
3217 1089 3247 1128 a
3274 1073 3550 1142 Scriptura
3575 1088 3716 1147 nsan-

2136 1156 2220 1202 cta
2270 1143 2492 1201 imitatio
2527 1143 2869 1216 proponatur.
2924 1146 3040 1201 Non
3095 1143 3238 1201 enim
3280 1159 3401 1198 eam
3440 1143 3713 1216 praedicat,

2137 1218 2277 1288 quod
2305 1216 2464 1272 fuerit
2488 1212 2642 1283 auro,
2672 1217 2957 1288 monilibus
2995 1217 3079 1288 vel
3105 1227 3254 1270 veste
3289 1212 3525 1288 pretiosa
3552 1212 3716 1288 forin-

2137 1284 2292 1342 secus
2320 1297 2552 1358 compta,
2599 1302 2721 1341 cum
2768 1287 2927 1342 fuerit
2961 1284 3520 1358 intrinsecus’pndore
3561 1285 3719 1339 casti-

2139 1359 2259 1411 tatis
2288 1355 2495 1412 ornata.
2519 1359 2776 1413 Omnibus
2796 1358 2955 1411 vitam
2977 1357 3211 1421 donavit,
3234 1356 3322 1424 qui
3347 1355 3516 1409 bonos
3545 1369 3718 1408 mores

2139 1429 2383 1482 instituit.
2431 1428 2718 1498 Propterea
2763 1443 2989 1497 namque
3020 1428 3134 1496 ipse
3175 1426 3254 1480 vir
3294 1426 3363 1480 de
3409 1424 3604 1498 femina
3645 1433 3717 1479 est

2140 1499 2284 1554 nasci
2306 1496 2571 1568 dignatus,
2602 1499 2725 1568 quia
2747 1499 2814 1552 ab
2839 1496 2953 1566 ipso
2983 1507 3205 1566 uterque
3227 1511 3388 1568 sexus
3419 1506 3500 1550 est
3520 1496 3718 1568 libera-

2140 1576 2246 1623 tus.
2275 1565 2436 1623 Multa
2470 1565 2719 1632 diximus,
2749 1565 3102 1623 intentissime
3124 1565 3380 1628 audistis,
3411 1565 3598 1633 epulas
3627 1565 3717 1618 do-

2139 1639 2363 1694 minicas
2410 1639 2761 1694 libentissime
2814 1638 3125 1694 comedistis
3163 1653 3177 1689 :
3225 1635 3504 1706 rependite
3552 1637 3715 1689 vicem

2141 1711 2490 1764 ministratori
2529 1717 2728 1777 vestro,
2766 1719 2824 1764 ut
2865 1709 2911 1764 si
2939 1724 3047 1764 non
3075 1707 3262 1774 verbo,
3307 1707 3496 1762 saltem
3523 1706 3710 1761 vestris

2141 1779 2471 1835 orationibus
2494 1794 2702 1850 pascar.

2206 1919 2225 1951 ι
2258 1917 2424 1977 Abest,
2439 1928 2529 1968 nec
2545 1921 2717 1980 mente,
2734 1917 2795 1967 ab
2818 1923 2890 1966 Er.
2911 1923 2964 1967 et
2985 1928 3014 1966 a
3030 1922 3139 1966 Mss.

469 2057 3706 2089 _______________________.—_—_————-————————-——

1770 2157 2382 2288 SERMO

1567 2368 1672 2428 DE
1709 2367 2085 2430 TEMPORE
2125 2366 2598 2430 BABBABJCO.

1919 2496 2284 2553 οςᾷὲἷῖιὲξεὶῐὲῦθ

531 2625 754 2683 CAPUT
800 2622 1082 2680 PRIMUM.
1121 2649 1192 2662 —
1230 2621 1282 2674 l.
1339 2615 1692 2692 Paenitentiam
1735 2617 2038 2692 amplecien-
2121 2617 2369 2692 viderint,
2401 2617 2847 2692 quemadmodum
2885 2619 2954 2674 ab
2987 2634 3308 2692 eonomnem
3351 2635 3505 2692 spem
3543 2625 3726 2680 salutis

462 2698 581 2774 dant
621 2713 745 2774 es_se,
791 2713 904 2750 cum
936 2695 1070 2748 Deus
1107 2699 1334 2774 prapter‘
1375 2697 1578 2774 accepta
1619 2688 1863 2774 παρέδυ-ιιι.
1911 2687 2036 2774 ξἰατ

498 2769 594 2822 ello
644 2758 740 2821 Dei
781 2781 952 2820 omnes
993 2758 1170 2818 merito
1205 2758 1428 2814 ‘conteri.
1476 2759 1741 2812 Admonet
1785 2758 2038 2813 Dominus

498 2786 594 2822 etto
644 2786 738 2821 uer
781 2786 952 2820 omnes
993 2786 1170 2818 menta
1222 2786 1428 2814 cuman.
1476 2786 1741 2812 nuuuuucs
1785 2786 2038 2813 uuuuuua

462 2786 604 2893 Deus
646 2847 848 2900 noster,
896 2850 1000 2890 non
1040 2847 1136 2888 nos
1163 2831 1357 2886 debere
1397 2829 1662 2899 negligere
1708 2836 1888 2882 nostra
1916 2843 2040 2900 pec-

465 2917 605 2970 cata,
655 2906 866 2977 quando
920 2905 1077 2977 talem
1135 2900 1875 2977 demonstrat_iram__suarn.
1921 2900 2040 2977 Ipse

465 2968 834 3048 quippe-juste
875 2975 1022 3048 punii
1072 2980 1382 3048 nocentem,
1414 2970 1536 3048 quia
1589 2968 1792 3022 nullum
1836 2969 2042 3048 invenit

461 3039 834 3131 pteniten'teml.
868 3039 1106 3131 Quoties,
1133 3041 1494 3131 diieciissimi,‘
1512 3039 1853 3131 intonuerunt
1882 3047 2040 3120 atque

464 3110 712 3172 intonant
751 3110 1107 3169 tuba—divinae
1133 3131 1146 3167 :
1171 3113 1316 3182 Agite
1341 3111 1728 3182 paenitentiam;
1763 3110 2041 3182 appropin:

499 3189 632 3241 uavit
661 3187 792 3240 enim
820 3185 886 3237 ad
923 3200 1008 3239 vos
1033 3178 1237 3254 regnum
1287 3178 1524 3254 caelorum
1551 3178 1762 3253 (Matth.
1799 3178 2040 3254 tv,_l7)?

518 3257 754 3312 telansis
790 3256 1006 3309 auribus
1034 3250 1230 3318 cordis,
1275 3251 1442 3321 magis
1483 3250 1765 3321 operantur
1798 3250 1957 3321 mala,
1987 3257 2042 3304 et

462 3327 692 3398 petimus
724 3334 779 3380 ut
804 3326 1018 3398 veniant
1041 3325 1194 3398 bon_a.
1224 3321 1328 3377 Sed
1355 3319 1536 3398 talium
1560 3319 1823 3398 judicium
1838 3319 2040 3398 justum

463 3389 594 3452 dicit
631 3412 750 3452 esse
789 3395 1091 3464 Apostolus.
1137 3393 1193 3446 ln
1221 3391 1451 3464 eoenim
1483 3391 1598 3464 ipso
1641 3389 1780 3458 quod
1812 3389 1933 3464 talia
1965 3404 2044 3444 sa-

462 3469 615 3538 piunt
640 3469 728 3536 qui
757 3459 1058 3538 talessunt,
1089 3480 1151 3518 ex
1184 3461 1336 3516 malis
1356 3459 1786 3538 operibusposse
1815 3473 1873 3514 se
1902 3459 2040 3513 bona

467 3530 764 3606 suscipere,
808 3535 1048 3590 obdurati
1088 3542 1230 3606 sunt,
1259 3531 1583 3606 paenitentia:
1611 3530 1782 3606 locum
1807 3543 1922 3606 non
1965 3545 2043 3584 re-

463 3598 699 3678 quirunt.
734 3598 1078 3678 Meritojnste
1103 3598 1344 3678 iudicati.
1376 3602 1464 3670 qui
1495 3616 1524 3654 a
1552 3599 1851 3668 semetipsis
1889 3598 2041 3678 inve-

465 3669 683 3732 niuntur
730 3691 848 3730 esse
889 3669 1142 3729 damnati.
1186 3673 1336 3727 Licet
1375 3669 1480 3724 non
1521 3685 1708 3723 omnes
1749 3676 1927 3737 tangat
1954 3669 2042 3724 hic

465 3757 656 3802 noster
682 3761 876 3806 sermo,
907 3761 1092 3800 omnes
1120 3751 1296 3796 tamen
1331 3741 1575 3809 astringit
1605 3753 1780 3793 sermo
1808 3739 2037 3805 divinus,

465 3819 652 3874 dicens
677 3834 689 3869 ε
719 3816 902 3870 Omnes
931 3816 1322 3874 declinaverunt,
1345 3811 1494 3864 simul
1516 3810 1717 3863 inutiles
1749 3809 1869 3878 facti
1889 3817 2043 3872 sunt;

464 3905 566 3942 non
612 3896 683 3941 cst
725 3888 810 3952 qui
857 3887 1009 3952 faciat
1059 3883 1262 3946 bonum,
1314 3897 1412 3934 non
1461 3889 1534 3934 est
1578 3895 1735 3947 usque
1779 3879 1848 3952 ad
1887 3895 2044 3932 unum

465 3957 638 4029 (Psal.
672 3948 789 4029 sin,
822 3948 900 4026 '5).
947 3953 1225 4029 Quomodo
1271 3965 1477 4029 omnes,
1511 3957 1575 4029 _et
1619 3948 2038 4029 quomodo_.non

465 4017 688 4083 omnes?
724 4017 1001 4093 Quomodo
1036 4039 1137 4077 non
1164 4017 1389 4093 omnes)?
1427 4021 1558 4086 Quia
1601 4027 1724 4093 sunt
1774 4017 1921 4093 multi
1951 4017 2043 4086 qui

467 4106 684 4165 gemunt
731 4089 782 4150 ot
822 4095 1002 4150 dolent
1047 4094 1116 4148 ob
1163 4092 1461 4165 iniquitates
1503 4104 1618 4165 qute
1660 4089 1787 4142 liunt
1828 4089 1880 4141 in
1925 4103 2040 4165 nie-

466 4158 556 4222 dio
592 4183 796 4229 eorum,
838 4166 1074 4220 volentes
1119 4158 1397 4223 resistere;
1439 4158 1534 4215 sed
1583 4160 1772 4212 timore
1814 4158 2042 4229 smculag

466 4240 606 4293 rium
637 4227 816 4292 rerum
860 4252 964 4290 non
1003 4233 1276 4297 audentes,
1321 4245 1458 4302 quasi
1496 4229 1668 4302 adhuc
1698 4229 1782 4284 vel
1804 4227 2042 4302 adipisci

467 4309 735 4363 desiderat
783 4307 1008 4360 humana
1059 4303 1309 4373 fragilitas
1327 4298 1466 4373 ,'Ave_l
1497 4301 1744 4373 amittere
1795 4298 2041 4353 formidat

468 4380 768 4434 infirmitas.
817 4375 1118 4432 Secundum
1142 4371 1204 4428 id
1234 4371 1372 4446 quod
1394 4371 1625 4446 _dolent,
1669 4384 2000 4446 non.omne_s
2025 4386 2040 4422 :

467 4450 757 4504 secundum
777 4447 913 4517 quod
942 4460 1051 4517 rem
1083 4460 1192 4517 non
1210 4440 1494 4517 timendam
1528 4443 1730 4517 timent,
1757 4440 1927 4517 o'ntnes
1952 4440 2041 4517 de-

468 4508 808 4581 clinavcrunt;
830 4515 983 4570 simul
1018 4515 1218 4568 inutiles
1261 4513 1380 4583 facti
1419 4521 1569 4583 sunt;
1597 4511 1719 4583 quia
1758 4511 1875 4578 plus
1903 4508 2044 4583 aesti—

468 4600 644 4643 matur
691 4578 848 4642 timor
893 4585 1140 4648 hominis,
1190 4578 1343 4653 quam
1395 4582 1552 4638 timor
1595 4578 1706 4653 Dei,
1753 4588 1806 4653 et
1855 4578 2042 4653 [llEDfe-

467 4668 595 4712 runt
625 4657 864 4711 homines
903 4669 989 4708 res
1027 4669 1157 4721 quas
1199 4649 1518 4721 acceperunt
1552 4666 1580 4703 a
1616 4650 1740 4721 Deo
1781 4649 1877 4718 ipsi
1907 4649 2040 4704 Deo.

469 4728 546 4783 Ne
598 4741 688 4780 eas
731 4727 878 4778 tollat
923 4720 1090 4775 malus
1138 4720 1714 4782 homo,'c0ntemuitur
1762 4721 1900 4772 Deus
1951 4735 2045 4784 per

469 4813 628 4868 quem
659 4795 828 4868 factus
857 4804 937 4848 est
963 4791 1140 4845 homo.
1170 4791 1367 4846 Vellem
1405 4803 1498 4868 vos
1523 4789 1845 4868 quidemqui
1871 4788 2044 4868 adhuc

471 4859 605 4922 tales
629 4866 777 4930 estis,
809 4873 861 4917 et
899 4877 1080 4916 amore
1107 4876 1280 4916 rerum
1317 4860 1647 4914 Stecularium
1675 4859 1886 4928 obligati
1909 4875 2043 4930 pec-

469 4937 713 4992 cantibus
752 4929 841 4987 aut
865 4933 1102 5004 parcitis,
1129 4940 1224 5004 aut
1251 4931 1466 5004 fovetis;
1495 4931 1682 4984 vellem
1713 4946 1806 5004 vos
1831 4929 2043 5004 quidem

469 5007 734 5076 aliquibus
789 4999 1252 5076 exhortationibtis
1295 5001 1609 5076 admonere,
1661 4999 1787 5076 quid
1837 4999 1920 5052 cui
1964 5000 2041 5052 rei

468 5070 781 5148 przeponere
831 5073 1068 5148 debeatis
1108 5089 1120 5124 :
1155 5071 1255 5134 nisi
1283 5087 1398 5148 “nos
1451 5070 1640 5124 fluvius
1693 5070 2043 5148 laerymarnm

467 5139 812 5214 compelleret
835 5144 1080 5214 plangere
1104 5157 1196 5214 eos
1219 5139 1306 5212 qui
1333 5148 1572 5214 peccant,
1595 5149 1648 5194 et
1676 5139 2044 5214 nolaniagere

467 5207 853 5289 pmnitcntiam'.
895 5207 1137 5289 Sifesset
1184 5207 1248 5265 in
1289 5207 1462 5289 nobis
1492 5211 1757 5289 humanus
1801 5207 2040 5272 affectus,

468 5279 513 5342 si
545 5298 687 5342 esset
715 5283 1099 5354 compassionis
1137 5297 1342 5354 sensus,
1373 5283 1528 5336 unius
1561 5279 1788 5354 hominis
1816 5287 2044 5354 mortem

467 5357 620 5424 ﬂere,
661 5348 853 5410 dolere
881 5369 952 5428 ac
972 5354 1222 5428 plangere
1259 5352 1576 5428 debereu'ins
1605 5367 1617 5402 :
1645 5348 1836 5428 quibus
1865 5349 2037 5418 lacry—

466 5429 571 5483 mis
589 5421 613 5489 .’
659 5441 766 5496 quo
816 5421 1047 5496 gemitu,
1091 5421 1280 5492 quibus
1330 5421 1622 5492 planctibus
1673 5421 2038 5496 exagitamur,

463 5491 797 5568 quandoaut
822 5491 1122 5568 'maximnm
1158 5491 1381 5568 partem.
1422 5500 1510 5545 aut
1540 5506 1676 5560 pene
1702 5498 1864 5568 totam
1901 5491 2042 5558 plan-

506 5571 642 5622 imus
667 5564 974 5622 civitatem?
1002 5560 1173 5633 Eget;
1196 5573 1277 5616 est
1306 5562 1522 5633 charos,
1549 5571 1604 5616 et
1633 5575 1762 5614 vena
1789 5560 1904 5633 ejus
1931 5575 2042 5633 ma-

488 5630 573 5692 um
599 5638 890 5698 renuntiat;
934 5630 1116 5688 omnes
1145 5633 1232 5702 qui
1263 5648 1384 5686 enm
1415 5631 1653 5699 diligunt,
1687 5632 1944 5702 aegrotant
1968 5630 2038 5682 si-

467 5708 577 5765 mul
612 5708 809 5762 animo.
856 5706 913 5762 Si
951 5720 1073 5759 eum
1111 5699 1175 5756 et
1207 5705 1258 5758 in
1299 5703 1412 5768 ipsa
1449 5702 1619 5757 vicina
1659 5711 1829 5757 morte
1863 5699 2037 5756 ridere

2145 2689 2376 2743 ablatam
2422 2691 2680 2764 sentiunt,
2715 2705 2969 2764 eumque
3003 2690 3187 2764 adhuc
3235 2689 3418 2746 vivum
3477 2701 3723 2764 tanquam

2146 2768 2416 2833 inor-tuum
2449 2761 2638 2814 merito
2677 2760 2974 2830 plangunt?
3002 2760 3143 2816 Inter
3171 2769 3342 2816 tantas
3371 2760 3658 2833 angustias
3681 2775 3728 2821 et

2148 2828 2200 2882 in
2238 2829 2354 2902 ipso
2382 2829 2486 2902 fine
2523 2828 2702 2884 rerum
2749 2828 2916 2898 posita
2955 2842 3039 2886 est
3065 2833 3309 2886 universa
3352 2828 3656 2902 provincia,
3681 2845 3728 2890 et

2146 2900 2382 2972 quotidie
2409 2900 2810 2972 frequentantur
2838 2903 3140 2970 spectacula
3166 2920 3178 2955 :
3210 2900 3424 2972 sanguis
3450 2900 3725 2960 hominum

2147 2970 2384 3038 quotidie
2421 2969 2658 3024 funditur
2705 2971 2756 3024 in
2801 2969 3020 3037 mundo,
3067 2982 3120 3027 et
3156 2969 3532 3028 insanientium
3573 2991 3728 3030 voces

2147 3042 2413 3113 crepitant
2437 3043 2486 3094 in
2507 3040 2670 3113 circo.
2699 3039 2744 3094 Ο
2767 3042 3008 3113 planctus
3024 3043 3167 3096 omni
3191 3042 3399 3097 tristitia
3425 3047 3725 3113 acceptior!

2149 3112 2454 3182 9_p|anctus
2479 3110 2624 3164 omni
2654 3112 2904 3182 maestitia
2946 3112 3191 3182 affligens
3218 3115 3342 3168 cor!
3390 3110 3724 3172 Libet—ﬂere.

2148 3179 2455 3255 Plangimus
2491 3182 2656 3246 enim,
2688 3181 3040 3255 dilectissimi,
3065 3179 3122 3238 et
3151 3183 3270 3238 illos
3295 3193 3348 3237 et
3371 3199 3499 3255 nos,
3522 3189 3652 3255 quia
3679 3195 3727 3242 et

2150 3265 2248 3322 nos
2275 3243 2418 3322 digni
2459 3243 2651 3306 sumus
2671 3253 2760 3321 qui
2788 3267 2908 3306 cum
2935 3243 3128 3307 talibus
3155 3255 3346 3308 merito
3371 3243 3722 3321 ﬂagellemur.

2147 3319 2255 3376 Nos
2269 3319 2432 3394 enim,
2463 3337 2581 3394 cum
2603 3319 2735 3394 alios
2751 3337 3060 3394 accusamus
3085 3323 3159 3394 (a)
3177 3339 3194 3389 ;
3213 3337 3400 3378 omnes
3427 3319 3722 3380 declinavi-

2148 3405 2287 3462 tnus,
2335 3391 2495 3445 simul
2554 3393 2768 3448 inutiles
2816 3393 2940 3446 facti
2993 3391 3196 3456 sumus,
3243 3409 3460 3462 prorsus
3508 3413 3714 3451 omnes.

2148 3460 2335 3532 Nullus
2363 3473 2445 3516 est
2483 3472 2800 3526 excusatus;
2831 3463 2952 3532 quia
2984 3465 3103 3517 talis
3136 3473 3218 3518 est
3237 3460 3420 3531 iudex,
3449 3475 3504 3519 ut
3537 3468 3715 3521 omnis

2147 3530 2309 3605 homo
2342 3532 2409 3605 ab
2438 3533 2528 3605 iilo
2558 3530 2856 3587 inveniatur
2898 3548 3043 3605 rens.
3072 3533 3198 3588 Cum
3235 3530 3376 3589 enim
3419 3533 3527 3588 Rex
3546 3537 3720 3605 justus

2146 3602 2328 3655 sederit
2352 3602 2403 3655 in
2427 3603 2623 3674 throno,
2645 3605 2756 3672 quis
2780 3603 3076 3674 gloriabitur
3095 3615 3286 3658 castum
3313 3621 3368 3659 se
3389 3602 3570 3660 habere
3600 3607 3724 3661 cor!

2147 3680 2232 3747 qut
2251 3674 2382 3747 auis
2390 3673 2684 3744 gloriabitur
2701 3673 2940 3727 mundum
2957 3690 3009 3727 se
3033 3690 3140 3728 esse
3157 3692 3188 3727 a
3203 3686 3404 3746 peccato
3426 3675 3611 3747 (Prov.
3638 3694 3720 3743 ιι,

2148 3742 2389 3797 8M9)?

2217 3744 2540 3868 ἕθλένθιιῑι
2574 3822 2788 3884 tempus
2805 3813 2929 3868 illud
2972 3815 3110 3883 quod
3153 3815 3394 3882 praedixit
3420 3815 3722 3881 Dominus:

2149 3881 2330 3945 Putas,
2349 3900 2463 3936 cum
2512 3881 2699 3938 venerit
2744 3883 2910 3948 Filius
2953 3881 3190 3949 hominis,
3232 3886 3444 3940 inveniet
3490 3887 3647 3951 ﬁdem
3677 3891 3724 3942 in

2149 3961 2289 4025 terra
2305 3952 2453 4025 (Luc.
2479 3970 2627 4019 xvnt,
2671 3954 2764 4024 8)?
2790 3955 2920 4020 Quis
2961 3953 3116 4009 habet
3159 3955 3359 4011 fidem?
3395 3957 3516 4024 quis
3559 3957 3726 4012 credit

2148 4023 2358 4095 verbis?
2388 4025 2617 4078 Audebit
2645 4023 2831 4094 aliquis
2854 4034 3090 4079 nostrum
3116 4029 3382 4095 assignare
3410 4023 3510 4080 sibi
3542 4027 3724 4094 fidem,

2147 4094 2359 4164 quando
2400 4095 2545 4148 audit
2574 4095 2850 4149 Dominum
2881 4095 3142 4150 dicentem
3181 4094 3450 4164 discipulis
3485 4115 3498 4150 :
3531 4097 3599 4151 Si
3635 4101 3725 4152 Ita-

2147 4163 2322 4235 lgeretis
2349 4164 2499 4232 fidem
2520 4167 2648 4218 sicut
2674 4182 2884 4235 granum
2912 4167 3122 4231 sinapis,
3145 4167 3370 4220 diceretis
3395 4168 3567 4220 arbori
3594 4171 3726 4234 huic,

2149 4233 2454 4296 Eradicare.
2507 4246 2552 4288 et
2593 4233 2822 4302 planlnre
2864 4237 2917 4288 in
2970 4237 3133 4299 mari;
3174 4247 3220 4289 et
3267 4237 3550 4292 obaudisset
3598 4233 3728 4293 vobis

2149 4302 2257 4371 (Id.
2280 4320 2416 4377 ιιι-ιι.
2446 4305 2540 4376 6)?
2568 4305 2696 4372 Quis
2724 4306 2820 4360 sibi
2857 4305 3072 4360 audebit
3099 4307 3368 4377 assignare
3398 4309 3540 4376 quod
3578 4311 3727 4363 faciat

2148 4375 2323 4446 omnia
2362 4375 2492 4444 qua:
2528 4377 2785 4446 przecepit
2822 4377 2998 4431 Deus?
3043 4375 3232 4442 Nemo;
3287 4375 3504 4446 prorSlts
3549 4396 3724 4434 nemo.

2147 4444 2523 4509 Prtediramus,
2556 4455 2610 4501 et
2638 4461 2740 4500 non
2770 4445 3026 4500 facimus:
3054 4448 3265 4512 auditis,
3289 4444 3367 4502 oet
3410 4447 3587 4503 facere
3626 4467 3725 4502 nou

2148 4515 2362 4576 curatis.
2396 4517 2578 4569 Merito
2615 4531 2800 4570 omnes
2842 4516 2942 4570 sub
2986 4515 3213 4586 ﬂagello,
3254 4526 3308 4572 et
3345 4517 3535 4571 dot-tor
3563 4530 3618 4573 et
3647 4519 3722 4572 fa-

2147 4593 2282 4655 ctor,
2310 4595 2362 4639 et
2383 4586 2594 4640 auditor
2621 4596 2674 4641 et
2698 4596 3046 4655 contemptor.
3080 4587 3366 4642 Studemus
3388 4589 3613 4645 invicem
3647 4605 3727 4643 re-

2148 4653 2500 4722 prehendere,
2532 4667 2585 4710 et
2612 4672 2714 4711 non
2742 4653 3017 4712 studemus
3044 4673 3204 4726 Opera
3231 4670 3409 4713 nostra
3435 4660 3720 4714 discutere.

2149 4726 2386 4795 Detrahit
2412 4728 2680 4794 proximus
2706 4728 2967 4795 proximo,
2996 4728 3225 4782 detrahit
3253 4730 3482 4784 clericus
3510 4731 3719 4792 clerico,

2147 4794 2379 4850 detrahit
2402 4796 2568 4868 laicus
2604 4794 2756 4851 laico.
2791 4798 2954 4852 Video
2978 4799 3189 4868 quidem
3219 4814 3278 4853 se
3315 4800 3541 4854 invicem
3569 4816 3725 4854 aecu-

2148 4875 2356 4938 sanies,
2410 4866 2504 4921 sed
2554 4869 2815 4922 neminem
2864 4866 3019 4922 video
3065 4869 3207 4938 juste
3248 4885 3308 4924 se
3357 4879 3718 4924 excusantem.

2150 4934 2520 5008 Unusquisque
2554 4939 2716 5003 enim,
2748 4934 3096 5002 dilectissimi,
3123 4941 3392 5007 proprium
3429 4955 3566 4993 onus
3594 4954 3720 5008 por-

2149 5013 2243 5078 tat.
2277 5005 2744 5078 Noliteidetrahere
2758 5012 3073 5076 alterutrum,
3101 5005 3299 5078 fratres,
3343 5013 3418 5064 ait
3450 5005 3719 5078 apostolus

2148 5074 2540 5150 J_acohns.nQui
2571 5080 2705 5150 enim,
2729 5079 2946 5132 detrahit
2974 5074 3119 5150 fratri
3155 5091 3244 5133 aut
3259 5074 3460 5148 judicat
3487 5074 3715 5150 fratrem,

2149 5147 2373 5222 detrahit
2402 5148 2500 5218 legi
2526 5159 2573 5222 et
2591 5149 2792 5222 judicat
2821 5147 2998 5222 legent.
3028 5151 3093 5222 Si
3127 5147 3293 5205 autem
3308 5147 3514 5222 judicas
3540 5151 3721 5222 legem,

2149 5233 2248 5298 non
2275 5235 2325 5298 es
2345 5218 2513 5298 factor_
2533 5220 2674 5289 legis,
2706 5220 2792 5273 sed
2810 5218 2994 5298 ju'dex.
3049 5220 3190 5298 Unus
3206 5230 3277 5276 est
3308 5218 3441 5298 enim
3471 5218 3724 5298 legislatar

2149 5295 2193 5340 et
2210 5289 2397 5361 judex,
2429 5291 2513 5361 qui
2539 5300 2695 5358 potest
2735 5292 2940 5361 perdere
2974 5301 3020 5344 et
3043 5293 3272 5345 liberare.
3314 5291 3391 5345 Tu
3424 5289 3582 5344 autem
3609 5291 3722 5357 quis

2148 5360 2553 5431 es,‘_quijudic_as
2583 5360 2868 5431 proximum
2896 5360 3096 5431 (Jacobi
3127 5378 3200 5422 tv.
3227 5363 3460 5430 H43)?

2218 5427 2446 5503 CAPUT
2469 5429 2529 5482 ll.
2653 5431 2703 5484 5.
2743 5427 3047 5485 Pwuitentia
3076 5433 3290 5503 agenda,
3323 5427 3720 5503 antequamsuc-

2147 5499 2344 5551 cidatur
2371 5501 2537 5552 arbor.
2584 5499 2692 5554 Nec
2715 5511 2886 5555 tamen
2931 5518 3090 5557 voces
3109 5499 3512 5557 'detrahenliunt
3553 5500 3720 5553 silen-

2150 5570 2277 5622 tium
2306 5581 2528 5638 possunt
2577 5571 2849 5639 imponere
2899 5574 3061 5626 verbo
3103 5572 3447 5628 Dci.C1antat
3486 5571 3566 5625 ille
3613 5585 3712 5639 per

2212 5703 2284 5768 (ιι)
2319 5710 2454 5753 Forte
2477 5702 2764 5763 addendum,
2784 5717 2866 5755 nos
2883 5716 3182 5754 excusamus.
