3904 6362
256 269 343 326 70f

254 457 416 525 quat-it
445 453 506 505 ad
539 447 628 525 eos
669 467 886 525 regnum
926 447 1039 525 Dei.
1072 447 1390 525 [\[ojite_esse
1427 447 1679 525 auditores
1708 447 1832 521 legis

256 517 453 584 inritum,
470 523 556 576 sed
575 517 801 591 factores
821 519 1020 591 (Jacobi
1028 535 1065 591 ι
1063 561 1077 580 ,
1103 517 1217 588 22).
1245 517 1423 591 acite
1437 520 1614 591 dignos
1636 517 1829 581 [ructus

251 594 556 661 paintentite.
578 589 720 645 Ecce
745 589 898 650 enim.
927 589 1360 661 ait_Eva_ngelista
1383 590 1611 661 ,_securis
1641 591 1707 642 ad
1730 608 1829 661 rra-

249 658 375 717 dices
401 665 637 715 arborum
669 661 834 730 posita
861 671 952 714 est.
984 658 1162 712 Omnis
1180 661 1312 712 enim
1340 658 1490 711 arbor
1515 677 1614 712 non
1636 660 1826 730 ﬁciens

255 736 452 801 fructum
481 729 691 796 bonum,
720 731 1004 801 mittetur,
1025 741 1070 801 et
1094 730 1147 782 in
1176 729 1342 801 ignem
1369 730 1591 801 mittetur
1611 729 1821 801 (.llattlt.

257 797 326 863 in.
349 803 402 862 ‘2.
427 802 459 856 8
485 813 530 853 et
560 801 673 869 10).
705 800 892 865 Video,
913 800 1100 868 inquit,
1120 797 1306 869 omnes
1325 797 1564 852 homines
1589 800 1824 854 diversas

260 875 478 933 arhmes,
512 867 717 924 fructus
743 872 903 924 etiam
934 867 1172 923 diversos
1200 867 1457 922 habentes
1487 886 1498 920 :
1529 871 1621 922 sed
1651 871 1822 924 bonus

263 943 438 997 fructus
481 942 743 1011 quaeritur
792 942 882 1009 qui
929 949 1126 1011 pascat,
1162 954 1266 1011 non
1307 939 1395 1008 qui
1439 949 1652 1011 pungat.
1687 939 1822 994 Sunt

261 1014 388 1066 enim
432 1008 748 1065 et'arbores
787 1008 1037 1077 spinosus,
1071 1009 1178 1076 igni
1206 1008 1491 1075 deputatw,
1526 1010 1715 1062 merito
1739 1011 1817 1063 in-

264 1083 546 1142 cendenda-,
571 1081 690 1150 quia
723 1082 772 1133 in
791 1082 870 1134 eis
899 1080 1070 1132 nullus
1098 1077 1300 1132 fructus
1317 1089 1396 1131 est
1417 1081 1626 1133 animm.
1661 1081 1819 1132 Puta-

263 1157 401 1211 tisnc.
426 1151 776 1211 dilectissimi,
801 1165 898 1204 nos
918 1164 1104 1202 onmes
1134 1151 1266 1201 tales
1293 1163 1492 1212 sumus,
1515 1150 1600 1218 qui
1624 1150 1674 1201 in
1705 1151 1818 1203 istis

263 1224 400 1274 malis
436 1237 524 1287 pro
567 1221 800 1288 peccatis
855 1221 1050 1273 no~tris
1092 1219 1294 1272 dimissi
1333 1219 1548 1271 sumus?
1599 1220 1817 1274 Exacuit

263 1292 469 1360 agricola
521 1291 743 1354 ferrum,
780 1298 1019 1358 amputat
1064 1288 1508 1360 inutile__lignum,
1549 1290 1811 1344 abscisum

263 1358 418 1415 servat
456 1361 702 1414 incendio
735 1359 1202 1413 concremandum.
1243 1358 1354 1412 Hoc
1402 1374 1541 1412 nunc
1583 1360 1753 1428 agitur
1782 1376 1812 1414 a

261 1447 372 1486 vero
391 1432 637 1500 agricola.
656 1430 921 1484 Videntur
940 1428 1152 1498 quidem
1181 1429 1277 1481 sibi
1309 1429 1429 1481 uiali
1446 1429 1627 1500 adhuc
1647 1442 1809 1493 stare,

258 1499 643 1555 adhuc’florere.
685 1501 938 1567 QuiSquis
979 1500 1095 1552 talis
1126 1516 1216 1560 es,
1251 1499 1486 1567 quiSqnis
1521 1500 1688 1551 malus
1728 1515 1807 1561 es,

258 1572 477 1640 quisquis
504 1571 697 1640 corrigi
736 1586 842 1623 non
889 1571 987 1631 vis,
1023 1585 1126 1622 non
1169 1578 1225 1640 te
1254 1569 1560 1622 consoletur
1589 1569 1810 1625 altitudo

258 1638 512 1710 tuaiquia
540 1638 711 1708 major
732 1650 781 1694 te
802 1648 1074 1710 exspectat
1101 1638 1622 1710 ruina,ampliorqne
1651 1641 1812 1710 susti-

254 1723 338 1765 net
362 1709 581 1764 ﬁamma.
610 1712 744 1777 Quia
792 1711 996 1763 securis
1027 1709 1140 1762 lucc
1178 1709 1243 1762 ad
1290 1717 1340 1761 te
1378 1709 1611 1762 nondum
1644 1709 1806 1773 venit,

252 1781 365 1835 ideo
391 1792 534 1848 putas
564 1790 614 1835 te
645 1795 803 1849 posse
823 1795 1034 1848 semper
1058 1779 1237 1839 stare?
1262 1794 1380 1832 cum
1413 1779 1591 1832 videas
1622 1781 1702 1834 vel
1725 1797 1810 1832 au-

249 1851 361 1904 dias
382 1853 505 1904 alias
523 1852 738 1905 arbores
767 1861 816 1904 te
843 1851 1127 1919 ampliores
1164 1849 1438 1919 cecidisse.
1471 1849 1620 1914 Quod
1652 1859 1701 1904 te
1723 1850 1810 1906 hic

247 1921 478 1989 agricola
505 1921 692 1984 differt,
715 1922 832 1989 ejus
855 1929 939 1974 est
968 1921 1252 1988 patientia},
1272 1935 1339 1973 ne
1358 1918 1491 1973 forte
1519 1920 1809 1975 intercedat

250 1991 396 2058 apud
439 2007 552 2044 eum
594 1992 736 2045 locus
779 1990 1128 2059 pmnitetttite.
1174 1989 1406 2043 Colonus
1439 1991 1580 2044 enim
1623 1990 1712 2044 ille
1755 1992 1805 2045 in

256 2059 563 2129 Evangelia,
588 2063 670 2130 qui
699 2060 1058 2114 intercedebat
1075 2074 1182 2130 pro
1205 2059 1415 2123 arbore,
1447 2075 1604 2129 quam
1631 2060 1806 2115 domi-

257 2145 365 2184 nus
410 2128 668 2185 eradicare
694 2131 914 2192 volebat,
945 2129 1086 2198 quod
1127 2128 1350 2183 fructum
1397 2128 1488 2196 per
1522 2130 1804 2185 triennium

259 2216 367 2253 non
398 2200 627 2263 haberet,
654 2201 814 2255 videte
837 2201 962 2269 quid
989 2202 1061 2252 ait
1086 2216 1099 2250 :
1128 2198 1360 2264 Domine,
1385 2199 1578 2253 dimitte
1598 2201 1738 2254 illam
1759 2213 1806 2255 et

255 2269 354 2323 hoc
373 2287 501 2323 anno
515 2286 539 2333 ;
556 2272 732 2337 [ariam
755 2272 799 2324 ei
824 2272 1031 2339 (ossam,
1055 2269 1319 2322 adhibeam
1339 2270 1608 2338 cap/tinum
1622 2281 1809 2325 sterco-

247 2341 322 2410 ris
346 2357 369 2394 :
391 2342 616 2409 sifecerit
638 2345 878 2410 fructum,
911 2341 1064 2404 bene;
1103 2341 1180 2393 sin
1205 2348 1392 2410 autem,
1428 2341 1655 2394 abscides
1695 2358 1806 2396 eam

245 2409 393 2478 (Luc.
427 2427 536 2472 xm,
560 2413 614 2476 8,
637 2409 716 2480 9).
740 2412 918 2465 Arbor
951 2411 1065 2464 lucc
1088 2409 1286 2464 sterilis
1302 2450 1315 2472 ,
1339 2424 1506 2479 genus
1534 2410 1803 2466 hominum

240 2489 323 2533 est
358 2496 456 2551 non
487 2482 685 2537 habens
725 2480 950 2536 fructum
1000 2481 1354 2551 pcenitentiae.
1388 2480 1640 2535 Dominus
1669 2481 1805 2551 ejus,

239 2550 477 2604 conditor
493 2553 610 2619 ejus
636 2562 737 2606 est.
765 2549 1089 2606 [intercessor
1106 2549 1260 2618 hujus
1284 2550 1509 2614 arboris,
1536 2549 1806 2618 apostolus

239 2619 432 2675 Paulus
451 2633 546 2674 est.
574 2621 728 2677 Unde
755 2620 1070 2691 probamus?
1087 2621 1222 2675 Audi
1245 2621 1294 2674 in
1319 2620 1544 2690 quadam
1572 2621 1804 2691 Epistola

242 2704 333 2743 sua
359 2690 802 2760 quemadmodum
833 2691 1194 2746 intercedebat
1232 2705 1329 2758 pro
1356 2691 1547 2760 talibus
1571 2709 1584 2744 ε
1607 2690 1800 2756 l’lecto,

247 2759 427 2830 inquit,
449 2779 606 2832 genua
631 2779 745 2815 mea
770 2781 816 2814 at
864 2762 1068 2832 Patrem
1098 2760 1302 2814 Domini
1326 2762 1483 2814 nostri
1513 2759 1638 2832 Iesu
1658 2760 1806 2817 Chri-

250 2834 332 2904 sti,
352 2841 398 2883 at
420 2831 498 2904 det
515 2833 650 2887 robis
671 2834 902 2886 virtutem
929 2831 1142 2904 (Ephes.
1171 2847 1247 2892 ιιι,
1269 2833 1303 2904 -1
1317 2832 1370 2904 ti,
1402 2832 1513 2904 16).
1549 2831 1659 2904 Hoc
1678 2848 1806 2904 cogo

251 2900 328 2972 eis
351 2903 564 2969 petebat,
583 2913 640 2956 ut
659 2900 966 2970 acciperent
981 2900 1120 2972 quod
1139 2917 1242 2955 non
1268 2902 1550 2955 habebant.
1576 2900 1801 2972 Faciam,

251 2969 429 3044 inquit,
453 2974 496 3025 ei
520 2978 731 3044 fossam,
768 2969 1032 3027 adhibeam
1056 2973 1326 3040 cap/tinum
1353 2974 1604 3044 stercoris.
1639 2971 1804 3027 Fossa

248 3039 390 3095 locus
423 3054 497 3096 est
520 3039 893 3097 humilitatis:
921 3039 1180 3111 cophinus
1227 3042 1500 3106 stercoris,
1554 3043 1804 3113 lacryuue

257 3121 378 3164 Sunt
399 3114 710 3178 paenitentis.
761 3114 930 3179 Quem
979 3114 1149 3166 locum
1177 3113 1221 3165 si
1259 3113 1376 3180 quis
1405 3115 1802 3180 contempserit,

265 3181 468 3248 amplius
488 3184 768 3238 sustinebit
797 3193 1138 3246 tormentum,
1161 3183 1372 3251 quando
1394 3182 1532 3235 illius
1559 3184 1806 3251 agricola:

257 3253 588 3308 acutissimum
617 3255 849 3310 senserit
876 3255 1274 3307 ferramentum.
1308 3253 1491 3321 Agite,
1520 3255 1662 3315 mali,
1695 3268 1808 3321 pm-

253 3321 536 3395 nitentiam;
563 3324 920 3395 eorrigimini,
962 3323 1104 3389 mali,
1147 3322 1270 3392 quia
1309 3323 1580 3378 vobiscum
1621 3324 1805 3394 flagel-

250 3390 418 3445 lantur
442 3403 491 3448 et
509 3395 648 3448 boni.

325 3461 529 3519 CAPUT
567 3465 648 3520 Ill.
677 3496 748 3505 —
777 3466 833 3520 4.
862 3466 1028 3531 Quare
1055 3464 1169 3518 boui
1193 3480 1305 3518 cum
1334 3463 1482 3516 malis
1507 3465 1800 3533 puniantur.

260 3528 409 3586 Dicet
449 3535 615 3603 aliquis
668 3555 682 3591 :
741 3537 796 3591 Si
851 3528 974 3588 mali
1023 3536 1210 3590 merito
1265 3528 1625 3603 ﬂagellantur.
1678 3536 1803 3590 b0ni

260 3614 423 3673 qttare
452 3605 556 3658 talia
577 3622 692 3660 cum
723 3606 879 3661 malis
903 3616 958 3660 et
1001 3620 1030 3658 a
1076 3605 1228 3658 malis
1263 3605 1564 3673 patiuntur?
1591 3605 1804 3671 Quare?

256 3671 387 3747 Quia
412 3677 681 3731 secundum
713 3676 998 3747 quemdam
1025 3675 1234 3747 modum
1261 3671 1510 3747 dicuntur
1538 3675 1688 3747 boni;
1713 3691 1804 3730 re-

250 3741 470 3796 condam
487 3757 654 3800 autem
673 3741 878 3801 rectum
893 3760 1182 3813 verumque
1198 3746 1414 3809 bonum,
1440 3745 1602 3798 Nemo
1625 3745 1802 3809 bonus,

251 3813 346 3866 nisi
367 3814 494 3866 solus
519 3815 653 3870 Deus
674 3816 826 3886 (Luc.
854 3833 999 3874 xvnt.
1026 3817 1135 3883 l9).
1170 3817 1310 3885 Ergo
1329 3825 1382 3880 et
1405 3817 1500 3886 ipsi
1522 3817 1666 3881 boni,
1685 3817 1804 3884 qui-

251 3895 466 3953 cumque
489 3896 608 3939 sunt
638 3885 783 3950 beni,
810 3903 913 3940 non
947 3887 1080 3939 tales
1106 3893 1250 3950 sunt,
1273 3887 1455 3953 quales
1470 3885 1663 3939 debent
1687 3901 1806 3941 esse

255 3950 420 4025 boni}
445 3971 542 4008 non
573 3958 715 4010 enim
765 3967 886 4011 sunt
935 3955 1222 4025 perfectum
1264 3950 1496 4020 bonum;
1530 3955 1806 4024 proﬁciunt

261 4023 386 4096 enim
414 4025 474 4078 de
499 4027 584 4080 die
606 4028 657 4080 in
680 4029 844 4082 diem.
862 4027 915 4082 Si
937 4023 1242 4096 proﬁciunt,
1267 4027 1448 4095 utique
1471 4023 1803 4080 exercitatio-

262 4093 402 4166 nibus
427 4097 724 4164 proﬁciunt.
755 4098 922 4152 Nemo
942 4093 1010 4150 se
1034 4097 1308 4166 jnstilicet,
1329 4093 1576 4164 tanquam
1598 4096 1706 4164 jam
1738 4097 1807 4151 sit

258 4163 519 4235 perfectus.
561 4168 795 4223 Recedat
833 4168 900 4222 de
930 4163 1106 4220 uredio
1131 4167 1273 4220 male
1312 4163 1630 4234 justiﬁcator
1663 4167 1807 4235 pela-

258 4233 445 4301 gianus,
471 4237 821 4291 eonfuudatur
857 4239 1139 4291 harretiens
1176 4237 1388 4290 arianns
1423 4254 1434 4287 :
1469 4235 1633 4289 Nemo
1662 4233 1804 4290 enim

261 4306 422 4377 bonus.
447 4308 541 4359 nisi
579 4310 718 4362 solus
763 4308 913 4362 Deus.
943 4308 1078 4373 Quid
1125 4307 1286 4377 ergo?
1316 4307 1564 4377 Christus
1587 4322 1691 4359 non
1725 4318 1808 4362 est

261 4371 424 4446 Dens?
452 4377 606 4432 Plane
635 4379 800 4432 Dens.
851 4380 922 4431 De
970 4371 1087 4445 ipso
1129 4371 1324 4446 quippe
1364 4377 1490 4430 dicit
1533 4376 1805 4445 Scriptura

261 4443 419 4514 divina
449 4464 462 4498 :
499 4447 594 4500 llic
614 4459 685 4501 est
714 4463 854 4502 verus
879 4443 1035 4513 Deus,
1059 4456 1104 4500 et
1138 4443 1238 4500 uita
1263 4443 1452 4500 teterua
1481 4448 1498 4514 (
1531 4447 1548 4500 l
1573 4443 1728 4501 Joan.
1752 4463 1804 4512 v,

263 4513 366 4586 29).
383 4516 504 4583 Quid
529 4519 759 4586 Spiritus
778 4528 1012 4583 sanctus,
1037 4534 1139 4570 non
1156 4528 1238 4571 est
1265 4518 1440 4572 Dens?
1463 4513 1622 4571 l’lane
1648 4519 1804 4572 Deus.

266 4580 726 4656 Unde'proba'mus,
757 4580 1006 4656 quoidam
1033 4597 1088 4642 et
1115 4587 1228 4656 ipse.
1251 4588 1419 4642 Deus?
1443 4587 1576 4640 Audi
1598 4588 1646 4642 in
1667 4589 1809 4642 Acti-

264 4653 353 4708 bus
379 4653 743 4724 Apostolorum
774 4653 986 4713 Petrqu
1031 4653 1250 4712 Anan-ite
1290 4658 1575 4713 fraudatori
1607 4659 1808 4728 impro-

264 4738 511 4792 peranlem
543 4729 817 4789 :Anauia.
854 4731 1041 4800 inquit,
1089 4746 1180 4782 cur
1221 4730 1440 4796 implevit
1465 4738 1686 4800 satanas
1722 4745 1809 4783 tor

269 4803 405 4869 unua,
429 4801 624 4852 mentiri
641 4811 690 4854 te
707 4800 845 4869 apud
876 4797 1120 4865 Spiritum
1154 4800 1420 4852 sanctum?
1450 4797 1566 4851 Non
1598 4816 1648 4851 es
1672 4815 1811 4853 men-

268 4865 368 4918 titus
383 4868 672 4934 houu'nibus,
701 4865 896 4922 sédDeo
919 4873 1052 4939 (Art.
1072 4871 1163 4932 v.3
1176 4879 1223 4923 et
1245 4869 1322 4937 4).
1352 4871 1485 4923 Ecce
1509 4879 1560 4922 et
1582 4870 1809 4938 Spiritus

268 4947 454 4991 sanctus
483 4939 640 4994 Deus.
676 4941 810 5010 Ergo
841 4941 1070 4993 Trinitas
1087 4949 1317 4993 nnusest
1337 4939 1478 5010 Deus
1513 4957 1524 4991 :
1550 4949 1602 4992 et
1628 4955 1808 4993 verum

270 5017 337 5075 est
358 5010 470 5075 quia
497 5027 642 5062 nemo
671 5008 849 5073 bonus,
874 5011 969 5064 nisi
991 5028 1120 5064 unus
1149 5010 1302 5063 Deus.
1334 5008 1599 5062 Paticntes
1616 5020 1804 5071 estote,

268 5072 400 5149 boni,
448 5091 501 5140 ut
547 5081 664 5134 sitis
702 5072 844 5134 vere,
868 5081 1031 5133 boni:
1065 5081 1324 5149 patientes
1352 5088 1522 5134 estote
1551 5096 1716 5148 usque
1744 5079 1810 5133 ad

267 5146 521 5202 adventum
579 5151 806 5204 Domini.
864 5146 1111 5204 Tolerate
1159 5151 1294 5202 mala
1343 5165 1460 5218 qua:
1504 5146 1739 5217 patimini
1781 5166 1812 5204 ιι

269 5219 398 5272 malis
427 5235 548 5273 cum
591 5222 776 5281 malis;
809 5220 928 5286 quia
959 5223 1056 5272 ista
1087 5221 1306 5274 leutatio
1325 5263 1337 5279 .
1373 5230 1544 5272 vestra
1573 5232 1652 5273 est
1681 5236 1810 5274 ριξη-

268 5287 480 5360 utinatio.
509 5290 565 5344 Si
592 5305 782 5343 aurum
805 5306 882 5352 es,
916 5291 1040 5360 quid
1068 5292 1221 5343 times
1251 5292 1479 5360 paleam,
1509 5291 1631 5360 quid
1659 5291 1813 5344 limcs

267 5355 453 5430 ignem?
471 5360 644 5415 Simul
666 5360 879 5428 quidem
903 5355 1053 5414 eritis
1084 5363 1132 5414 in
1165 5355 1407 5423 fornace,
1431 5355 1691 5430 sed-ignis
1719 5377 1808 5428 pa-

261 5426 419 5484 leasin
448 5433 659 5484 eineres
687 5426 864 5494 vertit,
901 5431 992 5485 tibi
1025 5431 1208 5485 sordes
1237 5432 1391 5485 tollit.
1414 5432 1468 5484 Si
1493 5426 1812 5484 frumentum

260 5513 325 5566 ὅ,
347 5501 467 5572 quid
489 5503 650 5555 times
670 5502 961 5572 tribulam?
996 5500 1112 5555 Non
1151 5502 1430 5572 apparebis
1456 5501 1627 5570 qualis
1658 5512 1813 5554 antea

259 5571 368 5627 eras
384 5574 434 5625 in
464 5573 637 5638 spica,
664 5571 765 5625 nisi
796 5571 987 5624 tribula
1017 5571 1340 5626 eonterendo
1360 5588 1389 5626 a
1417 5582 1467 5626 te
1487 5573 1816 5640 separaverit

313 5643 431 5696 leas.
472 5641 529 5697 Si
578 5641 762 5695 oleum
805 5656 895 5704 es,
939 5641 1066 5711 quid
1111 5642 1262 5696 times
1311 5657 1608 5710 pressuram
1641 5641 1815 5710 preli?

293 5729 353 5771 on
377 5711 740 5769 declarabitur
767 5711 975 5781 species
1007 5719 1118 5779 tua,
1139 5711 1236 5768 nisi
1264 5713 1420 5768 etiam
1446 5713 1652 5784 pondus
1679 5711 1807 5781 lapi-

1332 265 1561 324 SERMO
1587 266 1674 322 DE
1710 265 2029 324 TEMPORE
2067 264 2470 330 BXRBARICO.

252 384 435 444 bonos.
476 389 526 434 et
568 395 670 451 per
699 379 878 434 malos
905 376 1476 452 :_Agtte_ptenitentiam
1497 381 1829 452 ,Uuppropin-
1856 441 1868 452 ,

3406 288 3511 347 702

1943 379 2026 435 dis
2051 397 2080 436 a
2109 391 2158 436 te
2192 385 2517 451 separaverit
2542 398 2832 442 amurcam.
2862 386 3240 450 Verumtamen
3274 393 3502 451 interro-

1938 460 2028 574 fet
2053 466 2110 505 se
2139 468 2467 524 unaquaaque
2494 455 2689 520 anima.
2716 467 2771 513 et
2795 459 2970 516 videat
2995 462 3040 517 si
3063 461 3256 529 injuste
3287 469 3500 532 patitur.

1963 521 2243 574 ’roferalur
2286 534 2480 574 statera
2521 527 2752 574 ἰιιςιὶιίιιι-
2795 531 3122 574 annondatnr
3147 549 3295 574 nmnr
3327 540 3500 574 inn-"II

1963 521 2480 598 ’roferalur'stafera
2515 527 2754 598 jttstitizc,
2795 521 3298 598 appendatur'amor'
3327 521 3507 593 rutundi

1936 606 2056 644 cum
2111 607 2294 672 amore
2337 595 2471 672 ρει,⁸
2497 597 2615 650 vide
2647 595 3089 672 quemadmodum
3138 606 3507 672 pra-panderet

1935 675 2085 738 amor
2113 663 2312 738 mundi.
2340 665 2644 738 Proferatur
2664 663 2940 736 speculum
2967 663 3261 738 Scriptura:-
3281 675 3498 734 divintc.

1935 732 2218 810 Speculum
2264 734 2363 788 hoc
2411 736 2672 810 neminem
2701 732 2879 808 palpat
2918 759 2930 794 :
2958 732 3127 810 qualis
3154 758 3232 809 es,
3261 746 3415 800 talem
3445 732 3505 804 te

1935 800 2024 887 tibi
2055 802 2428 887 ‘dcﬂmnstrat.
2453 800 2716 887 'lnlc’nde'
2744 800 2805 864 ρι’
2833 800 2989 887 vide;
3014 820 3070 865 et
3099 813 3142 866 si
3183 800 3264 867 est
3303 800 3498 887 aliquid

1931 872 2070 944 quod
2097 872 2352 944 offendat,
2382 875 2464 929 abi
2483 876 2756 942 COIIfllsUS,
2781 889 2833 932 et
2853 880 2963 935 redi
2984 891 3274 944 correctus.
3307 872 3496 941 Annon

1928 942 2288 1017 confunderis,
2321 955 2373 1017 ct
2423 946 2472 999 in
2515 948 2663 1001 malis
2691 949 2790 1001 tuis
2815 942 3166 1017 gloriaberis?
3205 953 3320 1009 Eris
3350 959 3489 1010 enim

1929 1010 2220 1089 perfectum
2272 1015 2486 1089 malum.
2534 1033 2634 1071 non
2679 1010 3062 1089 qualEcumque
3105 1020 3322 1077 bonum.
3355 1025 3497 1081 Talis

1926 1091 2030 1134 non
2064 1083 2141 1137 vis
2171 1083 2416 1162 flagellari
2445 1102 2562 1162 eum
2606 1083 2830 1162 mundo,
2870 1083 3301 1162 a_utjﬂagellatns
3345 1110 3494 1147 mur-

1925 1165 2110 1231 pturas
2128 1154 2226 1231 sub
2248 1153 2452 1231 ﬂagello
2469 1157 2491 1208 ‘.’
2511 1156 2675 1231 Serve
2699 1160 2854 1231 male.
2873 1159 3053 1231 fecisti
3074 1153 3219 1230 quod
3242 1163 3496 1218 Dominus

1919 1221 2112 1312 jpssit?
2140 1221 2544 1312 Ne‘vqnpnlnrcs,
2578 1227 2914 1312 listahlla‘gclla
2947 1231 3036 1285 tibi
3077 1221 3200 1312 ante
3231 1232 3491 1312 praedixit:

1923 1240 2110 1286 jussu!
2140 1240 2217 1276 ne
2239 1240 2295 1274 va
2341 1240 2544 1292 utnrcs,
2589 1240 2684 1281 Ista
2715 1240 2914 1283 llauclln
2947 1240 3036 1285 ttbi
3077 1240 3200 1286 ante
3231 1240 3491 1299 praedixit.

1923 1290 2052 1370 Quis
2075 1291 2272 1370 jussit?
2302 1240 2745 1370 Bominusjussit,
2771 1272 2988 1355 (ircator
3015 1308 3134 1356 tuus
3155 1302 3330 1370 jussit.
3357 1303 3492 1369 Quid

1915 1362 2108 1428 jussit?
2133 1363 2230 1428 Qui
2245 1373 2412 1442 amat,
2435 1367 2624 1442 inquit,
2642 1380 2832 1442 patrem
2856 1380 2946 1442 aut
2979 1362 3186 1442 matrem
3212 1372 3325 1442 plus
3344 1362 3493 1442 quam

1921 1447 2017 1508 me,
2045 1448 2142 1484 non
2159 1441 2338 1508 estote
2362 1436 2564 1508 dignus.
2590 1438 2722 1492 Ecce
2745 1441 2866 1508 quid
2889 1439 3062 1508 jussit.
3089 1436 3221 1504 Aut,
3245 1441 3344 1508 Qui
3355 1436 3494 1495 amat

1919 1500 2083 1580 [ilium
2098 1512 2183 1580 aut
2195 1504 2352 1569 filiam
2378 1500 2491 1580 pius
2502 1522 2649 1580 quam
2669 1500 2776 1580 tne;
2786 1500 2975 1563 non-est
2991 1527 3066 1564 me
3078 1500 3291 1580 dignusw(
3301 1511 3488 1566 Matth.

1919 1572 2111 1652 x,-57).
2146 1573 2280 1626 Ecce
2306 1572 2428 1642 quid
2455 1577 2742 1652 jussittljlt
2767 1582 2884 1652 quis
2905 1591 3004 1652 est,
3037 1572 3236 1647 inquit,
3267 1572 3351 1652 qui
3382 1583 3492 1638 odit

1916 1649 2120 1720 patrem
2149 1651 2237 1720 aut
2267 1653 2485 1720 matrem
2517 1649 2791 1720 auttilios?
2811 1648 2919 1702 Nec
2946 1651 3031 1704 ille
3055 1652 3170 1706 illos
3185 1648 3330 1705 odire
3358 1669 3492 1720 pra:-

1916 1711 2096 1790 ecpit__:
2127 1712 2221 1765 sed
2267 1714 2348 1790 vel
2393 1727 2645 1790 quantum
2693 1719 2828 1790 illos,
2864 1727 3061 1790 tantum
3107 1736 3163 1775 se
3191 1722 3332 1790 diligi
3358 1711 3494 1789 'jus-

1915 1779 2002 1834 sit.
2037 1780 2164 1835 Plus
2202 1779 2423 1860 quidem
2440 1786 2699 1860 debueras
2728 1779 2944 1860 diligere
2968 1779 3312 1860 Creatorem:
3325 1779 3483 1860 quam

1913 1861 2244 1929 creaturam;
2292 1853 2384 1908 sed
2415 1856 2482 1929 _si
2527 1872 2631 1929 non
2674 1853 2846 1913 vales'
2863 1859 3128 1929 pra'ferrc,
3172 1853 3355 1914 saltem
3406 1863 3488 1917 vel

1913 1934 2123 1998 aequare
2147 1921 2551 1998 dignareaVere
2581 1927 2715 1998 ﬁlios
2741 1921 3140 1998 tuos'diiigercs,
3165 1931 3207 1984 si
3223 1931 3486 1986 Christum

1915 1990 2036 2066 ﬁliis
2063 1990 2358 2066 prmferres,
2393 1994 2640 2064 ipsosque
2670 1997 2804 2051 ﬁlios
2834 1999 2929 2066 ipsi
2949 1990 3326 2054 committeres.
3349 2001 3488 2058 Vere

1915 2059 2191 2139 ﬁliostttos
2214 2059 2482 2139 diligere-2s,
2520 2059 2566 2139 si
2603 2068 2798 2139 in_ipso
2836 2059 2952 2123 illos
2981 2069 3243 2137 diligcres,
3277 2073 3363 2139 qtti
3393 2088 3488 2127 eos

1915 2131 2006 2185 tibi
2034 2131 2257 2209 deditut
2281 2132 2486 2209 diligas.
2517 2137 2596 2209 An
2622 2131 2740 2209 ideo
2759 2153 2858 2209 eos
2879 2131 3334 2208 videris‘diligrre’,
3364 2143 3487 2209 quia

1911 2215 2096 2276 eorum
2125 2203 2481 2276 voluptatibus
2523 2205 2708 2260 faves?
2749 2208 2912 2270 Audis
2949 2203 3394 2276 blaspheniautes,
3432 2220 3488 2266 et

1913 2271 2174 2346 patienter
2201 2271 2334 2337 fers,
2357 2274 2674 2340 Christiane,
2702 2279 2842 2346 quod
2867 2293 2958 2332 rex
2996 2271 3488 2334 Nabuchodonosor

1912 2342 2202 2416 alienigena
2230 2359 2332 2416 non
2359 2346 2525 2416 potuit
2553 2342 2836 2416 sustinere,
2869 2347 3052 2402 dicens
3082 2365 3093 2400 :
3120 2348 3181 2403 Si
3205 2350 3313 2416 quis
3342 2350 3486 2403 dixe-

1911 2413 1974 2490 rit
2003 2411 2440 2490 blasphemiarum
2466 2413 2626 2490 Deum
2657 2411 2894 2490 Sidi-nell,
2925 2417 3085 2490 )l_l_is_ac
3111 2411 3478 2490 etAA'bdenago,

1910 2481 1963 2534 in
2003 2482 2256 2556 interitum
2300 2485 2390 2536 erit
2421 2483 2598 2556 (Dan.
2648 2502 2722 2549 In,
2765 2490 2833 2540 96
2860 2486 2901 2556 ).
2942 2486 3104 2541 Vides
3150 2481 3485 2556 frequentare

1912 2553 2232 2618 spectacula,
2265 2562 2317 2605 et
2341 2553 2443 2609 non
2468 2570 2702 2608 revocas.
2735 2553 2893 2610 Vides
2923 2553 3268 2622 luxuriantes,
3298 2569 3348 2612 et
3378 2567 3495 2613 non

1911 2622 2517 2698 verberas._Ncc_potes_
2545 2634 2594 2679 te
2635 2625 2790 2698 talem
2831 2626 3090 2698 exhibere
3127 2638 3347 2696 patrem,
3393 2630 3482 2698 qui

1919 2703 2135 2762 paratus
2160 2694 2234 2747 sis
2265 2694 2679 2762 indisciplinatos
2715 2697 2849 2750 lilins
2890 2699 2970 2750 \‘cl
3011 2694 3352 2752 exhzrredare
3400 2694 3484 2754 vel

1911 2763 2160 2830 abjicere,
2190 2779 2308 2816 cum
2351 2773 2561 2831 paratus
2605 2781 2722 2819 esse
2768 2767 3480 2822 debuerassirntAbraham

1910 2835 2068 2906 etiam
2102 2833 2262 2906 ﬁlium
2297 2835 2586 2887 immolare.
2610 2836 2802 2906 Omnis
2827 2839 2966 2891 enim
2993 2837 3079 2906 qui
3111 2839 3332 2892 ﬁliorum
3369 2847 3482 2892 tru-

1911 2903 2053 2975 cidat
2088 2905 2430 2975 voluptates,
2486 2904 2802 2960 sacriﬁcium
2859 2909 2961 2962 tale
3009 2903 3166 2975 quale
3217 2908 3482 2963 Abraham

1910 2973 2066 3027 offert
2083 2974 2209 3028 Dro.
2244 2972 2346 3026 Sed
2364 2975 2485 3027 dum
2515 2977 2606 3040 ista
2633 2993 2734 3029 non
2761 2977 2909 3040 ﬁunt,
2940 2988 2991 3030 et
3020 2972 3104 3031 bis
3134 2979 3367 3034 moribus
3392 2979 3487 3034 de-

1913 3045 2142 3114 pravatis
2164 3043 2299 3097 male
2325 3047 2644 3111 nutriuntur,
2672 3049 2756 3114 qui
2789 3049 2888 3101 isto
2917 3047 3111 3100 mundo
3141 3059 3376 3109 tttuntnr,
3403 3050 3483 3102 la-

1909 3112 2038 3166 helit
2081 3114 2328 3178 mundus,
2363 3112 2774 3187 necimmerito
2819 3120 2891 3172 ait
2927 3119 3178 3187 propheta
3213 3135 3226 3168 :
3259 3118 3485 3187 Dte/luxit

1912 3193 2063 3256 terra,
2094 3194 2140 3237 et
2158 3201 2325 3236 onum
2354 3185 2687 3239 inhabitantes
2713 3187 2766 3239 in
2786 3203 2846 3240 ea
2873 3189 2888 3256 (
2911 3185 3036 3242 lsui.
3068 3204 3216 3248 XXIV,
3241 3189 3274 3241 4
3301 3185 3343 3254 ).’
3367 3188 3481 3243 Non

1911 3254 2189 3321 quiescunt
2219 3269 2383 3323 usque
2423 3270 2561 3308 nunc
2605 3254 2935 3311 murmurare
2979 3258 3237 3318 homines,
3269 3258 3484 3313 laudare

1913 3333 2152 3392 tempora
2210 3325 2513 3392 pra-terita,
2573 3340 2822 3380 accusare
2877 3337 3111 3394 tempora
3171 3326 3480 3388 christiana.

1913 3394 2096 3462 Magna
2128 3403 2278 3447 erant
2307 3403 2542 3462 tempora
2577 3404 2782 3462 patrum
2826 3407 3160 3461 nostrorum,
3191 3397 3372 3452 dicunt
3407 3416 3420 3452 :
3447 3413 3484 3452 ο

1910 3479 2067 3535 quam
2096 3465 2230 3517 bona
2256 3475 2488 3535 tempora
2519 3465 2812 3535 habuerunt
2839 3477 3011 3535 patres
3037 3467 3200 3520 nostri
3228 3469 3240 3520 !

1979 3533 2202 3590 CAPUT
2232 3534 2316 3588 IV.
2343 3565 2413 3574 ——
2441 3536 2503 3591 5.
2528 3534 2659 3588 Vitia
2685 3533 2888 3605 quisque
2901 3538 2952 3590 in
2976 3537 3077 3591 suis
3103 3538 3304 3605 castiget
3324 3545 3369 3588 et
3387 3554 3482 3602 pu-

1911 3605 2015 3658 niat
2041 3605 2266 3677 eaeinpla
2305 3616 2539 3659 veterum.
2569 3605 2670 3660 Sed
2701 3607 2871 3660 videte
2898 3623 3016 3677 qua:
3049 3607 3268 3662 fecerint
3309 3615 3483 3676 patres

1912 3676 2097 3729 nostri.
2125 3676 2350 3730 Phincos
2375 3677 2758 3730 sacriﬁcantem
2787 3676 2955 3730 virum
2987 3677 3139 3731 idolis
3164 3693 3320 3730 manu
3352 3693 3476 3744 pro-

1951 3747 2024 3798 ria
2049 3745 2290 3814 peremit,
2311 3756 2365 3799 ut
2393 3746 2623 3814 placaret
2667 3747 2796 3799 iram
2839 3747 2929 3802 Dei
2960 3749 2977 3815 (
3015 3747 3177 3800 Num.
3215 3763 3343 3817 xxv,
3376 3750 3408 3802 8
3438 3747 3480 3817 ).

1951 3761 2024 3798 rta
2049 3761 2365 3814 perenut,ut
2393 3761 2623 3814 placaret
2667 3762 2796 3799 Iram
2841 3761 2929 3802 uel
2960 3761 2975 3815 ί
3015 3761 3177 3800 tvum.
3215 3763 3343 3809 xxv,
3376 3761 3408 3802 ὅ
3438 3761 3480 3817 ).

1911 3761 2118 3887 Eloyses
2170 3817 2420 3886 populum
2471 3817 2836 3880 oberrautem,
2887 3818 3208 3885 vitulumque
3268 3816 3480 3874 fusilcnt

1911 3886 2244 3951 adorantem,
2275 3888 2343 3940 ita
2371 3898 2516 3940 certa
2545 3888 2920 3941 emendatione
2942 3889 3212 3953 coercuit,
3240 3899 3293 3941 ut
3322 3903 3479 3942 unam

1913 3958 2107 4009 tribum
2147 3973 2175 4009 c
2213 3956 2490 4011 duodecim
2522 3957 2586 4010 ad
2617 3973 2674 4011 se
2711 3973 2937 4023 vocans,
2969 3973 3084 4026 qum
3127 3959 3272 4026 scqui
3315 3958 3482 4012 voluit

1914 4027 2100 4090 Deum,
2131 4037 2449 4095 przeceptnm
2498 4029 2576 4080 eis
2603 4028 2786 4091 daret,
2834 4035 2890 4081 ut
2926 4029 3156 4095 acceptis
3192 4028 3380 4094 gladiis
3430 4029 3480 4081 in

1912 4099 2158 4150 manibus
2208 4099 2316 4150 suis
2363 4097 2474 4166 ﬁlii,
2499 4107 2831 4164 percuterent
2863 4107 3125 4163 parentes,
3159 4110 3208 4151 et
3237 4109 3484 4166 parentes

1912 4166 2216 4236 occiderent
2245 4166 2380 4220 ﬁlios
2409 4165 2599 4235 (Exod.
2625 4183 2805 4236 xxx",
2835 4167 3045 4236 9.628).
3069 4165 3251 4220 Nullus
3275 4183 3366 4222 eos
3397 4183 3484 4222 re-

1910 4236 2114 4290 vocavit
2137 4235 2379 4300 afl'eetus,
2421 4237 2596 4288 nullus
2623 4235 2931 4290 humanitati
2963 4235 3258 4290 reservatus
3285 4248 3365 4289 cst
3398 4240 3478 4289 lo-

1912 4322 2039 4369 cus;
2070 4307 2190 4372 quia
2221 4307 2381 4358 timor
2409 4317 2462 4360 et
2485 4321 2637 4358 amor
2662 4306 2749 4360 Dei
2776 4321 2882 4374 pra:
2921 4308 3063 4360 muni
3092 4306 3480 4360 desideriorum

1911 4377 2202 4432 carnalium
2243 4391 2424 4429 amore
2452 4375 2742 4429 ferebatur.
2778 4376 2966 4444 Jepltte
2993 4385 3049 4429 ut
3079 4376 3260 4429 hostes
3290 4376 3390 4428 diis
3416 4393 3482 4429 ac

1913 4446 2241 4501 dtcmnnibus
2268 4446 2602 4499 immolantes
2641 4455 2950 4514 superaret,
2985 4447 3191 4499 unicam
3227 4445 3382 4498 ﬁliam
3430 4447 3481 4500 in

1913 4515 2173 4570 sacriﬁcio
2199 4515 2382 4586 dedit(
2413 4515 2586 4568 Judic.
2621 4532 2669 4568 ιιι
2701 4518 2738 4586 ).
2768 4516 2988 4570 Samson
3018 4531 3137 4570 cum
3167 4527 3351 4584 gentes
3371 4515 3484 4568 da:-

1914 4587 2228 4650 monicolas,
2258 4587 2452 4639 virtute
2491 4602 2647 4653 quam
2677 4605 2707 4640 a
2736 4587 2844 4640 Deo
2874 4603 2923 4638 ιιι
2955 4587 3130 4654 capite
3173 4595 3482 4652 acceperat,

1913 4658 2112 4712 diutius
2141 4658 2292 4711 bellis
2317 4666 2617 4710 contereret
2643 4667 2799 4724 atque
2828 4655 3094 4726 fatigaret,
3128 4656 3483 4723 seductusque

1913 4741 2096 4798 postea
2139 4743 2233 4796 per
2278 4727 2575 4790 mulierem,
2608 4731 2788 4780 oculos
2831 4727 3092 4798 simulque
3121 4727 3471 4798 virtutentea-

1916 4796 2038 4868 pitis
2068 4798 2398 4868 perdidisset,
2419 4807 2758 4866 posteaquam
2789 4798 3035 4866 cognovit
3061 4797 3110 4868 in
3142 4796 3485 4868 opprobrium

1915 4867 2078 4924 Suum
2099 4885 2284 4924 omnes
2309 4869 2423 4922 illos
2464 4870 2774 4922 convenisse
2818 4868 2882 4921 ad
2927 4867 3177 4936 templum
3227 4867 3486 4921 idolorum
3555 4884 3564 4888 ·

1916 4956 2031 4995 sum
2048 4956 2154 5002 um,
2181 4954 2378 5008 eosque
2401 4937 2734 5006 magniﬁcare
2761 4937 2889 4991 deos
2920 4953 3064 5005 suos,
3092 4937 3231 5006 quod
3260 4937 3336 4990 eis
3381 4947 3488 4989 tra-

1917 5011 2158 5065 diderant
2198 5009 2512 5062 acerrimum
2545 5009 2812 5062 inimicum
2843 5022 3032 5069 suum,
3059 5023 3179 5061 cum
3206 5016 3484 5061 crescente

1917 5095 2068 5134 coma
2109 5081 2294 5148 capitis
2324 5079 2437 5147 ejus
2470 5081 2517 5132 ei
2548 5078 2801 5132 crevisset
2827 5087 2881 5132 et
2910 5078 3094 5144 virtus,
3144 5093 3174 5130 a
3207 5093 3371 5147 puero
3398 5077 3490 5145 qui

1918 5151 2016 5205 sibi
2048 5150 2295 5203 ducatqu
2326 5148 2608 5218 praebebat,
2644 5159 2699 5202 ut
2722 5149 2819 5202 sibi
2843 5164 3056 5202 manum
3081 5150 3367 5218 porrigeret
3399 5160 3494 5218 pe:

1920 5221 2019 5282 tiit,
2044 5235 2209 5288 seque
2234 5220 2297 5273 ad
2328 5215 2457 5273 illud
2499 5220 2751 5286 templum
2782 5219 2901 5272 duci
2934 5215 3189 5288 poposcit.
3229 5215 3308 5270 Ad
3349 5215 3491 5284 quod

1919 5306 2040 5344 cum
2071 5291 2417 5358 pervenisset,
2449 5289 2721 5346 columnas
2765 5288 2896 5342 duas
2918 5330 2933 5353 ,
2965 5303 3139 5358 supra
3161 5301 3294 5356 quas
3323 5295 3489 5358 totum

1921 5361 2046 5416 illud
2074 5357 2374 5413 'a-dilicium
2412 5358 2698 5421 ferebatur,
2731 5359 2949 5428 singulis
2985 5357 3227 5412 manibus
3260 5357 3478 5428 singula:

1920 5430 2342 5501 apprehendens,
2370 5432 2517 5483 ruina
2547 5445 2606 5501 se
2633 5428 2788 5483 simul
2817 5425 2870 5482 et
2899 5429 3016 5501 illos
3043 5428 3205 5501 voluit
3245 5425 3490 5501 opprimi,

1921 5497 2192 5555 uelaudes
2221 5500 2521 5553 dauuonum
2569 5500 2619 5553 in
2649 5498 3024 5553 contumeliam
3067 5498 3156 5551 Dei
3196 5497 3276 5550 sui
3301 5513 3328 5547 ιι
3357 5510 3494 5562 quo-

1922 5586 2078 5640 quam
2113 5570 2336 5624 libentcr
2363 5579 2628 5640 pateretur
2647 5569 2816 5640 audiri
2847 5565 2957 5637 (Id.
2987 5566 3120 5633 svi).
3153 5565 3336 5640 Daniel
3367 5579 3434 5640 ire
3465 5579 3492 5616 a

1923 5634 2048 5710 rege
2074 5640 2289 5695 homine
2318 5634 2628 5708 petitionem
2653 5634 2896 5710 aliquam
2912 5644 3175 5710 posceret,
3207 5634 3356 5710 seda
3387 5635 3498 5688 Deo

1927 5704 2069 5780 viro,
2090 5711 2179 5782 qui
2206 5704 2418 5781 praeénat
2449 5710 2624 5763 omnia
2662 5704 2791 5763 sum
2820 5705 2958 5769 suis,
2987 5705 3226 5760 leonibus
3247 5704 3497 5775 jejunum
