3904 6362
552 197 656 254 707

552 307 785 368 surrexit
812 323 825 360 :
857 304 1044 362 cecidit
1076 308 1406 372 persecutor.
1436 304 1645 372 erectus
1675 305 1756 349 est
1787 293 2121 372 praedicator.

555 362 631 437 lii
652 362 974 435 Christianis
1023 362 1290 429 Christum
1341 368 1603 439 persecuti
1647 375 1769 439 sunt
1790 362 1950 439 reges
1986 380 1999 415 :
2033 362 2126 417 sed

552 435 775 508 inultum
805 450 883 502 eis
923 446 1304 515 prmstiterunt,
1336 435 1549 515 quando
1588 438 1827 515 membra
1863 435 1929 488 ad
1971 440 2131 515 caput

552 503 706 577 stium
740 503 985 572 velociter
1008 503 1537 568 trausierunthemo
1560 508 1681 561 talia
1710 503 1921 571 damna,
1953 503 2130 577 qualia

555 573 896 657 [ﬁIViingerit
948 584 1158 657 Christo
1193 601 1204 635 :
1236 583 1442 657 animus
1492 578 1634 657 enim
1672 578 1953 657 multorum
1984 573 2132 657 cupis

556 643 877 724 iiitirlicbre,
906 672 999 726 pro
1027 650 1473 726 quibus_Chris_tus
1504 651 1557 726 in
1585 663 1744 726 etirne
1765 646 1909 700 venit
1938 643 2131 726 occidi.

552 714 1144 791 Errtibesce,'erubesce
1169 764 1184 788 ,
1220 722 1489 777 lueretice.
1522 718 1658 785 Quid
1691 714 2020 791 iteras_quod
2050 728 2136 767 se-

551 803 654 854 mel
700 786 891 853 datur?
922 798 977 849 in
1012 786 1262 849 membris
1287 794 1399 847 suis
1441 792 1549 859 jam
1574 794 1713 843 intus
1738 798 1821 859 est
1844 786 2087 859 Christus
2117 824 2131 849 ,

552 872 659 924 noli
700 870 751 924 in
789 868 902 923 istis
945 864 1303 935 ipsum,velle
1334 854 1718 935 irebaptizare?
1763 856 1943 911 Semel
1992 854 2134 935 enim

557 956 653 1009 pro
682 940 926 993 Omnibus
950 926 1070 991 cum
1100 935 1304 989 Joanne
1332 934 1383 987 in
1416 926 1605 1001 aquam
1634 929 1879 999 dignatus
1904 935 1985 980 est
2026 926 2137 994 ipse

1784 182 1839 237 s.
1881 180 2245 239 AUCUSTINI
2286 177 2587 237 EPlSCOPl
3621 195 3694 254 πη

2232 289 2785 359 descendere(Matth.
2814 289 3019 361 111,16).
3050 291 3281 348 Redemit
3305 294 3511 354 Christus
3526 302 3677 361 animas

2233 363 2495 442 custodite
2521 350 2781 442 quodlle
2805 350 3047 442 redem'iL
3074 361 3274 442 ntegro
3291 350 3694 442 εδὼίώ-ἶη-ἆῖὦῖ

2235 434 2500 503 assignate
2548 431 2824 503 praedium.
2864 430 3303 503 Nemorinvadat,
3340 452 3473 491 nemo
3525 430 3696 501 magna

2236 502 2533 558 consentiat
2566 520 2579 555 :
2620 502 2983 555 characterem
3022 502 3325 557 dominicum
3364 507 3512 563 nullus
3547 511 3699 568 abster-

2237 582 2344 643 gat,
2376 573 2554 626 titulos
2582 572 2778 643 Christi
2812 586 2967 643 nemo
2995 572 3237 640 deponat.
3272 576 3505 631 lieddituri
3529 582 3699 636 estisn-

2240 646 2435 697 tionem
2450 642 2673 696 Domino
2694 643 2824 709 regi,
2848 642 2968 696 boni
2996 644 3156 705 servi,
3180 644 3291 697 data
3312 655 3384 699 est
3406 648 3531 703 vobis
3549 655 3701 707 occasio

2240 715 2376 795 bene
2414 713 2716 795 operandi...
2745 712 3029 795 Abundant
3058 715 3333 783 peregrini,
3360 718 3539 795 captivi,
3563 736 3701 790 exspo.

2243 785 2372 837 liati.
2454 784 2590 856 acite_
2606 783 2744 837 vobis
2772 784 2964 856 amicos
2989 799 3049 835 ex
3078 800 3348 856 mammona
3382 782 3645 856 iniquitatis,
3664 803 3699 843 ut

2243 864 2289 909 et
2314 855 2411 926 ipsi
2436 854 2678 924 recipiant
2703 868 2788 908 vos
2815 854 2869 906 in
2894 853 3212 906 tabernacula
3235 853 3635 929 wterna(l.uc.xn,
3649 861 3702 931 9).

3386 1043 3693 1055 _—__

602 1062 653 1067 _
2560 1040 3381 1049 .__—._.________

1101 1097 1180 1098 W7,
1305 1079 3097 1098 _______._____———-——————————-——-

554 1040 3698 1098 ww

556 1079 3097 1111 Ψ

1137 1148 1279 1261 S.
1372 1138 2132 1259 AURELII

2238 1130 3219 1247 Αυετυετιπι

1731 1323 2244 1391 HIPPONENSIS
2284 1320 2636 1383 EPISCOPI

613 1485 957 1643 DE
1091 1464 2593 1642 UTILITATE
2709 1462 3674 1624 JEJUNII

1937 1722 2336 1809 SERMO
2364 1709 2475 1796 (α).

2022 1856 2391 1913 MM

624 1979 851 2036 CAPUT
877 1975 1161 2034 PRIMUM.
1188 2004 1256 2014 —
1284 1973 1337 2028 1.
1367 1971 1631 2043 Jejuuium
1658 1967 1762 2021 Deo
1791 1963 2021 2020 exhibere
2047 1962 2141 2016 ho-

554 2072 747 2125 minum
771 2079 864 2137 est,
897 2085 999 2123 non
1028 2066 1352 2137 Angelorum.
1383 2064 1458 2118 De
1490 2062 1716 2116 utilitate
1740 2057 1928 2129 jejunii
1956 2055 2142 2111 admo-

553 2178 745 2218 nemur
767 2161 963 2231 aliquid
992 2160 1167 2231 loqui;
1193 2168 1247 2214 et
1266 2158 1406 2213 Deus
1432 2156 1702 2219 admonet,
1730 2162 1784 2207 et
1814 2160 2021 2220 tempus
2043 2162 2142 2203 nos

552 2251 823 2307 admonet.
867 2251 993 2305 Hice
1036 2249 1178 2304 enim
1222 2244 1545 2309 observatio,
1591 2246 1705 2299 inec
1734 2244 1902 2297 virtus
1928 2238 2137 2304 animi,

554 2345 671 2400 hac
698 2343 957 2399 lraudatio
978 2342 1154 2397 carnis
1179 2348 1233 2395 et
1256 2340 1464 2395 lucrum
1491 2337 1684 2391 mentis
1704 2336 1771 2388 ab
1800 2332 2013 2402 Angelis
2035 2345 2138 2384 non

554 2435 839 2491 exhibetur
858 2436 985 2490 Deo.
1008 2432 1084 2487 lbi
1105 2432 1244 2486 enim
1269 2431 1441 2485 omnis
1462 2438 1545 2483 est
1567 2428 1716 2497 copia
1732 2434 1786 2479 et
1814 2426 2138 2492 sempiterna

555 2526 858 2581 securitas:
888 2533 943 2579 et
986 2524 1107 2578 ideo
1154 2522 1328 2576 nullus
1376 2519 1653 2583 defectus,
1704 2516 1826 2586 quia
1874 2516 1927 2569 in
1974 2515 2137 2567 Deum

555 2618 744 2688 plenus
770 2616 1009 2672 allectus.
1040 2614 1111 2668 Ibi
1146 2613 1294 2683 panis
1340 2611 1661 2681 Angelorum
1698 2627 1709 2661 :
1745 2622 1901 2676 quem
1944 2619 2134 2674 panem

556 2708 883 2779 Angelorum
916 2715 973 2760 ut
1012 2703 1357 2758 manducaret
1404 2702 1563 2755 homo
1586 2742 1601 2762 ,
1641 2697 1813 2752 factus
1839 2704 1922 2751 est
1956 2697 2134 2748 homo.

555 2797 655 2854 llic
682 2810 866 2850 omnes
907 2796 1097 2850 animae
1142 2800 1406 2848 terrenam
1448 2805 1664 2846 carnem
1716 2795 2024 2859 portantes,
2071 2784 2137 2839 de

556 2895 698 2942 terra
724 2886 947 2956 implent
970 2892 1182 2939 ventres
1210 2900 1224 2936 :
1254 2883 1323 2937 ibi
1351 2881 1567 2951 spiritus
1593 2877 1879 2933 rationales
1904 2874 2138 2930 cmlesti-

554 2977 656 3032 bus
694 2976 1004 3044 corporibus
1032 2973 1400 3046 praesidentes,
1432 2971 1499 3026 de
1528 2971 1636 3025 Deo
1666 2968 1887 3038 implent
1908 2978 2133 3022 mentes.

553 3068 622 3124 Et
651 3068 740 3123 hic
759 3067 908 3123 cibus
934 3076 1036 3131 est,
1064 3074 1119 3121 et
1146 3066 1216 3119 ibi
1246 3064 1397 3119 cibus
1435 3080 1448 3116 :
1478 3062 1573 3118 sed
1601 3062 1751 3116 cibus
1785 3061 1883 3115 iste
1903 3074 2021 3114 cum
2048 3073 2137 3113 re-

554 3159 687 3227 ﬁcit,
725 3159 924 3224 delicit,
955 3167 1009 3213 et
1036 3158 1115 3213 sic
1149 3156 1335 3226 implet
1358 3154 1559 3220 alvum,
1608 3160 1665 3207 ut
1693 3153 1807 3222 ipse
1831 3151 2132 3214 minuatur;

552 3250 642 3306 ille
658 3257 835 3305 autem
853 3260 905 3303 et
926 3248 1129 3318 implet,
1154 3256 1207 3303 et
1232 3247 1436 3316 integer
1463 3252 1755 3314 permanet.
1780 3242 1930 3296 llunc
1950 3240 2132 3295 cibum

555 3340 713 3395 nobis
741 3339 1086 3395 esuriendum
1125 3338 1372 3393 Christus
1399 3335 1608 3400 indixit,
1632 3333 1814 3388 dicens
1839 3351 1851 3386 :
1882 3330 2027 3384 Beati
2052 3329 2137 3400 qui

552 3433 777 3487 esuriant
810 3442 856 3486 et
884 3432 1059 3484 sitiunt
1076 3430 1349 3500 justitiam,
1380 3428 1619 3500 quoniam
1642 3425 1741 3497 ipsi
1776 3422 2137 3479 saturabuntur

553 3524 765 3596 (Matth.
799 3540 850 3588 v,
882 3524 957 3596 6).
988 3523 1224 3577 Pertinet
1256 3535 1385 3591 ergo
1418 3520 1484 3574 ad
1516 3518 1757 3572 homines
1799 3516 1935 3569 hanc
1968 3514 2132 3575 vitam

551 3617 831 3670 mortalem
863 3623 1144 3685 gerentes,
1197 3612 1398 3667 esurire
1426 3625 1489 3663 ac
1517 3609 1664 3663 sitire
1697 3606 1953 3677 justitiam
1988 3622 2001 3658 :
2036 3604 2136 3658 im-

551 3706 686 3777 pleri
716 3714 891 3759 autem
926 3704 1168 3775 justitia,
1218 3701 1286 3757 ad
1332 3702 1487 3756 aliam
1534 3699 1695 3752 vitam
1744 3696 1989 3766 pertinet.
2023 3694 2135 3748 lloc

552 3812 690 3867 pane
714 3839 729 3863 ,
781 3796 885 3851 hoc
931 3796 1049 3849 cibo
1093 3794 1233 3862 pleni
1271 3799 1395 3845 sunt
1423 3788 1608 3858 Angeli
1638 3805 1650 3840 :
1684 3784 1928 3841 homines
1956 3792 2133 3837 autem

551 3887 677 3942 dum
706 3886 948 3942 csuriunt
972 3883 1263 3939 extendunt
1291 3896 1382 3947 se;
1415 3880 1541 3935 dum
1572 3894 1630 3933 se
1658 3876 1971 3941 extendunt,
1998 3876 2133 3929 dila-

552 3987 764 4044 tantur;
792 3978 917 4034 dum
944 3976 1252 4039 dilatantur,
1283 3986 1506 4042 capaces
1532 3971 1697 4035 ﬁunt;
1721 3983 1944 4037 capaces
1969 3966 2089 4020 facti
2114 4007 2130 4031 ,

551 4084 652 4128 suo
683 4080 920 4139 tempore
950 4065 1317 4136 replebontur.
1358 4062 1494 4130 Quid
1533 4058 1700 4130 ergo?
1731 4058 1815 4113 hic
1845 4056 1977 4111 nihil
2011 4055 2133 4111 inde

549 4160 764 4230 capiunt
812 4158 900 4229 qui
950 4156 1189 4211 esuriunt
1243 4161 1298 4208 et
1336 4154 1521 4207 sitiunt
1558 4147 1855 4220 justitiam?
1907 4147 2134 4218 Cupiunt

550 4250 743 4321 plane:
772 4250 865 4305 sed
894 4246 1036 4301 aliud
1057 4254 1157 4313 est,
1175 4260 1295 4301 cum
1317 4243 1602 4315 qumrimus
1623 4240 1688 4295 de
1712 4239 2003 4295 refectione
2032 4238 2133 4291 iter

548 4342 851 4413 agentium;
883 4349 936 4393 et
961 4337 1125 4401 aliud,
1178 4352 1297 4392 cum
1347 4334 1631 4405 quan-imus
1683 4330 1751 4386 de
1805 4328 2133 4401 perfectione

548 4434 846 4489 beatorum.
898 4429 1211 4499 Apostolum
1239 4426 1363 4481 audi
1387 4426 1712 4480 esurientem
1739 4430 1794 4477 et
1819 4420 2085 4475 sitientem
2113 4459 2128 4485 ,

549 4536 603 4579 et
649 4527 826 4593 utique
870 4520 1150 4590 justitiam,
1180 4527 1373 4588 quanta
1405 4516 1456 4570 in
1488 4514 1589 4569 hac
1629 4514 1733 4567 vita
1777 4514 1892 4581 capi
1933 4518 2127 4581 potest,

550 4623 743 4683 quanta
772 4612 884 4681 geri
912 4611 1131 4680 justitia.
1164 4608 1294 4676 Quis
1337 4607 1478 4662 enim
1528 4614 1768 4659 nostrum
1811 4617 1869 4657 se
1920 4602 1994 4655 illi
2048 4602 2131 4657 vel

549 4704 794 4760 conferre
819 4702 1030 4768 audeat,
1062 4699 1254 4755 nedum
1284 4697 1569 4768 praeferre?
1596 4695 1700 4750 Sed
1728 4693 1853 4763 quid
1883 4693 1974 4759 ait,
2009 4691 2131 4747 Non

547 4798 666 4869 quia
679 4798 795 4867 jam
820 4794 1117 4863 acceperim,
1157 4801 1245 4845 aut
1261 4792 1375 4863 jam
1404 4788 1651 4860 perfectus
1666 4787 1781 4843 sim.
1802 4785 1987 4840 Videte
2011 4785 2131 4854 quis

548 4891 796 4960 loquatur
823 4904 838 4942 :
867 4886 973 4942 Vas
999 4885 1296 4951 electionis,
1319 4892 1372 4939 et
1392 4891 1687 4937 extremum
1712 4879 1939 4950 quodam
1968 4878 2130 4933 modo

548 4981 880 5037 ﬁmbriarum
913 4977 1217 5033 vestimenti
1264 4975 1509 5040 Domini;
1552 4973 1649 5029 sed
1690 4981 1862 5027 tamen
1892 4970 2036 5041 quod
2062 4969 2129 5039 ad

548 5075 747 5129 ﬂuxum
776 5070 1045 5143 sanguinis
1068 5079 1220 5125 sanat
1257 5073 1582 5138 tangentem,
1623 5063 1743 5135 quia
1772 5062 2077 5118 credentem
2112 5080 2125 5116 :

546 5168 868 5252 novissimus
896 5168 1038 5224 enim
1069 5165 1443 5237 Apostolorum
1471 5169 1525 5216 et
1553 5158 1822 5226 minimus,
1855 5157 1992 5212 sicut
2014 5157 2128 5227 ipse

547 5262 643 5323 ait,
675 5259 786 5331 Ego
814 5251 925 5316 sum
964 5260 1266 5316 novissimus
1316 5255 1710 5328 Apostolorum;
1739 5262 1811 5317 et,
1858 5251 1968 5323 Ego
2016 5267 2129 5303 sum

549 5352 787 5406 minimus
839 5352 1232 5421 Apostolorum:
1260 5358 1315 5405 et
1362 5350 1573 5411 iterum,
1629 5345 1745 5399 Non
1788 5361 1899 5399 sum
1946 5343 2129 5412 dignus

545 5447 715 5502 vocari
741 5448 1018 5515 apostolus,
1050 5446 1168 5517 quia
1197 5452 1484 5515 persecutus
1533 5458 1643 5495 sum
1686 5437 1961 5491 Ecclesium
1998 5435 2129 5488 Dei:

609 5584 683 5643 (a)
706 5588 1002 5630 Recensetur
1025 5592 1052 5629 a
1070 5579 1277 5629 Possidio
1293 5580 1340 5627 in
1362 5574 1553 5627 lndiculi
1580 5586 1678 5636 cap.
1706 5572 1750 5620 8.
1786 5580 1876 5619 Non
1902 5576 2128 5631 repertus

550 5651 626 5695 est
654 5650 743 5693 ntsr
766 5645 814 5693 iu
838 5644 997 5693 Editis.

2254 1960 2343 2015 sed
2367 1959 2531 2029 gratia
2560 1958 2652 2014 Dei
2676 1976 2784 2015 sum
2806 1960 2861 2013 id
2896 1960 3031 2028 quod
3057 1976 3208 2024 sum;
3237 1969 3279 2013 et
3315 1960 3460 2029 gratia
3492 1961 3575 2030 ejus
3604 1960 3642 2014 in
3660 1977 3707 2015 me

2244 2065 2401 2104 vacua
2433 2066 2535 2103 non
2577 2051 2705 2120 fuit,
2752 2051 2840 2104 sed
2884 2051 2997 2121 plus
3037 2051 3267 2104 omnibus
3292 2052 3389 2104 illis
3414 2050 3710 2104 laboravimon

2247 2156 2336 2211 ego
2363 2149 2558 2204 autem,
2598 2141 2686 2194 sed
2721 2143 2885 2211 gratia
2915 2140 3007 2195 Dei
3046 2158 3242 2195 mecum
3269 2140 3321 2213 (ι
3358 2140 3462 2195 Cor.
3502 2156 3571 2207 xv,
3593 2140 3709 2208 8-10).

2247 2232 2372 2287 Haec
2404 2232 2623 2288 audiens
2665 2242 2750 2301 tu,
2800 2242 3047 2304 tanquam
3091 2235 3302 2304 plenum
3327 2244 3375 2290 et
3400 2234 3631 2304 perlectum
3654 2233 3711 2286 tibi

2243 2323 2441 2379 videris
2467 2324 2668 2379 audire.
2701 2325 2906 2379 Audisti
2936 2326 3059 2397 quid
3092 2335 3281 2390 ructet,
3309 2325 3419 2379 audi
3447 2332 3491 2379 ct
3513 2322 3611 2395 quid
3635 2336 3709 2376 esu-

2244 2414 2366 2468 riat.
2404 2413 2525 2467 Non
2554 2416 2671 2485 quia
2689 2417 2801 2486 jam
2829 2417 3131 2485 acceperim,
3170 2426 3253 2469 aut
3272 2418 3381 2485 jam
3408 2419 3611 2485 perfectus
3627 2412 3710 2476 sint,

2243 2505 2335 2558 ait.
2368 2504 2595 2572 Fratres,
2626 2521 2716 2574 ego
2742 2523 2840 2559 non
2866 2507 3081 2560 arbitror
3105 2525 3183 2560 me
3210 2506 3557 2577 apprehendisse
3576 2520 3590 2556 .'
3612 2519 3711 2555 unum

2242 2604 2409 2648 autem
2435 2611 2549 2663 quae
2572 2605 2705 2649 retro
2735 2596 2938 2662 oblitus,
2968 2598 3023 2650 in
3066 2614 3128 2651 ea
3156 2613 3265 2664 qua:
3286 2606 3392 2650 ante
3417 2603 3514 2649 sunt
3533 2604 3710 2653 extentus,

2241 2688 2513 2739 secundum
2542 2687 2863 2741 intentionem
2889 2704 3069 2757 sequor
3094 2688 3165 2740 ad
3185 2688 3392 2758 palmam
3411 2700 3601 2754 supernae
3620 2698 3713 2736 voca-

2243 2776 2391 2830 tionis
2422 2775 2517 2830 Dei
2544 2776 2593 2829 in
2623 2774 2823 2831 Christo
2848 2775 2971 2829 Jesu
2998 2776 3262 2849 (Philipp.
3297 2792 3368 2839 ιιι,
3416 2774 3589 2843 1244).
3629 2771 3713 2826 Dicit

2241 2879 2299 2921 se
2328 2867 2559 2920 nondum
2585 2881 2703 2922 esse
2732 2867 3044 2936 perfectum,
3077 2869 3220 2937 quod
3251 2866 3466 2923 nondum
3490 2862 3712 2933 acceperit.

2242 2957 2478 3011 nondum
2529 2958 2987 3028 apprehenderit:
3030 2958 3166 3013 dicit
3208 2974 3266 3014 se
3310 2955 3517 3021 extendi,
3553 2950 3648 3008 dicit
3678 2964 3716 3003 se

2240 3049 2392 3119 sequi
2419 3048 2480 3102 ad
2502 3049 2729 3119 palmam
2753 3064 2998 3118 superna:
3026 3050 3340 3105 vocationis.
3368 3049 3417 3103 lu
3447 3047 3514 3100 via
3538 3053 3616 3108 est;
3636 3055 3714 3096 esu-

2241 3142 2331 3201 rit,
2362 3140 2569 3209 impleri
2592 3140 2723 3205 vult,
2746 3141 2955 3211 satagit,
2988 3142 3268 3211 pervenire
3294 3139 3715 3201 desideral,zestuat:

2240 3232 2373 3286 nihil
2405 3233 2479 3285 illi
2510 3242 2614 3285 tam
2641 3248 2846 3302 magna:
2872 3248 3035 3288 mora:
3065 3246 3173 3301 est,
3202 3247 3353 3304 quam
3374 3229 3555 3286 dissolvi
3577 3236 3617 3282 et
3636 3236 3717 3279 esse

2240 3338 2359 3377 cum
2387 3322 2596 3378 Christo
2626 3322 2735 3395 (Id.
2770 3340 2806 3389 t,
2833 3324 2947 3395 25).

2312 3414 2535 3470 CAPUT
2569 3414 2630 3468 ll.
2660 3445 2729 3454 —
2753 3414 2806 3468 2.
2836 3413 3099 3485 Jejunium
3129 3416 3381 3469 hominum
3401 3422 3462 3468 est
3478 3408 3637 3463 medium
3656 3404 3711 3455 lo-

2239 3524 2353 3561 cum
2399 3507 2673 3559 tenentium
2697 3506 2925 3559 carnales
2945 3505 3076 3558 inter
3112 3516 3160 3559 et
3204 3506 3432 3576 Angelos.
3471 3501 3594 3569 Ergo,
3625 3493 3717 3547 cha-

2237 3600 2455 3664 rissitni,
2489 3600 2608 3669 quia
2637 3607 2719 3653 est
2742 3609 2987 3653 terrenus
3015 3598 3191 3664 cibus,
3219 3614 3321 3668 quo
3347 3595 3501 3651 carnis
3515 3587 3717 3645 inﬁrmitas

2241 3691 2508 3760 pascitur;
2553 3697 2636 3743 est
2680 3698 2857 3744 autem
2889 3698 2942 3743 et
2995 3690 3237 3745 caelestis
3282 3688 3438 3752 cibus,
3480 3696 3566 3755 quo
3606 3678 3718 3748 Piens

2237 3784 2430 3837 mentis
2460 3782 2734 3850 impletur;
2764 3790 2819 3836 et
2847 3782 3007 3836 habet
3052 3784 3209 3838 cibus
3237 3783 3333 3836 iste
3362 3789 3572 3834 terrenus
3609 3772 3718 3823 vitam

2238 3888 2410 3938 suam,
2443 3874 2604 3927 habet
2630 3880 2684 3927 et
2732 3872 2820 3927 ille
2846 3889 2997 3928 suam
3024 3890 3036 3925 :
3068 3872 3231 3943 hujus
3276 3871 3376 3927 cibi
3404 3871 3495 3924 vita
3521 3863 3718 3920 hominum

2237 3976 2339 4032 est,
2370 3967 2509 4021 illius
2529 3967 2633 4021 cibi
2663 3966 2768 4021 vita
2799 3965 3125 4036 Angelorum
3171 3975 3274 4021 est.
3305 3965 3495 4019 Fideles
3519 3956 3719 4014 homines.

2237 4059 2453 4113 discreti
2474 4058 2583 4127 jam
2612 4057 2774 4112 corde
2820 4072 2851 4111 a
2896 4056 3055 4111 turba
3109 4057 3435 4121 inﬁdelium,
3478 4044 3671 4119 suspensi
3689 4042 3720 4095 ill

2236 4152 2402 4207 Deum
2422 4192 2435 4216 ,
2463 4150 2655 4220 quibus
2682 4150 2895 4212 dicitur,
2948 4148 3173 4204 Sursum
3210 4163 3304 4204 cor
3324 4189 3338 4213 ,
3364 4147 3505 4200 aliam
3528 4153 3643 4212 spem
3662 4149 3722 4205 $0-

2236 4254 2417 4299 rentes
2438 4284 2452 4308 ,
2489 4250 2544 4297 et
2570 4240 2801 4297 scientes
2816 4255 2873 4294 se
2901 4240 3230 4311 peregrinari
3254 4240 3305 4293 in
3332 4238 3427 4292 hoc
3442 4230 3721 4292 mundo,me-

2236 4336 2380 4391 dium
2392 4334 2672 4406 quemdam
2692 4334 2864 4387 locum
2885 4341 3065 4388 tenent
3080 4348 3211 4403 gnec
3229 4332 3329 4386 illis
3339 4320 3725 4396 comparandisth

2235 4429 2324 4499 (ιυὶ
2368 4427 2499 4482 nihil
2526 4425 2668 4482 aliud
2716 4435 2900 4496 putant
2939 4425 3161 4492 bonum,
3186 4439 3340 4494 quam
3360 4418 3541 4477 deliciis
3562 4406 3724 4499 terrenis

2235 4498 2455 4590 perfrui,
2472 4533 2568 4573 nec
2587 4518 2863 4573 illisadltuc
2880 4518 3122 4585 supernis
3140 4514 3506 4571 habitatoribus
3519 4498 3724 4590 deliqui:

2236 4584 2334 4666 bus
2352 4584 2479 4664 sola:
2497 4608 2699 4664 deliciae
2725 4617 2849 4662 sunt
2876 4584 3029 4677 panis
3052 4607 3167 4677 ipse
3192 4621 3224 4660 a
3251 4622 3353 4676 quo
3372 4600 3520 4657 creati
3542 4601 3653 4651 sunt.
3672 4584 3724 4641 Illi

2237 4704 2484 4759 homines
2509 4703 2661 4774 proni
2692 4702 2759 4756 ad
2789 4711 3006 4766 terram,
3040 4710 3249 4771 pastum
3281 4709 3432 4769 atque
3468 4692 3659 4749 laetitiam
3681 4681 3725 4735 de

2237 4795 2347 4849 sola
2372 4808 2531 4851 earne
2555 4793 2909 4862 requirentes,
2930 4792 3211 4862 pecoribus
3229 4794 3577 4859 comparantur
3595 4781 3725 4840 :longe

2236 4886 2304 4940 ab
2332 4884 2548 4956 Angelis
2583 4883 2784 4939 distant
2808 4892 2861 4938 et
2888 4882 3191 4938 conditione
3230 4889 3285 4937 et
3330 4877 3571 4937 moribus;
3595 4863 3724 4924 condi.

2238 4977 2402 5042 tione,
2435 4977 2557 5046 quia
2582 4976 2837 5031 mortales
2875 4984 3031 5041 sunt;
3081 4974 3342 5038 moribus,
3374 4970 3487 5041 quia
3517 4955 3723 5019 luxuriosi.

2235 5067 2379 5123 Inter
2408 5068 2552 5122 illum
2578 5067 2827 5136 populum
2858 5067 2980 5122 εαξη
3009 5076 3063 5121 et
3094 5067 3347 5135 p0pulum
3392 5072 3552 5120 terrm,
3578 5048 3727 5108 medius

2235 5157 2463 5230 quodam
2487 5156 2646 5211 modo
2675 5156 2938 5225 pendebat
2960 5156 3245 5226 Apostolus
3273 5172 3286 5206 :
3311 5154 3426 5207 illuc
3448 5151 3558 5207 ibat,
3579 5143 3727 5230 hiucse

2235 5251 2525 5305 attollebat.
2553 5249 2665 5305 Nec
2680 5224 2809 5304 cum
2836 5249 2940 5303 illis
2957 5224 3128 5303 tamen
3162 5255 3279 5302 erat
3323 5244 3511 5304 adhuc;
3549 5247 3645 5291 nam
3680 5224 3726 5279 dl‘

2234 5353 2411 5408 ceret,
2444 5343 2560 5397 iam
2584 5342 2850 5412 perfectus
2880 5357 2995 5395 sum
3018 5359 3032 5395 :
3055 5354 3150 5393 nec
3170 5353 3292 5392 cum
3323 5336 3431 5388 istis
3452 5338 3567 5383 erat.
3591 5324 3722 5393 pigrlsi

2236 5434 2478 5503 torpidis,
2509 5432 2777 5499 marcidis,
2811 5429 3176 5493 somnolentis,
3206 5426 3333 5480 nihil
3364 5422 3494 5477 aliud
3529 5430 3625 5471 esse
3656 5422 3725 5503 pii:

2237 5526 2492 5586 tantibus,
2522 5525 2623 5577 nisi
2668 5523 2807 5593 quod
2841 5524 3053 5587 vident,
3080 5520 3130 5574 et
3153 5515 3293 5587 quod
3323 5514 3529 5571 transit,
3554 5518 3594 5559 ct
3626 5494 3724 5568 quod

2243 5619 2347 5671 nati
2380 5625 2521 5682 sunt,
2554 5626 2605 5671 ct
2635 5615 2771 5686 quod
2806 5616 3046 5670 morituri
3072 5620 3222 5675 sunt;
3256 5624 3371 5663 nam
3400 5605 3440 5662 si
3470 5616 3569 5657 cum
3586 5598 3645 5650 eis
3667 5602 3723 5642 cs'
