3904 6362
71 1514 127 1667 ll

308 214 403 271 τοο
810 174 816 179 ’
1431 212 1657 271 saeuo
1694 212 1783 269 DE
1836 209 1860 268 ι

1969 211 2200 273 LITATE
2235 217 2503 277 IEJUNIE.
3450 242 3551 301 110

298 339 403 395 set,
432 341 542 383 non
568 326 781 416 diceret
797 368 813 392 ,
841 327 1039 398 Sequor
1064 328 1132 380 ad
1153 328 1376 399 palmam
1398 344 1631 398 superate
1652 328 1874 383 vocatio-

300 422 389 475 nis.
418 419 746 477 Gubernare
768 420 942 488 itaque
968 419 1224 475 debemus
1269 430 1450 474 nostra
1494 420 1716 490 jejunia.
1758 421 1873 477 Non

300 523 371 568 est
400 514 517 577 hoc,
549 522 615 566 ut
637 512 747 567 dixi
773 554 788 578 ,
816 512 1044 566 officium
1092 513 1424 581 angelicum;
1469 529 1569 568 nec
1608 524 1781 569 tamen
1824 523 1879 568 et

289 604 492 658 illorum
519 603 811 657 hominum
861 602 1094 658 ofﬁcium
1137 611 1218 657 est
1258 603 1348 671 qui
1380 608 1550 657 ventri
1578 605 1815 659 serviunt
1859 621 1872 658 :

281 695 589 750 medietatis
619 706 820 749 nostra:
840 703 1068 758 resrest,
1096 710 1197 763 qua
1227 695 1455 749 vivimus
1482 696 1673 751 secreti
1707 696 1772 750 ab
1804 696 1876 748 in-

277 780 577 850 ﬁdelibus,
643 784 892 853 conjungi
968 785 1182 853 Angelis
1262 785 1545 838 inhiantes.
1628 786 1870 838 Nondum

280 877 657 940 pervenimus,
711 876 805 930 sed
863 875 973 945 jam
1045 875 1181 928 imus
1224 892 1237 928 :
1281 876 1518 929 nondum
1572 876 1642 930 ibi
1722 877 1870 931 heta-

281 979 442 1031 tnur,
481 968 588 1021 sed
616 967 726 1036 jam
777 966 864 1021 hic
915 967 1261 1036 suspiramus.
1328 967 1462 1034 Quid
1523 981 1653 1037 ergo
1714 968 1867 1022 nobis

271 1058 497 1122 prodest
516 1059 798 1112 abstinere
841 1058 1171 1126 aliquantum
1202 1074 1230 1111 a
1256 1067 1406 1126 pastu
1433 1066 1487 1112 et
1533 1058 1712 1112 lmtitia
1750 1072 1869 1111 car-

279 1148 384 1201 nali
414 1148 440 1199 ‘?
470 1146 622 1201 Caro
646 1148 698 1201 in
728 1157 922 1202 terram
949 1148 1119 1216 cogit;
1141 1163 1292 1203 mens
1318 1163 1524 1202 sursum
1546 1149 1710 1203 tendit
1743 1166 1755 1201 :
1786 1164 1870 1202 ra-

272 1240 415 1299 pitur
442 1254 663 1305 arnore,
705 1238 800 1294 sed
829 1239 1062 1293 tardatur
1090 1239 1345 1308 pondere.
1378 1240 1453 1294 De
1483 1240 1584 1294 hac
1624 1257 1683 1294 re
1720 1240 1868 1295 Scri-

279 1340 423 1397 ptura
469 1329 547 1382 ita
579 1329 817 1398 l0quitur
846 1346 859 1383 :
893 1327 1085 1397 Corpus
1132 1329 1265 1382 enim
1313 1330 1448 1397 quod
1486 1332 1826 1399 corrumpitur
1849 1369 1863 1395 ,

283 1430 519 1491 aggravat
540 1421 792 1483 animam,
813 1428 860 1471 et
880 1419 1113 1489 deprimit
1135 1428 1330 1472 terrena
1350 1420 1647 1474 inhabitatio
1667 1437 1866 1474 sensum

281 1510 431 1563 multa
461 1510 779 1580 cogitantem
804 1507 956 1581 (Sap.
985 1508 1187 1582 tx,i5).
1221 1510 1275 1564 Si
1293 1525 1421 1580 ergo
1441 1524 1568 1583 caro
1586 1511 1639 1564 itt
1665 1521 1857 1565 terram

280 1614 502 1669 vergens
524 1614 667 1653 ouus
692 1608 776 1654 est
796 1599 1017 1665 animae,
1048 1610 1099 1654 et
1130 1600 1338 1655 sarcina
1366 1616 1701 1671 praegravans
1729 1617 1868 1671 pra:-

280 1691 581 1755 volantem;
601 1700 863 1761 quantum
885 1693 1105 1762 quisque
1128 1692 1426 1747 delectatur
1455 1694 1727 1763 superiore
1758 1695 1863 1749 vita

278 1795 390 1844 sua,
422 1791 638 1835 tantum
671 1780 892 1850 deponit
918 1780 987 1835 de
1039 1792 1249 1837 terrena
1305 1784 1514 1838 sarcina
1563 1799 1678 1838 sua.
1724 1785 1862 1841 Ecce

276 1874 417 1944 quod
449 1875 663 1943 agimus
692 1872 1016 1943 jejunantes.

348 1964 583 2024 CAPUT
622 1964 709 2019 111.
736 1995 810 2005 —
827 1967 880 2021 3.
906 1964 1169 2036 Jejunium
1194 1967 1529 2019 necessarium
1565 1967 1634 2020 ad
1660 1984 1860 2022 carnem

286 2056 622 2109 domandam.
645 2055 757 2110 Non
784 2056 937 2111 vobis
965 2071 1092 2127 ergo
1115 2055 1357 2111 videatur
1384 2057 1515 2111 levis
1544 2072 1630 2112 res
1650 2066 1741 2111 aut
1766 2074 1859 2113 su-

288 2148 527 2217 perflua,
560 2163 626 2202 ne
652 2147 914 2217 quisquam
944 2146 1080 2201 forte
1101 2146 1202 2201 hoc
1228 2146 1428 2202 faciens
1458 2148 1706 2204 Ecclesiae
1732 2164 1861 2204 con-

284 2239 600 2302 suetudine,
628 2239 807 2308 cogitet
842 2237 983 2307 apud
1005 2253 1093 2305 se,
1138 2246 1192 2292 et
1219 2237 1359 2291 dicat
1380 2237 1512 2303 sibi,
1544 2247 1635 2291 aut
1663 2254 1856 2309 sugge-

276 2339 498 2384 rentem
534 2329 843 2382 intrinsecus
896 2327 1077 2382 audiat
1121 2328 1640 2396 tentatorem:Quid
1695 2330 1852 2397 lacis,

266 2419 403 2490 quia
426 2419 643 2488 jejunas
674 2418 697 2469 Ἰ
736 2417 1023 2473 Defraudas
1047 2419 1276 2472 animam
1327 2427 1502 2486 tuam,
1534 2435 1640 2472 non
1672 2421 1723 2475 ei
1761 2420 1856 2477 das

258 2509 414 2580 quod
442 2525 566 2564 eam
586 2509 849 2573 delectat;
876 2509 965 2563 tibi
992 2509 1091 2577 ipsi
1120 2508 1317 2577 ingeris
1343 2524 1577 2578 poenam,
1598 2517 1717 2563 tuus
1746 2510 1856 2579 ipse

254 2609 443 2655 tortor
469 2609 525 2655 et
555 2601 824 2655 cruciator
863 2600 1065 2653 existis.
1100 2600 1208 2653 Deo
1254 2614 1381 2669 ergo
1427 2600 1596 2668 placet
1640 2601 1760 2668 quia
1800 2608 1853 2655 te

246 2691 523 2746 crucias?
548 2691 693 2761 Ergo
718 2691 947 2745 crudelis
977 2699 1085 2755 est,
1104 2690 1193 2760 qui
1215 2689 1515 2744 delectatur
1539 2691 1711 2760 poenis
1728 2691 1851 2744 tuis.

254 2786 558 2856 Responde
589 2784 899 2855 hujusmodi
920 2784 1170 2839 tentatori
1204 2800 1217 2836 :
1251 2783 1515 2836 Excrucio
1543 2798 1625 2836 me
1660 2784 1813 2851 plane
1836 2826 1849 2848 ,

262 2890 323 2932 ut
345 2879 437 2933 ille
463 2887 685 2947 parcat;
712 2877 783 2930 do
809 2876 877 2930 de
900 2891 985 2930 me
1009 2889 1222 2944 poenas,
1250 2882 1306 2928 ttt
1335 2874 1421 2927 ille
1448 2874 1758 2940 subveniat,
1796 2882 1856 2927 ut

259 2970 508 3039 placeam
533 2969 862 3036 oculisejus,
878 2975 933 3020 ut
953 2966 1208 3021 delectem
1226 2965 1543 3019 suavitatem
1567 2964 1699 3033 ejus.
1721 2964 1851 3018 Nam

262 3069 323 3113 et
352 3059 568 3112 victima
600 3056 958 3120 excruciatur,
989 3064 1045 3109 ut
1076 3056 1127 3109 in
1158 3070 1304 3108 aram
1335 3055 1654 3123 imponatur.
1684 3054 1852 3107 Minus

278 3159 484 3217 premet
509 3158 749 3203 mentem
783 3161 954 3200 meam
979 3160 1103 3199 caro
1133 3160 1270 3199 mea.
1315 3144 1383 3197 Et
1422 3144 1511 3197 tali
1558 3142 1849 3198 dissuasori

283 3242 460 3307 malo,
485 3256 638 3294 servo
668 3237 873 3293 ventris
896 3279 911 3305 ,
959 3234 1221 3305 responde
1252 3250 1343 3304 per
1374 3234 1508 3289 hanc
1549 3235 1854 3288 similitudi-

280 3348 433 3400 nem,
458 3343 506 3387 et
525 3334 607 3387 die
628 3332 707 3387 :Si
733 3332 975 3401 jumento
1002 3328 1139 3382 forte
1156 3327 1437 3392 insideres,
1463 3327 1506 3380 si
1525 3341 1659 3396 equo
1679 3335 1854 3380 utere-

282 3427 385 3490 ris,
401 3427 485 3495 qui
506 3422 840 3495 tcgestiendo
856 3433 1029 3491 posset
1046 3419 1375 3491 praecipitare
1395 3435 1408 3483 ;
1430 3433 1604 3472 nonne
1630 3425 1854 3473 utsecu-

291 3531 393 3569 rus
414 3517 504 3569 iter
525 3530 706 3585 ageres
722 3556 738 3581 ,
765 3512 959 3567 cibaria
976 3510 1249 3565 ferocienti
1268 3507 1628 3575 subtraheres,
1647 3516 1701 3562 et
1716 3506 1853 3563 fame

300 3606 537 3661 domares
556 3623 706 3677 quem
740 3605 896 3661 freno
930 3619 1033 3659 non
1065 3602 1298 3673 posses?
1324 3601 1459 3657 Caro
1487 3616 1602 3655 mea
1642 3600 1853 3670 jumen-

298 3707 419 3752 tum
441 3714 594 3753 meum
613 3708 697 3755 est
724 3716 740 3752 :
769 3698 869 3751 iter
890 3711 988 3765 ago
1018 3695 1067 3748 in
1094 3693 1409 3756 Jerusalem,
1444 3692 1750 3762 plerumque
1771 3708 1857 3748 me

296 3790 455 3858 rapit,
483 3798 528 3843 et
554 3790 615 3843 de
640 3790 722 3842 via
752 3796 975 3842 conatur
998 3785 1279 3840 excludere
1305 3785 1321 3814 ¹
1354 3801 1366 3837 :
1396 3784 1475 3836 via
1530 3793 1704 3837 autem
1735 3798 1851 3837 mea

296 3882 528 3937 Christus
554 3892 634 3937 est
660 3900 673 3935 :
709 3883 781 3935 ita
807 3882 1156 3935 exsultantem
1190 3891 1295 3930 non
1322 3876 1583 3930 cohibebo
1604 3874 1805 3944 jejunio
1833 3875 1857 3928 ‘l

297 3973 487 4044 Siquis
532 3976 630 4030 hoc
655 3974 829 4044 sapit,
876 3973 1033 4027 etiam
1091 3972 1206 4039 ipso
1263 3968 1628 4039 experimento
1671 3967 1859 4037 probat

308 4084 455 4138 quam
497 4072 689 4126 utiliter
722 4069 1011 4139 jejunetur.
1055 4065 1319 4134 Numquid
1358 4064 1499 4119 enim
1550 4078 1675 4117 caro
1724 4064 1855 4130 ista,

307 4177 423 4231 qu:e
448 4180 575 4219 nunc
599 4163 866 4227 domatur,
891 4174 1100 4228 semper
1125 4157 1427 4212 domabitur
1446 4157 1469 4209 ?
1489 4156 1622 4209 Dum
1654 4163 1860 4223 tempo-

304 4254 478 4309 raliter
501 4254 683 4320 ﬂuitat,
714 4252 839 4307 dum
867 4249 1204 4305 mortalitatis
1233 4247 1537 4302 conditione
1564 4260 1860 4315 pratgrava—

322 4359 414 4411 ur,
437 4346 581 4401 habet
613 4344 995 4401 exsultationes
1030 4357 1152 4395 suas
1178 4340 1483 4394 manifestas
1512 4349 1564 4393 et
1594 4338 1859 4406 periculo-

308 4449 395 4489 sas
418 4437 563 4491 menti
586 4445 803 4491 nostrae.
825 4433 962 4487 Caro
988 4440 1070 4486 est
1101 4431 1241 4485 enim
1266 4429 1441 4484 adhuc
1466 4428 1854 4497 corruptibilis,

314 4527 526 4581 nondum
554 4524 872 4589 resurrexit;
899 4538 1020 4577 nam
1064 4536 1171 4575 non
1202 4535 1415 4589 semper
1436 4519 1513 4574 sic
1537 4519 1639 4573 erit
1681 4536 1693 4572 :
1724 4533 1861 4571 non-

312 4616 431 4672 dum
478 4620 624 4675 habet
669 4628 863 4673 statum
906 4614 1178 4686 proprium
1224 4611 1457 4668 caelestis
1502 4609 1858 4675 habitudinis;

318 4711 526 4764 nondum
546 4711 685 4765 enim
720 4709 839 4763 facti
868 4722 1049 4763 sumus
1071 4704 1301 4775 aequales
1334 4702 1550 4772 Angelis
1578 4701 1691 4755 Dei.

384 4802 584 4858 CAPUT
619 4801 711 4857 IV.
750 4829 824 4840 —
851 4801 903 4854 4.
949 4796 1350 4851 Manichteorum
1396 4808 1535 4848 ενι·ον
1575 4792 1635 4845 de
1692 4807 1861 4861 pugna

320 4891 467 4945 rantis
504 4900 545 4945 et
567 4892 792 4961 spiritus.
817 4886 995 4944 Carnis
1024 4902 1193 4957 pugna
1219 4900 1366 4955 paena
1399 4882 1607 4953 peccati.
1632 4880 1709 4936 Ne
1734 4894 1862 4950 ergo

320 4980 577 5038 arbitretur
601 4982 820 5037 Dilectio
848 4987 1044 5045 vestra,
1067 4976 1207 5048 quod
1225 4976 1436 5030 inimica
1452 4974 1521 5028 sit
1548 4988 1673 5028 caro
1701 4972 1863 5042 spiri-

324 5074 406 5137 tui,
431 5078 565 5147 quasi
584 5076 719 5130 alter
744 5074 813 5128 sit
834 5080 1019 5127 auctor
1043 5071 1239 5133 carnis,
1281 5067 1416 5121 alter
1444 5066 1513 5121 sit
1537 5074 1722 5119 auctor
1751 5063 1866 5134 spi-

319 5168 451 5221 ritus.
478 5167 619 5223 Multi
647 5166 792 5223 enim
840 5164 943 5219 hoc
981 5170 1224 5229 putantes
1274 5172 1398 5213 vere
1446 5157 1583 5226 rapti
1637 5155 1704 5208 ab
1749 5155 1861 5224 ipsa

319 5274 460 5315 carne
485 5260 779 5323 deviarunt,
813 5265 864 5311 et
886 5256 1105 5309 alterum
1137 5262 1404 5307 auctorem
1444 5248 1611 5315 carni,
1639 5248 1861 5302 alterum

318 5351 499 5419 spiritui
530 5358 845 5422 posuerunt.
880 5345 1110 5400 Utuntur
1136 5352 1310 5396 autem
1356 5340 1506 5410 quasi
1563 5339 1864 5393 testimonio

318 5446 603 5513 apostolico,
632 5440 773 5512 quod
796 5456 903 5493 non
924 5438 1219 5505 intelligunt
1246 5454 1258 5488 :
1292 5434 1421 5489 Caro
1441 5432 1746 5503 concupiscit
1774 5430 1868 5484 ad-

315 5553 462 5592 versus
491 5537 748 5607 spiritum,
776 5542 822 5585 et
862 5529 1069 5601 spiritus
1098 5530 1334 5582 adversus
1363 5543 1564 5580 carnem
1587 5523 1788 5593 (Galat.
1814 5537 1864 5589 ν,

364 5652 378 5682 ι
409 5655 561 5709 Forte,
584 5649 827 5698 excidere.

1986 328 2095 401 17).
2128 329 2241 385 lloe
2260 346 2442 388 verum
2462 340 2574 401 est;
2607 335 2698 391 sed
2728 352 2890 407 quare
2912 348 2964 404 et
2992 342 3131 399 aliud
3159 360 3261 402 non
3286 354 3550 411 attendis:

1987 422 2151 477 Nemo
2177 426 2306 478 enim
2328 443 2547 493 unquam
2569 444 2769 483 carnem
2790 449 2935 486 suam
2964 436 3080 490 odio
3110 438 3289 501 habet;
3327 443 3415 496 sed
3450 430 3552 499 nu-

1984 514 2067 565 trit
2088 523 2132 566 et
2154 517 2282 585 [ovet
2304 533 2430 580 eam,
2477 518 2601 571 sicut
2628 528 2671 572 et
2698 518 2925 577 Christus
2959 524 3234 581 Ecclesium
3259 529 3471 601 (Ephes.
3495 549 3549 602 ν,

1982 601 2112 671 29)?
2139 602 2195 657 In
2249 605 2335 658 illa
2390 607 2556 675 prima
2603 614 2861 666 sententia
2902 631 3056 683 quam
3098 601 3549 692 commemoravi,

1980 695 2129 763 quasi
2173 697 2411 765 qumdam
2472 699 2609 754 lucta
2655 703 2875 759 duorum
2931 708 3264 768 inimicorum
3320 716 3549 785 videtur,

1980 785 2153 838 carnis
2182 795 2234 840 ct
2256 788 2503 856 spiritus;
2528 793 2646 861 quia
2670 811 2787 848 caro
2814 800 3121 868 concupiscit
3148 804 3383 860 adversus
3398 810 3552 876 spiri-

1980 882 2106 939 tum,
2132 885 2175 928 et
2220 880 2426 946 spiritus
2468 882 2705 938 adversus
2734 901 2955 941 carnem.
2980 889 3034 942 lu
3067 889 3165 945 hac
3206 906 3381 949 autem
3426 889 3552 951 tam.

1978 980 2134 1033 quam
2173 971 2437 1038 c0pulatio
2467 975 2793 1045 conjugalis:
2828 977 2992 1034 Nemo
3021 981 3151 1034 enim
3186 1000 3404 1053 unquam
3429 1005 3545 1042 cari

1977 1072 2089 1110 nem
2113 1076 2257 1113 suam
2279 1062 2392 1116 odio
2420 1064 2596 1129 habet;
2636 1068 2724 1121 sed
2750 1071 2904 1122 nutrit
2925 1080 2969 1125 et
3006 1076 3136 1141 foret
3174 1092 3281 1128 eam
3302 1117 3317 1140 ,
3348 1080 3477 1133 sicut
3501 1092 3549 1135 et

1977 1148 2202 1204 Christus
2226 1153 2519 1209 Ecclesium.
2547 1158 2681 1226 Quid
2704 1176 2829 1230 ergo
2872 1162 3093 1220 facimus
3132 1166 3268 1221 inter
3290 1169 3384 1226 has
3414 1171 3545 1228 duas

1976 1242 2307 1295 sententias?
2338 1244 2393 1299 Si
2441 1252 2720 1303 contrarie
2774 1263 2932 1320 sunt,
2990 1272 3145 1324 quam
3198 1275 3545 1330 respuemus,

1974 1346 2130 1398 quam
2159 1336 2499 1393 tenebimus?
2526 1339 2629 1395 Sed
2664 1359 2765 1396 non
2792 1355 2915 1400 sunt
2957 1351 3257 1403 contrariae.
3307 1351 3565 1410 lntendati

1973 1422 2114 1476 enim
2140 1423 2384 1481 Charitas
2412 1439 2583 1485 vestra
2617 1450 2628 1484 :
2673 1433 2883 1489 interim
2906 1452 3004 1507 ego
3025 1440 3206 1495 ambas
3230 1444 3430 1511 accipio
3448 1486 3463 1509 ,
3492 1417 3567 1500 et.

1971 1517 2153 1570 ambas
2179 1522 2471 1576 concordes
2495 1564 2508 1587 ,
2541 1537 2791 1593 quantum
2836 1538 3058 1596 potuero
3086 1570 3101 1595 ,
3145 1532 3543 1591 demonstrabo.

1973 1604 2049 1658 Tu
2079 1616 2254 1662 autem
2283 1611 2521 1680 quisquis
2550 1614 2707 1667 alium
2735 1626 3002 1671 auctorem
3032 1622 3205 1675 Carnis
3230 1626 3506 1680 constituis
3526 1668 3540 1691 ,

1970 1695 2130 1749 alium
2158 1699 2393 1766 spiritus,
2426 1700 2492 1755 de
2516 1702 2600 1755 illa
2632 1704 2755 1772 quid
2785 1707 2895 1775 agis
2917 1707 2939 1757 ’ἱ
2963 1706 3125 1760 Nemo
3156 1711 3287 1763 enim
3320 1728 3539 1782 unquam

1969 1801 2168 1839 carnem
2195 1805 2336 1841 suam
2362 1791 2476 1844 odio
2499 1791 2791 1860 habet,sed
2820 1799 2973 1850 nutrit
2998 1807 3044 1851 et
3084 1800 3213 1868 fovet
3239 1817 3347 1855 eam
3371 1842 3386 1869 ,
3413 1805 3544 1858 sicut

1968 1873 2193 1931 Christus
2219 1877 2519 1933 Ecclesium.
2547 1881 2639 1936 Vel
2668 1885 2959 1939 similitudo
2981 1903 3088 1941 non
3114 1898 3164 1943 te
3194 1893 3393 1946 terret?
3414 1894 3540 1962 quia

1967 1966 2141 2032 nutrit,
2169 1968 2353 2037 inquit,
2387 1981 2432 2022 et
2454 1975 2583 2040 fovet
2607 1989 2738 2039 eam,
2759 1976 2885 2027 sicut
2910 1986 2955 2028 et
2979 1975 3205 2032 Christus
3236 1979 3538 2036 Ecclesium.

1966 2054 2287 2125 Compedem
2334 2070 2484 2128 putas
2534 2077 2746 2116 carnem
2796 2082 2807 2115 :
2859 2066 2979 2135 quis
3030 2078 3174 2123 amat
3223 2072 3540 2140 compedem

1940 2162 2113 2209 suam
2141 2147 2464 2204 ?Carccretn
2492 2160 2642 2219 putas
2673 2167 2884 2207 carnem
2912 2171 2927 2207 :
2950 2157 3067 2223 quis
3097 2168 3240 2213 amat
3267 2175 3539 2216 carcerem

1965 2251 2119 2290 suum
2165 2238 2187 2290 ?
2224 2237 2387 2292 Nemo
2412 2241 2543 2293 enim
2582 2258 2803 2313 unquam
2830 2260 3030 2297 carnem
3056 2263 3200 2299 suam
3228 2248 3342 2301 odio
3371 2251 3536 2304 habet.

1963 2327 2090 2393 Quis
2116 2344 2219 2381 non
2242 2329 2413 2384 oderit
2438 2331 2701 2385 vinculum
2733 2348 2885 2386 suum
2912 2334 3070 2403 ?quis
3096 2350 3197 2390 non
3226 2336 3399 2391 oderit
3420 2353 3538 2407 pa:-

1963 2432 2084 2470 nam
2109 2418 2302 2471 suam?
2334 2419 2400 2473 Et
2441 2429 2613 2475 tamen
2634 2461 2648 2486 ,
2680 2420 2843 2475 Nemo
2887 2440 3107 2492 unquam
3153 2442 3353 2479 carnem
3390 2444 3537 2482 suam

1967 2508 2082 2560 odio
2108 2508 2286 2572 habet;
2310 2509 2397 2562 sed
2421 2512 2577 2563 nutrit
2598 2520 2643 2564 et
2672 2515 2801 2581 [ovet
2830 2530 2961 2579 eam,
2986 2515 3112 2567 sicut
3134 2524 3180 2567 et
3195 2515 3420 2571 Christus
3438 2517 3539 2571 Ec-

1961 2597 2181 2650 clesiam.
2202 2598 2279 2653 Tu
2305 2614 2433 2669 ergo
2480 2602 2569 2669 qui
2614 2601 2774 2655 alium
2818 2612 3087 2658 auctorem
3142 2607 3296 2675 ponis
3342 2608 3535 2676 carni,

1961 2689 2119 2743 alium
2150 2701 2417 2746 auctorem
2442 2694 2673 2761 spiritui,
2702 2695 2861 2748 alium
2886 2697 3152 2765 positurus
3177 2714 3235 2753 es
3252 2700 3530 2767 Ecclesiae,

1961 2778 2118 2832 alium
2146 2780 2354 2835 Christo
2385 2800 2397 2834 :
2427 2782 2567 2852 quod
2596 2784 2685 2853 qui
2712 2786 2884 2854 sapit,
2916 2788 3129 2857 desipit.
3183 2790 3362 2859 Diligit
3403 2806 3532 2860 ergo

1962 2872 2321 2940 unusquisque
2348 2888 2562 2928 carnem
2590 2890 2756 2941 suam,
2790 2878 3078 2946 Apostolus
3101 2880 3249 2947 dicit,
3268 2890 3322 2937 et
3342 2892 3536 2952 prmter

1961 2962 2199 3030 Apostoli
2222 2961 2416 3016 dictum
2449 2966 2809 3035 unusquisque
2836 2967 2888 3021 in
2917 2983 2973 3023 se
3000 2970 3204 3038 probat.
3238 2972 3535 3040 Quantum-

1962 3053 2090 3107 libet
2114 3054 2254 3107 enim
2286 3052 2358 3107 sis
2381 3053 2624 3110 domator
2652 3057 2827 3110 carnis
2846 3098 2859 3122 ,
2884 3060 3207 3127 quantalibet
3232 3061 3283 3115 in
3311 3078 3427 3117 eam
3446 3078 3536 3120 se-

1961 3145 2183 3200 veritate
2209 3147 2537 3209 acceudaris,
2566 3148 2748 3201 nescio
2800 3159 2975 3203 utrum
3005 3168 3109 3205 non
3159 3153 3375 3210 claudes
3403 3171 3533 3212 ocu-

1962 3234 2067 3287 lum
2088 3275 2104 3301 ,
2131 3235 2177 3288 si
2206 3235 2395 3304 aliquis
2422 3236 2554 3291 ictus
2583 3237 2878 3292 immineat.

2032 3349 2085 3411 5.
2118 3349 2212 3404 Est
2235 3364 2364 3420 ergo
2386 3350 2539 3420 quasi
2586 3350 2847 3420 quoddam
2878 3352 3178 3424 conjugium
3224 3356 3439 3426 Spiritus
3480 3368 3536 3415 et

1960 3442 2153 3496 carnis.
2182 3440 2332 3497 Unde
2352 3457 2479 3512 ergo
2499 3458 2617 3497 caro
2641 3446 2943 3514 concupiscit
2991 3446 3227 3501 adversus
3269 3450 3526 3519 spiritum,

1962 3545 2009 3589 et
2033 3534 2237 3605 spiritus
2258 3535 2493 3589 adversus
2518 3537 2760 3590 carnem?
2783 3524 2919 3592 unde
2951 3538 3049 3592 ista
3079 3554 3252 3607 ptena,
3276 3556 3394 3610 quae
3432 3541 3535 3596 du-

1962 3634 2045 3681 cta
2092 3634 2174 3680 est
2220 3626 2291 3679 de
2342 3627 2526 3680 mortis
2573 3629 2861 3697 propagine
2903 3629 2926 3682 ?
2961 3628 3110 3684 Unde
3157 3630 3358 3685 dictum
3397 3640 3480 3688 est
3511 3674 3528 3699 ,

1966 3717 2149 3770 Omnes
2178 3718 2229 3770 in
2259 3717 2419 3769 Adam
2456 3719 2737 3771 moriuntur
2780 3718 2819 3790 (I
2844 3718 2959 3773 Cor.
2996 3736 3083 3785 xv,
3111 3721 3202 3791 29.)
3242 3722 3347 3775 ?et
3395 3722 3537 3779 unde

1963 3805 2087 3859 dicit
2119 3806 2432 3874 Apostolus,
2466 3806 2679 3861 Fuimus
2704 3809 2977 3878 aliquando
3003 3820 3047 3863 et
3078 3826 3167 3863 nos
3208 3822 3397 3865 natura
3440 3813 3537 3880 ﬁlii

1962 3894 2072 3961 irw,
2099 3897 2227 3949 sicut
2251 3906 2294 3949 et
2315 3897 2481 3962 caeteri
2503 3897 2520 3964 (
2543 3897 2727 3967 Ephes.
2762 3914 2817 3963 ll,
2847 3898 2951 3967 3)?
2997 3900 3215 3969 Accepit
3258 3902 3398 3953 enim
3447 3902 3537 3958 ille

1966 3987 2247 4041 vindictam
2277 3988 2479 4049 mortis,
2509 3989 2576 4042 de
2617 4006 2721 4058 quo
2754 3991 2859 4044 nati
2891 4007 3071 4046 sumus
3095 4034 3110 4059 ,
3167 4001 3221 4047 et
3276 3992 3535 4049 trahimus

1964 4077 2102 4145 quod
2134 4079 2439 4132 vincamus:
2464 4086 2518 4131 et
2548 4078 2665 4132 ideo
2691 4081 3113 4149 concupiscimus
3138 4082 3393 4137 adversus
3415 4098 3537 4137 car-

1965 4182 2109 4229 nem,
2138 4176 2196 4220 ut
2222 4166 2377 4221 nobis
2397 4167 2649 4221 domitam
2679 4184 2892 4223 carnem
2931 4170 3271 4237 subjiciamus
3293 4213 3307 4237 ,
3332 4180 3387 4226 et
3416 4187 3536 4227 eam

1964 4255 2031 4309 ad
2056 4256 2407 4310 obediendum
2429 4255 2780 4312 attrahamus.
2826 4258 3088 4327 Numquid
3116 4274 3242 4328 ergo
3288 4260 3498 4315 odimus
3518 4302 3535 4330 ,

1965 4360 2121 4415 quam
2151 4345 2306 4400 nobis
2336 4346 2580 4414 cupimus
2599 4347 2815 4401 obedire
2844 4348 2866 4401 ?
2898 4348 2997 4402 Dat
3024 4350 3386 4419 unusquisque
3404 4359 3459 4405 et
3482 4350 3538 4408 in

1965 4436 2124 4489 domo
2172 4451 2267 4490 sua
2320 4436 2629 4505 plerumque
2669 4436 3001 4507 disciplinam
3044 4439 3253 4509 conjugi
3298 4455 3445 4506 suae;
3481 4450 3537 4498 et

1966 4539 2082 4579 eam
2108 4525 2353 4595 subjugat
2369 4527 2686 4581 renitentem
2708 4568 2722 4590 ,
2752 4541 2856 4581 non
2888 4529 3227 4597 persequitur
3254 4529 3535 4585 inimicau-

1967 4623 2097 4670 tem.
2129 4616 2320 4671 Filium
2365 4624 2509 4671 tuum
2553 4616 2769 4684 domas,
2798 4629 2855 4672 ut
2883 4617 2976 4672 tibi
3003 4618 3248 4673 obediat:
3279 4622 3533 4692 numquid

1966 4706 2124 4762 odisti
2152 4706 2176 4759 ?
2202 4706 2455 4776 numquid
2477 4706 2700 4775 deputas
2726 4708 2999 4763 inimicum
3028 4708 3051 4761 ?
3077 4707 3301 4763 Servum
3329 4721 3536 4779 postre-

1967 4813 2055 4853 mo
2078 4805 2221 4851 tuum
2243 4796 2417 4867 diligis
2442 4807 2496 4853 et
2515 4799 2759 4867 castigas,
2790 4807 2841 4852 et
2871 4799 2923 4852 in
2951 4799 3256 4870 castigando
3282 4800 3539 4856 obedien-

1968 4899 2073 4945 tem
2103 4890 2255 4945 tacis.
2302 4889 2474 4944 Habes
2500 4888 2566 4944 de
2594 4888 2693 4943 hac
2740 4904 2800 4944 re
2829 4889 2994 4958 ipsius
3042 4891 3283 4960 Apostoli
3324 4890 3540 4946 manife-

1968 4989 2102 5036 stam
2130 4980 2443 5049 plenamque
2462 4978 2815 5033 sententiam:
2847 4976 2967 5032 Non
2994 4980 3066 5033 sic
3087 5019 3090 5026 ι
3114 4995 3292 5046 curro,
3332 4977 3536 5049 inquit,

1970 5081 2206 5139 tanquam
2224 5070 2277 5123 in
2297 5070 2563 5132 incertum;
2590 5085 2690 5121 non
2716 5069 2789 5122 sic
2812 5068 3054 5138 pugillor,
3085 5069 3229 5135 quasi
3248 5085 3410 5122 acrem
3438 5085 3537 5123 ca:-

1971 5162 2094 5215 dens
2115 5176 2132 5213 :
2154 5160 2242 5213 sed
2274 5159 2463 5229 castigo
2492 5175 2673 5229 corpus
2695 5175 2877 5225 meum,
2903 5167 2947 5211 et
2969 5159 3019 5211 in
3040 5160 3323 5212 servitutem
3345 5158 3543 5227 redigo;

1972 5269 2033 5306 ne
2057 5256 2183 5323 forte
2202 5251 2315 5304 aliis
2344 5250 2643 5319 praedicans,
2688 5249 2797 5320 ipse
2835 5250 3076 5319 reprobus
3099 5248 3325 5302 inveniar
3354 5248 3393 5316 (1
3417 5246 3536 5301 Cor.

1972 5359 2044 5404 ut,
2074 5342 2143 5396 26
2173 5349 2218 5394 et
2244 5340 2361 5411 '27).
2391 5340 2561 5393 liabet
2588 5353 2714 5408 ergo
2739 5354 2866 5393 caro
2889 5354 2956 5393 ex
2981 5336 3282 5392 conditione
3320 5335 3537 5392 mortali

1972 5433 2121 5502 quasi
2141 5430 2395 5500 quosdam
2416 5437 2655 5484 terrenos
2669 5429 2932 5499 appetitus
2949 5442 3073 5482 suos
3106 5445 3118 5481 :
3144 5428 3194 5481 in
3212 5425 3310 5482 hos
3342 5428 3433 5481 tibi
3450 5426 3533 5495 jus

1974 5526 2105 5581 freni
2127 5538 2436 5580 concessum
2466 5531 2564 5576 est.
2596 5521 2764 5591 Rogat
2791 5530 2843 5575 te
2866 5520 3203 5588 praepositus,
3230 5527 3287 5571 ut
3321 5515 3486 5586 possit
3512 5533 3541 5570 a

1979 5629 2027 5674 te
2051 5619 2158 5688 regi
2188 5615 2471 5687 subjectus.
2502 5612 2638 5667 Infra
2676 5621 2725 5667 te
2764 5619 2845 5665 est
2887 5624 3010 5663 caro
3042 5618 3150 5670 tua,
3195 5619 3355 5671 supra
3387 5614 3437 5663 te
3464 5612 3544 5662 est
