3904 6362
561 206 663 264 ’111

564 318 706 375 Deus
733 325 857 373 tuus
897 332 912 372 :
945 328 1065 371 cum
1090 310 1171 367 vis
1198 318 1255 365 ut
1286 307 1485 365 serviat
1510 307 1596 364 tibi
1628 321 1754 361 caro
1782 316 1865 359 tua
1887 346 1903 370 ,
1948 304 2133 358 admo-

564 411 708 466 neris
732 405 996 479 quomodo
1024 414 1076 458 te
1101 408 1343 472 oporteat
1369 400 1573 455 servire
1600 400 1710 451 Deo
1750 406 1859 450 tuo.
1892 393 2135 448 Attendis

564 500 706 571 quod
734 499 832 553 sub
854 508 902 552 te
926 505 1008 549 est
1030 536 1047 561 ,
1080 491 1291 547 attende
1316 499 1369 546 et
1397 491 1536 561 quod
1576 503 1736 557 supra
1768 495 1819 541 te
1839 494 1939 540 est.
1969 484 2136 553 Leges

568 594 619 647 in
651 590 949 645 inferiorem
970 601 1073 640 non
1093 583 1284 648 habes,
1318 582 1417 637 nisi
1447 596 1476 635 a
1504 580 1799 638 superiore.
1829 576 2026 631 Servus
2054 589 2132 641 es,

566 695 778 737 servum
800 678 965 732 habes
998 694 1009 729 :
1043 675 1135 729 sed
1162 675 1414 728 Dominus
1442 673 1574 726 duos
1600 684 1785 724 servos
1806 668 1985 722 habet.
2014 666 2140 721 Ser-

564 791 661 829 vus
682 784 804 827 tuus
824 772 943 842 plus
972 777 1053 824 est
1076 770 1127 823 in
1156 775 1417 838 potestate
1462 763 1671 818 Domini
1712 761 1828 826 tui,
1871 776 2029 831 quam
2085 759 2137 812 in

567 874 676 918 tua.
718 862 906 931 itaque
951 860 1028 913 vis
1077 858 1169 911 tibi
1235 854 1437 911 obediri
1486 868 1515 906 a
1554 867 1748 914 carne;
1795 848 2046 919 numquid
2086 849 2139 902 in

566 953 816 1010 omnibus
842 960 1018 1023 potest
1034 952 1057 1005 ?
1071 949 1133 1004 in
1152 949 1395 1003 omnibus
1411 946 1739 1015 obtemperat
1764 944 1988 998 Domino
2012 950 2141 1007 tuo;

568 1062 675 1102 non
702 1046 753 1099 in
793 1042 1036 1099 omnibus
1079 1042 1409 1109 obtemperat
1437 1038 1553 1091 tibi.
1581 1034 1857 1104 Quomodo
1878 1076 1891 1100 ,
1922 1033 2140 1103 inquis?

570 1132 1017 1202 Ambulas,pedes
1043 1144 1244 1195 moves,
1270 1128 1507 1197 sequitur
1538 1145 1552 1180 :
1582 1124 1675 1180 sed
1694 1122 1947 1193 numquid
1976 1138 2142 1192 quan-

569 1234 679 1279 tum
694 1224 771 1277 vis
792 1223 883 1277 ibit
901 1232 1072 1277 tecum
1100 1222 1126 1274 τ’
1143 1219 1418 1274 Animatur
1438 1232 1467 1270 a
1508 1224 1590 1281 te,
1618 1214 1869 1283 numquid
1892 1212 2141 1284 quamdiu

568 1315 682 1372 vis?
697 1312 944 1384 numquid
962 1310 1175 1382 quando
1188 1309 1292 1374 vis,
1312 1306 1496 1361 doles?
1512 1304 1722 1375 quando
1742 1304 1841 1370 vis,
1864 1317 2025 1358 sanus
2045 1302 2141 1357 es?

567 1408 801 1464 Exercet
816 1406 955 1461 enim
988 1414 1038 1459 te
1052 1404 1356 1474 plerumque
1381 1398 1635 1453 Dominus
1660 1404 1781 1451 tuus
1808 1410 1901 1465 per
1924 1408 2140 1449 servum

568 1508 758 1565 tuum;
807 1507 867 1553 ut
911 1496 1034 1567 quia
1075 1494 1223 1549 fuisti
1263 1490 1475 1548 Domini
1504 1498 1860 1560 contemptor,
1887 1485 2143 1542 merearis

569 1588 840 1645 eruendari
867 1602 962 1659 per
989 1599 1223 1641 servum.

637 1678 862 1735 CAPUT
899 1677 957 1731 ν.
983 1705 1055 1716 -
1088 1675 1141 1729 6.
1186 1671 1462 1727 Delectalio
1490 1671 1658 1725 carnis
1685 1670 2000 1737 aliquantum
2029 1675 2075 1722 et
2109 1684 2141 1721 a

565 1772 716 1827 licitis
740 1767 1063 1841 refrenanda.
1095 1765 1364 1835 Jejanium
1402 1772 1626 1817 nostrum
1676 1762 1777 1830 fine
1822 1760 2071 1813 diversum
2111 1775 2143 1811 a

564 1862 763 1933 jejunio
790 1858 1142 1930 Paganorum,
1169 1854 1203 1908 .1
1209 1856 1468 1908 ιιάωοηιηι
1493 1862 1540 1907 et
1560 1853 1927 1907 hereticorum.
1960 1849 2140 1904 Have-

567 1951 681 2005 ticis
706 1960 757 2003 ut
776 1949 1032 2019 jejunium
1058 1945 1213 2016 prosit
1239 1943 1549 1997 redeundum
1591 1942 1660 1995 ad
1692 1940 1996 1996 Ecclesium.
2030 1938 2136 1994 Sed

566 2041 633 2095 ad
662 2050 712 2094 te
735 2037 862 2107 quid
919 2036 1189 2107 pertinet?
1215 2033 1627 2089 Delectationem
1678 2033 1855 2087 carnis
1913 2046 2018 2086 non
2048 2046 2140 2086 re-

492 2116 497 2121 ,
566 2134 749 2188 laxare
779 2145 944 2200 usque
990 2128 1054 2182 ad
1088 2127 1289 2194 illicita,
1319 2126 1645 2195 aliquantum
1676 2132 1730 2180 et
1772 2140 1802 2179 a
1854 2124 2013 2178 licitis
2049 2138 2140 2178 re-

567 2222 814 2276 framare.
870 2218 971 2286 Qui
1017 2218 1156 2273 enim
1200 2232 1229 2271 a
1287 2216 1445 2270 nullis
1494 2214 1741 2270 refrtenat
1785 2214 1961 2281 licitis,
2006 2214 2139 2270 vici-

562 2327 663 2367 nus
688 2319 769 2366 est
794 2319 849 2365 et
876 2310 1090 2364 illicitis.
1123 2307 1370 2371 Proinde,
1401 2307 1593 2362 fratres
1616 2347 1631 2371 ,
1662 2306 1860 2360 licitum
1904 2314 1985 2361 est
2011 2321 2140 2361 con-

558 2403 786 2475 jugium.
817 2401 1055 2455 illicitum
1084 2409 1163 2453 est
1185 2398 1533 2460 adulterium;
1557 2406 1609 2451 et
1634 2405 1809 2451 tamen
1832 2406 2136 2466 temperan-

565 2502 644 2547 tes
671 2493 789 2558 viri,
812 2499 870 2545 ut
897 2491 1050 2560 longe
1074 2490 1179 2543 sint
1202 2488 1269 2542 ab
1294 2487 1476 2541 illicito
1492 2486 1772 2549 adulterio,
1796 2484 2137 2541 refrenantse

561 2583 885 2652 aliquantum
902 2589 954 2635 et
973 2596 1000 2633 a
1020 2581 1163 2634 licito
1183 2578 1449 2647 coniugio.
1472 2577 1640 2632 Licita
1656 2586 1738 2631 est
1757 2577 1978 2631 satietas
1994 2619 2009 2643 ,
2034 2576 2137 2631 illi-

559 2674 665 2730 cita
694 2683 774 2729 est
793 2672 1105 2728 ebriositas:
1140 2680 1313 2725 tamen
1342 2670 1568 2724 modesti
1606 2668 1871 2735 homines,
1895 2680 1949 2723 ut
1980 2669 2136 2739 longe

558 2782 619 2823 se
645 2766 840 2822 faciant
865 2781 892 2820 a
924 2764 1247 2834 turpitudine
1292 2763 1564 2819 ebrietatis
1587 2804 1603 2829 ,
1650 2764 1909 2833 castigant
1939 2777 1997 2817 se
2034 2762 2134 2817 ali-

558 2866 815 2927 quantum
853 2864 908 2911 et
950 2872 980 2911 a
1010 2854 1253 2909 libertate
1282 2853 1559 2909 satietatis.
1604 2852 1678 2907 lta
1725 2868 1853 2922 ergo
1884 2867 2131 2923 agamus,

557 2948 771 3016 fratres,
802 2957 1190 3017 temperemus;
1211 2942 1419 3014 etquod
1444 2942 1666 2997 facimus
1685 2984 1701 3009 ,
1726 2944 1954 2997 sciamus
1969 2957 2135 3013 quare

557 3037 833 3093 faciamus.
846 3035 1119 3093 Cessando
1142 3050 1172 3089 a
1193 3034 1373 3090 laetitia
1404 3033 1602 3101 carnis,
1633 3034 1922 3104 acquiritur
1950 3033 2133 3089 laetitia

556 3128 774 3185 mentis.

627 3220 682 3274 ’1.
714 3217 944 3275 Proinde
972 3216 1091 3272 ﬁnis
1119 3215 1273 3271 nobis
1317 3214 1641 3286 jejuniorum
1690 3226 2023 3282 nostrorum,
2065 3215 2131 3270 ad

555 3310 658 3365 iter
682 3318 920 3365 nostrum
951 3327 965 3363 :
996 3306 1120 3378 quid
1142 3307 1211 3362 sit
1247 3306 1419 3377 ipsum
1443 3307 1563 3371 iter,
1604 3314 1658 3361 et
1682 3320 1787 3375 quo
1818 3306 2131 3371 tendamus,

554 3399 658 3456 hoc
682 3398 1122 3455 considerandum
1153 3404 1255 3452 est.
1306 3395 1545 3465 Namque
1570 3405 1623 3450 et
1652 3395 1848 3466 Pagani
1889 3395 2132 3466 jejunant

555 3491 862 3562 aliquando,
894 3504 992 3545 nec
1019 3489 1290 3559 regionem
1341 3502 1448 3558 quo
1498 3487 1764 3543 tendimus
1814 3497 2044 3542 norunt:
2077 3496 2132 3543 et

557 3581 725 3637 Judzei
750 3579 1305 3651 jejunantaliquando,
1325 3587 1380 3633 et
1404 3578 1541 3632 viam
1572 3583 1623 3632 In
1650 3593 1748 3648 qua
1770 3580 2127 3645 ambulamus,

556 3690 664 3729 non
689 3671 1400 3745 apprehenderunt.’l‘aleest
1428 3670 1549 3735 hoc,
1576 3684 1638 3724 ac
1656 3671 1701 3724 si
1720 3670 1909 3738 aliquis
1933 3686 2127 3739 equum

552 3765 752 3826 domet,
778 3764 831 3818 in
858 3779 963 3833 quo
994 3771 1156 3817 erret.
1187 3761 1435 3830 Jejunant
1464 3759 1733 3813 hmretici:
1769 3760 1920 3814 video
1945 3761 2127 3829 quales

553 3865 711 3922 eant;
742 3856 1011 3925 interrogo
1034 3870 1138 3923 quo
1164 3861 1287 3907 eant
1304 3852 1327 3905 ?
1343 3851 1624 3921 Jejunatis,
1646 3860 1703 3904 ut
1728 3851 1810 3905 cui
1840 3851 2129 3920 placeatis?

552 3949 680 4012 Deo,
714 3947 973 4016 inquiunt.
993 3943 1202 4013 Munus,
1220 3942 1439 4013 putatis,
1464 3940 1690 4009 accipit?
1710 3939 1813 3995 Sed
1835 3941 1980 4009 prius
2010 3941 2128 3997 vide

552 4037 680 4108 quid
706 4037 836 4092 dicit
860 4054 874 4091 :
908 4034 1153 4107 Relinque
1171 4048 1374 4099 munus,
1402 4040 1448 4085 et
1476 4030 1619 4097 uade,
1646 4030 1784 4099 prius
1804 4031 2129 4086 reconciliare

554 4131 703 4199 fratri
724 4137 809 4182 tuo
839 4126 1046 4197 (Matth.
1072 4140 1129 4190 v,
1155 4123 1273 4193 24).
1298 4122 1557 4193 Numquid
1598 4121 1833 4176 membra
1866 4129 1951 4177 tua
1981 4131 2127 4177 recte

550 4221 757 4288 domas,
784 4220 871 4289 qui
898 4216 1091 4272 Christi
1116 4215 1351 4271 membra
1373 4214 1641 4269 dilanias?
1665 4213 1900 4279 Auditur,
1926 4214 2118 4284 inquit,

547 4313 601 4366 in
626 4312 845 4367 clamore
864 4326 958 4364 vom
976 4317 1166 4373 vestra;
1192 4315 1239 4361 et
1268 4322 1350 4360 eos
1365 4306 1449 4375 qui
1465 4306 1554 4359 sub
1560 4306 1687 4377 jugo
1707 4314 1865 4359 vestro
1885 4315 2021 4371 sunt,
2034 4305 2127 4359 sti-

548 4404 753 4457 mulatis
772 4412 818 4456 et
842 4400 1033 4455 creditis
1056 4399 1259 4471 pugnis.
1292 4396 1411 4452 Non
1434 4398 1533 4451 tale
1543 4398 1799 4467 jejunium
1828 4397 1973 4467 elegi,
2003 4397 2125 4451 dicit

549 4490 799 4546 Dominus
828 4490 979 4563 (lsai.
1012 4507 1156 4556 LVIII,
1185 4490 1283 4544 Aet
1301 4489 1376 4557 5).
1407 4487 1802 4558 lmproharetur
1826 4502 1953 4556 ergo
1990 4486 2127 4557 jeju-

551 4586 693 4638 nium
724 4594 893 4647 tuum,
916 4583 961 4637 si
992 4581 1393 4636 immoderatius
1414 4594 1633 4635 severus
1653 4580 1912 4634 existeres
1933 4579 1985 4632 in
2012 4592 2125 4633 ser-

550 4689 672 4726 vum
701 4684 846 4727 tuum
873 4691 885 4726 :
914 4673 1291 4743 approbabitur
1331 4672 1590 4740 jejunium
1636 4680 1779 4725 tuum
1808 4711 1823 4736 ,
1852 4686 1971 4725 cum
2017 4686 2121 4726 non

556 4767 803 4838 agnoscis
845 4767 1056 4821 lratrem
1087 4766 1278 4821 tuum?
1307 4764 1421 4819 Non
1461 4779 1561 4835 ego
1605 4779 1785 4833 quer
1813 4779 1844 4818 a
1869 4778 1975 4833 quo
2003 4765 2123 4820 cibo

547 4860 833 4922 abstineas,
859 4858 952 4913 sed
978 4874 1135 4929 quem
1166 4857 1342 4912 cibum
1369 4856 1580 4925 diligas.
1601 4856 1693 4909 Dic
1719 4854 1844 4909 mihi
1863 4870 2019 4924 quem
2042 4856 2121 4910 ci-

548 4948 673 5002 bum
698 4949 914 5018 diligas,
946 4956 1006 5002 ut
1027 4948 1314 5017 approbem
1340 4947 1479 5017 quod
1517 4947 1582 5001 ab
1611 4947 1711 5000 isto
1739 4947 1857 5000 cibo
1884 4955 1935 5001 te
1955 4946 2120 5001 absti-

547 5054 694 5095 neas.
724 5040 904 5110 Diligis
921 5039 1176 5109 justitiam
1202 5039 1224 5092 ?
1254 5038 1412 5093 Forte
1433 5080 1446 5103 ,
1478 5038 1653 5108 inquis
1673 5078 1688 5103 ,
1721 5037 1903 5108 diligo.
1937 5040 2119 5107 Appa-

544 5143 661 5189 reat
687 5148 815 5204 ergo
836 5134 1038 5203 justitia
1065 5142 1175 5187 tua.
1205 5133 1339 5188 Puto
1363 5133 1503 5187 enim
1526 5133 1725 5203 justum
1756 5148 1874 5187 esse
1900 5141 1957 5187 ut
2006 5147 2117 5186 ma-

544 5226 643 5297 jori
673 5227 1039 5295 servias,quo
1064 5224 1154 5278 tibi
1203 5225 1376 5279 minor
1426 5224 1774 5293 obtemperet.
1837 5224 1909 5278 De
1956 5236 2117 5277 carne

544 5315 685 5370 enim
710 5315 1094 5385 loquebamur,
1134 5328 1252 5385 qum-
1277 5315 1451 5368 minor
1480 5322 1562 5368 est
1586 5329 1742 5382 quam
1784 5314 2030 5383 Spiritus,
2063 5321 2116 5367 et

540 5422 660 5477 quae
685 5405 947 5461 domanda
975 5422 1036 5461 ac
1067 5406 1389 5461 moderanda
1428 5406 1664 5474 subjecm
1695 5416 1794 5459 est.
1838 5406 1966 5475 Agis
1993 5421 2113 5461 cum

540 5512 601 5552 ea
631 5504 691 5551 ut
715 5496 1048 5569 obtemperet
1078 5497 1203 5563 tibi,
1248 5505 1301 5551 et
1339 5496 1605 5551 subtrahis
1648 5498 1696 5551 ei
1736 5499 1939 5563 cibum,
1972 5496 2112 5567 quod

540 5600 686 5643 ames
710 5587 1001 5659 subiectam
1031 5588 1125 5645 tibi
1156 5606 1170 5645 :
1196 5602 1425 5661 agnosce
1452 5588 1707 5659 majorem
1728 5630 1743 5658 ,
1776 5605 2003 5661 agnosce
2025 5607 2112 5644 su-

1778 194 1835 250 S.
1878 190 2242 250 AUCUSTlNl
2284 189 2576 248 EPISCOPI
3630 208 3705 269 τις

2244 306 2529 374 periorem,
2559 314 2617 359 ut
2650 304 2740 358 tibi
2770 312 2912 359 recte
2931 304 3091 361 cedat
3120 307 3341 365 interior.

2318 396 2541 452 CAPUT
2572 396 2656 450 Vl.
2691 425 2761 436 —-
2785 396 3069 451 Concordia
3110 402 3413 456 membrorum
3448 411 3629 476 corporis
3656 414 3703 471 ad

2243 488 2483 540 unitatem
2507 502 2589 539 eos
2618 495 2841 539 revocat.
2866 485 3001 554 Quid
3025 528 3040 551 ,
3068 488 3113 543 si
3140 503 3260 543 caro
3283 498 3359 544 tua
3384 493 3537 549 obedit
3558 500 3653 565 tibi,
3672 515 3707 559 et

2245 585 2299 629 tu
2318 591 2424 631 non
2451 576 2634 631 obedis
2658 576 2767 630 Deo
2798 585 2888 630 tuo
2914 577 2937 629 ?
2962 592 3137 632 nonne
3163 579 3227 633 ab
3243 580 3344 648 ipsa
3370 582 3608 653 damnaris,
3622 605 3705 647 cum

2247 666 2337 719 tibi
2367 664 2744 735 obtemperat?
2772 664 2958 720 Nonne
2981 666 3376 737 obtemperando
3402 672 3500 737 tibi,
3525 688 3708 736 contrate

2246 755 2371 810 dicit
2400 757 2802 811 testimonium?

2314 844 2367 899 8.
2400 845 2465 899 Et
2489 846 2572 899 cui
2590 887 2606 912 ,
2631 846 2819 915 inquit,
2847 845 3037 916 majori
3065 847 3437 919 obtemperem?
3462 854 3710 925 Ecccﬁhri-

2247 943 2360 989 stus
2385 934 2621 1005 loquitur
2640 978 2654 1001 ,
2675 936 2893 1004 justitia:
2922 946 3206 991 amatorem
3232 948 3286 993 te
3306 940 3520 996 dixeras:
3547 945 3709 1001 Manda-

2244 1036 2354 1081 tum
2382 1044 2561 1081 novum
2587 1028 2652 1082 do
2673 1029 2828 1095 vobis,
2856 1038 2911 1081 ut
2932 1045 3015 1082 vos
3034 1029 3240 1083 invicem
3259 1030 3461 1101 diligatis
3475 1033 3615 1106 (Joan.
3632 1055 3709 1105 xm,

2245 1119 2361 1189 3i).
2395 1119 2532 1175 Audi
2552 1136 2678 1190 ergo
2708 1121 2987 1175 Dominum
3016 1130 3159 1176 tuum
3185 1124 3464 1179 mandatum
3480 1126 3658 1195 dantem,
3676 1142 3711 1185 ut

2243 1227 2346 1266 nos
2378 1212 2602 1267 invicem
2642 1212 2944 1283 diligamus.
2973 1214 3105 1268 Cum
3130 1230 3196 1269 ex
3226 1214 3373 1270 nobis
3410 1219 3610 1274 omnibus
3631 1232 3712 1279 tan-

2247 1320 2404 1373 quam
2447 1302 2703 1358 membris
2750 1319 2947 1374 corpus
2974 1305 3072 1360 sibi
3103 1300 3293 1371 faciat,
3321 1308 3448 1376 quod
3478 1323 3628 1380 corpus
3644 1313 3710 1368 ba-

2241 1392 2370 1448 beat
2389 1409 2550 1448 unum
2578 1402 2738 1464 caput
2762 1394 2933 1463 ipsum
2962 1394 3247 1449 Dominum
3274 1395 3641 1466 etSa’lvatorem;
3677 1413 3711 1457 tu

2242 1497 2432 1540 contra
2460 1484 2669 1541 divellis
2700 1496 2750 1541 te
2794 1501 2824 1540 a
2846 1486 3103 1541 membris
3139 1487 3360 1553 Christi,
3385 1504 3477 1544 non
3500 1506 3613 1546 amas
3631 1496 3710 1548 uni-

2243 1584 2429 1632 tatem.
2480 1576 2593 1631 Non
2640 1576 2740 1632 hoc
2769 1591 3150 1646 expavesceres
3198 1578 3248 1631 in
3300 1579 3525 1635 membris
3549 1583 3709 1639 ιιιίςῖΞὶ

2246 1666 2529 1721 distortum
2558 1666 2781 1737 digitum
2809 1666 3033 1722 haberes
3053 1708 3069 1733 ,
3114 1682 3219 1721 non
3259 1667 3321 1721 ad
3352 1681 3637 1725 correctorem
3657 1674 3710 1726 di.

2245 1757 2338 1827 giti
2367 1757 2440 1811 tui
2467 1757 2728 1812 medicum
2757 1772 3001 1812 curreres
3017 1757 3043 1810 ?
3066 1757 3220 1813 Certe
3241 1767 3367 1813 tunc
3392 1773 3445 1813 se
3470 1759 3585 1814 habet
3614 1763 3708 1817 bene

2246 1863 2439 1918 corpus
2468 1856 2613 1903 tuum
2637 1890 2653 1915 ,
2695 1848 2908 1919 quando
2944 1848 3047 1903 sibi
3072 1849 3387 1903 concordant
3413 1851 3597 1904 membra
3614 1862 3703 1905 tua:

2245 1946 2371 1994 tunc
2397 1938 2589 1994 diceris
2621 1952 2783 1994 sanus
2802 1979 2818 2005 ,
2850 1945 2975 1993 tunc
2996 1938 3134 1993 bene
3153 1938 3316 1995 vales.
3337 1938 3390 1994 Si
3414 1948 3559 1995 autem
3575 1941 3708 2009 aliquid

2244 2028 2301 2083 in
2342 2037 2431 2084 tuo
2475 2044 2698 2099 corpore
2727 2028 3008 2084 dissentiat
3055 2028 3123 2084 ab
3164 2029 3278 2083 aliis
3302 2029 3541 2100 partibus,
3579 2034 3709 2100 quieris

2244 2123 2334 2194 qui
2382 2122 2648 2177 emendet.
2704 2121 2811 2177 Cur
2839 2136 2967 2191 ergo
3016 2136 3126 2176 non
3163 2122 3353 2191 quaeris
3402 2121 3643 2186 emendari,
3675 2133 3710 2174 ut

2242 2214 2540 2286 compagini
2594 2214 2966 2269 membrorum.
3005 2212 3205 2269 Christi
3248 2213 3508 2280 revoceris,
3546 2222 3589 2268 et
3625 2229 3708 2267 cos-

2242 2321 2402 2377 gruas
2445 2307 2496 2361 in
2544 2307 2659 2376 ipso
2700 2320 2927 2375 corpore
2967 2314 3024 2360 et
3073 2306 3205 2361 tuo?
3255 2304 3403 2360 Certe
3430 2306 3603 2360 viliores
3631 2313 3709 2359 sunt

2241 2399 2450 2455 caneris
2495 2398 2749 2454 membris
2794 2397 2969 2466 capilli
3014 2398 3131 2452 tui?
3180 2398 3299 2468 quid
3328 2398 3467 2454 vilius
3484 2398 3526 2451 in
3559 2412 3710 2466 corpore

2242 2500 2332 2545 tuo
2358 2490 2562 2561 capillis
2583 2489 2725 2545 tuis?
2753 2488 2879 2559 quid
2904 2489 3305 2559 contemptius?
3343 2489 3456 2559 quid
3498 2486 3713 2556 abjectiusl

2242 2583 2308 2637 Et
2357 2591 2531 2637 tamen
2582 2582 2629 2635 si
2678 2581 2815 2635 male
2862 2588 2913 2635 te
2962 2580 3225 2645 tondeat,
3280 2579 3500 2634 irasceris
3538 2578 3706 2641 tonsori,

2241 2674 2364 2742 quia
2392 2672 2445 2725 in
2471 2672 2675 2742 capillis
2707 2672 2811 2726 tuis
2834 2685 2941 2725 non
2964 2680 3157 2726 servat
3179 2671 3507 2740 aequalitatem
3532 2686 3543 2721 :
3567 2678 3607 2723 et
3626 2678 3659 2719 tu
3679 2668 3710 2719 in

2241 2763 2498 2820 membris
2522 2763 2720 2819 Christi
2740 2779 2843 2818 non
2873 2772 3021 2818 tenes
3040 2764 3344 2819 unitatem?
3366 2762 3484 2831 Quid
3502 2770 3598 2817 sunt
3615 2775 3709 2829 ergo,

2239 2865 2329 2910 aut
2355 2856 2440 2911 cui
2473 2856 2547 2909 rei
2570 2867 2790 2925 prosunt
2812 2856 3011 2925 jejunia
3044 2856 3185 2911 tua?
3215 2855 3468 2926 Indignum
3494 2855 3620 2908 Deum
3651 2867 3711 2921 pu-

2239 2954 2319 3001 tas
2338 2988 2353 3009 .
2383 2946 2468 3001 cui
2497 2946 2563 3001 ab
2587 2946 2832 3001 omnibus
2862 2945 2952 3015 qui
3001 2946 3056 3000 in
3096 2961 3219 3001 eum
3246 2930 3476 3011 credunt,
3504 2945 3545 2998 in
3578 2942 3711 2996 unitate

2238 3040 2541 3094 serviatur:
2572 3047 2625 3093 et
2653 3047 2828 3094 tamen
2856 3038 2937 3092 vis
2976 3039 3028 3092 in
3062 3038 3321 3094 membris
3349 3037 3469 3101 tuis,
3493 3036 3534 3089 in
3556 3047 3709 3102 carpore

2239 3138 2351 3197 tuo,
2367 3130 2417 3183 in
2435 3128 2642 3199 capillis
2662 3129 2765 3183 tuis
2782 3128 3033 3183 unitatem
3052 3128 3278 3185 servari.
3297 3128 3562 3198 Loquuntur
3574 3124 3709 3177 viscera

2239 3228 2348 3285 tua,
2369 3219 2605 3273 membra
2635 3228 2719 3273 tua
2741 3226 2925 3273 contra
2948 3227 2999 3273 te
3022 3217 3213 3274 dicunt
3233 3233 3405 3274 verum
3427 3213 3708 3275 testimonium,

2236 3320 2290 3365 et
2317 3319 2368 3364 tu
2400 3310 2588 3364 falsum
2615 3320 2796 3364 contra
2826 3310 3066 3365 membra
3093 3310 3328 3366 Christi?

2307 3400 2359 3455 9.
2396 3400 2704 3456 DiscreviSti
2735 3410 2787 3456 te
2810 3414 2838 3453 a
2864 3401 3071 3470 jejunio
3102 3397 3560 3472 Paganorum?lloc
3580 3401 3702 3462 pulit“.

2235 3501 2289 3545 et
2341 3490 2462 3546 ideo
2510 3506 2728 3546 securus
2778 3492 2871 3546 tibi
2925 3492 3151 3548 videris.
3208 3494 3316 3565 Ego
3362 3492 3515 3554 enim,
3550 3484 3705 3553 inquis.

2234 3580 2444 3637 Christo
2469 3582 2650 3652 jejuno
2669 3623 2683 3647 ,
2712 3582 2785 3635 illi
2816 3591 2989 3636 autem
3018 3582 3179 3638 idolis
3200 3594 3253 3638 et
3277 3580 3535 3637 daemoniis.
3557 3573 3709 3641 Accipio

2234 3672 2373 3741 quod
2395 3672 2526 3727 dicis
2544 3712 2559 3737 ,
2589 3681 2643 3728 et
2668 3688 2851 3728 revera
2872 3713 2887 3740 ,
2933 3689 3037 3727 non
3069 3689 3207 3744 nego
3225 3715 3239 3740 ,
3268 3673 3521 3728 discretum
3543 3673 3618 3723 cst.
3640 3661 3708 3717 Sed

2234 3779 2359 3819 ecce
2387 3764 2827 3834 quemadmodum
2854 3774 3040 3820 contra
3074 3774 3125 3820 te
3149 3764 3300 3835 paulo
3328 3772 3439 3818 ante
3462 3775 3531 3815 me
3547 3768 3711 3813 comme-

2233 3865 2475 3911 morante
2495 3898 2510 3923 ,
2539 3856 2787 3927 dicebant
2813 3856 3181 3911 testimonium
3211 3858 3431 3911 membra
3471 3857 3627 3915 tua,ut
3647 3843 3709 3897 ad-

2232 3962 2505 4003 monerem
2538 3958 2588 4003 te
2614 3948 2782 4018 qualis
2801 3962 2920 4003 esse
2946 3946 3149 4003 debeas
3178 3963 3295 4002 cum
3334 3943 3556 4001 membris
3574 3932 3709 3993 Christi

2234 4040 2327 4096 Dei
2360 4040 2467 4101 tui;
2495 4048 2549 4095 et
2579 4040 2676 4109 ipsi
2734 4031 2965 4109 Pagani,
3024 4053 3053 4093 a
3087 4041 3277 4107 quibus
3301 4050 3497 4107 separas
3525 4028 3711 4103 jejunium

2232 4142 2378 4187 tuum
2402 4174 2419 4199 ,
2444 4133 2766 4188 admoneant
2795 4142 2845 4187 te
2872 4132 3071 4203 aliquid
3101 4134 3168 4189 de
3190 4136 3381 4188 unitate
3406 4127 3574 4186 Christi
3599 4123 3667 4177 tui.

2301 4225 2527 4282 CAPUT
2556 4225 2665 4280 Vll.
2693 4254 2765 4266 —
2793 4224 3121 4296 Paganorum
3175 4228 3391 4297 ipsorum
3434 4216 3650 4275 concordia
3679 4212 3713 4262 is

2230 4316 2369 4370 cultu
2409 4315 2715 4387 litigantium
2745 4316 2975 4370 deorum.
3004 4317 3142 4371 Ecce
3169 4316 3242 4371 illi
3273 4315 3456 4371 multos
3478 4312 3585 4367 deos
3607 4304 3713 4358 falsos

2230 4423 2334 4461 non
2357 4407 2508 4461 divisi
2534 4408 2713 4462 colunt
2738 4426 2751 4462 :
2782 4406 3034 4477 numquid
3057 4422 3155 4462 nos
3186 4423 3342 4462 unum
3370 4417 3531 4459 verum
3558 4398 3647 4453 ideo
3662 4409 3714 4445 In-

2232 4496 2477 4549 venimus
2498 4538 2511 4560 ,
2559 4508 2617 4551 ut
2660 4497 2757 4550 sub
2799 4512 2904 4550 uno
2944 4498 2995 4550 in
3024 4498 3226 4553 unitate
3253 4512 3353 4551 non
3382 4490 3560 4548 simus?
3581 4485 3715 4541 Multos

2228 4586 2302 4641 illi
2328 4596 2379 4641 et
2408 4585 2597 4651 falsos,
2630 4603 2725 4640 nos
2750 4603 2914 4641 unum
2954 4595 3007 4642 et
3028 4603 3212 4643 verum
3245 4604 3259 4641 :
3290 4595 3340 4642 et
3369 4586 3437 4640 illi
3483 4581 3567 4639 sub
3590 4572 3715 4631 multis

2228 4678 2372 4733 falsis
2402 4693 2503 4732 non
2531 4678 2724 4733 habent
2761 4677 3073 4733 divisionem
3100 4720 3114 4744 ,
3148 4694 3247 4734 nos
3288 4677 3383 4733 sub
3406 4689 3502 4730 uno
3525 4683 3625 4725 vero
3644 4676 3713 4717 non

2228 4778 2470 4823 tenemus
2502 4771 2775 4824 unitatem.
2806 4769 2922 4824 Non
2964 4770 3111 4825 doles
3132 4814 3147 4837 ,
3180 4787 3283 4825 non
3325 4768 3503 4839 gemis,
3528 4777 3610 4818 non
3633 4770 3715 4810 erle

2227 4860 2436 4913 bescis?
2468 4860 2621 4914 Aliud
2674 4860 2811 4914 addo
2842 4879 2854 4914 :
2888 4876 2991 4915 non
3028 4862 3199 4916 solum
3247 4861 3433 4915 multos
3459 4858 3569 4910 deos
3604 4848 3715 4903 falsos

2226 4949 2419 5019 Pagani
2448 4951 2667 5015 colunt,
2699 4949 2795 5006 sed
2826 4951 3105 5021 plerosque
3135 4951 3234 5005 sibi
3279 4946 3550 5004 contrarios
3587 4947 3627 4992 et
3646 4932 3713 4987 iui-

2204 5043 2411 5097 .micos.
2446 5043 2599 5097 Verbi
2624 5044 2791 5113 gratia
2817 5085 2831 5104 ,
2862 5058 3337 5098 commemoramus
3353 5037 3711 5113 aliquaipsnrum.

2223 5133 2267 5186 si
2297 5142 2485 5187 cuncta
2518 5148 2621 5187 non
2651 5148 2931 5201 possumus
2961 5150 2974 5187 :
3031 5134 3282 5188 Hercules
3324 5142 3375 5185 et
3413 5129 3535 5184 Juno
3575 5110 3713 5172 inimii

2225 5220 2433 5275 fuerunt
2456 5263 2469 5284 ,
2518 5222 2757 5277 homines
2784 5225 2923 5277 enim
2955 5223 3202 5285 fuerunt;
3239 5223 3489 5291 privignus
3517 5214 3612 5273 ille,
3652 5217 3714 5255 κθ·

2220 5326 2374 5366 verca
2406 5311 2495 5366 illa
2520 5328 2533 5365 :
2566 5313 2773 5383 utrique
2800 5329 2983 5368 eorum
3012 5315 3206 5380 Pagani
3234 5311 3415 5380 templa
3441 5306 3656 5360 fecerunt,
3680 5298 3713 5342 Pl

2220 5402 2413 5458 Junoni
2445 5412 2498 5458 et
2520 5403 2752 5459 llerculi.
2786 5405 3022 5460 Aderant
3042 5407 3186 5460 illum
3212 5448 3224 5471 ,
3260 5404 3464 5457 adorant
3486 5398 3635 5451 illam:
3658 5398 3711 5453 [ιδ’

2218 5496 2349 5553 riter
2394 5504 2525 5551 eunt
2551 5496 2617 5552 ad
2659 5497 2948 5563 Junonem,
2982 5499 3178 5568 pariter
3222 5497 3287 5551 ad
3337 5476 3710 5575 Hcrculcmiillis

2219 5591 2318 5647 sibi
2352 5590 2499 5647 iratis
2520 5632 2534 5659 ,
2565 5589 2854 5647 concordes
2878 5599 3018 5646 sunt.
3050 5588 3310 5645 Vulcanus
3334 5598 3383 5643 et
3421 5583 3541 5637 Mars
3564 5573 3706 5630 inimia
