3904 6362
214 337 292 396 115
1254 317 1484 380 SERMO
1524 314 1614 377 DE
1656 306 2019 377 UTILITATE
2055 312 2323 377 JEJUNll.

223 462 337 518 sunt,
359 456 401 505 et
417 445 614 519 justam
645 453 866 500 causam
895 439 1057 496 habet
1079 437 1337 495 Vulcanus
1370 457 1385 495 :
1433 437 1528 494 sed
1551 437 1618 494 da
1653 437 1742 508 ju-

222 547 344 601 dicem
365 537 657 612 quiaudiat.
690 535 815 592 Odit
835 534 978 591 enim
1003 531 1167 589 miser
1181 531 1362 588 uxoris
1387 531 1740 597 adulterium;

215 652 288 693 nec
303 642 450 688 tamen
473 629 641 686 audet
667 627 904 684 cultores
925 640 1052 681 suos
1073 640 1105 680 a
1131 624 1308 679 Martis
1334 625 1532 694 templo
1559 623 1770 696 prohi-.

216 729 323 783 bere.
347 723 500 780 Simul
520 722 756 777 adorant
773 719 922 775 illum
949 726 1004 774 et
1029 717 1202 771 illum.
1221 715 1278 771 Si
1294 716 1568 770 imitantur
1589 714 1740 784 deos,

218 820 375 887 litigant
393 826 443 870 et
471 814 594 885 ipsi.
654 813 797 868 Eunt
841 810 909 866 de
939 809 1137 878 templo
1173 807 1356 862 Martis
1393 806 1459 862 ad
1493 807 1745 877 templum

226 908 420 963 Vulcani:
451 921 646 977 magna
701 903 1026 974 indignitas!
1060 917 1160 958 nec
1211 910 1387 956 tamen
1439 902 1628 958 timent
1677 915 1748 956 ne

221 1001 290 1055 sibi
312 1001 543 1054 iniscatur
590 996 816 1051 maritus
835 1036 850 1060 ,
879 993 1020 1065 quod
1043 992 1110 1048 ad
1137 1008 1258 1048 eum
1289 992 1497 1048 venitur
1520 992 1587 1047 de
1615 1000 1752 1046 tem-

222 1095 284 1162 plu
304 1093 453 1147 .llartis
474 1089 725 1146 adulteri.
757 1088 964 1144 Habent
991 1102 1085 1144 cor
1106 1128 1120 1153 ,
1159 1087 1332 1143 sciunt
1356 1087 1585 1157 lapidem
1623 1100 1750 1141 sen-

224 1187 294 1240 tire
314 1200 398 1239 non
427 1199 600 1254 posse.
627 1181 770 1237 Ecce
795 1180 1032 1237 colentes
1060 1179 1257 1234 multos
1281 1219 1296 1244 ,
1344 1178 1506 1235 falsos
1525 1220 1538 1242 ,
1569 1178 1751 1234 diver-

223 1293 310 1340 sos,
337 1276 570 1330 adversos
593 1316 610 1342 ,
643 1280 825 1329 tenent
847 1281 1020 1327 tamen
1046 1271 1100 1326 in
1137 1271 1218 1328 eis
1245 1270 1483 1327 colendis
1512 1270 1754 1341 qualem-

221 1387 393 1440 cumque
420 1370 677 1424 unitatem
703 1386 717 1421 :
747 1381 878 1423 ecce
901 1366 1081 1422 dicunt
1106 1373 1288 1421 contra
1315 1375 1364 1420 te
1391 1363 1754 1421 testimonium

218 1473 256 1518 et
271 1464 349 1532 ipsi
369 1461 650 1532 Pagani,a
679 1459 876 1530 quibus
928 1467 1016 1514 tua
1059 1457 1258 1528 jejunia
1303 1457 1582 1528 scparasti.
1619 1455 1754 1512 Veni

215 1569 310 1624 ergo
325 1553 383 1608 ad
402 1553 658 1607 unitatem
682 1593 697 1616 ,
729 1552 912 1605 frater.
934 1548 1109 1606 Unum
1140 1549 1305 1604 Deum
1328 1549 1552 1604 colimus
1577 1566 1590 1602 :
1621 1563 1757 1602 nun-

213 1660 335 1714 quam
360 1643 560 1699 Patrem
583 1650 642 1698 et
672 1641 868 1697 Filium
891 1639 1120 1696 vidimus
1146 1639 1432 1712 litigantes.
1470 1638 1581 1695 Nec
1624 1638 1757 1695 mihi

212 1737 372 1810 Pagani
403 1741 789 1802 succenseant,
837 1735 979 1806 quod
1034 1734 1148 1790 haec
1185 1733 1293 1789 dixi
1321 1733 1389 1789 de
1418 1733 1519 1788 diis
1547 1747 1753 1789 eorum.

211 1830 355 1896 Quare
376 1830 509 1884 enim
536 1829 842 1884 irascantur
861 1826 1037 1882 verbis
1064 1825 1196 1881 meis
1223 1867 1236 1893 ,
1262 1833 1316 1881 et
1345 1839 1452 1880 non
1473 1824 1650 1895 potius
1668 1823 1756 1878 lit-

215 1925 323 1979 teris
343 1923 478 1978 suis‘!
502 1922 624 1978 illas
644 1921 797 1992 prius
818 1963 835 1990 ,
868 1920 913 1976 si
947 1927 1202 1992 possunt,
1256 1919 1393 1985 imo,
1446 1921 1493 1974 si
1523 1918 1716 1974 volunt
1739 1959 1756 1986 ,

220 2014 433 2069 doleant:
449 2028 554 2068 non
573 2014 649 2068 eis
662 2011 919 2069 docendis
931 2009 1262 2083 grammatici
1277 2009 1394 2066 vela
1409 2007 1755 2080 suSpendant.

229 2104 452 2160 Irascitur
469 2105 591 2160 mihi
624 2106 734 2175 quia
760 2119 862 2176 ego
906 2103 1056 2170 dico,
1093 2103 1182 2174 qui
1225 2102 1318 2158 dat
1362 2100 1666 2158 mercedem
1704 2106 1762 2156 ut

232 2195 351 2249 filius
375 2195 526 2265 ipsius
550 2196 720 2251 discat.

288 2286 486 2343 CAPUT
510 2287 629 2342 Vill.
658 2318 726 2328 -—
755 2288 840 2344 10.
869 2286 1067 2360 Pagam'
1084 2286 1485 2346 Christianonmt
1509 2286 1764 2342 discordia

217 2380 391 2433 avocari
432 2397 464 2432 α
485 2380 758 2434 christiana
810 2381 1053 2453 religione
1097 2397 1197 2435 non
1245 2378 1442 2434 debent.
1490 2378 1722 2434 Charitas
1743 2418 1760 2445 ,

215 2473 579 2539 rita;disrensio
602 2514 618 2540 ,
660 2489 819 2528 more.
871 2473 1044 2544 Ergo,
1075 2469 1376 2528 charissimi
1397 2513 1412 2538 ,
1446 2470 1522 2525 illi
1547 2469 1762 2540 quidem

215 2563 324 2620 tales
346 2564 466 2620 deos
491 2564 726 2632 habent,
757 2564 844 2621 vel
895 2565 1070 2636 potius
1096 2563 1414 2619 habuerunt.
1457 2562 1587 2630 Quia
1619 2563 1762 2617 enim

212 2659 294 2730 ipsi
313 2675 396 2716 eos
414 2659 668 2716 deserere
696 2660 984 2716 noluerunt
1005 2700 1022 2727 ,
1063 2660 1131 2715 ab
1162 2660 1241 2715 eis
1283 2657 1482 2714 deserti
1523 2668 1664 2713 sunt.
1696 2658 1764 2714 Et

211 2753 336 2807 multi
357 2753 706 2810 deseruerunt
731 2768 826 2810 eos
848 2795 863 2820 ,
892 2761 947 2812 et
973 2752 1146 2808 adhuc
1167 2751 1455 2818 deserunt,
1508 2750 1765 2821 dejiciunt

214 2847 378 2918 templa
401 2862 585 2905 eorum
621 2849 678 2903 in
707 2847 962 2903 cordibus
1010 2847 1119 2903 suis
1153 2865 1167 2902 :
1197 2846 1291 2902 sed
1335 2844 1660 2916 gaudeamus
1697 2845 1766 2900 de

210 2935 324 3006 illis,
350 2941 462 3010 quia
483 2941 708 2996 veniunt
731 2931 797 2995 ad
826 2940 1082 2995 unitatem
1103 2979 1119 3007 ,
1165 2953 1272 2994 non
1316 2938 1384 2993 ad
1425 2937 1764 2992 divisionem.

209 3027 312 3085 Non
351 3031 574 3088 inveniat
629 3046 873 3104 paganus
919 3031 1256 3087 occasionem
1303 3045 1405 3100 qua
1455 3029 1590 3084 nolit
1646 3043 1766 3084 esse

210 3121 514 3181 cbristianns.
546 3123 956 3180 Concordemus
980 3165 995 3192 ,
1045 3120 1274 3190 fratres,
1325 3121 1563 3177 colentes
1598 3134 1765 3175 unum

211 3211 361 3270 Deum
383 3254 398 3281 ,
423 3224 472 3271 ut
503 3223 558 3271 et
583 3215 708 3271 illos
736 3215 984 3272 deserere
1033 3213 1231 3269 multos
1259 3211 1389 3268 deos
1421 3211 1765 3272 exhortemur

203 3303 413 3374 quodam
452 3306 612 3362 modo
657 3314 842 3361 nostra
883 3303 1168 3361 concordia
1197 3345 1212 3371 ,
1266 3311 1325 3358 ut
1373 3302 1441 3358 ad
1470 3317 1654 3373 pacem
1713 3311 1768 3358 et

199 3395 264 3450 ad
311 3397 551 3455 unitatem
592 3398 814 3455 veniant
861 3397 1073 3454 colendi
1125 3407 1288 3452 unum
1349 3393 1539 3450 Deum.
1598 3394 1666 3449 Et
1719 3394 1766 3450 si

203 3485 337 3544 forte
366 3489 656 3560 fastidiunt,
707 3499 763 3546 et
799 3490 925 3546 hinc
958 3488 1112 3544 nobis
1149 3488 1541 3545 calumniantur
1567 3529 1583 3556 ,
1623 3487 1767 3558 quod

202 3578 455 3635 unitatem
479 3582 610 3638 inter
633 3598 734 3640 nos
755 3581 1048 3639 Christiani
1073 3595 1180 3637 non
1219 3579 1512 3648 habemus,
1562 3587 1618 3635 et
1643 3579 1768 3636 inde

192 3677 320 3724 sunt
346 3671 477 3728 tardi
503 3681 556 3729 et
573 3674 705 3746 pigri
727 3688 799 3730 ne
821 3673 1042 3730 veniant
1063 3671 1132 3728 ad
1155 3672 1383 3728 salutem
1408 3688 1423 3738 ;
1453 3671 1697 3743 alloquar
1715 3680 1769 3728 et

194 3757 335 3829 ipsos
356 3763 616 3834 paululum
637 3756 746 3835 ge?
754 3764 928 3821 dicam
943 3806 960 3834 ,
990 3763 1134 3836 quod
1157 3763 1236 3820 eis
1263 3762 1474 3819 dicatis.
1488 3760 1606 3818 Non
1632 3777 1768 3832 prae-

211 3850 362 3912 ferant
390 3859 538 3915 nobis
562 3859 716 3932 quasi
744 3857 1084 3916 concordiam
1112 3871 1298 3926 suam,
1342 3872 1450 3912 non
1503 3855 1605 3912 sibi
1651 3863 1770 3910 tan-

210 3960 346 4016 quam
370 3951 437 4007 de
457 3953 661 4008 unitate
686 3967 782 4008 sua
826 3950 1093 4022 placeant.
1125 3949 1344 4006 Hostem
1387 3949 1584 4021 quippe
1611 3963 1769 4020 quem

205 4043 448 4113 patimur,
477 4046 552 4102 illi
578 4061 686 4100 non
711 4043 986 4116 patiuntur
1016 4061 1030 4099 :
1058 4042 1182 4099 illos
1205 4051 1261 4099 et
1287 4057 1394 4098 non
1422 4041 1524 4098 ista
1551 4050 1771 4114 agentes

203 4129 304 4204 ipse
327 4139 581 4210 possidet.
600 4138 760 4196 Videt
781 4154 878 4196 eos
905 4138 1220 4195 adoratores
1241 4137 1492 4193 falsorum
1513 4135 1767 4204 deorum;

201 4228 332 4285 Videt
351 4246 446 4287 eos
463 4246 680 4301 servos,
705 4239 762 4289 et
783 4245 970 4288 servos
993 4229 1380 4286 daemoniorum
1395 4227 1522 4300 quid
1542 4227 1618 4283 illi
1637 4227 1772 4283 lucri

199 4330 267 4375 est
291 4322 419 4392 quia
445 4323 680 4395 litigant,
711 4330 800 4378 aut
846 4321 974 4394 quid
998 4319 1178 4378 damni
1222 4328 1309 4378 est
1354 4321 1479 4391 quia
1514 4335 1622 4403 non
1667 4319 1773 4374 liti-

197 4424 312 4478 gant
330 4414 358 4468 ἵ
384 4415 450 4472 Et
474 4432 641 4473 unum
663 4416 906 4488 quamvis
935 4415 1125 4471 falsum
1158 4422 1212 4471 et
1229 4429 1425 4470 vanum
1454 4413 1768 4482 sentientes,

198 4504 404 4576 sibique
419 4508 818 4566 consentientes
839 4550 856 4577 ,
887 4508 966 4565 sic
992 4521 1086 4564 eos
1111 4505 1366 4579 possidet.
1395 4507 1466 4562 At
1496 4521 1626 4562 vero
1650 4520 1771 4561 cum

199 4595 560 4669 deserantur,
590 4612 644 4660 et
672 4603 827 4660 multi
857 4602 924 4659 ad
951 4618 1117 4658 unum
1144 4602 1312 4659 Deum
1349 4610 1770 4670 concurrerent,

203 4692 306 4759 eius
330 4697 581 4770 sacrilega
602 4707 937 4755 sacramenta
965 4697 1314 4763 desererent,
1341 4696 1537 4768 templa
1565 4706 1776 4753 everte-

204 4794 349 4854 rent,
383 4789 515 4846 idola
539 4790 878 4864 frangerent,
905 4789 1166 4846 sacrificia
1206 4788 1590 4862 prohiberent;
1641 4789 1776 4845 vidit

204 4886 254 4931 se
296 4883 591 4951 perdidisse
619 4899 754 4956 quos
782 4883 1034 4952 tenebat,
1064 4882 1197 4940 vidit
1234 4897 1264 4937 a
1293 4897 1390 4939 sua
1433 4880 1632 4937 familia
1682 4897 1774 4939 re-

203 4973 450 5045 cessisse,
477 4993 665 5033 verum
710 4977 878 5033 Deum
929 4975 1244 5046 cognovisse
1287 4991 1301 5029 :
1353 4973 1478 5045 quid
1525 4971 1776 5029 faceret?

199 5069 461 5131 quomodo
485 5069 856 5126 insidiaretur?
883 5068 1189 5126 Concordes
1213 5081 1313 5124 nos
1356 5066 1458 5123 scit
1482 5066 1623 5137 quod
1647 5081 1774 5138 pos-

193 5160 377 5219 sidere
417 5180 520 5220 non
548 5165 746 5237 possit,
788 5179 952 5219 unum
1004 5164 1171 5219 Deum
1201 5160 1356 5217 nobis
1397 5159 1640 5217 dividere
1668 5175 1776 5218 non

194 5263 404 5325 potest,
432 5258 594 5315 falsos
643 5257 776 5314 deos
829 5257 986 5313 nobis
1035 5269 1340 5328 supponere
1391 5268 1499 5310 non
1549 5261 1772 5325 potest;

187 5351 362 5404 sentit
384 5367 503 5408 esse
519 5352 686 5407 vitam
733 5357 968 5406 nostram
991 5349 1306 5405 eharitatem
1329 5390 1344 5416 ,
1394 5354 1625 5403 mortem
1667 5361 1772 5403 no-

187 5448 361 5497 8tram
386 5446 776 5502 dissensionem
815 5460 831 5498 :
863 5443 986 5500 lites
1011 5441 1235 5497 immisit
1259 5442 1399 5496 inter
1419 5439 1775 5506 Christianos,

193 5533 316 5601 quia
343 5538 535 5595 multos
581 5536 716 5594 deos
759 5550 870 5592 non
911 5534 1083 5606 potuit
1122 5531 1385 5588 fabricare
1422 5529 1776 5598 Christianis;

189 5637 363 5686 sectas
390 5629 766 5703 multiplicavit
783 5671 800 5698 ,
821 5643 1036 5686 errores
1063 5625 1388 5692 seminavit,
1419 5624 1650 5681 lnereses
1693 5624 1777 5679 in—

193 5720 374 5778 stituit.
404 5723 515 5782 Sed
558 5720 818 5794 quidquid
855 5720 1007 5786 fecit,
1050 5717 1119 5775 de
1146 5717 1300 5790 palea
1329 5714 1593 5772 dominica
1631 5713 1776 5772 fecit.

209 5805 321 5877 Ecce
339 5817 610 5876 securitas
637 5815 796 5872 nobis
821 5821 935 5883 est,
957 5813 1080 5870 licet
1103 5812 1199 5870 illo
1228 5809 1508 5883 saeviente,
1536 5809 1659 5868 licet
1685 5807 1777 5874 illo

427 5911 664 5982 Sacr.
708 5910 991 5975 Anaus'r.
1024 5905 1136 5978 VI.

3335 328 3441 386 7M

1852 433 2171 504 insidiante,
2211 443 2268 491 et
2309 435 2673 494 dissensiones
2719 438 2899 496 varias
2943 440 3084 498 inter
3107 441 3440 504 Christianos

1851 528 2194 583 scminante:
2238 528 2283 583 si
2326 529 2493 584 Deum
2539 539 2777 587 nostrum
2807 547 3191 605 agnoscamus,
3235 538 3280 593 si
3307 554 3441 594 con-

1851 619 2082 676 corditer
2105 628 2377 678 teneamus
2402 661 2419 690 ,
2450 621 2497 677 si
2519 621 2676 679 fidem
2706 639 3001 693 servemus,
3029 629 3202 684 securi
3232 644 3347 683 sum
3358 645 3438 686 us.

1853 709 2071 767 Fratres
2091 754 2105 779 ,
2131 710 2453 768 frumentum
2482 712 2550 770 de
2570 729 2694 770 area
2720 722 2813 770 aut
2835 731 2940 771 non
2968 720 3202 788 recedit,
3237 731 3326 776 am
3358 738 3445 777 rc-

1855 802 1966 858 dit:
1994 803 2194 875 aliquid
2220 805 2492 876 palearum
2523 807 2696 863 aufert
2716 817 2908 864 ventus
2929 812 3238 868 tentationis
3259 857 3272 880 ,
3299 815 3441 870 unde

1856 897 2009 953 nobis
2040 897 2196 953 faciat
2222 913 2326 954 non
2350 900 2488 954 viam
2521 900 2831 971 perditionis
2853 943 2868 969 ,
2899 903 2991 958 sed
3018 919 3151 973 opus
3183 909 3444 963 exercita-

1857 991 2037 1046 tionis.
2069 988 2330 1060 Quantam
2357 1008 2485 1049 vero
2506 995 2711 1064 paleam
2742 1011 2847 1051 non
2873 996 3014 1052 tollit
3036 995 3179 1052 foras
3203 1040 3216 1064 ,
3248 1009 3301 1054 ct
3327 1001 3440 1069 ipsa

1859 1091 2032 1139 tamen
2059 1083 2110 1138 in
2137 1084 2324 1140 ultimo
2351 1086 2652 1144 ventilanda
2681 1097 2802 1144 est:
2835 1097 2891 1145 et
2918 1103 3021 1146 non
3055 1091 3094 1145 it
3148 1099 3255 1146 tota
3291 1093 3443 1162 palea

1857 1175 1961 1230 nisi
1988 1176 2040 1230 in
2069 1177 2264 1247 ignem.
2290 1177 2546 1250 Satagere
2565 1195 2694 1251 ergo
2719 1179 2978 1237 debemus
2999 1223 3012 1248 ,
3055 1180 3250 1237 fratres
3288 1183 3393 1240 mei
3422 1224 3438 1250 ,

1857 1282 1979 1322 cum
2006 1274 2216 1340 tempus
2261 1278 2346 1325 est
2368 1310 2382 1335 ,
2411 1272 2624 1341 quantis
2657 1285 2942 1342 possumus
2965 1274 3164 1330 viribus
3188 1317 3202 1341 ,
3247 1285 3447 1345 quanta

1861 1374 2143 1429 possumus
2169 1361 2482 1428 intentione,
2511 1372 2568 1418 ut
2603 1363 2650 1418 si
2681 1365 2795 1421 fieri
2823 1374 3015 1436 potest,
3048 1377 3101 1423 et
3126 1368 3278 1438 palea
3327 1369 3451 1425 red-

1859 1461 1966 1520 eat,
2002 1453 2128 1508 dum
2158 1454 2424 1510 frumenta
2454 1468 2573 1511 non?
2609 1465 2850 1527 pereant.
2885 1459 3107 1515 Dilectio
3148 1470 3329 1517 nostra
3360 1461 3449 1517 hic

1863 1545 2150 1616 probatur,
2193 1563 2445 1619 magnum
2492 1563 2626 1620 opus
2683 1550 2806 1605 vitae
2854 1559 3054 1608 nostra:
3108 1554 3449 1625 proponitur.

1859 1638 1977 1694 Non
2003 1654 2101 1696 nos
2119 1640 2482 1697 inveniremus
2501 1683 2515 1710 ,
2543 1651 2799 1713 quantum
2823 1643 3019 1703 fratres
3049 1645 3364 1717 diligamus,
3402 1648 3454 1706 si

1860 1745 2021 1786 nemo
2061 1733 2449 1802 periclitaretur
2493 1751 2508 1788 :
2559 1749 2666 1791 non
2706 1747 2988 1807 appareret
3046 1749 3243 1810 quanta
3306 1749 3454 1799 esset

1861 1821 2074 1878 dilectio
2120 1823 2476 1896 inquisitionis
2510 1867 2527 1896 ,
2573 1826 2621 1883 si
2661 1827 2794 1884 nihil
2845 1837 3051 1888 teneret
3077 1831 3304 1904 abyssus
3324 1850 3452 1905 per-

1863 1917 2098 1975 ditionis.

1933 2009 2158 2068 CAPUT
2185 2012 2377 2069 lX.--l
2391 2015 2412 2070 l
2428 2054 2442 2068 .
2461 2013 2725 2086 Agendum
2753 2015 2983 2072 omnibus
3006 2017 3170 2073 modis
3187 2028 3244 2074 ut
3261 2022 3331 2076 ad
3346 2022 3457 2078 urti-

1865 2112 2016 2159 talem
2035 2106 2242 2160 redeant
2259 2107 2499 2162 haeretici.
2530 2105 2856 2163 Piscatorum
2884 2117 2933 2163 et
2959 2120 3254 2167 venatorum
3289 2113 3456 2186 οπίεἰα

1865 2195 2081 2250 diversa.
2104 2196 2455 2266 Laboremus,
2478 2197 2688 2268 fratres,
2708 2215 2813 2255 non
2839 2215 3133 2272 cessemus,
3154 2206 3300 2260 omni
3321 2222 3456 2277 ope-

1863 2302 1946 2354 re,
1965 2289 2109 2343 omni
2131 2289 2324 2346 sudore
2343 2331 2356 2356 ,
2387 2291 2582 2346 affectu
2613 2293 2700 2364 pio
2718 2291 2784 2347 ad
2806 2293 2971 2349 Deum
2992 2336 3007 2362 ,
3039 2295 3106 2350 ad
3127 2297 3248 2352 illos
3267 2339 3283 2365 ,
3314 2299 3458 2356 inter

1867 2396 1994 2446 nos,
2024 2397 2094 2438 ne
2117 2383 2331 2438 illorum
2357 2392 2596 2440 veterem
2624 2385 2769 2442 litem
2797 2387 2975 2457 sopire
3003 2389 3246 2445 volentes
3267 2432 3280 2457 ,
3314 2392 3460 2448 inter
3545 2377 3548 2380 ’

1872 2489 1970 2530 nos
2002 2491 2170 2531 novas
2196 2476 2340 2532 rixas
2380 2476 2640 2533 faciamus
2689 2497 2703 2534 :
2750 2487 2806 2535 et
2852 2487 2978 2536 ante
3003 2482 3182 2538 omnia
3210 2484 3350 2539 cauti
3378 2485 3457 2541 si-

1868 2582 1988 2622 mus
2013 2566 2154 2622 inter
2185 2583 2285 2624 nos
2313 2568 2457 2639 ipsos
2489 2578 2672 2626 tenere
2698 2568 3058 2627 ﬁrmissimam
3086 2573 3456 2632 dilectionem.

1867 2657 1948 2713 llli
1975 2660 2285 2730 gelaverunt
2311 2661 2366 2715 in
2406 2661 2771 2732 iniquitatibus
2796 2664 2907 2720 suis
2937 2666 3245 2734 :quomodo
3283 2667 3336 2723 in
3373 2667 3457 2726 eis

1869 2760 1926 2807 tu
1965 2753 2143 2808 solves
2171 2753 2392 2824 glaciem
2425 2753 2716 2823 iniquitatis
2736 2797 2750 2823 ,
2796 2755 2844 2810 si
2873 2771 2978 2812 non
3010 2757 3200 2813 ardcas
3240 2757 3460 2815 flamma

1869 2845 2181 2902 charitatis?
2223 2845 2334 2902 Nec
2370 2862 2618 2904 curenms
2658 2848 2801 2918 quod
2848 2849 2926 2904 eis
2973 2851 3184 2907 molesti
3209 2854 3461 2910 videmur

1868 2936 2238 3008 compellendo
2271 2956 2285 2993 :
2315 2939 2650 2994 attendamus
2683 2954 2822 3011 quo;
2850 2940 2904 2995 in
2949 2956 3015 2996 eo
3039 2947 3212 2998 securi
3239 2945 3408 3000 simus
3439 2963 3456 3000 :

1870 3028 2126 3099 numquid
2154 3029 2295 3084 enim
2320 3029 2387 3084 ad
2431 3041 2658 3086 mortem
2683 3072 2698 3099 ,
2748 3039 2802 3087 et
2842 3047 2948 3087 non
2979 3034 3154 3104 potius
3180 3050 3210 3091 a
3239 3036 3459 3093 morte?

1867 3119 2098 3177 Omnino
2143 3122 2564 3193 quibuscumque
2609 3123 2783 3179 modis
2829 3139 3144 3194 possumus,
3195 3129 3292 3184 sed
3344 3145 3462 3185 mo-

1869 3212 2019 3269 deste
2038 3255 2053 3280 ,
2084 3221 2291 3269 vetusta
2318 3214 2538 3270 vulnera
2563 3222 2950 3284 pertractemus
2979 3235 2992 3270 :
3022 3226 3076 3274 et
3099 3220 3238 3273 cauti
3266 3221 3458 3288 simus,

1870 3321 1939 3360 ne
1977 3305 2117 3361 inter
2158 3320 2348 3361 manus
2403 3306 2597 3362 medici
2653 3305 2864 3362 deficiat
2901 3307 2992 3379 qui
3044 3320 3278 3365 curatur.
3318 3311 3463 3381 Quid

1870 3399 2050 3470 itaque
2076 3399 2368 3455 curandum
2402 3400 2554 3455 nobis
2594 3408 2676 3455 est
2719 3401 2840 3472 quia
2869 3402 3043 3471 plorat
3084 3420 3217 3474 puer
3257 3406 3348 3476 qui
3391 3407 3462 3462 ad

1870 3490 2106 3546 scholam
2133 3491 2380 3547 ducitur?
2408 3491 2758 3562 Cogitandum
2788 3493 2946 3549 nobis
2975 3502 3058 3551 est
3095 3496 3217 3566 quia
3248 3497 3464 3567 repellit

1872 3599 2061 3642 manus
2087 3585 2283 3640 medici
2307 3586 2398 3655 qui
2437 3585 2688 3641 secatur?
2716 3585 3016 3642 Piscatores
3059 3589 3275 3644 fuerunt
3317 3591 3462 3662 Apo-

1872 3679 2026 3745 stoli,
2071 3687 2126 3735 et
2163 3680 2418 3734 Dominus
2445 3679 2579 3734 dixit
2631 3680 2744 3746 eis,
2795 3678 3010 3737 Faciam
3049 3699 3136 3736 vos
3186 3684 3485 3755 piscatores

1872 3774 2134 3829 [coruinum
2166 3774 2379 3846 (Matth.
2408 3790 2463 3829 ιν
2485 3817 2500 3843 ,
2531 3773 2644 3845 19).
2677 3775 2780 3830 Per
2805 3775 3118 3846 prophetam
3158 3785 3336 3833 autem
3381 3779 3466 3834 di-

1872 3870 2015 3926 citur
2041 3867 2183 3940 quod
2228 3869 2373 3924 Deus
2427 3867 2599 3938 primo
2650 3871 2944 3937 piscatores
2998 3876 3113 3924 erat
3163 3867 3484 3938 missurus,’

1873 3968 2058 4032 postea
2089 3967 2371 4014 venatores
2403 3957 2618 4028 (Jerem.
2650 3973 2744 4012 xvr
2764 3999 2779 4024 ,
2813 3958 2926 4029 16).
2956 3959 3137 4015 Primo
3167 3947 3486 4030 piscatores

1873 4053 2052 4116 misit,
2099 4059 2288 4121 postea
2334 4058 2614 4104 venatores
2659 4049 2842 4104 mittit.
2895 4049 3070 4117 Quare
3132 4052 3463 4121 piscatores,

1874 4157 2039 4214 quare
2082 4141 2398 4200 venatores?
2444 4140 2519 4194 De
2542 4141 2737 4209 abysso
2776 4148 2833 4194 et
2861 4139 3125 4209 profundo
3178 4142 3340 4196 maris
3369 4157 3466 4197 su-

1874 4235 2206 4308 perstitionis
2227 4233 2542 4289 idololatriae
2569 4230 2847 4288 credentes
2877 4231 3063 4302 piscati
3095 4243 3220 4287 sunt
3259 4225 3485 4289 retibus:

1876 4328 2020 4386 ﬁdei.
2051 4327 2347 4384 Venatores
2370 4333 2547 4382 autem
2577 4339 2683 4393 quo
2725 4322 2875 4380 missi
2916 4324 3078 4380 sunt?
3103 4324 3235 4380 Cum
3263 4324 3340 4379 illi
3367 4340 3488 4402 va-p

1874 4428 2128 4494 gerentur
2151 4434 2249 4490 per
2277 4425 2487 4474 montes
2517 4425 2574 4474 et
2591 4417 2757 4473 colles
2775 4459 2790 4486 ,
2819 4415 2870 4471 id
2893 4423 2976 4472 est
2995 4458 3010 4482 ,
3039 4430 3136 4487 per
3181 4415 3463 4486 superbius

1878 4512 2151 4569 hominum
2171 4553 2186 4579 ,
2218 4526 2314 4582 per
2343 4517 2582 4566 tumores
2619 4517 2905 4565 terrarum.
2933 4507 3086 4564 Mons
3113 4521 3250 4562 unus
3281 4507 3464 4564 Dona-

1879 4613 1964 4662 tus
1982 4647 1997 4672 ,
2022 4613 2075 4660 et
2102 4604 2239 4660 alius
2268 4617 2422 4659 mons
2451 4603 2639 4668 Arius;
2657 4601 2806 4656 ’alter
2833 4615 2990 4656 mons
3019 4600 3299 4667 Photinus,
3322 4601 3463 4657 alter

1880 4712 2034 4753 mons
2057 4695 2292 4752 Novatus
2323 4713 2337 4749 :
2366 4709 2464 4766 per
2483 4695 2614 4750 istos
2638 4701 2850 4749 montes
2878 4693 3162 4760 errabant;
3191 4693 3467 4749 venatori-

1879 4790 1980 4847 bus
2001 4787 2270 4861 indigebat
2291 4802 2447 4845 error
2488 4787 2746 4859 ipsorum.
2781 4786 2905 4843 ideo
2933 4795 2988 4842 et
3014 4785 3296 4842 distributa
3341 4795 3472 4842 sunt

1881 4881 2055 4939 officia
2082 4881 2404 4953 piscatorum
2431 4887 2486 4936 et
2522 4888 2865 4946 venatorum,
2896 4893 2966 4935 ne
2995 4877 3134 4934 forte
3172 4878 3258 4933 isti
3287 4877 3474 4935 dicant

1883 4975 2036 5032 nobis
2067 4991 2080 5029 :
2112 4973 2287 5043 Quare
2333 4971 2576 5043 Apostoli
2622 4971 2890 5028 neminem
2937 4979 3264 5042 coegerunt,
3297 4971 3472 5026 nemi-

1882 5085 2007 5126 nem
2049 5067 2413 5139 impulerunt?
2456 5066 2591 5136 Quia
2636 5067 2874 5137 piscator
2900 5072 3019 5134 est,
3049 5065 3183 5120 retia
3214 5065 3377 5118 mittit
3417 5065 3475 5118 in:
3553 5077 3556 5080 '

1882 5174 2062 5226 mare,
2093 5157 2236 5230 quod
2277 5156 2562 5213 incurrerit
2606 5157 2786 5213 trahit.
2814 5157 3049 5212 Venator
3089 5165 3265 5210 autem
3311 5155 3470 5213 silvas

1883 5254 2076 5327 cingit,
2123 5259 2306 5309 sentes
2332 5253 2564 5319 excutit,
2598 5252 2893 5308 terroribus
2934 5250 3170 5323 undique
3215 5249 3479 5321 multipli-

1884 5347 2014 5404 catis
2042 5345 2183 5417 cogit
2231 5345 2284 5400 iu
2336 5345 2491 5401 retia.
2519 5343 2598 5401 Ne
2649 5345 2749 5400 hac
2795 5343 3151 5411 eat,neillac
3187 5351 3317 5410 ent;
3351 5341 3477 5396 inde

1884 5453 2106 5495 occurre
2125 5480 2139 5504 ,
2173 5437 2298 5493 inde
2323 5437 2501 5505 caede,
2529 5436 2653 5493 inde
2682 5447 2858 5505 terre;
2887 5453 2993 5492 non
3037 5443 3228 5501 exeat,
3256 5449 3364 5488 non
3393 5433 3479 5488 ef-

1885 5529 2068 5602 fugiat.
2096 5529 2202 5586 Sed
2229 5530 2361 5586 retia
2388 5537 2570 5585 nostra
2597 5530 2705 5585 vita
2731 5537 2814 5586 est
2833 5569 2848 5596 ,
2877 5537 3080 5584 tantum
3102 5526 3319 5582 dilectio
3344 5541 3476 5581 con»

1885 5631 2146 5679 servetur.
2189 5622 2297 5678 Nec
2340 5621 2583 5677 a‘ttcndas
2612 5637 2771 5692 quam
2801 5619 2875 5674 illi
2927 5619 3002 5673 sis
3047 5617 3305 5674 molestus
3329 5657 3344 5684 ,
3378 5616 3477 5675 sed

1885 5730 2045 5788 quam
2078 5716 2171 5772 tibi
2196 5715 2286 5773 ille
2311 5714 2382 5773 sit
2409 5714 2654 5772 dilectus.
2685 5712 2868 5781 Qualis
2894 5711 3065 5785 pietas
3085 5753 3101 5782 ,
3134 5711 3181 5770 si
3217 5710 3393 5785 parcis
3418 5717 3482 5778 et.

1890 5806 2148 5868 moritur?

2725 5900 3233 5988 (Vingt-troz‘s.)
