3904 6362
555 357 665 426 715

625 481 849 542 CAPUT
877 472 1111 536 1.-η.
1139 468 1436 530 Similitudo
1452 469 1635 525 docens
1657 469 1854 541 pietatis
1877 485 2004 535 esse,
2035 485 2148 522 eum

555 578 801 637 hareticis
828 573 1088 632 obstinatis
1112 587 1214 626 non
1239 568 1471 642 parcitur
1495 608 1513 634 ,
1540 582 1604 620 ne
1627 571 1854 635 pereant.
1888 562 2103 619 Fratres
2127 604 2142 629 ,

554 674 694 732 hanc
721 672 880 728 etiam
907 667 1243 727 considerate
1297 659 1750 732 comparationem
1797 665 1852 714 et
1894 657 2147 714 similitu-

554 765 737 822 dinem
771 776 917 820 :una
965 759 1109 817 enim
1153 771 1242 813 res
1281 753 1482 811 multas
1526 749 1903 808 similitudines
1948 749 2148 806 habere

553 867 750 931 potest.
783 857 858 912 Ea
910 851 1214 910 conditione
1265 854 1558 904 nascuntur
1598 843 1865 911 homines,
1925 851 1984 898 ut
2026 841 2152 897 velit

553 953 660 1011 sibi
688 951 860 1008 omnis
885 949 1046 1005 homo
1072 962 1103 1001 a
1124 943 1246 1000 ﬁliis
1271 943 1383 1000 suis
1413 939 1626 998 succedi
1655 956 1672 1006 ;
1693 948 1748 994 et
1775 952 1933 993 nemo
1958 943 2042 992 est
2060 935 2150 1006 qui

554 1063 666 1104 non
685 1045 827 1101 hunc
846 1042 1087 1099 ordinem
1111 1039 1163 1095 in
1185 1039 1346 1094 domo
1371 1051 1465 1093 sua
1482 1035 1569 1092 vel
1596 1043 1744 1106 optet
1759 1032 1846 1089 vel
1867 1039 2067 1103 speret,
2095 1038 2153 1085 ut

555 1146 902 1212 generatores
932 1135 1162 1192 ﬁliorum
1187 1131 1399 1198 cedant,
1459 1137 1514 1186 et
1559 1125 1801 1200 generati
1840 1123 2150 1180 succedant.

558 1231 761 1288 Tamen
782 1228 830 1286 si
852 1237 1003 1300 pater
1031 1241 1197 1283 senex
1224 1231 1448 1295 aegrotet
1478 1241 1492 1277 :
1524 1236 1634 1277 non
1674 1219 1796 1276 dico
1819 1259 1835 1284 ,
1883 1218 1928 1271 si
1977 1217 2117 1271 ﬁlius
2135 1259 2150 1283 ,

554 1325 647 1384 cui
682 1323 822 1380 adsit
872 1329 1045 1392 pater,
1073 1335 1231 1390 quem
1275 1317 1470 1388 qumrit
1508 1313 1797 1377 hmredem,
1825 1327 1980 1383 quem
2011 1310 2156 1381 cupit

558 1429 950 1484 successorem,
979 1427 1139 1485 quem
1176 1418 1463 1482 propterea
1503 1408 1706 1478 genuit,
1739 1413 1798 1460 ut
1821 1403 1913 1459 illo
1943 1412 2155 1459 mortuo

539 1511 677 1583 ipse
731 1510 911 1577 vivat;
965 1521 1071 1563 non
1099 1505 1203 1561 hoc
1253 1502 1492 1559 dico:si
1517 1509 1667 1572 pater
1701 1506 1927 1569 aegrotet
1953 1511 2151 1561 senex,

555 1603 752 1669 iturus,
779 1600 888 1672 jam
921 1598 1126 1654 vicinus
1155 1595 1336 1661 morti,
1365 1593 1477 1664 jam
1513 1600 1718 1647 natura:
1765 1589 2012 1644 ordinem
2057 1601 2156 1658 pe-

557 1703 703 1762 tens,
728 1693 839 1764 jam
886 1691 1024 1748 ultra
1072 1688 1214 1760 quod
1259 1694 1439 1757 speret
1480 1701 1588 1742 non
1629 1683 1859 1749 habens;
1906 1691 2081 1736 tamen
2112 1682 2159 1736 si

558 1793 806 1857 mgrotet,
836 1791 890 1839 et
927 1781 1068 1836 adsit
1101 1779 1176 1836 illi
1200 1779 1291 1850 pie
1343 1776 1482 1832 ﬁlius
1511 1775 1664 1845 ejus,
1719 1782 1773 1830 et
1823 1772 2000 1828 videat
2035 1787 2158 1829 eum

557 1874 803 1934 medicus
827 1871 1012 1928 lethali
1034 1879 1090 1926 et
1134 1869 1296 1925 noxio
1317 1881 1507 1924 somno
1536 1865 1733 1936 premi,
1765 1863 1972 1936 patiens
1997 1873 2079 1919 est
2106 1864 2160 1919 in

562 1981 749 2023 senem
774 1966 1091 2020 moriturum
1119 1971 1338 2033 prepter
1382 1961 1526 2030 ipsos
1552 1973 1751 2030 paucos
1804 1957 1921 2014 dies
1971 1957 2160 2028 quibus

561 2058 653 2116 hic
672 2067 852 2131 potest
875 2058 1079 2122 vivere;
1103 2061 1212 2110 stat
1232 2053 1390 2121 (ilius,
1423 2061 1481 2109 et
1522 2052 1674 2108 adest
1700 2050 1839 2123 patri
1864 2050 2157 2106 sollicitus:

559 2163 620 2210 et
642 2169 762 2209 cum
784 2149 1010 2207 audierit
1035 2148 1302 2204 medicum
1324 2147 1612 2214 dicentem,
1641 2146 1750 2202 lste
1772 2146 1932 2202 homo
1959 2145 2160 2200 lethar-

562 2245 715 2316 gicus
743 2250 920 2315 potest
943 2255 1084 2307 esse,
1119 2250 1172 2296 et
1199 2239 1322 2295 inde
1347 2238 1508 2303 mori,
1527 2239 1572 2293 si
1595 2239 1933 2308 permittatur
1958 2237 2162 2294 dormio

561 2352 660 2404 re;
683 2336 728 2392 si
755 2335 914 2390 vultis
936 2348 1059 2389 eum
1090 2333 1290 2397 vivere,
1315 2347 1422 2386 non
1443 2330 1676 2386 dormiat
1713 2347 1726 2385 :
1765 2329 1912 2384 illum
1944 2343 2163 2384 somnus

561 2431 656 2490 ille
681 2427 871 2484 noxius
895 2427 1109 2497 premit,
1132 2425 1221 2496 qui
1244 2433 1298 2480 et
1325 2422 1520 2479 noxius
1544 2431 1646 2489 est,
1665 2431 1719 2477 et
1736 2421 1906 2476 dulcis
1943 2429 2044 2475 est.
2072 2419 2162 2474 Fi-

563 2523 672 2580 lius
692 2530 868 2577 autem
890 2518 1007 2590 ejus
1047 2515 1351 2572 admonitus
1379 2530 1410 2569 a
1442 2513 1650 2570 medico
1671 2553 1688 2581 ,
1721 2521 1828 2568 stat
1855 2512 2115 2567 sollicitus
2145 2553 2160 2578 ,

568 2615 714 2686 patri
735 2611 1010 2675 molestus,
1048 2607 1242 2679 pulsat;
1274 2615 1330 2662 et
1375 2605 1421 2660 si
1459 2604 1688 2675 pulsatio
1723 2603 1843 2674 ejus
1893 2601 2119 2658 vincitur
2143 2645 2159 2669 ,

564 2705 800 2770 vellicat;
818 2713 874 2761 et
897 2702 944 2758 si
968 2701 1235 2756 vellicatio
1284 2697 1419 2753 nihil
1459 2697 1589 2768 agit,
1619 2696 1827 2767 pungit.
1852 2695 2011 2752 Certe
2049 2707 2165 2751 mo-

567 2800 739 2855 lestus
766 2803 850 2852 est
875 2793 1010 2866 patri
1043 2800 1138 2849 :et
1167 2798 1312 2847 esset
1338 2789 1568 2860 impius,
1622 2787 1726 2844 nisi
1780 2788 2040 2843 molestus
2083 2803 2168 2844 es-

567 2903 674 2952 set.
708 2890 888 2948 Atille
912 2903 1070 2960 quem
1097 2886 1329 2942 delectat
1355 2884 1515 2952 mori,
1544 2882 1831 2938 molestum
1871 2882 1971 2936 sibi
1999 2881 2165 2937 ﬁlium

570 2986 710 3042 tristi
731 2989 949 3054 aspectu
973 2989 1030 3036 et
1053 2993 1186 3035 voce
1211 2976 1519 3033 reverberat
1543 2993 1554 3029 :
1579 2974 1804 3044 Quiesce
1833 2973 1996 3039 mihi;
2038 2972 2166 3044 quid

570 3077 706 3133 mihi
736 3075 990 3148 molestus
1016 3072 1118 3128 es?
1143 3069 1250 3126 Sed
1279 3067 1517 3124 medicus
1542 3067 1614 3122 ait
1643 3067 1766 3138 quia
1795 3065 1841 3121 si
1863 3065 2165 3133 dormieris,

572 3168 841 3226 morieris.
870 3167 937 3221 Et
982 3164 1072 3220 ille
1104 3180 1118 3218 :
1146 3162 1362 3218 Dimitte
1390 3177 1475 3214 me
1501 3177 1516 3226 ;
1546 3159 1684 3216 mori
1713 3158 1853 3214 volo.
1882 3158 2060 3214 Senex
2091 3156 2170 3212 di-

574 3262 671 3330 cit,
705 3261 838 3317 Μαι-ἰ
869 3259 993 3315 volo
1028 3276 1040 3310 :
1073 3266 1128 3313 et
1152 3272 1285 3328 puer
1328 3257 1520 3327 impius
1567 3261 1687 3321 est,
1735 3254 1781 3308 si
1835 3268 1943 3309 non
1991 3253 2166 3316 dicat,

573 3357 689 3428 Ego
714 3354 858 3410 nolo.
882 3352 947 3407 Et
971 3350 1062 3405 illa"
1087 3348 1196 3404 vita
1221 3348 1402 3418 utique
1441 3345 1750 3417 temporalis
1783 3353 1865 3400 est
1895 3384 1911 3411 ,
1944 3357 2042 3398 nec
2083 3343 2171 3398 ille

573 3449 632 3507 in
662 3462 724 3503 ea
753 3451 1039 3516 perpetuus
1067 3442 1202 3508 erit,
1233 3440 1318 3496 cui
1356 3439 1494 3494 ﬁlius
1535 3446 1620 3494 est
1643 3437 1898 3492 molestus
1940 3445 1998 3491 ut
2024 3437 2169 3491 exci-

577 3548 676 3606 tet;
704 3553 806 3595 nec
835 3536 925 3592 ille
954 3532 1046 3605 qui
1074 3532 1291 3590 abeunti
1334 3530 1470 3602 patri
1496 3538 1550 3586 et
1591 3528 1873 3586 decedenti
1913 3527 2170 3584 succedit.

580 3632 758 3690 Ambo
789 3645 884 3702 per
908 3643 1028 3684 eam
1058 3633 1353 3691 transeunt,
1378 3623 1536 3678 ambo
1567 3637 1660 3692 per
1694 3621 1839 3676 illam
1867 3621 2168 3691 temporali-

577 3735 664 3782 ter
686 3722 1157 3781 transvolvantzet
1182 3728 1360 3775 tamen
1403 3717 1551 3787 impii
1595 3724 1740 3781 sunt,
1767 3716 1866 3770 nisi
1893 3714 1958 3768 ad
2003 3715 2171 3785 ipsam

580 3819 683 3876 sibi
714 3815 1094 3888 temporalem,
1145 3813 1307 3868 etiam
1350 3826 1471 3866 cum
1514 3810 1742 3864 invicem
1796 3807 2005 3862 molesti
2050 3815 2174 3861 sunt

578 3910 880 3969 consulant.
906 3908 1120 3979 Ergone
1146 3902 1301 3959 video
1342 3902 1562 3958 fratrem
1611 3915 1788 3955 meum
1837 3914 2029 3954 somno
2079 3914 2175 3953 no-

580 4005 686 4062 xiae
711 3999 1112 4059 consuetudinis
1138 3998 1330 4069 premi,
1358 4006 1414 4052 et
1442 4010 1547 4051 non
1587 3994 1762 4050 excito
1785 4033 1802 4059 ,
1847 3992 1972 4047 dum
2014 3992 2174 4047 timeo

585 4099 845 4153 molestus
871 4111 994 4152 esse
1022 4092 1305 4148 dormienti
1353 4101 1512 4162 atque
1535 4089 1777 4160 pereunti
1800 4088 1823 4142 ?
1850 4087 2006 4143 Absit
2029 4102 2059 4141 a
2091 4102 2175 4142 me

581 4200 642 4246 ut
660 4191 762 4246 hoc
791 4190 1042 4255 facerem,
1077 4201 1175 4242 nec
1201 4186 1245 4242 si
1274 4186 1366 4240 illo
1393 4185 1514 4240 vivo
1564 4193 1746 4238 nostra
1801 4190 2176 4252 angustaretur

582 4284 886 4340 ham-editas.
914 4280 1067 4336 Nunc
1094 4295 1225 4335 vero
1251 4293 1372 4334 cum
1411 4276 1540 4332 illud
1571 4274 1712 4346 quod
1765 4273 2037 4344 accepturi
2081 4287 2174 4326 su-

584 4393 704 4432 mus
731 4374 894 4430 dividi
919 4389 1024 4428 non
1056 4371 1244 4444 possit,
1297 4373 1437 4436 Cum,
1473 4354 1787 4438 possessore
1823 4365 2176 4434 multiplicato

582 4468 854 4543 angustari
872 4481 975 4520 non
1004 4465 1192 4535 possit;
1236 4480 1342 4520 non
1375 4478 1496 4518 eum
1537 4462 1735 4531 erigam
1785 4460 1871 4515 vel
1918 4459 2176 4514 molestus

2121 4555 2366 4563 _———-———

2167 4595 2376 4603 __——.

1783 353 1841 411 s.
1883 349 2248 412 aususnon
2286 350 2590 412 arrscorr
3137 318 3139 320 ’
3637 372 3708 438 tu

2258 477 2315 524 ut
2338 468 2541 540 vigilet,
2573 476 2629 527 et
2651 483 2842 526 carens
2865 482 3066 528 somno
3086 471 3404 535 vetustissimi
3436 483 3599 542 erroris
3634 501 3711 546 rne-

2252 577 2372 618 cum
2415 563 2469 619 in
2497 561 2810 619 inmeditate
2835 563 3068 636 gaudeat
3091 567 3324 625 unitatis?
3345 571 3538 632 Prorsus
3553 577 3705 637 iaciam:

2253 656 2297 711 si
2314 655 2495 727 vig'lo,
2513 655 2710 717 faciam
2739 673 2755 712 :
2785 627 2966 713 sivnon
2983 657 3139 728 facio,
3166 668 3218 716 el
3237 677 3327 732 ego
3351 627 3705 724 donni—crux.”

2322 748 2550 806 CAPUT
2580 749 2673 806 XI.
2713 781 2790 794 -—
2832 752 2922 807 15.
2947 750 3136 808 Contra
3156 755 3394 814 haereticos
3420 759 3636 820 Ecclesium
3655 769 3710 824 αῖ.

2251 842 2492 898 videntes.
2515 841 2849 909 Charissimi,
2880 843 3135 900 Dominus
3162 846 3493 918 interpellatus
3512 864 3711 928 estaquo-

2255 937 2400 1001 dam,
2430 951 2553 991 cum
2581 937 2750 992 turbis
2779 936 3110 1008 loqueretur,
3131 947 3185 993 et
3211 939 3280 993 ait
3323 940 3422 997 illi:
3448 941 3641 1013 Domine,
3661 950 3714 1004 die

2258 1028 2408 1101 fratri
2427 1045 2535 1083 meo
2562 1037 2618 1083 ut
2639 1028 2829 1084 dividat
2858 1045 3051 1084 mecum
3075 1031 3412 1087 hereditatem.
3434 1034 3713 1095 EtDominus:

2256 1120 2376 1189 Dic,
2398 1123 2569 1190 homo,
2591 1122 2703 1193 quis
2737 1138 2817 1177 me
2845 1124 3100 1180 constituit
3128 1124 3381 1180 divisorem
3407 1127 3650 1184 [meditatis
3667 1133 3717 1184 in-

2259 1229 2334 1276 ter
2358 1220 2484 1291 vos(
2512 1219 2640 1274 Luc.
2673 1236 2766 1288 xu,
2799 1220 2888 1289 i5,
2919 1223 2988 1276 Η
3011 1219 3069 1291 )?
3096 1220 3230 1289 Non,
3250 1221 3416 1293 utique
3435 1222 3718 1294 dedignabatur

2257 1327 2608 1382 compescere
2625 1312 3002 1382 cupiditatem,
3034 1312 3126 1368 sed
3156 1313 3359 1368 nolebat
3403 1313 3502 1369 ﬁeri
3543 1315 3661 1384 iudex
3677 1315 3719 1370 ad

2257 1403 2594 1461 divisionem.
2625 1404 2734 1460 Nos
2759 1414 2958 1471 autem,
2979 1405 3273 1460 charissimi
3293 1447 3308 1472 ,
3341 1420 3436 1459 non
3473 1420 3572 1461 eum
3600 1421 3721 1461 rerum

2259 1497 2445 1552 talium
2467 1497 2702 1567 judicent
2726 1498 3084 1569 requiramus,
3115 1495 3236 1567 quia
3263 1511 3357 1552 nec
3383 1497 3488 1552 talis
3521 1507 3585 1553 est
3605 1498 3720 1554 bare-

2257 1592 2399 1648 ditas
2423 1601 2643 1660 nostra;
2673 1608 2803 1664 pura
2825 1592 3000 1648 fronte
3023 1632 3040 1661 ,
3074 1592 3210 1647 bona
3236 1591 3523 1647 conscientia
3549 1592 3722 1660 interpel-

2260 1683 2431 1742 lemus
2449 1686 2729 1742 Dominum
2760 1694 3026 1753 nostrum,
3050 1694 3107 1740 et
3129 1683 3270 1739 dicat
3291 1682 3339 1739 ei
3358 1682 3724 1753 unusquisqueno-

2260 1788 2471 1837 stram:
2507 1780 2754 1850 Domine,
2781 1779 2868 1836 dic
2895 1779 3046 1835 fratri
3089 1793 3228 1846 meo,
3265 1792 3363 1833 non
3404 1787 3456 1831 nt
3480 1776 3636 1840 dividat,
3658 1776 3723 1831 sed

2262 1881 2320 1929 ut
2348 1882 2525 1930 teneat
2544 1888 2757 1930 meeum
2769 1872 3155 1929 haereditatem.
3185 1869 3317 1939 Quid
3353 1870 3484 1926 enim
3510 1869 3566 1922 vis
3585 1866 3724 1922 divide-

2263 1981 2346 2033 re,
2373 1965 2584 2021 fratcr'i
2611 1965 2766 2033 Quod
2822 1965 2964 2020 enim
2994 1963 3199 2019 dimisit
3236 1962 3382 2018 nobis
3419 1959 3619 2016 Dominus
3655 1973 3723 2013 non

2261 2065 2439 2128 potest
2455 2056 2646 2112 dividi.
2679 2060 2881 2113 Aurum
2908 2065 2992 2112 est
3018 2056 3187 2123 enim,
3214 2063 3270 2109 ut
3294 2061 3516 2109 stateram
3537 2051 3723 2106 divisionis

2265 2152 2843 2223 proferatiArgentum
2858 2160 2960 2220 est,
2989 2150 3212 2222 pecunia
3242 2158 3318 2205 est
3337 2189 3352 2217 ,
3377 2147 3591 2217 mancipia
3625 2152 3724 2209 sunt,

2265 2261 2456 2318 pecora
2485 2255 2624 2312 sunt,
2657 2246 2877 2302 arbores
2899 2253 3046 2313 sunt,
3069 2245 3180 2316 agri
3202 2243 3343 2299 sunt?
3361 2241 3523 2298 Omnia
3546 2239 3648 2295 enim
3669 2239 3725 2292 ista

2265 2337 2427 2393 dividi
2449 2347 2692 2409 possunt,
2710 2336 2827 2392 Non
2845 2346 3021 2408 potest
3037 2336 3220 2402 dividi,
3242 2333 3414 2390 Pacem
3427 2347 3558 2387 meam
3573 2331 3619 2383 do
3631 2328 3726 2394 rotis,

2266 2447 2440 2503 pacem
2468 2447 2629 2484 meam
2661 2430 2858 2484 dimitto
2895 2430 3036 2484 vobis
3067 2427 3249 2502 (Ioan.
3289 2441 3395 2492 xtv,
3417 2424 3520 2496 Ἡ).
3543 2423 3730 2478 Postremo

2266 2520 2320 2576 in
2345 2522 2474 2591 ipsis
2505 2522 2663 2576 etiam
2687 2521 2919 2576 terrenis
2941 2518 3348 2576 hazreditatibus
3373 2515 3539 2571 divisio
3557 2514 3733 2568 minorem

2267 2611 2436 2676 facit:
2469 2615 2742 2668 constitue
2763 2613 2896 2668 duos
2937 2611 3074 2667 fratr
3089 2627 3148 2668 es
3189 2610 3286 2668 sub
3330 2623 3428 2665 uno
3461 2617 3604 2679 patre;
3637 2602 3733 2674 quid-

2265 2706 2394 2778 quid
2419 2707 2655 2776 possidet.
2683 2717 2853 2777 pater,
2881 2707 3174 2762 amborum
3211 2713 3319 2772 est,
3350 2711 3498 2758 totum
3542 2699 3666 2763 illius,
3687 2703 3736 2748 to-

2268 2806 2379 2854 tum
2405 2807 2459 2854 et
2480 2799 2639 2853 illius.
2669 2799 2904 2854 Proinde
2929 2799 2973 2852 si
3001 2798 3070 2854 de
3106 2798 3262 2854 rebus
3305 2796 3410 2852 suis
3455 2794 3732 2861 interrogetur.

2268 2889 2346 2944 sic
2365 2889 2654 2959 respondet
2679 2905 2691 2941 :
2726 2889 2889 2959 Cujus
2920 2897 3023 2956 est,
3042 2889 3199 2945 verbi
3227 2889 3406 2960 gratia,
3433 2897 3572 2955 equus
3597 2876 3735 2936 illeiﬁt

2269 2982 2316 3036 si
2331 2981 2423 3036 uni
2439 2996 2624 3037 eorum
2653 2981 2854 3037 dixeris
2886 2999 2898 3036 :
2925 2981 3134 3038 Noster
3159 2991 3259 3037 est.
3288 2979 3439 3050 Cujus
3481 2977 3556 3032 ille
3586 2971 3734 3035 fundos,

2269 3075 2360 3130 ille
2380 3077 2597 3130 servus?
2627 3075 2681 3130 In
2705 3075 2953 3130 omnibus
2982 3076 3315 3147 reSpondet:
3344 3072 3512 3128 Noster
3531 3077 3609 3124 est.
3632 3064 3736 3119 Sinu-

2271 3176 2377 3222 tem
2408 3167 2667 3233 dividant,
2706 3168 2817 3238 jam
2864 3166 3008 3222 aliud
3042 3165 3414 3239 respondetur.
3465 3161 3594 3233 Cujus
3634 3167 3739 3226 equus

2272 3259 2398 3316 ille?
2419 3259 2583 3315 Meus.
2603 3259 2764 3330 Cujus
2790 3259 2927 3314 iste?
2954 3259 3165 3316 Fratris
3192 3260 3312 3315 mei.
3335 3259 3460 3314 Ecce
3484 3252 3583 3324 quid
3600 3249 3663 3304 tibi
3689 3247 3738 3299 ie-

2271 3354 2344 3410 cit
2362 3353 2573 3409 divisio.
2599 3353 2715 3409 Non
2746 3369 2911 3408 unum
2961 3353 3240 3424 acq‘uisisti
3269 3395 3282 3419 ,
3311 3350 3401 3407 sed
3428 3361 3554 3404 unum
3575 3337 3744 3414 perdidi-

2273 3446 2360 3501 Sti.
2389 3446 2445 3501 Si
2468 3461 2596 3516 ergo
2636 3455 2690 3500 et
2721 3445 2880 3500 talem
2935 3445 3306 3501 ha‘rcditatcm
3327 3431 3330 3434 ’
3352 3443 3632 3499 haberemus.
3659 3443 3744 3499 (ιιιω

2273 3538 2436 3594 dividi
2464 3547 2660 3610 posset;
2681 3538 2918 3593 dividere
2950 3547 3132 3593 tamen
3166 3554 3268 3594 non
3299 3536 3598 3592 deberemus.
3619 3533 3746 3576 item“

2273 3639 2415 3686 stras
2440 3631 2653 3685 divitias
2675 3631 3054 3685 minueremus.
3095 3632 3159 3686 Et
3181 3638 3322 3686 certe
3360 3625 3475 3681 nihil
3501 3632 3584 3676 tam
3615 3617 3746 3683 impor-

2277 3735 2463 3780 tunum
2493 3725 2616 3780 ﬁliis
2642 3740 2800 3796 quam
2822 3727 2944 3780 vivo
2977 3733 3137 3795 patre
3180 3725 3316 3780 velle
3338 3718 3562 3778 dividere.
3590 3707 3748 3773 [intriiue

2276 3817 2322 3871 si
2348 3817 2449 3873 hoc
2469 3817 2643 3872 facere
2677 3817 2982 3880 moliantur,
3013 3817 3058 3871 si
3107 3801 3304 3872 litibus.
3336 3821 3386 3870 et
3428 3797 3747 3866 contentionibus

2276 3908 2525 3964 studeant
2574 3909 2640 3962 ad
2688 3907 3034 3963 vindicandas
3086 3907 3186 3964 sibi
3233 3908 3444 3979 quisque
3469 3905 3613 3974 partes
3644 3900 3748 3950 suas.

2276 4001 2536 4055 exclamat
2563 4015 2726 4055 senex
2756 4017 2770 4052 :
2803 3999 2941 4068 Quid
2974 3999 3182 4055 facitis?
3233 3998 3412 4054 Adhuc
3456 3995 3574 4046 vivo.
3615 3985 3748 4049 Exspc-

2277 4103 2420 4150 ctate
2441 4094 2714 4164 paululum
2746 4101 2974 4148 mortem
3022 4103 3201 4148 meam
3223 4133 3238 4160 ,
3268 4101 3387 4146 tunc
3417 4091 3570 4142 sccate
3609 4075 3750 4164 domum

2279 4201 2474 4241 meam.
2523 4184 2630 4240 Nos
2677 4194 2855 4239 autem
2920 4185 3090 4239 Deum
3146 4156 3346 4255 patrem
3389 4177 3608 4233 habemus
3636 4187 3645 4217 ε
3675 4156 3752 4232 quid

2279 4280 2416 4333 imus
2443 4279 2493 4332 in
2517 4277 2874 4332 divisionem?
2919 4263 3046 4347 quid
3103 4277 3242 4331 imus
3283 4275 3336 4329 in
3385 4265 3530 4326 lites?
3565 4264 3752 4320 Certae!-

2281 4378 2580 4440 spectemus
2609 4385 2624 4423 :
2657 4369 2702 4423 si
2734 4368 2870 4425 mori
2892 4369 3146 4439 potuerit,
3177 4365 3487 4424 dividamus.

3649 4524 3755 4544 ..ελ

607 4539 2980 4590 Μῌη-ἿἬΞ
3011 4551 3074 4589 iii
3349 4549 3359 4586 ἰ
3395 4531 3756 4584 εὔια-εὴ

1851 4593 2748 4604 ____________________.____~________
3497 4572 3694 4592 _____._.

3257 4585 3386 4588 ﬁ,

1188 4675 1336 4792 s.
1397 4594 3257 4788 Αωιῶἐῖὖῶᾖῖᾗί

1776 4838 2290 4904 BIPPONENSIS
2330 4835 2680 4899 EPISCOPI

1259 4961 1531 5106 DE
1623 4955 2219 5106 URBIS
2316 4949 3176 5101 EXCIDIO

1964 5149 2364 5237 SERMO
2397 5137 2503 5226 (α).

2038 5291 2456 5335 -ο-δθθοοεεε-ο-

658 5391 884 5454 CAPUT
912 5389 1194 5450 PRIMUM.
1219 5418 1292 5432 —-
1317 5388 1370 5444 1.
1388 5387 1620 5443 Danielis
1636 5385 1866 5456 exemplo
1893 5382 2175 5452 conﬁtentis

589 5498 794 5550 serrata
825 5501 946 5552 sua,
976 5482 1232 5556 redarguit
1257 5497 1344 5538 eos
1377 5479 1462 5551 qui
1485 5479 1548 5534 de
1572 5476 1721 5534 Urbis
1744 5475 1939 5532 excidio
1959 5490 2191 5530 mur-nm-

2283 5374 2416 5437 ranti
2440 5389 2616 5436 contra
2655 5377 2840 5435 Deum.
2887 5376 3035 5445 Noe,
3074 5375 3260 5432 Daniel
3291 5382 3336 5430 et
3362 5369 3491 5439 Job,
3514 5346 3767 5445 $108559“?

2298 5482 2429 5529 cent.
2493 5471 2795 5528 intueamur
2843 5441 3067 5542 primam
3115 5469 3392 5525 lectionem
3429 5457 3576 5519 sancti
3609 5441 3767 5507 Dauid'ti

1799 5605 1866 5643 nn
1906 5605 1952 5642 vr
1998 5607 2010 5641 ι
2117 5603 2166 5642 ι».
2257 5633 2270 5641 .
2331 5629 2340 5641 .
2469 5605 2478 5637 l
2670 5626 2682 5639 .

651 5684 817 5723 sermo
839 5669 904 5722 de
927 5667 1160 5733 utilitate-
1181 5664 1355 5733 Jejnnii
1389 5675 1496 5733 non
1539 5607 1792 5733 repertu;
1807 5604 1992 5733 esfirisTi
2014 5603 2061 5708 iii
2079 5602 2692 5733 guttigfggfmgrdﬁeosgliis
2719 5655 2912 5708 excidio
2932 5655 3215 5720 recognitus
3229 5658 3310 5704 est
3328 5649 3388 5702 ad
3408 5652 3604 5700 veteran
3617 5629 3770 5686 ωῧίεθω

587 5736 794 5785 abbatia:
816 5739 862 5781 S.
889 5729 1129 5780 Michaelis
1148 5729 1199 5778 in
1218 5723 1434 5777 ﬁericqu
1456 5723 1619 5785 maris,
1646 5732 1695 5773 et
1713 5723 1771 5774 ad
1794 5723 2050 5773 editiones.
2079 5729 2150 5769 Er.
2179 5728 2230 5771 et
2247 5726 2356 5771 Lov.

673 5821 1191 5899 Comparavimas
1208 5826 1512 5897 prm‘terea
1539 5836 1636 5879 eas
1669 5834 1873 5879 omnes
1918 5811 2215 5878 editiones
2237 5807 2426 5876 initio
2461 5810 2628 5871 Retr.
2654 5817 2708 5872 et
2731 5805 3046 5888 Confess.,
3069 5814 3114 5870 t.
3159 5775 3594 5883 Lucanorum.
3661 5774 3723 5841 Μ·

655 5903 732 5966 (a)
751 5898 928 5951 unum
942 5914 971 5951 a
985 5898 1112 5949 Beda
1131 5898 1182 5949 in
1202 5904 1218 5946 ι
1235 5905 1341 5948 Oor.
1365 5910 1414 5948 ι.
