3904 6362
220 293 297 360 ili

217 411 488 488 prophetae,
533 403 635 464 ubi
681 415 807 462 eum
850 395 1147 459 audivimus
1191 409 1466 470 orantem,
1513 410 1566 458 ct
1604 401 1780 458 mirati

212 519 393 568 smnus,
443 516 556 559 non
607 499 786 556 solum
826 507 1042 571 peccata
1086 495 1264 566 populi
1303 497 1413 561 sui,
1460 495 1552 552 sed
1593 505 1646 552 et
1689 511 1782 552 sua

198 597 388 670 propria
420 574 799 650 confitentem.
834 590 962 645 Nam
991 597 1110 660 post
1134 588 1301 660 ipsam
1331 590 1622 646 oralionem
1642 632 1655 657 ,
1685 605 1782 644 cu-

187 689 265 762 jus
303 687 525 761 quidem
572 686 740 741 verba
770 683 1075 739 indicabant
1101 697 1222 739 eum
1254 698 1361 738 non
1385 683 1558 739 solum
1585 683 1782 753 depre-

188 793 452 850 catorem,
503 779 601 837 sed
644 779 803 835 etiam
851 775 1250 843 confessorem;
1296 785 1413 847 post
1454 777 1619 849 ipsam
1657 792 1782 847 ergo

189 875 477 930 orationem
505 915 521 939 ,
562 871 689 927 Cum
717 883 913 926 orarem
933 912 948 937 ,
980 870 1184 940 inquit,
1219 879 1264 923 et
1290 869 1554 938 conﬁterer
1581 881 1782 940 peccata

187 984 292 1020 mea
319 976 359 1021 et
390 973 600 1036 peccata
631 963 807 1034 populi
839 964 936 1017 mei
963 961 1180 1016 Domino
1211 959 1319 1015 Deo
1349 977 1456 1014 meo
1491 959 1650 1032 (Dan.
1683 976 1735 1013 rx
1761 1001 1777 1026 ,

184 1058 299 1127 ‘20).
336 1057 468 1125 Quis
503 1071 634 1128 ergo
669 1065 753 1111 est
788 1056 878 1126 qui
917 1069 975 1110 se
1003 1055 1118 1110 sine
1146 1063 1360 1123 peccato
1385 1068 1504 1108 esse
1533 1052 1780 1122 profitea-

187 1158 308 1212 tur,
357 1163 475 1203 eum
521 1147 710 1202 Daniel
755 1155 975 1218 peccata
1023 1147 1235 1217 propria
1282 1146 1603 1201 confitetur?
1646 1144 1778 1199 Nam

190 1243 416 1314 superbo
457 1241 671 1298 cuidam
713 1239 914 1297 dictum
958 1249 1038 1296 est
1066 1237 1162 1310 per
1187 1238 1518 1294 Ezechielem
1548 1239 1778 1308 prophe-

191 1346 298 1393 tam
351 1354 364 1390 :
414 1333 683 1408 Numquid
728 1345 783 1390 tu
833 1335 1107 1407 sapientior
1155 1349 1307 1404 quam
1359 1332 1537 1387 Daniel
1567 1332 1775 1405 (Ezeclt.

189 1443 394 1496 xxvtn,
445 1427 546 1501 3)?
591 1427 648 1482 In
692 1427 864 1482 tribus
904 1423 1028 1481 item
1059 1426 1370 1497 quibusdam
1398 1423 1592 1480 sanctis
1615 1424 1775 1491 viris,

188 1533 284 1593 per
313 1535 445 1592 quos
473 1521 570 1576 tria
596 1534 798 1593 genera
825 1518 1097 1574 hominum
1121 1517 1381 1588 significat
1409 1518 1544 1571 Deus
1569 1533 1685 1587 quae
1710 1516 1778 1570 li-

187 1611 468 1668 beraturus
492 1621 575 1670 est
592 1656 607 1681 ,
637 1610 853 1683 quando
877 1625 1066 1680 magna
1096 1607 1369 1664 tribulatio
1395 1619 1777 1679 superventura

187 1714 269 1759 est
304 1704 483 1775 generi
512 1701 746 1758 humano
767 1746 781 1768 ,
809 1701 970 1758 etiam
995 1698 1140 1756 hunc
1169 1699 1442 1754 Dauielcm
1477 1699 1653 1769 posuit
1679 1715 1694 1755 :
1723 1709 1778 1755 ct

185 1796 326 1852 dixit
349 1796 489 1868 quod
516 1811 670 1852 nemo
701 1793 826 1850 inde
847 1794 1158 1862 liberabitur
1178 1836 1192 1860 ,
1221 1793 1321 1848 nisi
1346 1792 1456 1848 Noe
1477 1836 1490 1857 ,
1521 1793 1704 1848 Daniel
1726 1801 1779 1846 et

183 1884 296 1946 Job
319 1887 434 1961 (id.
463 1905 552 1944 XIV
572 1932 587 1956 ,
614 1888 724 1960 Η).
755 1887 824 1944 Et
844 1887 1059 1959 quidem
1087 1888 1426 1942 manifestum
1445 1895 1528 1942 est
1555 1887 1693 1957 quod
1723 1888 1776 1942 in

181 1980 288 2036 his
320 1981 492 2036 tribus
527 1981 824 2036 nominibus
869 1980 968 2034 tria
1006 1978 1244 2050 qumdam
1269 2020 1284 2044 ,
1326 1985 1385 2033 ut
1411 1978 1552 2044 dixi,
1582 1994 1774 2049 genera

195 2069 489 2126 hominum
511 2071 753 2142 signiﬁcat
778 2071 941 2129 Deus.
963 2069 1077 2125 iam
1109 2071 1248 2125 enim
1282 2079 1388 2125 tres
1421 2069 1494 2124 illi
1523 2069 1622 2125 viri
1648 2070 1775 2125 dor-

193 2161 477 2225 mierunt,
512 2171 562 2217 et
595 2163 724 2233 apud
747 2163 907 2216 Deum
935 2171 1058 2217 sunt
1083 2161 1296 2232 spiritus
1323 2175 1506 2216 eorum
1526 2202 1542 2230 ,
1573 2170 1628 2217 et
1653 2177 1774 2217 cor—

197 2267 340 2324 pora
390 2269 566 2308 eorum
604 2254 655 2308 in
693 2263 828 2309 terra
854 2254 1123 2308 ﬂuxerunt
1152 2271 1164 2306 :
1195 2261 1508 2322 exspectant
1532 2268 1775 2308 resurre-

191 2345 432 2400 ctionem
465 2356 516 2400 et
539 2346 603 2400 ad
633 2345 911 2402 dexteram
941 2346 1348 2401 collocationem
1375 2385 1389 2410 ,
1423 2359 1519 2399 nec
1544 2344 1773 2414 aliquam

185 2439 245 2494 iu
283 2440 386 2496 hoc
422 2439 613 2495 mundo
641 2437 1036 2496 tribulationem
1067 2440 1284 2504 timent,
1315 2438 1453 2494 unde
1478 2453 1537 2494 se
1562 2439 1777 2508 cupiant

191 2531 427 2588 liberari.
456 2533 734 2601 Quomodo
755 2547 885 2605 ergo
903 2532 969 2588 dc
1001 2532 1085 2586 illa
1117 2531 1454 2586 tribulatione
1476 2531 1774 2586 liberabun-

191 2632 281 2680 tur
309 2625 437 2694 Noe,
461 2626 640 2681 Daniel
670 2633 721 2681 et
743 2623 880 2680 Job?
899 2623 1119 2693 Quando
1139 2623 1349 2679 diccbat
1372 2625 1469 2677 ista
1500 2622 1771 2689 Ezechiel,

195 2717 339 2772 solus
373 2716 587 2773 forsitan
619 2717 809 2773 Daniei
835 2716 888 2771 in
914 2731 1136 2786 corpore
1163 2716 1279 2770 fuit.
1306 2715 1436 2770 Nam
1465 2715 1575 2770 Noe
1598 2723 1652 2771 et
1675 2715 1776 2771 Job

199 2809 308 2882 jam
341 2812 457 2867 oiim
500 2811 833 2868 dormieraut
852 2853 866 2876 ,
911 2818 967 2866 et
988 2825 1178 2866 somno
1207 2811 1394 2864 mortis
1421 2810 1655 2879 patribus
1683 2826 1776 2880 ap-

205 2905 355 2976 positi
384 2905 599 2961 l'uerant.
632 2903 916 2972 Quomodo
945 2918 1070 2974 ergo
1101 2911 1346 2973 poterant
1375 2902 1440 2957 de
1465 2902 1774 2959 imminente

199 2996 520 3053 tribulatione
545 2997 770 3052 liberari
787 3037 803 3064 ,
827 2996 934 3066 jam
963 2997 1088 3050 olim
1115 2995 1186 3050 de
1212 3007 1372 3051 carne
1401 2995 1646 3048 liberati?
1669 2995 1772 3050 Sed

200 3087 261 3146 il
284 3089 392 3145 Noe
413 3091 773 3160 signiﬁcantur
797 3090 921 3146 boni
947 3090 1212 3160 przrpositi
1233 3132 1246 3156 ,
1275 3089 1364 3159 qui
1397 3098 1580 3160 regunt
1608 3097 1660 3144 et
1680 3105 1778 3159 gu-

199 3181 418 3241 bernant
442 3185 732 3241 Ecclesiam
755 3228 770 3251 ,
794 3183 1061 3255 quomodo
1083 3183 1191 3240 Noe
1213 3183 1266 3238 in
1291 3183 1488 3238 diluvio
1508 3184 1772 3254 guberna-

202 3276 275 3332 vit
297 3292 483 3333 arcam.
515 3278 570 3332 In
593 3277 820 3332 Dauiele
849 3276 1210 3347 signiﬁcantur
1231 3290 1419 3331 omnes
1449 3275 1617 3331 sancti
1642 3291 1770 3330 con-

193 3367 420 3426 tinentes
444 3388 460 3425 τ
489 3371 544 3426 in
570 3367 672 3426 Job
698 3383 889 3424 omnes
909 3367 1172 3439 conjugati
1189 3364 1332 3440 juste
1357 3378 1409 3422 et
1437 3369 1572 3423 bene
1594 3369 1776 3423 viven-

193 3463 304 3517 tes.
341 3461 465 3518 Haec
493 3466 634 3518 enim
676 3463 780 3518 tria
815 3475 1011 3532 genera
1039 3461 1315 3516 hominum
1340 3460 1408 3515 de
1435 3461 1524 3516 illa
1552 3460 1773 3515 tribula-

189 3554 350 3610 tione
381 3555 563 3611 liberat
583 3557 748 3612 Deus.
777 3555 978 3612 Tam-en
1004 3563 1255 3626 quantum
1283 3555 1353 3610 sit
1375 3553 1774 3610 commendatus

193 3644 419 3715 Daniel,
443 3663 506 3703 ex
532 3647 628 3705 hoc
651 3657 907 3720 apparet,
931 3648 1071 3719 quod
1091 3663 1229 3703 unus
1249 3663 1318 3704 ex
1342 3648 1443 3703 illis
1470 3648 1637 3703 tribus
1664 3661 1776 3704 me-

192 3742 300 3796 hit
337 3742 593 3797 nominari
633 3759 647 3796 :
685 3750 741 3798 et
771 3750 944 3797 tamen
972 3741 1257 3796 conﬁtetur
1281 3751 1494 3810 peccata
1523 3755 1638 3796 sua.
1676 3740 1774 3794 Da-

211 3832 331 3890 uiele
366 3851 493 3906 ergo
517 3835 808 3891 confitente
834 3844 1044 3904 peccata
1070 3849 1162 3889 sua
1184 3875 1198 3900 ,
1228 3835 1380 3903 cujus
1401 3834 1646 3903 superbia
1670 3849 1774 3888 non

219 3930 566 3983 untremiscat
586 3970 600 3994 ,
623 3927 775 3998 cujus
798 3927 1000 3982 inﬂatio
1021 3943 1126 3982 non
1156 3927 1354 3982 residat
1378 3970 1392 3994 ,
1417 3925 1571 3997 cujus
1600 3935 1776 3982 tumor

220 4021 423 4075 notatio
447 4036 551 4076 non
573 4020 924 4077 cohibeatur?
953 4019 1081 4086 Quis
1105 4018 1362 4090 glorietur
1381 4027 1584 4073 castum
1607 4033 1665 4072 se
1683 4018 1778 4072 ha-

220 4108 326 4170 bere
361 4130 487 4181 cor,
526 4125 620 4171 aut
658 4116 775 4186 quis
802 4114 1057 4186 glorietur
1085 4112 1340 4168 mundum
1369 4126 1427 4167 se
1450 4126 1570 4167 esse
1595 4125 1625 4165 a
1650 4125 1774 4180 pec-

215 4215 312 4262 cato
339 4206 519 4278 (Prov.
547 4223 616 4262 xx
638 4249 651 4274 ,
682 4206 782 4278 9)?

265 4300 489 4357 CAPUT
525 4299 592 4354 11.
633 4329 708 4340 -
743 4297 847 4354 Cur
894 4297 1032 4353 Deus
1075 4312 1176 4352 non
1231 4296 1448 4368 pepercit
1498 4294 1624 4351 Urbi
1661 4311 1778 4364 pro-

215 4400 307 4459 pter
321 4394 504 4463 illum.
534 4390 675 4447 Iusti
702 4391 896 4445 duobus
917 4390 1098 4445 modis.
1128 4388 1192 4444 Et
1219 4390 1478 4443 mirantur
1502 4386 1775 4454 homines,

217 4492 256 4537 et
290 4486 484 4539 utinam
509 4493 717 4539 tantum
742 4483 1066 4538 mirarentur
1088 4521 1104 4548 ,
1130 4488 1188 4536 et
1214 4495 1319 4534 non
1343 4480 1505 4535 ctiam
1532 4479 1780 4549 blasphe-

219 4585 437 4645 mmnt,
479 4578 697 4647 quando
737 4572 961 4646 corripit
998 4574 1137 4629 Deus
1175 4587 1344 4642 genus
1367 4570 1658 4626 humanum
1681 4611 1696 4636 ,
1726 4577 1781 4624 et

222 4665 420 4740 ﬁgeltis
443 4673 543 4743 pia:
567 4669 933 4740 castigationis
950 4667 1202 4738 exagitat,
1226 4680 1483 4722 exercens
1503 4663 1779 4734 antejudi-

223 4762 341 4818 ciunt
357 4765 725 4837 disciplinam,
771 4772 826 4818 et
869 4763 1185 4834 plerumque
1227 4774 1332 4815 non
1381 4760 1582 4831 eligens
1623 4774 1780 4830 quem

227 4850 430 4926 hgellet
445 4901 459 4921 ,
479 4859 669 4913 nolens
685 4854 922 4911 invenire
937 4869 1094 4926 quem
1111 4853 1344 4908 damnet.
1363 4851 1619 4922 Flagellat
1639 4852 1780 4906 enim

228 4947 359 5003 timui
378 4952 544 5021 iustos
560 4961 610 5006 et
635 4951 858 5021 iniustos
889 4967 902 5003 :
932 4963 1232 5020 quanquam
1253 4947 1371 5018 quis
1394 4947 1587 5017 justus,
1617 4947 1660 5002 si
1680 4947 1782 5000 Da-

231 5039 315 5092 niel
339 5051 546 5109 peccata
575 5041 790 5112 propria
819 5027 1139 5095 confitetur?

282 5131 334 5187 ἱ.
382 5134 536 5193 Lecta
575 5146 662 5192 est
692 5147 817 5192 ante
843 5135 958 5191 dies
985 5134 1146 5190 lectio
1173 5133 1294 5188 libri
1325 5133 1594 5190 Geueseos
1618 5172 1634 5200 ,
1663 5147 1785 5202 quat

230 5234 340 5290 Ius,
369 5229 466 5284 nisi
493 5229 652 5285 fallor
673 5270 690 5297 ,
719 5229 941 5285 multum
968 5228 1094 5284 fecit
1112 5227 1344 5282 intentos
1361 5268 1376 5295 ,
1403 5227 1492 5282 ubi
1519 5226 1784 5282 Abraham

225 5315 338 5374 dicit
370 5320 626 5389 Domino,
669 5330 846 5377 utrum
877 5321 924 5376 si
941 5320 1185 5376 inveniat
1209 5319 1264 5373 in
1286 5320 1498 5374 civitate
1523 5317 1787 5388 quinqua-

220 5413 348 5483 ginta
368 5415 539 5487 justos
555 5457 572 5483 ,
600 5423 781 5488 parcat
803 5413 1002 5471 civitati
1033 5420 1248 5484 propter
1266 5426 1361 5467 eos
1378 5453 1393 5477 ,
1416 5426 1484 5466 an
1509 5426 1628 5466 cum
1661 5410 1791 5480 ipsis

217 5504 397 5574 perdat
430 5509 724 5565 civitatem.
767 5508 834 5562 Et
861 5505 1142 5576 respondit
1174 5505 1227 5561 ei
1255 5505 1510 5560 Dominus
1529 5545 1545 5569 ,
1572 5502 1713 5574 quod
1745 5501 1791 5558 si

221 5593 437 5654 inveniat
479 5600 531 5653 in
571 5598 786 5654 civitate
810 5595 1188 5669 quinquaginta
1213 5595 1388 5666 justos
1409 5635 1424 5660 ,
1454 5601 1637 5666 parcat
1659 5593 1791 5650 civi-

219 5691 320 5749 tati.
352 5691 559 5749 Deinde
588 5690 859 5748 Abraham
888 5690 1080 5762 adjecit
1106 5685 1174 5746 ad
1202 5685 1672 5761 interrogationem
1697 5727 1713 5754 ,
1737 5693 1797 5743 et

206 5785 447 5860 qusivit
490 5792 673 5841 utrum
711 5783 766 5839 si
813 5784 990 5842 minus
1025 5780 1224 5839 fuerint
1251 5782 1518 5854 quinque,
1544 5787 1600 5837 et
1621 5789 1797 5838 rerum

1372 282 1598 345 SERMO
1633 286 1723 344 DE
1763 285 1964 345 ΗΠΒιὸ
2005 285 2296 347 EXCIDIO.

3372 311 3475 371 718

1895 413 2056 496 neant
2081 404 2425 477 quadraginta
2452 405 2685 483 quinque.
2707 457 2723 484 ,
2748 413 2990 474 similiter
3013 431 3208 491 parcat.
3234 423 3465 496 lteSpon.

1891 492 2167 587 dit‘Dcus,
2200 511 2416 567 parcere
2440 515 2500 556 se
2525 512 2578 556 et
2603 516 2821 576 propter
2847 510 3188 583 quadraginta
3215 492 3468 587 quinque.

1890 585 2026 655 Quid
2053 590 2212 642 multa
2233 593 2256 643 Υ
2277 591 2530 647 Paulatim
2554 595 2925 670 interrogando
2944 643 2960 670 ,
2983 612 3036 658 et
3056 621 3118 659 ex
3145 585 3474 666 illoinuntero

1891 677 2220 735 detrahendo
2244 685 2480 751 pervenit
2505 686 2570 740 ad
2596 687 2778 745 decem
2801 733 2814 758 ,
2837 701 2890 746 et
2910 696 3147 764 quaesivit
3170 715 3200 754 a
3227 701 3471 771 Domino,

1891 780 2066 826 utrum
2110 774 2153 829 si
2193 775 2374 832 decem
2399 779 2568 849 justos
2595 783 2645 836 in
2672 784 2883 841 civitate
2909 793 3254 860 compererit,
3288 797 3475 863 perdat

1890 879 1984 956 eos
2027 881 2144 920 cum
2186 869 2402 940 reliquis
2449 871 2917 932 inmtmcrabililnts
2948 881 3098 935 malis
3119 924 3131 945 ,
3165 899 3229 937 an
3258 898 3476 956 propter

1889 954 2075 1047 decem
2107 957 2279 1026 justos
2321 971 2499 1029 parcat
2529 966 2699 1033 potius
2727 967 2941 1024 civitati.
2972 970 3262 1040 Respondit
3293 954 3429 1031 Deus
3452 1020 3470 1047 ,

1889 1045 2046 1100 etiam
2075 1056 2292 1117 propter
2321 1051 2504 1107 decem
2535 1054 2706 1123 justus
2739 1074 2840 1113 non
2870 1075 2929 1115 se
2958 1063 3179 1130 perdere
3202 1045 3470 1122 civitatem

1889 1134 2041 1210 (Gen.
2071 1155 2199 1196 xvm
2227 1183 2242 1208 ,
2273 1143 2482 1214 23-59).
2511 1145 2643 1215 Quid
2675 1165 2800 1219 ergo
2829 1151 3082 1220 dicimus,
3110 1155 3340 1212 fratres?
3364 1157 3470 1214 Oed

1886 1231 2050 1285 currit
2076 1233 2215 1287 enim
2246 1235 2400 1290 nobis
2443 1241 2666 1308 qumstio
2696 1243 2865 1297 valida
2901 1255 2954 1299 ct
2980 1245 3264 1304 vehemens
3287 1291 3302 1315 ,
3336 1267 3472 1319 pne.

1885 1323 2068 1376 scrtim
2111 1324 2178 1379 ab
2222 1326 2520 1384 hominibus
2551 1333 2637 1401 qui
2664 1333 2951 1402 Scripturis
2978 1339 3173 1394 nostris
3197 1339 3472 1411 impietate

1885 1413 2229 1483 insidiantur,
2279 1434 2385 1474 non
2429 1421 2515 1490 qui
2555 1438 2646 1478 eas
2691 1425 2883 1495 pietate
2922 1431 3272 1500 perquirunt;
3310 1445 3360 1488 et
3390 1434 3469 1489 di-

1883 1519 2042 1576 cunt,
2088 1513 2317 1568 maxime
2357 1514 2424 1570 de
2470 1519 2670 1572 recenti
2712 1520 2918 1575 excidio
2949 1531 3105 1578 tanta:
3137 1527 3280 1581 urbis
3312 1529 3468 1585 :Non

1885 1606 2036 1661 erant
2057 1606 2243 1663 Roma:
2267 1610 2642 1682 quinquaginta
2661 1612 2832 1683 justi?
2854 1615 2908 1670 in
2933 1624 3077 1672 lauto
3100 1635 3319 1674 numero
3342 1621 3471 1676 iide-

1883 1697 2011 1755 lium
2038 1744 2054 1770 ,
2087 1711 2235 1757 tanto
2266 1719 2490 1759 numero
2516 1707 3032 1778 sanctimonialium,
3059 1713 3463 1784 continentium,

1884 1801 2030 1846 tanto
2059 1809 2284 1850 numero
2305 1810 2583 1852 servorum
2610 1810 2662 1855 et
2689 1799 3000 1870 ancillarum
3031 1803 3122 1857 Dei
3148 1845 3162 1870 ,
3190 1819 3288 1859 nec
3313 1805 3468 1875 quin-

1883 1887 2126 1956 quaginta
2164 1888 2295 1957 justi
2339 1891 2562 1944 inveniri
2609 1901 2930 1962 potuerunt,
2965 1910 3061 1950 nec
3087 1897 3464 1967 quadraginta,

1883 1995 1981 2034 nec
2019 1981 2230 2052 triginta
2257 2023 2270 2049 ,
2310 1998 2409 2038 nec
2450 1984 2666 2054 viginti,
2711 2001 2810 2041 nec
2851 1987 3072 2042 decem?
3100 1989 3157 2043 Si
3184 1998 3357 2044 autem
3388 1991 3468 2046 in-

1881 2071 2134 2128 credibile
2171 2082 2253 2128 est
2273 2117 2286 2140 ,
2317 2089 2481 2144 quare
2511 2093 2615 2130 non
2646 2078 2786 2132 Deus
2811 2086 3026 2148 propter
3047 2080 3428 2151 quinquaginta
3449 2124 3464 2145 ,

1881 2167 1965 2221 vel
2003 2168 2160 2222 etiam
2202 2178 2417 2239 propter
2458 2169 2642 2224 decem
2673 2169 2846 2240 justus
2874 2173 3107 2240 pepercit
3132 2173 3203 2227 illi
3227 2174 3468 2228 civitati?

1876 2258 2151 2329 Scriptura
2198 2275 2303 2314 non
2351 2260 2508 2327 fallit,
2551 2261 2594 2315 si
2638 2277 2696 2316 se
2726 2261 2886 2316 homo
2915 2277 3019 2316 non
3050 2262 3210 2317 fallat.
3240 2262 3369 2320 Cum
3397 2265 3466 2321 dc

1876 2349 2077 2421 iustitia
2121 2351 2373 2421 quat-ritur
2396 2392 2411 2416 ,
2456 2359 2509 2405 ct
2545 2351 2686 2407 Deus
2715 2352 2782 2408 de
2801 2352 3003 2422 justitia
3031 2355 3316 2424 respondet
3339 2372 3354 2423 ;
3375 2357 3434 2425 ju

1881 2452 1994 2500 stos
2014 2445 2204 2516 qumrit
2223 2444 2287 2498 ad
2311 2445 2547 2515 regulam
2570 2445 2804 2500 divinam
2831 2488 2847 2512 ,
2873 2461 2976 2501 non
3004 2445 3068 2500 ad
3100 2448 3336 2517 regulam
3370 2447 3469 2504 hu—

1880 2552 2112 2592 manam.
2140 2535 2259 2591 Cito
2287 2551 2414 2606 ergo
2445 2535 2744 2607 respondeo
2779 2555 2792 2593 :
2821 2538 2928 2594 Aut
2955 2538 3160 2594 invenit
3185 2539 3253 2595 ibi
3277 2550 3356 2596 tot
3375 2542 3466 2612 ju-

1881 2639 1992 2685 stos
2017 2672 2031 2696 ,
2064 2638 2118 2684 ct
2137 2629 2373 2700 pepercit
2399 2628 2635 2694 civitati;
2668 2639 2758 2684 aut
2781 2629 2822 2683 si
2848 2645 2952 2684 non
2977 2633 3211 2701 pepercit
3235 2633 3464 2703 civitati,

1881 2737 1979 2776 nec
1997 2721 2170 2790 justos
2201 2721 2419 2775 invenit.
2443 2719 2547 2776 Sed
2574 2719 2929 2790 respondetur
2952 2721 3100 2787 mihi,
3128 2721 3465 2780 manifestum

1881 2827 2000 2869 eSSe
2023 2810 2166 2883 quod
2193 2812 2330 2867 Deus
2357 2827 2463 2867 non
2487 2810 2720 2882 pepercit
2745 2812 2961 2867 civitati.
2989 2813 3309 2884 l'tespoudco
3331 2832 3463 2886 ego:

1879 2905 1992 2960 lino
2033 2906 2161 2961 mihi
2192 2922 2294 2960 non
2323 2914 2405 2961 est
2427 2905 2785 2960 manifestum.
2818 2907 3050 2962 Perditio
3073 2909 3214 2964 enim
3240 2909 3468 2969 civitatis

1880 2999 1951 3054 ibi
1995 2997 2134 3054 facta
2166 3014 2270 3053 non
2299 3009 2410 3064 est,
2443 2998 2580 3055 sicut
2607 2988 2660 3053 in
2689 2998 2936 3055 Sodomis
2964 2999 3098 3056 facta
3127 3012 3229 3059 est.
3260 3005 3333 3060 De
3359 3005 3466 3062 So-

1881 3091 2054 3147 domis
2077 3092 2217 3146 enim
2241 3091 2464 3162 quaestio
2490 3101 2603 3146 erat
2623 3132 2638 3158 ,
2665 3091 2874 3161 quando
2899 3093 3064 3148 Deum
3097 3095 3360 3151 Abraham
3383 3099 3467 3154 in-

1883 3185 2186 3255 terrogavit.
2232 3185 2370 3239 Deus
2400 3193 2575 3239 autem
2602 3184 2763 3249 dixit,
2801 3184 2918 3238 Non
2947 3187 3152 3257 perdant
3175 3190 3423 3244 civitatem
3445 3207 3466 3246 :

1882 3295 1986 3335 non
2032 3278 2194 3345 dixit,
2236 3277 2349 3332 Non
2397 3276 2604 3348 ﬂagello
2646 3277 2933 3334 civitatem.
2959 3278 3205 3334 Sodomis
3233 3293 3336 3335 non
3370 3295 3465 3352 pc-

1881 3371 2087 3442 percit,
2135 3368 2420 3425 Sodomam
2469 3367 2699 3440 perdidit
2745 3387 2756 3421 :
2797 3367 3080 3424 Sodomam
3113 3371 3322 3440 penitus
3345 3373 3500 3442 igue°

1882 3462 2246 3534 consumpsit,
2290 3476 2446 3531 quam
2486 3460 2552 3515 ad
2596 3459 2854 3530 judicium
2891 3476 2996 3516 non
3021 3460 3258 3531 distulit,
3285 3463 3379 3518 sed
3410 3463 3462 3520 in

1881 3573 1997 3612 eam
2026 3556 2261 3612 exercuit
2290 3554 2428 3627 quod
2455 3554 2572 3610 aliis
2602 3555 2756 3610 malis
2783 3554 2849 3610 ad
2875 3553 3131 3626 judicium
3151 3559 3462 3615 reservavit.

1881 3649 2107 3706 Prorsus
2132 3649 2306 3704 nullus
2332 3648 2400 3704 de
2425 3648 2673 3704 Sodomis
2702 3649 2906 3716 evasit;
2931 3650 3062 3704 nihil
3082 3651 3316 3708 hominis
3340 3653 3467 3710 reli-

1881 3751 2022 3796 ctum
2067 3750 2186 3807 est,
2237 3740 2366 3795 nihil
2417 3740 2663 3810 pecoris,
2715 3740 2844 3796 nihil
2891 3741 3170 3799 domorum
3216 3763 3229 3798 :
3275 3755 3465 3802 cuncta

1881 3833 2098 3888 omnino
2128 3833 2262 3904 ignis
2286 3833 2578 3889 absorbuit.
2609 3834 2747 3889 Ecce
2775 3836 3043 3906 quomodo
3066 3837 3209 3892 Deus
3235 3839 3467 3909 perdidit

1880 3927 2166 3982 civitatem.
2193 3925 2275 3982 Ab
2298 3925 2426 3982 urbe
2447 3935 2620 3982 autem
2653 3927 2823 3983 Roma
2853 3944 3010 4000 quam
3041 3931 3192 3985 multi
3220 3934 3468 3990 exierunt

1879 4028 1934 4075 et
1956 4019 2170 4074 redituri
2194 4025 2344 4083 sunt,
2377 4034 2534 4089 quam
2565 4019 2713 4073 multi
2737 4030 3049 4076 manserunt
3067 4031 3122 4076 et
3144 4035 3464 4094 evaserunt,

1880 4128 2035 4183 quam
2066 4112 2215 4167 tuulti
2247 4112 2296 4166 in
2324 4111 2456 4167 locis
2492 4112 2690 4165 sanctis
2717 4127 2813 4166 nec
2836 4114 2974 4182 tangi
3007 4117 3329 4184 potuerunt!
3359 4115 3467 4174 Sed

1880 4203 2110 4274 captivi,
2153 4202 2432 4273 inquiunt,
2471 4201 2624 4256 multi
2663 4202 2806 4257 ducti
2848 4211 2989 4256 sunt.
3031 4203 3142 4258 lloc
3169 4214 3222 4259 et
3248 4205 3463 4274 Daniel,

1884 4313 1988 4352 non
2023 4294 2088 4351 ad
2108 4295 2422 4366 supplicium
2447 4309 2598 4349 suum
2615 4336 2630 4362 ,
2660 4293 2755 4350 sed
2780 4293 2843 4348 ad
2859 4294 3106 4351 solatium
3126 4306 3462 4353 cancrorum.

1881 4389 1988 4447 Sed
2031 4387 2225 4456 multi,
2274 4387 2553 4457 inquiunt,
2601 4385 2761 4441 occisi
2800 4395 2945 4442 sunt.
2988 4387 3098 4442 Hoc
3137 4395 3192 4443 et
3230 4397 3310 4444 tot
3336 4389 3469 4459 justi

1883 4480 2166 4552 Propheta:
2200 4495 2232 4535 a
2273 4478 2530 4549 sanguine
2571 4477 2703 4532 Abel
2744 4493 2910 4550 usque
2936 4478 3000 4532 ad
3034 4480 3344 4550 sanguinem
3369 4481 3470 4539 Za-

1886 4573 2083 4631 charias
2119 4572 2333 4648 (Matth.
2380 4589 2538 4640 xxut,
2585 4571 2680 4644 55)
2713 4591 2726 4626 :
2758 4571 2861 4628 hoc
2887 4573 3046 4629 etiam
3080 4584 3154 4629 tot
3184 4576 3425 4647 Apostoli
3451 4621 3470 4646 ,

1890 4665 1990 4722 hoc
2013 4666 2125 4736 ipse
2151 4663 2408 4720 Dominus
2439 4663 2825 4734 Prophetarum
2856 4671 2911 4720 et
2939 4665 3336 4735 Apostolorum.
3362 4668 3470 4727 Sed

1891 4760 2040 4814 multi
2071 4801 2087 4828 ,
2137 4757 2421 4828 inquiunt,
2472 4757 2748 4812 tormentis
2791 4757 2951 4812 variis
2993 4760 3282 4817 excruciati
3325 4773 3470 4820 sunt.

1890 4853 2212 4908 Putamusne
2238 4849 2512 4922 quisquam
2539 4855 2740 4904 tantum
2762 4860 3014 4920 quantum
3036 4851 3174 4906 Job?

1964 4944 2018 5000 ὅ.
2044 4942 2314 4999 Horrenda
2344 4942 2497 4996 nobis
2522 4943 2755 4996 nuntiata
2779 4954 2934 5008 sunt;
2960 4951 3164 5015 strages
3195 4944 3328 5002 facta
3349 4987 3366 5014 ,
3390 4948 3477 5003 in-

1893 5035 2078 5093 cendia
2099 5077 2138 5118 ,_
2162 5035 2392 5105 rapinze,
2446 5033 2842 5091 interfectiones
2863 5075 2880 5102 ,
2923 5039 3345 5094 excruciatioues
3378 5039 3475 5095 ho-

1894 5132 2116 5186 minum.
2140 5126 2338 5184 Verum
2365 5136 2445 5184 est
2463 5171 2479 5196 ,
2511 5129 2672 5184 multa
2701 5128 3003 5186 audivimus
3025 5173 3040 5197 ,
3068 5134 3245 5188 omnia
3272 5136 3477 5206 gemui-

1895 5237 2015 5279 mus
2052 5264 2068 5291 ,
2117 5236 2260 5292 stupe
2303 5221 2545 5276 ﬂevimus
2578 5264 2594 5290 ,
2643 5222 2732 5276 vix
2781 5223 3041 5280 consolati
3087 5239 3320 5294 sumus;
3369 5244 3480 5286 non

1896 5315 2072 5371 abnuo
2099 5357 2114 5381 ,
2163 5327 2270 5368 non
2311 5328 2448 5384 nego
2491 5312 2656 5368 multa
2697 5327 2796 5369 nos
2835 5315 3080 5382 audisse,
3119 5317 3285 5375 multa
3313 5319 3367 5374 in
3391 5319 3478 5377 illa

1896 5408 2029 5464 urbe
2052 5421 2171 5462 esse
2195 5405 2500 5462 commissa.
3231 5479 3234 5481 _

1971 5495 2198 5555 CAPUT
2224 5495 2313 5552 111.
2339 5527 2409 5537 -
2435 5495 2499 5551 In
2527 5498 2800 5552 uastatione
2831 5494 2983 5552 Urbis
3011 5497 3144 5552 nihil
3163 5498 3366 5571 gravius
3391 5515 3483 5554 ac-

1899 5594 2020 5650 cidit
2047 5593 2332 5648 calamitate
2352 5590 2472 5646 Job.
2500 5590 2876 5648 Verumtamen
2897 5630 2912 5658 ,
2939 5591 3131 5646 fratres
3153 5592 3257 5647 mei
3280 5592 3482 5663 (inten-

1900 5686 1994 5742 dat
2029 5683 2276 5740 Charitas
2319 5691 2496 5738 vcstra
2541 5682 2680 5753 quod
2721 5681 2904 5752 dico),
2944 5680 3242 5741 audivimus
3285 5683 3488 5742 librum

1903 5779 2068 5836 sancti
2112 5777 2244 5846 Job,
2285 5775 2422 5847 quod
2467 5774 2686 5844 perditis
2721 5773 2918 5844 rebus,
2951 5774 3170 5848 perditis
3194 5775 3353 5848 ﬁliis,
3384 5789 3493 5834 nor.
