3904 6362
232 330 302 388 m
1370 311 1725 387 sentient:
1763 311 1968 374 URBlS
2004 312 2304 371 EXCIDIO.

231 448 353 503 sanat
371 438 591 494 animam
626 432 827 489 tuam?
852 431 911 487 Si
944 438 1117 485 tamen
1147 442 1251 483 non
1280 424 1446 482 habes
1485 436 1781 497 peccatum.

228 535 332 591 Nam
349 528 654 593 considera;
688 532 747 581 et
782 522 1039 586 invenies,
1074 535 1180 575 non
1210 526 1509 589 peceatum,
1538 517 1631 574 sed
1659 532 1783 587 pec-

224 638 331 686 cata.
356 626 545 681 Tamen
593 621 642 677 si
686 632 909 691 prorsus
936 631 1039 670 non
1086 612 1250 668 habes
1279 622 1573 682 peccatum,
1606 626 1783 667 nonne

222 722 333 778 illius
356 716 677 775 beneﬁcium
708 721 815 778 est,
857 710 942 765 cui
971 706 1146 763 dixisti
1180 723 1193 760 :
1224 703 1337 777 Ego
1366 705 1501 772 dixi,
1527 702 1779 771 Domine,

222 818 419 871 miserere
451 812 593 875 mei;
636 823 767 862 sana
809 803 1035 857 animant
1082 815 1277 864 meam,
1320 798 1555 869 quoniam
1584 797 1784 869 peccavi

228 910 303 964 tibi
339 898 495 977 (Psal.
535 918 629 966 ιι,
670 898 763 971 5)?
803 896 858 952 Si
886 910 1013 963 ergo
1039 892 1154 949 sine
1206 900 1422 962 peccato
1475 899 1558 946 est
1604 891 1780 945 anima

219 1015 312 1069 tua,
356 1007 533 1055 sanata
582 1002 668 1050 est
717 991 868 1047 omni
915 988 1076 1044 modo
1120 985 1294 1040 anima
1350 992 1437 1038 tua
1472 983 1556 1047 :si
1596 992 1780 1039 sanata

215 1102 286 1151 est
325 1091 458 1148 omni
505 1086 669 1143 modo
698 1084 875 1138 anima
932 1091 1044 1145 tua,
1080 1094 1246 1149 quare
1282 1079 1518 1149 ingratus
1568 1091 1627 1131 es
1664 1091 1779 1130 me-

212 1188 313 1242 dico
338 1192 442 1250 tuo,
482 1190 542 1235 ut
594 1180 743 1234 dicas
794 1176 989 1231 vulnus
1022 1188 1141 1229 esse
1187 1171 1391 1239 adhuc,
1441 1171 1533 1226 ubi
1563 1185 1776 1225 omnem

207 1280 464 1335 sanitatem
502 1273 594 1329 ille
629 1272 741 1342 jam
786 1268 945 1325 fecit?
982 1266 1037 1322 Si
1063 1280 1258 1337 corpus
1286 1272 1432 1318 tuum
1472 1262 1779 1334 languidum

207 1382 292 1427 aut
312 1370 633 1424 vulneratum
661 1362 871 1419 medico
895 1357 1224 1421 ostenderes,
1267 1365 1321 1411 et
1348 1370 1565 1427 rogares
1605 1365 1659 1410 ut
1682 1354 1779 1409 tibi

204 1462 464 1517 adhiberet
485 1454 709 1513 curandi
740 1453 1066 1523 diligentiam
1089 1492 1102 1516 ,
1130 1459 1291 1519 atque
1314 1448 1402 1502 ille
1437 1447 1657 1512 faceret,
1696 1462 1782 1501 sa-

199 1567 421 1624 numque
446 1559 499 1606 et
521 1548 847 1604 incolumem
888 1543 1155 1607 redderet,
1189 1551 1243 1596 et
1268 1551 1322 1597 tu
1352 1540 1525 1595 adhuc
1551 1540 1777 1605 diceres,

193 1646 303 1702 Non
324 1659 440 1699 sum
474 1655 634 1697 sanus
658 1656 674 1704 ;
708 1653 887 1694 nonne
910 1651 1057 1692 esses
1084 1633 1291 1690 medico
1313 1632 1582 1704 ingratus?
1602 1647 1781 1688 nonne

189 1754 333 1796 esses
356 1739 411 1793 in
444 1735 711 1791 medicum
752 1728 1210 1787 contumeliosus?
1234 1726 1292 1783 Si
1317 1735 1371 1783 et
1410 1726 1549 1782 Deus
1576 1726 1783 1809 sanavit

183 1840 257 1899 te,
286 1829 455 1885 audes
475 1826 690 1892 dicere,
718 1822 909 1878 Adhuc
936 1821 1125 1875 vulnus
1152 1819 1359 1876 habeo?
1388 1834 1488 1875 nec
1526 1820 1682 1873 times
1713 1834 1781 1874 nc

179 1921 284 1977 tibi
305 1919 643 1990 respondeat,
678 1916 821 1986 Ergo
850 1930 949 1985 ego
979 1912 1109 1967 nihil
1153 1913 1257 1983 egi,
1302 1920 1394 1967 aut
1442 1920 1608 1966 totum
1637 1910 1781 1981 quod

181 2012 279 2083 egi
310 2009 509 2075 eﬂ'udi;
545 2023 651 2063 non
691 2005 895 2077 accipio
927 2002 1227 2059 mercedem
1249 2044 1263 2069 ,
1318 2018 1424 2058 non
1454 2017 1665 2057 mereor
1694 2002 1779 2058 vel

189 2102 456 2159 laudem?
483 2104 695 2157 Avertat
714 2101 850 2155 Deus
878 2098 1018 2153 hanc
1043 2098 1351 2163 amentiam,
1383 2105 1435 2151 et
1462 2096 1602 2152 hanc
1626 2111 1782 2168 argu-

189 2194 592 2253 mentationem
612 2207 804 2248 vanam.
828 2191 979 2245 Dicat
1001 2189 1182 2255 homo,
1213 2189 1472 2243 Peccator
1496 2204 1633 2255 sum,
1656 2189 1778 2259 quia

192 2297 463 2361 peccator
488 2294 565 2341 est
589 2303 605 2339 :
626 2284 778 2352 dicat,
812 2283 1094 2339 Peccatum
1127 2280 1321 2348 habeo,
1351 2280 1472 2351 quia
1503 2289 1778 2350 peccatum

183 2381 379 2437 habet.
422 2379 536 2434 Non
563 2378 702 2434 enim
749 2377 796 2433 si
824 2391 930 2431 non
955 2374 1150 2440 habet,
1176 2374 1470 2444 sapientior
1497 2382 1579 2428 est
1616 2388 1777 2443 quam

183 2471 401 2529 Daniel.
426 2470 584 2542 Ergo,
604 2468 799 2524 fratres
813 2468 942 2533 mei,
966 2468 1107 2521 illam
1124 2467 1473 2537 quaestionem
1498 2464 1779 2535 aliquando

183 2563 566 2619 determinem.
598 2560 657 2617 Si
679 2560 812 2631 justi
838 2561 915 2615 sic
942 2558 1242 2631 appellandi
1269 2566 1421 2625 sunt,
1455 2558 1592 2612 sicut
1620 2556 1779 2612 modo

188 2656 423 2727 quodam
458 2654 694 2709 humano
733 2652 862 2723 justi
888 2652 1241 2723 appellantur,
1272 2649 1564 2706 secundum
1590 2664 1779 2721 quam-

196 2747 315 2804 dam
340 2747 804 2805 conversationem
842 2760 943 2815 qua
989 2745 1129 2800 inter
1156 2744 1405 2799 homines
1450 2743 1635 2797 vivunt
1665 2742 1780 2797 sine

205 2842 413 2913 querela
442 2861 455 2895 :
484 2840 639 2897 multi
668 2839 803 2894 tales
832 2837 1014 2893 Roma:
1039 2853 1054 2903 ;
1081 2846 1137 2893 et
1175 2846 1392 2907 propter
1413 2835 1512 2891 hos
1542 2834 1783 2907 pepercit

206 2931 371 2999 Dens,
398 2933 540 2987 multi
572 2939 866 2988 evaserunt
896 2949 907 2983 :
935 2929 1029 2985 sed
1056 2938 1110 2985 et
1151 2930 1229 2985 eis
1273 2930 1360 2999 qui
1390 2929 1586 2984 mortui
1615 2936 1778 2997 sunt,

211 3024 439 3095 pepercit
463 3024 620 3079 Deus.
651 3018 851 3078 Mortui
871 3022 1011 3076 enim
1034 3020 1086 3075 in
1107 3021 1245 3076 bona
1267 3020 1373 3075 vita
1393 3029 1446 3075 et
1479 3036 1603 3076 vera
1625 3019 1783 3090 justi-

216 3119 313 3185 tia,
332 3119 390 3174 in
408 3118 532 3173 bona
560 3116 699 3183 ﬁde,
729 3129 910 3170 nonne
940 3113 1194 3168 atrumnis
1221 3128 1400 3167 rerum
1429 3114 1781 3167 humanarum

226 3218 509 3274 caruerunt,
538 3217 594 3265 et
620 3208 691 3263 ad
737 3208 976 3262 divinum
1018 3206 1349 3275 refrigerium
1382 3204 1782 3274 pervenerunt?

221 3299 406 3356 lortui
428 3310 541 3357 sunt
566 3309 689 3371 post
720 3299 1092 3354 tribulatrones
1113 3339 1128 3365 ,
1166 3297 1433 3368 quomodo
1459 3313 1659 3369 pauper
1693 3297 1783 3353 ille

219 3404 339 3448 ante
378 3393 580 3464 ianuam
608 3393 812 3449 divitis.
859 3391 963 3448 Sed
1002 3391 1143 3461 passi
1184 3403 1305 3446 sunt
1336 3391 1565 3445 famem?
1596 3406 1784 3461 passus

224 3494 310 3541 est
332 3496 385 3543 et
406 3488 503 3543 ille.
522 3488 667 3544 Passi
696 3495 824 3542 sunt
845 3488 1059 3541 vulnera
1080 3486 1105 3539 ?
1128 3500 1315 3556 passus
1332 3495 1414 3540 est
1429 3494 1483 3540 et
1498 3486 1620 3541 ille:
1650 3486 1783 3542 forte

227 3577 406 3633 minus
431 3594 511 3634 eos
533 3594 684 3636 canes
709 3579 1004 3634 linxcrunt.
1023 3577 1211 3633 Μοιῑυί
1241 3577 1407 3632 sunt?
1433 3586 1675 3633 mortuus
1702 3589 1785 3634 est

221 3679 277 3725 et
322 3670 411 3725 ille
457 3689 472 3725 :
512 3671 595 3726 sed
622 3686 729 3742 quo
777 3670 882 3726 ﬁne
910 3669 1074 3725 audi:
1121 3667 1373 3741 Contigit,
1408 3668 1618 3739 inquit,
1657 3671 1786 3724 mori

219 3762 415 3832 inopem
432 3763 582 3831 illum,
606 3770 652 3817 et
697 3763 891 3835 auferri
927 3761 989 3815 ab
1024 3761 1227 3833 Angelis
1262 3761 1315 3815 in
1348 3761 1515 3815 sinum
1545 3760 1782 3817 Abrahae.

223 3852 367 3921 (Luc.
396 3871 502 3923 m,
521 3853 739 3927 20-22).

286 3943 496 4001 CAPUT
527 3945 742 4000 \‘I.-——6.
763 3943 1027 4012 Quomodo
1041 3942 1168 3998 Urbi
1185 3943 1323 3998 Deus
1340 3943 1557 4015 pepercit
1584 3952 1786 4015 promer

224 4038 398 4105 justas.
425 4036 877 4108 Constantinopolis
902 4044 1089 4091 terrore
1109 4036 1418 4090 imminentis
1445 4035 1539 4089 sibi
1565 4036 1786 4090 incendii

226 4133 467 4188 emendata
481 4135 720 4190 diuinitus
744 4144 789 4188 et
814 4140 1031 4189 servata.
1064 4132 1273 4188 Utinam
1300 4132 1485 4187 videre
1505 4146 1785 4202 possemus

232 4224 385 4279 oculis
406 4227 603 4282 animas
624 4236 931 4281 sanctorum
954 4224 1043 4296 qui
1062 4224 1114 4280 in
1137 4220 1231 4279 illo
1252 4223 1392 4279 bello
1418 4224 1612 4278 mortui
1638 4232 1783 4289 sunt;

232 4322 344 4370 tunc
370 4316 609 4375 videretis
634 4317 903 4390 quomodo
932 4317 1075 4372 Deus
1103 4317 1402 4387 pepercerit
1427 4315 1647 4371 civitati.
1671 4315 1787 4369 Mil-

225 4406 290 4461 lia
317 4410 447 4465 enim
474 4420 779 4467 sanctorum
810 4411 862 4464 iu
906 4408 1187 4479 refrigerio
1232 4416 1376 4472 sunt,
1410 4408 1701 4462 lmtantium
1734 4414 1788 4462 et

226 4500 491 4558 dicentium
523 4505 636 4559 Deo
667 4521 681 4557 :
712 4501 920 4558 Gratias
960 4502 1073 4567 tibi,
1124 4501 1245 4571 quia
1285 4514 1384 4555 nos
1412 4516 1441 4555 a
1471 4500 1647 4555 carnis
1674 4515 1787 4554 mo-

226 4590 384 4649 lestiis
404 4602 455 4650 et
488 4594 771 4650 tormentis
796 4593 1001 4649 eruisti.
1031 4590 1240 4647 Gratias
1268 4592 1380 4659 tibi,
1409 4592 1531 4662 quia
1552 4591 1662 4662 jam
1689 4606 1789 4646 nec

228 4683 478 4756 barbaros,
505 4704 603 4745 nec
623 4687 893 4744 diabolum
917 4685 1300 4752 formidamus;
1332 4699 1440 4740 non
1466 4685 1713 4740 timemus
1732 4684 1788 4739 in

233 4785 357 4834 terra
380 4781 584 4847 famem,
625 4798 733 4837 non
756 4781 1003 4837 timemus
1022 4780 1334 4850 grandinem
1357 4819 1371 4843 ,
1403 4793 1510 4833 non
1538 4778 1788 4833 timemus

233 4869 441 4943 hostem,
463 4892 571 4933 non
598 4876 845 4932 timemus
874 4875 1137 4942 lictorem,
1166 4889 1274 4929 non
1304 4874 1549 4928 timemus
1570 4886 1791 4942 oppres-

232 4978 387 5025 sorem
413 4988 427 5024 :
457 4969 552 5026 sed
590 4984 774 5025 sumus
801 4969 853 5023 in
884 4976 1022 5023 terra
1070 4968 1260 5022 mortui
1282 5008 1296 5030 .
1339 4964 1477 5036 apud
1522 4974 1595 5032 te,
1627 4964 1786 5029 Deus,

234 5074 327 5115 non
348 5063 603 5131 morituri,
634 5063 688 5116 in
719 5076 883 5132 regno
910 5069 1001 5116 tuo
1035 5060 1187 5126 salvi,
1222 5058 1364 5113 dono
1389 5068 1501 5126 tuo,
1546 5072 1652 5111 non
1678 5071 1792 5111 me-

234 5152 323 5206 rito
346 5165 536 5210 nostro.
559 5153 747 5222 Qualis
773 5152 958 5207 civitas
986 5160 1067 5207 est
1092 5150 1374 5206 humilium
1403 5151 1419 5181 ¹
1448 5165 1565 5219 qua:
1592 5149 1692 5203 ista
1712 5148 1793 5203 di-

235 5244 421 5302 citiAn
442 5248 638 5318 putatis
666 5246 934 5303 civitatem
966 5245 1018 5300 in
1062 5244 1354 5316 parietibus
1397 5242 1793 5315 deputandam?

236 5337 406 5397 Civitas
433 5342 487 5396 in
514 5340 723 5396 civibus
750 5349 859 5408 cst,
891 5353 996 5394 non
1043 5338 1096 5392 in
1137 5337 1450 5408 parietibus.
1484 5336 1720 5405 Denique
1748 5335 1795 5389 si

234 5432 411 5491 diceret
431 5435 573 5491 Deus
597 5429 914 5499 Sodomitis,
943 5432 1155 5502 Fugite,
1186 5430 1309 5501 quia
1341 5430 1657 5485 incensurus
1677 5442 1795 5482 sum

231 5523 388 5582 locum
416 5528 614 5583 istum:
643 5539 825 5581 nonne
865 5538 1116 5595 magnum
1162 5523 1408 5578 meritum
1463 5536 1557 5577 eos
1597 5520 1795 5575 habere

230 5618 530 5685 diceremus,
578 5617 624 5672 si
665 5616 934 5688 fugerent,
960 5624 1014 5671 et
1052 5615 1265 5670 flamma
1310 5613 1378 5668 de
1404 5613 1543 5668 coelo
1570 5610 1796 5666 descen-

225 5715 347 5776 dens
385 5714 585 5772 mantia
617 5712 958 5784 parietesque
990 5709 1271 5767 vastaret?
1310 5708 1498 5766 Nonne
1527 5707 1667 5764 Deus
1702 5720 1794 5778 pe-

280 5860 298 5889 ι
325 5862 400 5907 ar.
424 5860 480 5907 et
500 5860 584 5905 us.
606 5851 762 5917 ιωι..

3375 324 3479 401 122

1893 438 2136 499 percerat
2153 429 2370 499 civitati,
2394 431 2514 503 quia
2530 432 2711 491 civitas
2730 434 3067 507 migraverat,
3101 443 3156 493 et
3181 437 3471 509 perniciem

1891 519 2033 576 illius
2056 522 2190 592 ignis
2217 536 2456 579 evaserat
2486 527 2505 578 ?

1962 616 2015 669 7.
2040 614 2229 672 Nonne
2271 628 2394 673 ante
2434 634 2629 689 paucos
2655 635 2854 690 annos,
2886 623 3113 681 Arcadio
3142 624 3467 697 imperatore

1890 706 2348 779 Constantinopoli
2399 710 2561 782 (quod
2599 712 2738 781 dico,
2768 713 2987 770 audiunt
3030 718 3271 773 nonnulli
3314 718 3475 774 forsi-

1888 808 1979 856 tan
2007 802 2093 872 qui
2120 813 2398 871 noverunt,
2445 814 2498 859 et
2527 814 2650 861 sunt
2696 808 2748 861 in
2782 807 2884 863 hoc
2918 811 3115 878 populo
3157 813 3247 882 qui
3276 822 3331 869 ct
3356 812 3468 869 illic

1888 902 2185 962 praesentes
2218 893 2479 966 fuerunt),
2509 898 2694 953 volens
2719 899 2860 953 Deus
2880 909 3079 957 terrere
3100 903 3390 973 civitatem,
3414 915 3471 961 et

1888 987 2138 1042 terrendo
2168 988 2487 1056 emendare,
2540 992 2788 1047 terrendo
2816 1003 3163 1064 convertere,
3217 998 3469 1054 terrendo

1888 1080 2171 1148 mundare,
2202 1083 2452 1139 terrendo
2487 1093 2713 1152 mutare,
2744 1102 2901 1142 servo
2926 1088 3135 1143 cuidam
3164 1105 3262 1145 suo
3288 1089 3472 1155 ﬁdeli,

1890 1173 2027 1238 viro,
2061 1184 2119 1228 ut
2138 1174 2351 1241 dicitur,
2383 1176 2620 1244 militari,
2651 1178 2795 1233 venit
2820 1179 2871 1233 in
2894 1180 3239 1249 revelatione,
3263 1189 3316 1236 et
3337 1175 3474 1236 dixit

1888 1265 1939 1320 ei
1956 1266 2224 1321 civitatem
2247 1278 2472 1323 venturo
2486 1269 2554 1323 de
2580 1270 2719 1325 coelo
2747 1271 2865 1341 igne
2885 1262 3212 1342 perituram;
3241 1288 3473 1343 eumque

1888 1358 2164 1414 admonuit
2189 1369 2248 1414 ut
2277 1361 2526 1431 episcopo
2552 1362 2770 1417 diceret.
2800 1364 3009 1419 Dictum
3044 1374 3162 1432 est;
3205 1380 3313 1420 non
3344 1380 3475 1420 con-

1890 1453 2107 1521 tempsit
2159 1454 2473 1523 episcopus,
2519 1463 2573 1510 et
2600 1456 2861 1511 allocutus
2886 1467 2968 1512 est
3004 1458 3258 1529 populum
3290 1477 3304 1490 ·
3337 1473 3474 1514 con-

1888 1560 2046 1600 versa
2074 1556 2157 1601 est
2191 1548 2377 1602 civitas
2404 1548 2456 1602 in
2505 1548 2705 1603 luctum
2740 1551 3088 1619 ptrnitentiae,
3121 1551 3472 1623 quemadmo-

1887 1638 2013 1694 dum
2038 1641 2303 1711 quondam
2334 1640 2421 1696 illa
2457 1643 2673 1713 antiqua
2702 1643 2890 1699 Ninive
2916 1644 3090 1715 (Jona:
3134 1662 3220 1713 ιιι,
3254 1645 3332 1718 5).
3364 1646 3471 1701 Ta-

1888 1746 2009 1787 men
2038 1748 2106 1787 ne
2134 1742 2383 1803 putarent
2410 1733 2653 1791 homines
2683 1736 2829 1791 illum
2856 1737 2947 1807 qui
2985 1738 3193 1793 dixerat
3222 1739 3306 1795 vel
3328 1738 3473 1794 falsi-

1889 1831 1996 1879 tate
2024 1824 2303 1895 deceptum
2328 1826 2410 1881 vel
2441 1825 2646 1881 fallacia
2669 1827 2968 1899 decepisse,
2995 1830 3140 1884 venit
3165 1830 3279 1886 dies
3309 1846 3467 1901 quem

1884 1916 2027 1970 Deus
2048 1916 2218 1970 fuerat
2243 1918 2596 1973 comminatus
2622 1937 2634 1972 :
2660 1920 2877 1976 intentis
2916 1922 3166 1977 omnibus
3191 1932 3246 1977 ct
3270 1923 3470 1977 exitum

1884 2024 2005 2064 cum
2030 2009 2218 2064 timore
2241 2025 2435 2080 magno
2463 2014 2919 2082 exspectantibus,
2944 2017 3115 2071 noctis
3141 2015 3294 2071 initio
3323 2024 3471 2073 tene.

1884 2101 2073 2158 brante
2094 2103 2204 2173 jam
2239 2103 2459 2169 mundo,
2485 2105 2599 2159 visa
2633 2115 2715 2161 cst
2743 2108 2898 2177 ignea
2925 2109 3096 2163 nubes
3133 2108 3199 2163 ab
3229 2110 3467 2175 oriente,

1885 2195 2061 2265 primo
2089 2211 2264 2265 parva,
2296 2195 2770 2267 deinde.paulatim
2800 2207 2856 2252 ut
2884 2198 3175 2254 accedebat
3204 2214 3366 2271 super
3394 2199 3472 2254 ci-

1885 2288 2103 2342 vitatem
2134 2288 2207 2341 ita
2238 2287 2532 2352 crescebat,
2562 2289 2734 2345 donec
2763 2290 2857 2344 toti
2886 2291 3002 2345 urbi
3044 2291 3180 2360 ignis
3210 2292 3225 2322 ³
3253 2290 3472 2346 terribi-

1884 2380 2007 2435 liter
2036 2380 2357 2435 immineret.
2374 2379 2668 2435 Videbatur
2688 2382 2954 2436 horrenda
2978 2382 3192 2437 ﬂamma
3217 2382 3470 2453 pendere,

1886 2487 1987 2527 nec
2016 2470 2151 2526 odor
2179 2470 2452 2541 sulphuris
2472 2470 2675 2525 deerat.
2709 2471 2909 2527 Omnes
2937 2472 3003 2526 ad
3031 2473 3311 2527 ecclesiam
3339 2488 3470 2527 cou-

1885 2564 2157 2636 fugiebant
2182 2607 2197 2631 ,
2232 2580 2337 2619 non
2365 2564 2608 2635 capiebat
2645 2564 3039 2620 multitudinem
3087 2565 3257 2630 locus,
3290 2564 3473 2635 Bapti-

1887 2672 2063 2712 smum
2091 2657 2441 2726 extorquebat
2470 2656 2740 2727 quisquea
2763 2671 2868 2727 quo
2896 2664 3126 2727 poterat.
3152 2656 3268 2711 Non
3295 2655 3471 2711 solum

1886 2748 1939 2803 in
1960 2748 2206 2814 ecclesia,
2234 2748 2327 2802 sed
2349 2748 2507 2803 etiam
2536 2764 2630 2819 per
2658 2748 2867 2817 domos,
2897 2765 2995 2819 per
3018 2749 3165 2804 vicos
3181 2764 3244 2804 ac
3271 2748 3473 2818 plateas

1887 2839 2032 2895 salus
2081 2838 2409 2895 Saeramenti
2456 2840 2801 2910 exigebatur;
2831 2849 2889 2895 ut
2928 2839 3202 2911 fugeretur
3231 2841 3329 2908 ira,
3360 2855 3474 2896 non

1885 2946 2123 3003 praesens
2148 2931 2349 3002 utique,
2381 2930 2476 2985 sed
2502 2931 2695 2986 futura.
2741 2932 2943 2987 Tamen
2974 2942 3095 3003 post
3128 2947 3376 3004 magnam
3402 2932 3473 2988 il-

1886 3027 1989 3081 lam
2046 3025 2465 3092 tribulationem,
2517 3026 2607 3079 ubi
2656 3026 2896 3081 exhibuit
2935 3026 3077 3081 Deus
3109 3026 3267 3082 fidem
3294 3025 3474 3082 verbis

1887 3120 2018 3182 suis,
2048 3129 2102 3172 et
2126 3117 2440 3172 revelationi
2479 3116 2617 3171 servi
2643 3118 2745 3180 sui,
2778 3117 2961 3189 erepit,
2994 3127 3053 3172 ut
3078 3126 3340 3185 creverat,
3366 3116 3474 3172 mi-

1888 3210 1979 3264 nui
2006 3209 2198 3273 nubes,
2242 3208 2604 3279 paulatimque
2636 3218 2953 3279 consumpta
2993 3217 3095 3263 est.
3123 3209 3357 3278 Populus
3383 3223 3473 3263 se-

1886 3318 2048 3359 curus
2094 3301 2366 3375 paululum
2394 3301 2592 3368 factus,
2636 3302 2827 3356 iterum
2859 3301 3065 3357 audivit
3093 3301 3312 3356 omnino
3352 3316 3475 3358 esse

1887 3395 2244 3466 migrandum,
2273 3393 2414 3464 quod
2440 3394 2625 3449 civitas
2648 3404 2792 3449 esset
2829 3394 3073 3464 proximo
3102 3395 3321 3450 sabbato
3355 3409 3479 3465 pcr-

1890 3489 2051 3543 itura.
2082 3486 2327 3557 Migravit
2354 3502 2475 3542 cum
2502 3485 2827 3556 lmperatore
2859 3495 2967 3541 tota
2984 3487 3207 3553 civitas;
3238 3501 3397 3542 nemo
3418 3486 3473 3541 in

1888 3579 2050 3635 domo
2079 3578 2356 3646 remansit,
2402 3592 2564 3633 nemo
2606 3578 2823 3633 domum
2851 3578 3084 3634 clausit:
3116 3579 3274 3650 longe
3314 3595 3473 3634 rece-

1888 3672 2022 3728 dens
2049 3687 2078 3727 a
2108 3671 2395 3735 moenibus,
2433 3678 2487 3726 et
2529 3669 2703 3725 dulcia
2737 3677 2871 3725 tecta
2910 3670 3225 3740 reSpiciens,
3271 3670 3473 3725 relictis

1890 3763 2222 3821 charissimis
2252 3763 2467 3819 sedibus
2496 3777 2629 3819 voce
2656 3763 2947 3819 miserabili
2976 3763 3237 3819 valeiccit.
3267 3764 3337 3819 Et
3378 3764 3479 3819 ali-

1890 3866 2019 3927 quot
2047 3858 2280 3913 millibus
2300 3866 2447 3912 tanta
2474 3857 2567 3913 illa
2596 3857 2879 3913 multitudo
2909 3873 3212 3929 progressa,
3255 3874 3363 3915 uno
3394 3868 3474 3915 ta-

1889 3966 2012 4006 men
2040 3949 2157 4005 loco
2186 3948 2471 4005 fundendis
2500 3950 2566 4004 ad
2586 3950 2753 4005 Deum
2776 3950 3104 4007 orationibus
3127 3961 3469 4023 congregata,

1892 4059 2145 4115 magnum
2170 4041 2373 4098 fumum
2401 4041 2579 4098 subito
2602 4042 2754 4109 vidit,
2787 4053 2841 4098 et
2867 4058 3053 4100 vocem
3080 4060 3326 4116 magnam
3350 4046 3477 4100 emi-

1890 4140 1961 4193 sit
1993 4138 2059 4191 ad
2087 4138 2251 4191 Deum
2286 4153 2299 4189 :
2344 4134 2666 4205 tandemque
2718 4136 3096 4206 tranquillitate
3146 4144 3433 4207 conspecta
3460 4180 3476 4205 ,

1893 4230 2069 4285 missis
2094 4228 2185 4299 qui
2211 4226 2599 4291 renuntiarent,
2633 4227 2857 4283 sollicita
2884 4243 3002 4299 qua:
3023 4227 3274 4298 praedicta
3304 4227 3481 4284 fuerat

1893 4324 2023 4379 hora
2054 4330 2339 4388 transacta,
2365 4328 2419 4375 et
2438 4320 2865 4375 renuutiautihus
2884 4321 3025 4390 quod
3052 4321 3197 4375 salva
3228 4321 3476 4377 universa

1893 4417 2091 4473 mmuia
2113 4423 2167 4471 et
2192 4423 2328 4469 tecta
2350 4412 2727 4480 consisterent,
2760 4427 2949 4467 omnes
2977 4428 3099 4467 cum
3129 4412 3327 4483 ingenti
3353 4428 3477 4495 grav-

1893 4509 2152 4565 tulatione
2200 4506 2495 4562 redierunt.
2528 4504 2695 4561 Nemo
2735 4504 2802 4560 de
2851 4505 3010 4560 domo
3054 4521 3147 4560 sua
3187 4505 3475 4577 quidquam

1892 4599 2157 4673 perdidit,
2191 4605 2461 4669 patentem
2501 4597 2676 4652 omnis
2708 4596 2868 4651 homo
2909 4596 3047 4652 sicut
3091 4597 3292 4652 dimisit
3320 4596 3470 4653 inve-

1892 4696 1972 4750 nit
1993 4691 2092 4765 (a).

1965 4786 2188 4843 CAPUT
2218 4785 2327 4841 VII.
2358 4815 2429 4827 -——
2454 4784 2507 4841 8.
2536 4782 2603 4839 Ut
2633 4781 3096 4851 Constantinopolis
3138 4783 3209 4837 ita
3231 4792 3278 4837 et
3315 4783 3482 4839 Roma

1894 4897 1926 4934 a
1952 4878 2058 4933 Deo
2097 4886 2323 4948 correpta
2374 4876 2540 4946 potius
2581 4892 2733 4948 quam
2767 4875 2981 4945 perdita.
3012 4874 3148 4942 Quid
3202 4874 3481 4931 dicemus?

1895 4971 2085 5027 Utrum
2118 4971 2217 5025 ista
2242 4969 2318 5023 ira
2350 4969 2547 5033 Dei,an
2580 4968 2751 5037 potius
2789 4967 3152 5023 misericordia
3201 4967 3483 5035 fuit?Quis

1895 5065 2099 5121 dubitet
2125 5062 2677 5118 misericordissimum
2707 5068 2909 5131 patrem
2930 5062 3197 5132 corrigere
3225 5061 3483 5130 voluisse,

1897 5167 1950 5212 et
1976 5154 2244 5219 terrendo,
2278 5169 2385 5208 non
2431 5152 2701 5224 perdeudo
2736 5153 2942 5224 punire,
2971 5152 3183 5223 quando
3219 5152 3351 5207 nihil
3381 5153 3481 5206 ho-
3556 5218 3559 5223 η

1897 5249 2123 5314 minum,
2155 5247 2286 5301 nihil
2315 5246 2612 5314 domorum,
2650 5244 2781 5299 nihil
2811 5244 3065 5299 moenium
3107 5251 3250 5298 tanta
3281 5244 3485 5314 impeno
3550 5262 3567 5301 2

1899 5340 2032 5396 dens
2070 5353 2310 5410 prtesens
2348 5337 2621 5391 calamitas
2650 5338 2669 5367 ²
2697 5334 2871 5391 11ῑεὶιῖ
2894 5336 3118 5391 Prorsus
3147 5335 3283 5391 sicut
3308 5336 3486 5392 solent

1899 5447 2087 5488 manus
2117 5431 2248 5500 erigi
2278 5429 2343 5485 ad
2363 5428 3104 5493 feriendum,ctconsternato
3148 5427 3237 5483 illo
3274 5428 3364 5496 qui
3406 5426 3486 5479 fe-
3553 5426 3567 5467 3

1968 5657 1984 5720 ξ
2024 5654 2159 5720 Editi,
2183 5649 2364 5715 ingens.
2389 5650 2559 5720 Melius
2589 5658 2672 5720 bis.
2697 5647 3002 5720 Mich.,'ignis

1965 5685 1987 5749 ὲ
2019 5685 2364 5765 ἕῖῆῧὲιῗῖἷκὶέζ
2393 5685 3227 5775 ἵζ’ἒῗῆιὶῖῗρνῖἔᾶἑίιῗὶῦιὶιηίιαιεδ.

1966 5778 2039 5839 (ιι)
2088 5776 2405 5839 Mcminerunt
2450 5772 2748 5839 Marcellinus
2793 5782 2843 5823 et
2887 5780 3087 5839 Prostier
3134 5774 3183 5822 in
3226 5772 3395 5839 Chron.
3440 5780 3491 5823 et

1904 5834 2074 5894 Paulus
2099 5838 2342 5901 diaconus,
2363 5838 2444 5888 lib.
2472 5838 2545 5889 15.
2575 5835 2737 5890 nefert
2763 5834 3068 5891 Baronius‘ad
3089 5834 3400 5889 annum'596.

3551 5397 3565 5443 ι
