3904 6362
210 301 295 363 7'51
1349 302 1688 363 DIALOGUS
1726 302 2195 373 QUAESTIONUM
2235 306 2399 367 LXV.

216 418 370 492 Quod
390 416 438 475 si
456 413 717 492 disisset,
733 415 1091 492 Necessitaie
1109 434 1137 492 ;7
1153 417 1468 489 sequebatur
1490 420 1631 475 illum
1654 436 1814 492 gran-

230 490 320 551 dis
339 490 651 549 absurditas.
679 490 749 547 Si
790 500 996 556 autem,
1043 490 1355 555 Voluntate;
1398 490 1819 560 respondebatur

233 567 329 631 illi,
353 564 491 635 Ergo
517 563 825 635 voluntate,
844 572 931 618 est
957 563 1109 626 Deus,
1160 577 1264 635 non
1314 571 1498 635 natura
1526 580 1537 616 :
1562 572 1616 617 et
1656 563 1727 635 ita
1764 564 1817 617 in

225 633 471 706 laqueum
497 650 667 705 quem
688 634 909 689 volebat
930 647 1141 703 ponere,
1176 633 1289 703 ipse
1317 633 1526 700 incidit;
1554 642 1607 689 et
1633 633 1819 689 videns

216 723 278 763 se
303 707 650 772 convictum,
683 706 974 761 obmutuit.
1444 720 1447 725 λ

284 779 516 844 Qussr.
574 777 715 832 VIII.
770 774 1049 843 Quomodo
1097 773 1224 828 illud
1275 775 1670 846 intelligendum
1714 783 1816 842 est,

218 851 361 919 quod
392 850 622 919 legitur,
657 848 803 903 Sicut
834 846 988 900 Pater
1011 846 1162 919 vitam
1188 846 1330 919 habet
1358 848 1409 900 in
1433 850 1718 919 semetipso,
1748 848 1819 919 sic

222 916 358 975 dedit
381 932 431 974 et
454 916 612 973 Filio
639 920 824 973 habere
867 919 1017 971 vitam
1040 918 1091 970 in
1123 917 1387 985 semetipso
1416 916 1590 989 (Joan.
1609 916 1676 986 'v,
1705 916 1823 988 26)?

158 1016 161 1019 η
283 994 453 1047 Raso.
498 989 725 1048 Scimus
748 988 940 1044 Filium
962 989 1054 1042 Dei
1082 1004 1111 1042 a
1132 988 1545 1059 semetipso'non
1568 1003 1707 1056 esse,
1726 989 1819 1044 sed

213 1079 239 1117 a
265 1064 434 1118 Patre
467 1063 718 1132 genitum
738 1075 890 1125 esse;
914 1059 1124 1132 Patrem
1151 1074 1346 1132 vero__a
1388 1060 1536 1132 nullo
1582 1061 1819 1132 genitum

212 1149 345 1195 esse.
381 1150 417 1188 a
449 1130 614 1188 nullo
642 1134 806 1187 vitam
848 1131 1135 1200 accepisse.
1188 1130 1341 1185 Dedit
1389 1130 1547 1185 Pater
1572 1131 1710 1186 Filio
1735 1132 1817 1184 vi-

212 1214 309 1259 tam
326 1204 628 1275 gignendo
655 1222 668 1257 :
694 1218 799 1257 non
827 1202 967 1271 quod
996 1203 1141 1275 prius
1168 1200 1329 1255 fuerit
1357 1201 1521 1275 Filius
1547 1204 1662 1257 sine
1693 1204 1818 1269 vita,

208 1287 247 1332 ct
275 1273 487 1347 postea
514 1275 795 1347 acceperit
823 1274 1014 1338 vitam;
1059 1273 1196 1327 sicut
1237 1287 1336 1347 nos
1375 1273 1597 1347 qui‘per
1633 1289 1822 1347 pecca-

209 1343 313 1402 tum
347 1343 872 1409 amisimus'vitam,
906 1353 961 1398 et
1010 1359 1102 1413 per
1146 1343 1370 1413 gratiam
1412 1343 1701 1399 Salvatoris
1732 1360 1820 1397 re-

210 1420 487 1488 cipimus:
520 1416 624 1472 sed
674 1415 794 1471 ideo
840 1415 1053 1481 dicitur,
1099 1415 1315 1488 Accepit
1356 1414 1690 1488 vitam,_qn_ia
1718 1431 1823 1488 non

206 1486 277 1545 est
307 1506 341 1543 a
376 1505 446 1545 se
475 1491 607 1559 ipso
635 1488 875 1559 genitus;
917 1500 1020 1540 non
1044 1486 1187 1540 enim
1213 1486 1491 1541 existendo
1530 1486 1694 1552 dedit,
1729 1486 1824 1541 sed

228 1560 509 1615 irmendo.

202 1575 521 1699 8,ςὸξὲἛέ
570 1628 665 1683 IX.
704 1628 965 1697 Quoniam
990 1635 1041 1683 et
1066 1628 1273 1699 ratione
1296 1636 1349 1683 et
1365 1628 1681 1684 testimoniis
1700 1644 1821 1698 per-

200 1698 439 1760 suasisti
463 1700 606 1757 mihi
631 1700 702 1756 de
729 1699 1058 1769 subiectione
1081 1698 1220 1765 Filii,
1249 1699 1394 1770 quod
1415 1714 1519 1755 non
1539 1700 1607 1753 sit
1627 1714 1823 1755 secun-

200 1775 332 1830 dum
372 1772 751 1829 substantiam
780 1773 975 1835 minor,
1004 1770 1097 1826 sed
1123 1771 1414 1825 secundum
1438 1772 1659 1825 formam
1686 1772 1825 1825 servi

199 1862 374 1916 quam
404 1845 741 1916 assumpsit;
777 1843 897 1897 ideo
924 1857 1103 1916 quan-0
1132 1842 1255 1916 quid
1284 1842 1349 1916 de
1378 1842 1629 1916 missione
1651 1841 1822 1910 Spiri-

200 1912 295 1971 tus
319 1917 514 1971 sancti
544 1915 744 1969 sentias
770 1933 782 1967 :
805 1913 1057 1982 numquid
1086 1922 1139 1967 et
1165 1914 1278 1984 ipse
1306 1912 1576 1968 hominem
1619 1926 1822 1967 assum.

203 1989 357 2058 psit,
390 1996 456 2041 ut
485 1987 683 2042 missus
705 2000 823 2040 esse
844 1984 1083 2058 dicatur?

296 2059 485 2113 Raso.
528 2058 674 2111 Sicut
693 2071 788 2111 nec
814 2055 1104 2109 secundum
1128 2054 1472 2111 substantiam
1498 2054 1709 2120 dicitur,
1731 2070 1825 2111 seu

219 2129 476 2193 missus,
503 2143 600 2183 seu
636 2127 794 2181 minor
830 2126 1026 2191 Filius;
1070 2128 1139 2181 ita
1176 2141 1274 2180 nec
1316 2127 1542 2197 Spiritus
1586 2136 1821 2182 sanctus.

222 2200 544 2255 Postremo
572 2198 702 2254 sicut
724 2199 800 2252 ille
837 2206 1055 2268 propter
1084 2197 1351 2252 hominem
1382 2198 1557 2253 minor
1580 2206 1670 2252 aut
1696 2198 1825 2251 mis-

222 2284 372 2336 sus;
403 2272 477 2323 ita
521 2271 620 2324 istc
656 2277 856 2340 propter
886 2269 1184 2323 columbam
1215 2269 1297 2324 vel
1325 2270 1500 2339 ignem
1527 2268 1720 2323 missus
1748 2268 1827 2322 di-

218 2343 385 2397 citur
405 2340 623 2411 (Halm.
654 2356 727 2406 Ill,
760 2340 849 2406 16,
876 2348 920 2393 et
962 2340 1075 2394 Act.
1104 2356 1160 2404 ιι,
1186 2340 1244 2409 2)
1271 2356 1283 2393 :
1315 2341 1536 2405 scilicet,
1566 2340 1686 2409 quia
1716 2356 1821 2411 non

211 2413 273 2467 in
308 2429 380 2468 ea
410 2410 707 2467 Substantia
734 2427 833 2480 qua
855 2421 937 2466 est
962 2412 1179 2481 mqualis
1202 2411 1360 2475 Patri,
1398 2412 1674 2481 apparuit;
1708 2410 1822 2478 sed,

207 2495 275 2538 ut
329 2484 546 2538 dictum
592 2492 695 2549 est,
728 2498 823 2552 per
858 2481 1149 2551 subiectam
1189 2491 1509 2537 creaturam.
1540 2481 1656 2536 Non
1682 2483 1825 2536 enim

210 2557 367 2609 sicut
396 2554 441 2608 F
445 2554 573 2608 ilius
622 2554 890 2608 hominem
930 2552 1236 2622 assumpsit,
1268 2564 1327 2607 ut
1366 2554 1444 2607 sic
1482 2554 1533 2606 in
1570 2562 1825 2607 :elcrnum

211 2624 673 2697 permaneat.rsic
699 2624 924 2694 Spiritus
937 2634 1151 2697 sanctus
1177 2624 1474 2697 columbam
1500 2624 1582 2678 vel
1610 2624 1823 2697 ignem:

211 2694 315 2752 sed
342 2697 509 2752 facta:
532 2696 641 2751 illa:
660 2697 895 2751 visiones
919 2695 986 2751 de
1006 2704 1247 2751 creatura
1270 2695 1541 2762 inferiore,
1571 2694 1635 2748 ad
1661 2696 1829 2750 mani-

215 2768 539 2823 festandum
566 2768 823 2837 Spiritum
854 2776 1114 2833 sanctum,
1140 2782 1257 2821 esse
1278 2777 1461 2837 postea
1488 2766 1823 2822 destiterunt.

216 2839 537 2908 Numquam
569 2841 715 2893 enim
754 2838 843 2891 illa
875 2837 1427 2908 incomprehensibilis
1452 2837 1826 2893 immutabilis-

224 2856 309 2895 nu
405 2856 537 2894 nam
569 2856 715 2893 emm
754 2856 843 2891 ma
875 2856 1427 2908 mcomprenensmms
1452 2856 1826 2893 immutabilis-

224 2856 645 2980 qumiviuitas,
677 2925 795 2979 qua:
815 2918 897 2964 est
922 2908 1153 2963 Trinitas
1182 2909 1346 2973 Deus,
1371 2910 1438 2963 ab
1458 2908 1622 2980 oculis
1643 2920 1829 2963 carna-

222 2979 370 3037 libus
391 2981 566 3037 videri
598 2990 796 3052 potest,
829 2980 955 3048 nisi,
984 2989 1041 3035 ut
1062 2980 1257 3035 dictum
1285 2988 1386 3048 est,
1416 2994 1511 3050 per
1534 2979 1827 3049 subjectam

218 3062 558 3109 creaturam.

298 3125 533 3192 Qun'r.
575 3123 651 3179 Χ.
674 3122 837 3180 Filius
866 3132 1042 3178 autem
1073 3123 1165 3178 Dei
1190 3122 1456 3194 quomodo
1481 3122 1550 3177 sit
1578 3120 1645 3176 de
1672 3121 1829 3178 Patre

228 3205 417 3259 nauis,
443 3194 681 3264 Spiritus
699 3211 828 3251 vero
847 3203 1060 3250 sanctus
1076 3194 1142 3248 ab
1158 3205 1382 3265 utroque
1402 3194 1718 3265 procedens,
1736 3194 1828 3249 de-

232 3267 477 3322 elarasti.
504 3267 737 3337 Ideoque
759 3282 941 3337 qnzcro
980 3265 1105 3336 quid
1136 3264 1309 3321 distat
1332 3267 1471 3321 inter
1498 3264 1827 3321 nativitatem

223 3337 379 3405 Filii,
410 3348 469 3393 et
498 3338 899 3408 processionem
924 3337 1152 3407 Spiritus
1174 3338 1362 3392 sancti.

300 3410 478 3465 Resp.
523 3409 693 3465 Filius
721 3421 896 3464 autem
929 3409 1090 3463 solius
1119 3419 1201 3463 est
1230 3409 1421 3472 Patris,
1458 3423 1561 3463 non
1601 3408 1827 3478 Spiritus

223 3491 491 3546 sanctus;
533 3481 812 3535 amborum
855 3479 1089 3549 spiritus,
1135 3479 1185 3534 id
1232 3486 1333 3543 est,
1383 3480 1557 3534 Patris
1594 3488 1648 3536 et
1687 3478 1825 3534 Filii.

235 3552 404 3619 Quod
428 3554 473 3605 si
500 3551 727 3621 Spiritus
753 3560 966 3606 sanctus
994 3550 1131 3605 ﬁlius
1157 3565 1278 3606 esse
1304 3551 1571 3605 diceretur
1603 3570 1615 3605 :
1650 3550 1825 3605 nullus

236 3633 435 3676 autem
464 3622 595 3676 filius
624 3632 705 3678 est
750 3622 850 3677 nisi
894 3622 1138 3687 duorum,
1173 3622 1336 3688 patris
1370 3630 1424 3676 et
1452 3623 1655 3688 matris,
1688 3622 1828 3688 quod

230 3692 392 3748 absit
419 3702 481 3747 ut
508 3693 637 3748 inter
660 3694 828 3749 Deum
852 3692 1062 3748 Patrem
1083 3701 1137 3748 et
1162 3692 1353 3747 Filium
1388 3693 1490 3747 tale
1518 3692 1717 3763 aliquid
1736 3707 1828 3747 su-

224 3766 522 3836 spicemur
542 3783 555 3818 :
578 3764 701 3836 quia
728 3779 826 3820 nec
857 3764 994 3836 filius
1018 3764 1247 3819 hominis
1270 3765 1428 3836 simul
1453 3779 1520 3819 ex
1546 3776 1695 3835 patre
1716 3779 1832 3834 pro-

225 3835 403 3903 cedit,
443 3844 503 3891 et
540 3835 608 3892 ex
636 3843 840 3900 matre;
870 3835 992 3905 quia
1018 3850 1137 3890 cum
1167 3835 1407 3905 procedit
1432 3850 1495 3890 ex
1524 3845 1693 3904 patre,
1725 3851 1827 3888 non

229 3916 367 3962 tunc
400 3907 649 3976 procedit
671 3922 738 3962 ex
766 3915 954 3973 matre,
994 3915 1048 3961 et
1074 3922 1193 3961 cum
1222 3906 1462 3977 procedit
1486 3922 1552 3960 ex
1581 3916 1748 3960 matre
1777 3906 1830 3961 in

232 3978 343 4033 hac
372 3978 518 4044 luce,
546 3993 656 4033 non
684 3987 810 4033 tunc
852 3977 1092 4047 procedit
1133 3993 1196 4032 ex
1224 3976 1409 4047 patre.
1441 3976 1666 4047 Spiritus
1705 3992 1832 4031 vero

238 4059 461 4104 sanctus
491 4066 601 4104 non
641 4049 710 4104 de
747 4048 904 4104 Patre
927 4047 1166 4119 procedit
1194 4048 1247 4101 in
1277 4048 1490 4115 Filium,
1520 4048 1669 4119 etde
1697 4048 1832 4103 Filio

242 4120 489 4188 procedit
525 4120 594 4175 ad
621 4118 1051 4175 sanetiﬂcandam
1081 4130 1398 4186 creaturam,
1436 4118 1532 4175 sed
1578 4120 1736 4175 simul
1764 4119 1833 4175 de

247 4201 479 4261 utroque
508 4192 770 4261 procedit.

319 4264 537 4329 Qum.
578 4261 674 4317 XI.
715 4262 991 4331 Quomodo
1018 4261 1417 4333 intelligendum
1443 4272 1524 4317 est
1541 4261 1668 4318 illud
1689 4261 1833 4332 quod

252 4330 485 4404 Ioannes
509 4334 837 4404 evangelista
859 4334 925 4404 de
950 4334 1148 4404 Spiritu
1176 4330 1361 4388 sancto
1388 4334 1535 4398 dicit,
1556 4330 1833 4403 quod—non

254 4402 500 4474 loquetur
523 4420 552 4458 a
576 4402 885 4475 semetipso.
907 4402 1155 4461 Sic—enim
1177 4406 1280 4459 ait:
1308 4404 1429 4459 Non
1450 4402 1583 4459 enini
1608 4404 1835 4474 loquetur

266 4490 299 4525 α
337 4478 627 4547 sanctipso;
672 4476 761 4531 sed
799 4492 1120 4547 qutt’cumque
1153 4476 1341 4544 audiet,
1382 4476 1610 4547 loquetur
1655 4475 1833 4548 (Joan.

270 4558 379 4609 XVI,
398 4548 500 4609 I3).

340 4548 500 4673 $5312..
526 4618 644 4675 Non
674 4619 921 4691 loquetur
965 4635 993 4677 a
1033 4621 1339 4690 semetipso,
1392 4618 1667 4691 quianon
1698 4626 1780 4691 est
1807 4633 1836 4671 a

273 4692 562 4759 sanetipso.
597 4688 763 4746 Pater
780 4690 923 4745 enim
944 4706 973 4745 a
1000 4692 1143 4746 nullo
1168 4688 1249 4747 est
1271 4688 1457 4756 natus;
1487 4688 1652 4744 Filius
1676 4705 1705 4743 a
1734 4689 1837 4743 Pa-

277 4766 360 4832 tre
376 4771 452 4815 cst
474 4762 715 4831 genitus;
742 4760 972 4832 Spiritus
991 4771 1205 4818 sanctus
1230 4778 1258 4816 a
1286 4762 1444 4816 Patre
1474 4770 1526 4816 et
1556 4761 1691 4815 Filio
1712 4774 1839 4830 pro-

276 4830 632 4887 cedensildeo
661 4848 766 4887 non
787 4830 1028 4903 loquitur
1048 4849 1078 4888 a
1104 4833 1424 4903 semetipso;
1455 4832 1547 4886 sed
1575 4847 1841 4902 quaacum-

276 4914 369 4969 que
394 4903 555 4968 audit,
582 4904 1061 4975 loquiturtAudire
1091 4904 1168 4958 illi
1204 4918 1323 4959 esse
1349 4912 1461 4969 est;
1502 4918 1623 4958 esse
1660 4913 1837 4975 autem

274 4985 303 5025 a
327 4988 380 5054 se
407 4990 510 5030 non
536 4973 763 5042 est,'sed
784 4989 815 5030 a
844 4974 1034 5031 Patre:
1056 4975 1175 5031 ideo
1195 4989 1545 5047 quazcumque
1571 4974 1737 5041 audit,
1763 4975 1841 5029 lo-

274 5053 458 5112 quitur.

385 5132 550 5173 ussr.
592 5115 710 5172 XII.
750 5116 885 5185 Quid
915 5126 1000 5189 est
1026 5118 1167 5188 quod
1198 5118 1324 5174 dicit
1343 5117 1616 5189 apostolus
1644 5117 1839 5172 Paulus

272 5184 332 5239 ad
356 5184 619 5243 Romanos
647 5184 885 5244 scribens
899 5207 917 5261 7:
944 5184 1087 5243 Nam
1114 5190 1233 5261 quid
1256 5184 1686 5261 orenius,ginquit,
1714 5190 1840 5242 sicut

274 5268 473 5332 oportet,
506 5260 906 5332 nescimustsed
934 5258 1292 5332 ipseSpiritus
1320 5258 1540 5332 postulat
1574 5258 1673 5331 'pro
1702 5261 1841 5332 nobis

271 5331 518 5395 gemitibus
555 5330 993 5387 inenarrabilibus.
1030 5330 1128 5399 Qui
1164 5330 1336 5386 autem
1378 5330 1628 5384 scrutatur
1663 5330 1837 5398 corda,

272 5401 495 5473 scitquid
521 5402 769 5457 desideret
794 5402 1061 5473 Spiritus;
1097 5403 1215 5473 quia
1241 5402 1515 5473 secundum
1542 5400 1705 5454 Deum
1750 5418 1843 5472 po-

273 5471 413 5544 stulat
441 5490 535 5544 pro
568 5473 758 5544 sanctis
782 5471 957 5544 (Rom.
984 5471 1220 5544 “11,26,
1246 5472 1373 5544 2'7)?

336 5542 491 5600 nm.
534 5543 722 5599 Modus
747 5542 852 5614 istc
874 5544 1155 5599 locutionis
1181 5542 1487 5614 frequenter
1515 5544 1566 5599 in
1598 5543 1839 5613 Scriptu-

274 5612 338 5669 ris
357 5616 554 5671 sanctis
578 5613 867 5681 invenitur,
892 5614 1027 5671 sicut
1048 5616 1175 5670 dicit
1195 5612 1450 5671 Dominus
1464 5614 1530 5670 ad
1549 5612 1837 5682 Abraham,

274 5682 416 5740 Nunc
439 5686 655 5758 cognovi
680 5684 819 5758 quod
848 5686 1023 5760 timeas
1050 5685 1384 5760 Deum;(Geni.
1423 5703 1561 5760 ιιιιι2
1588 5685 1677 5758 12)
1695 5687 1840 5760 ;_hoc

272 5766 365 5825 est,
399 5756 733 5831 cognoscere
778 5763 833 5811 te
862 5758 965 5831 feci
985 5776 999 5814 :
1021 5758 1159 5814 sicut
1184 5756 1327 5831 dicit,
1347 5756 1665 5831 Apostolus,
1688 5756 1842 5812 Nunc

3414 318 3522 383 738

1933 423 2009 508 ρ).
2042 424 2265 508 Semper
2302 425 2480 508 omnia
2504 425 2555 481 in
2581 428 2861 508 praesentia
2892 429 2995 508 Dei
3029 440 3193 508 sunt;
3222 442 3507 508 antequam

1930 496 2080 579 ﬁant,
2110 498 2390 579 prmsentia
2416 496 2645 564 sunt;'et
2686 500 2867 579 futura
2886 503 2994 572 jam
3021 504 3159 579 facta
3180 496 3340 563 sunt:
3364 496 3505 579 quo-

1930 566 2089 620 modo
2118 582 2256 622 nunc
2282 568 2509 643 dicimur
2552 572 2746 643 cogniti
2776 589 2806 628 a
2838 566 2965 643 Deo,
2996 578 3095 631 nisi
3127 577 3352 633 faciente
3387 566 3509 635 'Deo

1929 643 1988 689 ut
2022 651 2402 719 cognoscamus
2432 641 2594 695 Deum
2612 642 2746 719 {Sic
2767 654 2839 719 et
2867 641 2960 700 hic
2992 649 3241 704 scribitur
3282 649 3509 719 Spiritus

1930 716 2142 788 sanctus
2177 725 2392 788 gemere
2435 727 2531 788 pro
2562 713 2732 788 nobis,
2766 716 2949 788 idest,
2980 729 3256 788 gementes
3288 713 3383 775 nos
3428 722 3511 776 fa-

1929 793 2071 834 cere.
2123 779 2355 835 Infundit
2397 779 2538 837 enim
2584 784 2737 839 nobis
2785 779 3097 843 charitavtem
3150 791 3199 844 in
3249 792 3411 847 Deum
3457 801 3512 848 et

1929 852 2253 929 proximum.
2288 852 2432 929 Sicut
2458 854 2833 929 d‘icitur_l:etus
2858 856 2994 925 dies,
3018 861 3157 929 quod
3178 863 3329 916 laztos
3350 863 3508 920 facit:

1928 929 2018 1003 aut
2048 922 2231 1003 tristis,
2271 924 2408 1003 quod
2438 925 2614 1003 tristes
2654 926 2922 1003 facit;_au_t
2949 922 3066 1003 licia
3094 932 3338 1003 epistola,
3367 934 3509 1003 quod

1930 991 2081 1047 laetos
2112 994 2234 1071 facit
2255 1011 2266 1048 :
2289 991 2368 1048 ita
2391 1004 2443 1049 et
2463 995 2549 1051 hic
2574 991 2997 1071 gemercdicitur
3018 991 3247 1071 Spiritus
3268 991 3505 1070 sanctus,

1929 1076 1996 1118 eo
2018 1064 2161 1135 quod
2188 1079 2284 1119 nos
2308 1064 2597 1135 gementes
2616 1068 2757 1124 facit.

1989 1134 2216 1217 ’ρας-δι’.
2258 1136 2396 1190 XIII.
2437 1136 2567 1192 Cum
2595 1140 2762 1195 Judaei
2811 1142 3018 1217 signum
3063 1152 3307 1217 peterent
3344 1159 3373 1198 a
3402 1145 3510 1199 Do-

1930 1206 2074 1289 mino
2103 1205 2381 1289 Salvatore
2406 1220 2606 1289 nostro,
2638 1205 2911 1289 respondit
2940 1215 3040 1268 illis
3062 1205 3081 1269 :-
3101 1214 3374 1289 (Generatio
3403 1218 3510 1270 lucc

1930 1276 2400 1356 adultera_siguum
2425 1283 2623 1356 quierit,
2647 1294 2694 1356 et
2714 1276 2913 1354 signum
2950 1302 3048 1356 non
3076 1286 3276 1339 dabitur
3314 1287 3381 1350 ei,
3412 1289 3511 1341 nisi

1929 1347 2131 1426 signant
2157 1347 2306 1426 Joiiai
2331 1347 2616 1426 prophetia.
2635 1347 2779 1407 Sicul
2796 1357 2927 1409 enim
2949 1355 3110 1411 Jonas
3132 1358 3227 1426 fuit
3262 1358 3314 1411 in
3338 1347 3509 1413 ventre

1929 1419 2022 1499 ceti
2033 1419 2191 1499 tribus
2207 1420 2381 1499 diebus
2403 1431 2448 1475 et
2468 1424 2890 1499 trilmsuoctibus,
2906 1428 2978 1479 ita
2996 1429 3087 1481 erit
3104 1419 3149 1482 el
3171 1426 3216 1480 F
3216 1428 3339 1499 ilius
3349 1429 3506 1499 (tantis

1928 1492 2007 1542 nis
2026 1492 2415 1569 ilicordeterrw
2432 1494 2586 1569 triims
2613 1496 2785 1550 diebus
2804 1506 2849 1550 et
2866 1498 3021 1553 tribus
3042 1499 3266 1552 noctibus
3292 1498 3505 1569 (Matth.

1933 1574 2030 1645 atii,
2065 1561 2285 1645 59,.49).
2318 1564 2564 1645 Approba
2602 1581 2727 1636 ergo
2750 1569 3023 1645 quomodo
3050 1561 3331 1645 in_infcrno
3353 1570 3513 1645 fuerit

1930 1631 2099 1704 gribus
2124 1632 2328 1697 diebus,
2359 1631 2418 1688 et
2434 1635 2599 1690 tribus
2622 1631 2885 1704 noctibus,
2914 1655 3036 1694 cum
3066 1640 3152 1694 die
3192 1649 3340 1695 sexta
3370 1642 3499 1695 sab-

1929 1699 2036 1785 bati
2059 1718 2175 1785 qua:
2196 1712 2626 1785 est-parasceve,
2646 1711 2773 1762 hora
2806 1699 2943 1764 nona
2974 1711 3211 1785 emiserit
3236 1712 3501 1785 spiritum,

1930 1780 1982 1826 et
2011 1776 2192 1849 prima
2226 1776 2428 1849 sa_bbati
2459 1785 2582 1833 ante
2613 1779 2785 1835 lucem
2814 1797 2931 1849 qua:
2974 1790 3057 1835 est
3103 1776 3392 1844 Dominica,
3422 1776 3508 1837 te-

1928 1847 2237 1968 surqexerit.
2267 1845 2407 1903 Ecce
2434 1863 2542 1903 non
2569 1861 2694 1905 sunt
2738 1845 2845 1906 tres
2887 1851 3001 1907 dies
3041 1851 3202 1923 pleni,
3253 1867 3350 1908 nec
3400 1862 3509 1908 tres

1929 1929 2030 1968 noc
2058 1931 2135 1968 es.

1929 1929 2135 1971 ηοειρε.

2000 1985 2160 2064 Resp.
2202 1988 2417 2059 Antiqui
2442 1998 2621 2061 patres
2655 1993 2822 2047 nostri
2858 1994 2958 2048 hoc
2984 2003 3286 2061 senserunt,
3316 2002 3375 2049 ut
3399 1994 3511 2064 pri-

1928 2070 2016 2110 ma
2045 2057 2159 2114 dies
2175 2057 2416 2134 quaeest
2444 2057 2741 2132 'parasceve
2763 2079 2792 2117 a
2819 2074 2969 2134 parte
2995 2066 3204 2132 ultima,
3234 2057 3289 2120 et
3321 2057 3505 2121 ultima

1929 2142 2047 2209 quas
2073 2138 2155 2209 est
2175 2129 2511 2187 Dominica'a
2553 2144 2701 2209 parte
2739 2129 2930 2209 prima,
2963 2129 3237 2209 tota_cnm_
3264 2137 3511 2191 noctibus

1930 2200 2040 2253 suis
2066 2200 2256 2255 debeat
2284 2200 2579 2277 computari
2618 2223 2633 2258 :
2680 2200 2759 2259 et'
2770 2207 2843 2277 ita
2884 2206 3276 2260 denominando
3300 2222 3330 2261 a
3361 2216 3513 2277 parte

1931 2277 2121 2338 totum,
2162 2280 2269 2345 tres
2316 2272 2428 2328 dies
2457 2274 2913 2341 fuerunt;ultima
2964 2291 3085 2345 pars
3134 2277 3279 2331 ferire
3324 2272 3507 2344 sextae,

1932 2350 2108 2467 lollllilll)
2133 2344 2429 2410 sabbatum,
2462 2353 2517 2401 et
2558 2348 2727 2416 prima
2759 2362 2880 2417 pars
2924 2344 3219 2403 Dominicze
3248 2362 3368 2403 cum
3400 2347 3511 2403 suis

1932 2427 2030 2467 noc
2060 2430 2070 2465 ι
2116 2430 2197 2467 us.

1930 2423 2197 2467 IIOCllDlIS.

2002 2483 2216 2557 Qussr.
2252 2484 2408 2557 XIV.
2472 2486 2603 2543 Cum
2648 2490 2983 2557 repromittat
3030 2489 3283 2544 Dominus
3328 2499 3509 2547 noster

1930 2554 2085 2631 Iesus
2132 2556 2379 2631 Christus
2420 2561 2625 2631 sanctis
2654 2554 2793 2629 quod
2822 2561 2872 2614 in
2904 2562 3295 2615 resurrectione
3337 2561 3512 2631 fulge-

1931 2627 2063 2681 bunt
2101 2628 2236 2701 sicut
2278 2631 2356 2683 sol
2387 2628 2494 2699 (Id.
2538 2627 2802 2701 xtra—43),
2834 2646 2997 2701 quare
3035 2632 3147 2701 ipse
3175 2627 3441 2688 Dominus
3459 2633 3514 2688 in

1931 2700 2321 2753 resurrectione
2349 2717 2443 2755 sua
2476 2702 2553 2756 sic
2583 2718 2687 2757 non
2715 2701 2895 2757 fulsit?

2004 2769 2163 2844 Rose.
2192 2769 2489 2844 Clarilicata
2510 2789 2670 2844 carne
2688 2776 2866 2844 utique
2883 2773 3204 2840 resurrexit;
3228 2773 3321 2829 sed
3345 2774 3515 2830 noluit

1932 2840 1985 2894 in
2012 2855 2071 2893 ca
2102 2840 2482 2915 clarificatione
2503 2840 2913 2913 discipulis—suis
2944 2860 3222 2915 apparere,
3252 2846 3372 2914 quia
3404 2862 3511 2900 non

1932 2919 2149 2981 possent
2165 2912 2331 2967 oculis
2348 2914 2456 2968 suis
2473 2915 2626 2969 talem
2642 2912 2940 2971 claritatem
2960 2912 3281 2985 pc‘rsriicere.
3296 2916 3348 2970 Si
3370 2918 3514 2971 enim

1931 2990 2215 3057 antequam
2241 2994 2537 3040 moreretur
2558 3001 2653 3054 pro
2674 2988 2829 3040 nobis
2850 2995 2903 3040 et
2933 2996 3255 3055 resurgeret,
3294 2988 3509 3057 quando

1934 3055 2336 3123 transfiguratus
2358 3066 2437 3110 est
2462 3056 2512 3131 in
2537 3066 2737 3131 monte,
2776 3058 3021 3131 discipuli
3059 3059 3142 3111 sui
3170 3073 3290 3131 eum
3312 3055 3513 3131 :vitierc

1931 3140 2039 3179 non
2070 3134 2373 3193 potuerunt,
2408 3126 2501 3180 sed
2534 3142 2640 3195 pra:
2671 3130 2860 3181 timore
2882 3126 2933 3181 in
2958 3138 3151 3181 terram
3179 3126 3507 3195 ceciderunt;

1932 3206 2130 3267 quanto
2156 3198 2343 3266 magis,
2399 3197 2684 3253 clariﬁcata
2719 3212 2879 3254 carne
2907 3198 3136 3266 Domini,
3176 3214 3293 3253 eam
3332 3200 3515 3255 videre

1931 3283 2037 3321 non
2060 3268 2384 3337 potuerunt?

2002 3339 2225 3411 Quissr.
2245 3338 2361 3393 XV.
2382 3339 2590 3395 Marcus
2636 3341 2957 3411 evangelista
3009 3347 3189 3411 narra;
3233 3339 3513 3396 Dominum

1932 3410 2062 3464 hora
2114 3410 2264 3492 tertia
2286 3410 2829 3492 _crucifixum_(_Mai-c.
2857 3426 2962 3492 xv,
3006 3410 3134 3492 25),
3163 3410 3515 3492 Joanncs_au-

1936 3491 2039 3536 tem
2071 3490 2216 3555 sexta
2246 3479 2426 3555 (Joan.
2453 3498 2541 3555 aut
2563 3524 2577 3551 ,
2612 3479 2837 3555 IlI-I8);
2870 3482 2955 3537 cui
2985 3479 3158 3551 potius
3187 3482 3511 3539 credendum

1932 3561 2015 3609 est
2040 3566 2104 3606 ex
2127 3552 2207 3605 his
2232 3553 2475 3607 duobus?

2004 3623 2166 3677 Ruso.
2215 3623 2281 3678 Et
2322 3624 2409 3679 ille
2438 3640 2618 3679 verum
2666 3624 2834 3691 dixit,
2883 3632 2937 3679 et
2961 3624 3048 3678 ille
3090 3623 3352 3678 similiter.
3382 3623 3514 3679 Nam

1934 3694 2066 3749 hora
2096 3694 2247 3749 tertia
2276 3696 2633 3750 clamaverunt
2667 3696 2834 3750 Pilato
2858 3695 3024 3750 ,ἰυᾱωί
3057 3713 3069 3749 :
3100 3695 3368 3765 Cruciﬁge,
3402 3712 3518 3748 cru-

1934 3768 2219 3838 ciﬁgecum
2255 3766 2401 3838 (Luc.
2433 3783 2601 3831 χχιιι,
2634 3768 2745 3838 21).
2778 3767 2965 3821 Milites
2994 3776 3169 3838 autem
3209 3765 3337 3838 hora
3367 3775 3517 3838 sexta

1934 3836 2311 3893 crucifixerunt
2353 3854 2496 3895 eum.
2547 3836 2712 3907 Igitur
2737 3838 2874 3906 quod
2924 3838 3000 3891 illi
3051 3837 3223 3907 lingua
3247 3876 3260 3900 ,
3300 3837 3400 3890 hoc
3430 3837 3517 3892 isti

1934 3908 2177 3964 manibus
2216 3908 2521 3964 cllcccrunt.
2571 3907 2647 3965 Ne
2675 3918 2852 3963 autem
2878 3909 3183 3964 viderentur
3210 3907 3377 3963 Judaei
3410 3922 3517 3965 non

1935 3979 2281 4051 crucifixisse
2311 3981 2625 4045 Dominum,
2673 3980 2793 4035 ideo
2822 3980 3142 4051 evangelista
3180 3979 3356 4051 posuit
3386 3979 3518 4035 hora

1936 4052 2088 4107 tertia
2113 4050 2421 4105 crucifixum
2453 4051 2730 4105 Dominum
2752 4092 2766 4117 ,
2792 4052 2911 4122 quia
2940 4050 3043 4105 non
3071 4058 3273 4104 tantum
3301 4050 3372 4122 illi
3397 4066 3520 4106 cru-

1936 4124 2220 4177 cifixerunt
2264 4122 2353 4192 qui
2401 4122 2755 4192 ministerium
2796 4121 3178 4192 impleverunt,
3224 4121 3317 4177 sed
3348 4132 3410 4192 et
3440 4122 3517 4176 illi

1937 4194 2028 4262 qui
2053 4191 2429 4246 clamaverunt.
2462 4191 2519 4245 In
2550 4192 2627 4246 eis
2654 4193 2793 4246 enim
2820 4191 3141 4261 completum
3169 4201 3251 4246 est
3276 4191 3417 4262 quod
3441 4193 3516 4246 ait

1938 4264 2385 4333 Psalmographus
2432 4279 2445 4314 :
2504 4262 2624 4315 Filii
2653 4262 2910 4317 hominum
2934 4303 2949 4328 ,
2973 4262 3143 4315 dentes
3169 4278 3343 4333 eorum
3376 4276 3519 4316 arma

1939 4344 1984 4389 et
2014 4332 2206 4402 sagitta:
2229 4373 2244 4399 ,
2266 4344 2312 4387 et
2334 4335 2506 4404 lingua
2535 4350 2710 4387 eorum
2737 4334 2989 4404 macltwra
3014 4332 3357 4404 acutaA(P_sal.
3387 4349 3471 4387 Lvt
3494 4373 3512 4399 ,

1938 4406 2018 4476 5).
2052 4404 2213 4459 Vidcs
2240 4402 2448 4474 qualem
2476 4406 2705 4476 gladium
2732 4403 3049 4471 habuerunt,
3082 4402 3221 4457 unde
3250 4402 3379 4457 hora
3407 4413 3518 4459 ter-

1940 4479 2008 4531 tia
2039 4477 2315 4530 Dominum
2343 4475 2666 4530 occiderunt.

2012 4548 2230 4613 Quasr.
2254 4546 2392 4600 XVI.
2433 4546 2563 4602 Cum
2595 4548 2732 4602 Deus
2756 4546 2935 4601 omnia
2962 4546 3096 4601 bona
3127 4545 3406 4609 creaverit,
3438 4544 3519 4600 ni-

1942 4619 2124 4688 hilque
2148 4620 2217 4671 sit
2238 4617 2375 4687 quod
2398 4633 2503 4672 non
2523 4618 2590 4673 ab
2606 4618 2697 4673 illo
2722 4616 2989 4673 conditum
3016 4618 3105 4682 sit,
3127 4616 3265 4672 unde
3290 4616 3521 4671 malum?

2013 4690 2173 4745 Ruso.
2198 4689 2388 4743 Malunt
2415 4698 2603 4744 natura
2626 4704 2729 4743 non
2756 4698 2872 4754 est;
2900 4688 2992 4743 sed
3020 4688 3243 4758 privatio
3269 4688 3391 4741 boni
3422 4689 3523 4744 hoc

1943 4776 2138 4817 nomen
2164 4762 2387 4831 accepit.
2420 4760 2658 4831 Denique
2686 4760 2884 4815 bonum
2916 4769 3091 4831 potest
3118 4774 3237 4814 esse
3262 4759 3376 4814 sine
3403 4774 3521 4813 ma-

1944 4835 1995 4889 lo
2016 4876 2029 4898 ,
2080 4834 2172 4888 sed
2203 4833 2398 4886 malum
2429 4848 2531 4886 non
2562 4830 2735 4902 potest
2765 4846 2885 4886 esse
2926 4832 3041 4886 sine
3072 4830 3211 4902 bono
3232 4871 3245 4896 ,
3280 4846 3377 4885 nec

1944 4913 2048 4960 test
2076 4918 2195 4959 esse
2236 4904 2433 4957 malum
2464 4900 2577 4957 ubi'
2597 4918 2700 4958 non
2734 4902 2893 4958 fuerit
2934 4902 3154 4957 bonum.
3186 4900 3263 4955 Ac
3291 4916 3389 4971 per
3420 4900 3523 4957 hoc

1944 4976 2166 5031 dicimus
2205 4982 2260 5029 et
2299 4975 2543 5045 angelum
2588 4975 2784 5030 bonum
2813 4982 2867 5028 et
2914 4974 3158 5045 angelum
3210 4974 3439 5045 malum,
3471 4981 3526 5029 et

1947 5048 2215 5102 hominem
2258 5043 2453 5100 bonum
2496 5054 2549 5100 et
2591 5045 2860 5099 hominem
2906 5043 3142 5099 malum:
3175 5043 3270 5099 sed
3327 5044 3526 5099 bonum

1945 5118 2084 5188 quod
2132 5116 2380 5187 angelus,
2430 5118 2627 5171 malum
2656 5117 2795 5187 quod
2841 5116 3095 5188 vitiosus;
3144 5116 3339 5188 bonum
3383 5115 3525 5188 quod

1946 5184 2140 5255 homo,
2174 5184 2370 5242 malum
2401 5188 2540 5257 quod
2585 5184 2827 5243 vitiosus.
2874 5186 3103 5257 Ideoque
3149 5184 3360 5256 quando
3389 5184 3525 5240 dici-

1944 5276 2064 5315 mus
2091 5261 2307 5326 bonum,
2332 5256 2570 5313 naturam
2600 5259 2903 5325 laudamus;
2936 5256 3147 5328 quando
3165 5257 3387 5311 dicimus
3410 5271 3526 5310 ma-

1944 5333 2055 5387 lum
2076 5374 2089 5397 ,
2122 5346 2225 5385 non
2268 5340 2509 5385 naturam
2532 5372 2546 5395 ,
2596 5331 2689 5384 sed
2721 5332 2903 5384 vitium
2926 5327 3111 5400 ,quod
3142 5335 3223 5383 est
3247 5328 3398 5383 bona?
3427 5342 3527 5383 na-
3592 5380 3601 5391 ,

1947 5413 2079 5458 tunc
2108 5404 2431 5459 contrarium
2453 5444 2468 5467 ,
2494 5401 2953 5470 reprehendimus.

2018 5475 2231 5541 Quas'r.
2259 5472 2423 5528 XVII.
2452 5467 2649 5528 Omnes
2673 5473 2861 5542 Angeli
2885 5471 3115 5541 aequales
3141 5485 3209 5525 an
3238 5467 3525 5542 intequales

1947 5539 2110 5601 creati
2148 5546 2304 5599 sunt?
2346 5546 2413 5599 Et
2453 5545 2495 5599 si
2527 5539 2787 5615 aequales,
2820 5559 2913 5597 cur
2943 5539 3047 5615 non
3094 5554 3280 5596 omnes
3309 5539 3443 5615 firmi
3473 5547 3529 5615 et

1948 5617 2163 5672 stabiles
2192 5615 2442 5670 fuerunt?
2488 5614 2543 5670 Si
2570 5609 2696 5669 vero
2734 5614 3047 5683 inrequales,
3079 5625 3183 5680 quo
3222 5610 3412 5663 merito
3437 5609 3532 5665 alii

1948 5686 2294 5759 przescientia:
2332 5702 2441 5741 sua:
2472 5686 2812 5759 stabilitatem
2839 5682 3080 5759 accipere
3104 5688 3412 5759 meruerunt
3431 5721 3446 5745 ,
3474 5688 3534 5739 et

1946 5749 2034 5813 alii
2062 5757 2300 5817 futurum
2329 5771 2439 5814 suae
2466 5756 2631 5814 ruinae
2661 5770 2839 5811 casum
2870 5749 3090 5809 minime
3117 5749 3410 5825 praevidere
3429 5764 3535 5829 ρους

270 5826 621 5911 manu»
640 5826 833 5903 Deum,
856 5826 956 5889 imo
988 5845 1123 5889 nunc
1141 5828 1329 5905 cogniti
1351 5826 1513 5887 a’Deo
1542 5828 1733 5905 (Galat,
1758 5844 1830 5905 tv,
1869 5833 1922 5893 δέ
1954 5830 2200 5889 tuerunt?
