3904 6362
193 300 278 361 ἠδ
560 311 670 347 τ’·

198 423 300 488 post
318 413 451 488 ligni
475 414 649 488 vetiti
674 411 1112 488 tactum,’_eadem‘
1132 411 1403 488 Scriptura
1420 412 1548 488 dicit
1572 431 1585 466 :
1617 413 1790 488 Aperli

202 482 294 541 iw
316 482 453 539 oculi
520 484 803 540 amborum
830 482 940 555 (Id.
972 501 1049 550 ιιι,
1082 483 1137 548 6,
1162 482 1245 555 7)?
1268 482 1381 538 Nisi
1424 484 1566 539 enim
1609 482 1791 555 oeulos

202 557 431 611 luberent
465 564 730 626 apertos,
756 553 854 611 nec
881 556 969 610 ille
994 553 1309 626 animaiibus
1331 556 1569 626 nomina
1615 554 1791 626 impo-

197 637 339 692 neret,
370 642 487 682 nec
512 624 626 681 illa
655 627 862 682 videret
892 626 1017 696 ligni
1041 624 1509 696 pulchritudinem.

438 698 572 779 Iloc
600 699 803 779 quippe
851 712 1032 779 ferum
1061 704 1161 779 est,
1189 696 1324 779 quia
1374 705 1585 779 apertos
1612 697 1795 779 oculos

196 769 487 833 habebant;
517 778 579 823 et
605 766 787 823 tamen
818 767 917 821 nisi
946 766 1012 821 ad
1042 766 1237 835 aliquid
1263 766 1428 822 clausi
1445 777 1644 833 essent,
1677 768 1796 823 nul-

195 840 384 895 htenus
403 839 707 909 Scriptum
730 838 933 893 diceret
961 855 975 891 :
1006 836 1182 905 Aperti
1202 847 1325 909 sunt
1346 838 1787 909 oculiramborum.

196 913 353 980 Aperti
380 908 561 973 sunt,
583 910 812 975 scilicet,
849 922 953 962 non
992 908 1063 963 ob
1090 908 1232 980 aliud
1278 908 1379 962 nisi
1437 908 1504 963 ad
1554 910 1792 966 invicem

194 978 711 1051 concupiscendum,
746 990 803 1034 ut
830 986 973 1051 esset
1009 979 1093 1033 lex
1118 978 1794 1051 inmembrisirepugnans

192 1052 271 1122 legi
298 1048 519 1108 mentis
550 1050 732 1123 (Rom.
755 1066 847 1123 vn,
875 1050 968 1121 2'5)
997 1048 1280 1123 :ut_etiam
1310 1050 1514 1123 inipsis
1535 1048 1793 1123 membris

191 1119 309 1177 esset
342 1139 462 1177 non
498 1119 841 1177 voluntarius
870 1119 1065 1187 motus,
1094 1119 1237 1188 justa
1276 1119 1483 1176 scilicet
1533 1120 1630 1176 Dei
1674 1123 1793 1177 vin-

190 1192 331 1260 dicta,
362 1203 429 1248 ut
462 1193 644 1248 homo
669 1193 756 1262 qui
777 1190 944 1246 noluit
966 1190 1374 1262 essesubjcetus
1403 1192 1532 1257 Deo,
1563 1206 1672 1247 non
1699 1193 1794 1247 ha-

190 1262 319 1319 beret
346 1264 652 1320 subditum
678 1261 893 1331 corpus.
922 1262 1062 1331 Ergo
1090 1261 1143 1314 in
1169 1276 1235 1316 eo
1263 1262 1436 1331 aperti
1478 1271 1605 1317 sunt
1650 1264 1791 1320 oculi

188 1335 487 1403 amborum,
517 1344 580 1389 ut
598 1340 942 1403 moverentur
965 1331 1515 1403 concupiscentialiter
1530 1334 1789 1389 membra.

236 1402 477 1474 Quzs'r.
503 1402 732 1474 XXXV.
763 1402 1365 1474 Cunt_audissentvocem
1387 1403 1553 1457 Adam
1585 1414 1631 1457 et
1656 1403 1789 1472 Eva,

187 1478 239 1531 ait
262 1471 589 1545 Scriptura,
615 1473 828 1545 Domitii
869 1471 965 1528 Dei
1017 1472 1385 1545 deaiizbitlatttis
1419 1474 1475 1528 in
1526 1471 1787 1544 paradiso,

185 1541 566 1603 absconderant
650 1562 701 1600 se
742 1541 897 1617 (Gen.
939 1559 1017 1612 ιιι,
1044 1543 1101 1614 8)
1131 1561 1145 1597 :
1172 1558 1335 1615 rogo,
1393 1541 1643 1615 quaeest
1691 1541 1790 1603 ista

185 1618 466 1674 dambula
475 1620 555 1673 tio
568 1617 595 1671 ?

239 1690 420 1745 Resp.
446 1688 613 1744 Absit
636 1694 698 1742 ut
723 1687 883 1753 Deus,
906 1685 995 1757 qui
1033 1692 1116 1739 est
1140 1684 1391 1750 Trinitas,
1423 1700 1488 1758 ex
1510 1685 1614 1758 hoc
1648 1687 1791 1758 quod

180 1761 289 1830 eius
318 1760 539 1815 dicitur
567 1756 951 1830 deambulatio,
977 1770 1267 1830 corporeus
1306 1766 1396 1830 aut
1445 1756 1628 1812 localis
1666 1756 1791 1814 esse

178 1826 465 1886 credatur.
499 1830 674 1886 Omne
703 1827 966 1898 siquidem
993 1841 1186 1898 corpus
1206 1826 1383 1898 locale
1408 1836 1511 1891 est,
1545 1836 1600 1882 et
1631 1843 1791 1885 omne

176 1901 364 1956 locale
386 1901 582 1971 utique
633 1896 823 1970 corpus
851 1906 953 1953 est.
1006 1896 1147 1952 Deus
1170 1912 1309 1971 vero
1341 1896 1654 1971 incorporea
1702 1914 1789 1955 res

178 1982 292 2034 eet,
324 1987 440 2026 nec
467 1968 826 2040 temporaliter
858 1975 1121 2033 movetur,
1166 1982 1268 2040 uec
1297 1968 1783 2040 Iocqucontinetur,

183 2057 388 2111 neque
436 2041 511 2095 de
550 2037 665 2096 loco
688 2040 751 2094 ad
798 2040 974 2111 locum
1016 2037 1351 2111 transfertur.
1396 2038 1527 2108 Ejus
1560 2037 1788 2110 namque.

180 2108 581 2167 deambulatio
600 2109 924 2181 intelligenda
961 2117 1043 2181 est
1085 2124 1195 2181 per
1223 2108 1455 2181 aliquam
1490 2108 1786 2181 creaturam

182 2182 371 2246 facta,
393 2199 557 2253 qnam
578 2178 1155 2253 creaturamhominem
1184 2179 1201 2209 ¹
1220 2178 1381 2253 fuisse
1406 2195 1471 2253 ei;
1497 2180 1662 2249 ipsius
1684 2184 1787 2237 eir-

182 2250 533 2309 cmnsta'ntia
562 2252 837 2319 Scriptura:
866 2250 1191 2305 intellectum
1218 2251 1556 2319 amajoribus
1584 2254 1783 2307 recolo.

254 2325 495 2393 Qun-:51.
522 2320 756 2378 XXXVI.
783 2323 919 2393 Cum
952 2322 1255 2393 Deus_unus
1284 2321 1373 2385 sit,
1392 2320 1604 2393 dicente
1638 2322 1786 2377 Scri~

179 2390 369 2466 ptui-ar,
398 2396 543 2449 Audi
569 2393 776 2449 Israel:
804 2390 1221 2466 Domipusﬂeus
1250 2400 1400 2466 tuus,
1449 2390 1603 2466 ⁵ρεαδ
1645 2409 1787 2466 Διιιηιιι

182 2460 251 2521 ist
297 2460 490 2537 (Deut.
518 2481 591 2532 γι,
622 2466 703 2535 4);
752 2463 1018 2537 quomodo
1069 2460 1387 2537 ipseudixit,
1442 2460 1585 2537 [iege
1620 2462 1785 2537 ᾼᾴωιι

185 2481 251 2521 εει
297 2481 490 2537 (ναι.
518 2481 591 2532 γι,
622 2481 703 2535 4);
752 2481 1018 2589 Ὲιοαιοαο
1069 2481 1184 2531 Ipse
1234 2481 1387 2527 (ιιιιι,
1442 2481 1571 2515 DCCC
1620 2481 1785 2517 Αααιιι

185 2540 333 2607 quasi
388 2554 528 2591 unus
581 2552 648 2591 ea:
695 2551 761 2589 no
800 2536 847 2607 ἐν
889 2538 1052 2604 factus
1076 2541 1147 2587 est
1183 2530 1334 2605 (Gen.
1358 2548 1435 2599 ιιι,
1464 2532 1589 2604 22)?
1624 2531 1787 2588 Nobis

190 2606 326 2663 enim
358 2608 726 2678 pluralitatem
752 2606 1001 2678 insinuat.

254 2672 423 2734 Resp.
455 2680 602 2734 Deus
632 2677 873 2748 quamvis
909 2690 1046 2748 unus
1072 2676 1162 2748 sit,
1189 2681 1365 2729 tamen
1407 2672 1639 2748 Trinitas
1665 2683 1781 2742 est;

197 2749 347 2805 Pater
373 2750 604 2817 scilicet,
634 2743 689 2803 ét
716 2748 900 2816 Filius,
932 2757 987 2801 et
1005 2745 1236 2817 Spiritus
1285 2753 1520 2817 sanctus.
1552 2743 1697 2817 Unus
1724 2762 1786 2801 ea:

202 2821 337 2874 nobis
368 2815 595 2875 dictum'
620 2827 726 2883 est,
760 2834 865 2872 non
886 2815 1114 2887 propter
1152 2816 1509 2885 pluralitatem
1535 2815 1780 2886 deorum,

202 2891 288 2946 sed
319 2901 532 2961 propter
549 2888 1310 2961 pluralitatempersonarum.

261 2957 478 3028 eam.
512 2957 785 3016 XXXVII.
836 2957 999 3013 Multa
1027 2959 1208 3029 utique
1253 2957 1494 3012 videmus
1532 2957 1785 3014 animalia

202 3048 261 3087 ex
288 3035 630 3103 corruptione
653 3045 963 3101 corporum,
986 3031 1218 3103 maxime
1240 3037 1572 3103 mortuorum
1599 3029 1781 3103 nasci:

208 3098 463 3173 numquid
480 3115 604 3159 tunc
628 3098 808 3159 ereaia
839 3110 984 3165 sunt,
1013 3098 1225 3173 quando
1246 3099 1360 3169 ipsa
1380 3101 1642 3173 corpora?

279 3169 432 3229 ιιέειι.
460 3176 613 3230 Absit
640 3184 699 3228 ut
739 3182 864 3228 tunc
890 3180 1066 3226 creata
1095 3170 1359 3235 dicantur,
1403 3169 1617 3241 quando
1669 3170 1783 3241 ipsa

211 3259 459 3315 tant-pora:
490 3243 923 3316 sedcorporibus
968 3242 1127 3296 insita
1168 3248 1295 3316 sunt
1327 3238 1558 3316 quedam
1599 3238 1778 3307 modo,

210 3312 319 3385 qua}
344 3327 463 3371 sunt
489 3332 586 3372 suo
628 3312 868 3385 tempore
902 3322 1171 3385 exortura.
1220 3312 1371 3385 Sicut
1413 3312 1557 3366 enim
1596 3328 1782 3385 semen

209 3382 477 3455 cujuslibet
504 3387 714 3442 arboris
734 3382 893 3441 habet
918 3382 1202 3455 quamdam
1228 3384 1356 3455 vim,
1380 3390 1439 3436 ut
1464 3398 1585 3455 cum
1615 3383 1780 3437 obru-

213 3453 322 3509 tum
342 3458 492 3513 fuerit
514 3459 566 3512 in
598 3468 737 3513 terra
766 3456 989 3523 oriatur,
1035 3462 1090 3509 et
1118 3454 1405 3524 virgultum
1437 3453 1778 3522 producatur,

215 3528 408 3583 deinde
446 3530 596 3583 ramis
641 3527 985 3582 nihilominus
1035 3526 1333 3593 constipata
1357 3525 1379 3555 ³
1430 3524 1697 3591 dilatetur,
1729 3533 1783 3579 et

211 3597 513 3661 frondibus;
534 3599 725 3655 deinde
747 3596 966 3653 ﬂoribus
991 3595 1241 3651 decorata
1266 3594 1548 3650 fructiﬁcet
1573 3613 1586 3648 :
1610 3595 1682 3649 ita
1698 3604 1782 3651 est

210 3671 337 3724 etin
363 3684 595 3740 corpore,
626 3678 687 3724 ut
730 3670 802 3723 ita
860 3668 1054 3732 dicam,
1100 3666 1376 3740 quoddam
1409 3664 1775 3740 seminarium,

210 3742 346 3797 unde
397 3736 489 3796 suo
518 3752 780 3811 tempore,
823 3746 1049 3811 curante
1082 3736 1413 3808 providentia
1440 3737 1555 3804 Dei,
1603 3736 1780 3807 aliqua

212 3826 396 3881 genera
422 3810 725 3868 animalium
755 3810 1012 3881 oriantur.

273 3882 480 3951 Qunsr.
534 3880 826 3939 XXXVIII.
872 3879 1003 3936 Cum
1036 3879 1198 3951 Deus
1250 3878 1469 3944 dixerit,
1526 3877 1781 3951 Germinet

218 3948 341 4005 terra
370 3956 565 4009 herbam
584 3956 845 4018 virentem,
897 3959 943 4005 et
982 3948 1272 4017 offerentem
1318 3965 1487 4004 semen
1539 3957 1585 4002 et
1641 3950 1780 4020 ligna

219 4025 467 4105 {ructifaa
487 4024 665 4105 (Id._i,
693 4022 981 4105 iljhligna
1010 4019 1359 4087 infructuosa,
1382 4020 1666 4090 velspinas
1685 4019 1780 4076 vel

218 4094 427 4168 tribulos
452 4094 663 4168 quando
691 4094 847 4168 fecit?

280 4165 434 4222 Resr.
460 4160 629 4223 Simul
656 4167 835 4221 omnia
864 4165 1009 4220 Deus
1035 4163 1177 4228 fecit,
1228 4162 1441 4218 dicente
1477 4160 1777 4231 Scriptura,

222 4233 314 4299 Qui
366 4240 471 4292 vivit
518 4240 573 4291 in
601 4248 866 4303 (sternam,
917 4235 1100 4289 creavit
1151 4234 1322 4288 omnia
1366 4233 1518 4286 simul
1566 4232 1778 4303 (Ecclt’.

218 4319 360 4378 twn,
386 4310 456 4378 I).
484 4308 801 4364 Nullatenus
838 4306 996 4378 igitur
1017 4304 1261 4378 dicenda
1291 4312 1436 4378 sunt
1454 4303 1780 4378 infructuosa

217 4374 374 4445 ηεαδ.
419 4374 531 4451 qua:
566 4378 749 4449 aliquo
798 4374 959 4451 modo
1014 4375 1331 4451 homi_nibus_
1360 4374 1783 4451 aﬂ'erunt_adju-

218 4445 572 4522 mentag'quia
596 4445 885 4522 et-revera,
918 4449 964 4522 si
1005 4446 1455 4522 non-invenimus
1498 4445 1555 4522 in
1571 4445 1650 4500 eis
1686 4445 1784 4499 ali-

218 4518 345 4583 quid
374 4521 432 4575 ad
456 4516 745 4585 edendum,
788 4520 1086 4574 invenimus
1136 4526 1282 4573 certe
1308 4516 1375 4571 ad
1416 4516 1780 4571 medicamen-

218 4595 348 4665 tum,
376 4590 661 4665 invenimus
680 4590 747 4665 ad
771 4588 1266 4665 adjiutorium._1‘iam
1293 4595 1513 4665 quantae
1528 4587 1782 4665 utilitates

218 4657 538 4731 inveniantur
564 4664 619 4718 in
642 4664 742 4726 eis,
775 4657 968 4731 tu'ipse
991 4660 1289 4716 considera.
1312 4657 1550 4714 Proinde
1593 4658 1714 4728 quia
1745 4673 1776 4712 a

218 4725 432 4800 {ruendo
453 4734 646 4789 dicitur
677 4725 901 4799 fractus,
926 4740 981 4787 et
1018 4731 1087 4786 ab
1115 4732 1260 4785 omni
1310 4731 1453 4800 ligno
1499 4725 1783 4798 possumus

220 4796 407 4875 habere
428 4804 637 4875 aliquod
665 4796 1010 4875 adiutorium,
1035 4802 1155 4871 jure
1180 4796 1393 4875 nullum,
1416 4796 1615 4875 lignum
1642 4800 1778 4875 dici-

220 4883 334 4927 mus
358 4870 751 4931 infructuosum}
783 4873 961 4943 Spinte
1002 4870 1181 4927 autem
1210 4879 1263 4943 et
1312 4871 1493 4943 tribuli
1542 4870 1783 4943 quamvis

220 4950 337 5015 ροςι
357 4958 621 5015 peccatum
648 4941 854 5002 homini
880 4952 1166 5015 nascantur
1200 4941 1268 4995 ad
1310 4941 1551 5015 laborem
1574 4942 1784 5015 dicente

218 5010 494 5085 Scriptura,
526 5016 687 5071 Terra
730 5016 904 5085 spinas
932 5024 983 5085 et
1002 5013 1213 5085 tribulos
1260 5013 1418 5083 pariet
1465 5011 1552 5065 tibi
1601 5013 1634 5085 (ξ
1652 5010 1781 5067 Gen.

216 5094 292 5146 ω.
322 5083 431 5157 l8);
463 5083 639 5143 tamen
678 5083 784 5141 non
827 5084 1242 5157 estdicendum
1295 5092 1420 5138 tunc
1464 5097 1525 5137 ea
1558 5083 1687 5137 oriri
1717 5099 1784 5157 ex

217 5154 529 5229 terra;'qnia
549 5160 661 5229 jam
686 5166 839 5217 erant
870 5156 1051 5229 utique
1079 5154 1370 5229 ad_pastus
1408 5168 1660 5229 pecorum
1699 5156 1782 5209 vel

215 5224 490 5362 gitimam
519 5224 676 5297 facta,
711 5243 818 5283 non
864 5227 930 5282 ad
968 5224 1268 5298 augendam
1309 5224 1542 5280 hominis
1572 5240 1783 5295 poenam

342 5314 397 5355 uc
457 5339 472 5354 .

342 5307 472 5355 ucta.

279 5368 485 5435 Qusr.
513 5370 763 5427 XXXIX.
792 5369 849 5425 Si
872 5369 1051 5424 omnia
1080 5369 1133 5424 in
1160 5382 1401 5435 numero,
1444 5375 1497 5422 et
1514 5382 1782 5436 mensura,

215 5448 266 5493 et
290 5443 514 5510 pondere
540 5444 683 5500 Deus
709 5441 998 5512 disposuit,
1029 5440 1164 5497 sicut
1188 5449 1373 5498 sancta
1403 5439 1680 5509 Scriptura
1702 5448 1784 5495 te-

264 5676 280 5707 t
306 5670 433 5722 Unus
454 5677 518 5715 ex
545 5665 781 5714 Vaticanis
801 5670 933 5724 uss,
957 5663 1196 5725 angelwn.
1227 5664 1331 5725 Alii,
1375 5663 1627 5715 honunem.

226 5733 382 5851 ulla.
432 5728 760 5790 Cerbebnsis,
796 5725 1088 5790 conspicata.
1132 5728 1339 5777 Vaticani
1394 5735 1526 5789 tres,
1571 5726 1783 5792 conspisv

475 5885 706 5959 δωσεῖ.
756 5884 1032 5955 Auster.
1077 5875 1184 5949 Vl.

1344 296 1681 355 DIALOGUS
1716 293 2183 365 QUIESTIONUM
2219 298 2380 357 LXV.

3384 312 3489 372 746

1903 423 2073 470 statur
2092 415 2255 542 (SSap.
2288 412 2505 501 ἕψειν
2537 418 2708 501 ipsum
2737 419 3036 493 numerum,
3072 434 3126 485 et
3152 442 3479 501 mensuram,

1903 494 2086 542 etnon
2132 503 2191 542 us
2219 488 2307 542 ubi
2332 489 2631 542 discosmt?

1901 494 1956 541 ct
1974 488 2191 558 pondus
2219 488 2307 542 ubi
2332 488 2631 558 disposuit?

1971 557 2134 643 iissr.
2163 557 2434 643 Numerus
2477 571 2531 615 et
2570 578 2818 643 mensura
2865 576 2919 621 ct
2960 569 3168 638 pondus
3200 572 3314 643 ipse
3342 574 3486 631 Deus

1900 637 2001 683 est.
2036 628 2154 699 Ipse
2183 638 2266 709 e_st
2297 646 2549 688 numerus
2575 634 2691 689 sine
2720 628 2977 709 numero;
2996 656 3025 693 a
3056 656 3160 709 quo
3189 628 3271 699 est
3302 628 3484 700 omnis

1900 713 2177 785 numerus.
2208 700 2326 769 Ipse
2353 712 2435 785 est
2460 718 2708 759 mensura
2738 708 2853 785 sine
2883 700 3217 785 mensura,_a
3247 731 3353 785 quo
3400 729 3484 771 est

1901 771 2074 856 omnis
2100 786 2369 856 mensura.
2400 772 2517 856 Ipse
2542 785 2623 856 est
2648 777 2853 856 pondus
2880 779 2995 834 sine
3037 771 3290 849 pon'dere',
3324 802 3354 841 a
3375 804 3482 856 quo

1900 849 1984 925 est
2011 857 2169 925 omue
2191 842 2416 925 poiidus.
2435 844 2623 925 qmnia
2647 842 2777 917 ergo
2794 842 3115 925 innumero,
3139 842 3477 925 ctmensura,

1900 918 1955 991 et
1982 912 2520 991 ponderedisposuit,
2550 912 2797 987 tanquam
2818 919 2864 973 si
2885 912 3113 985 diceret,"
3130 922 3315 979 Omnia
3340 926 3391 980 in
3423 912 3483 983 se

1899 980 2183 1058 disposuit.
2212 980 2503 1058 Non—enim
2522 980 2817 1043 creaturam
2842 1005 2958 1045 eam
2983 980 3131 1046 extra
3156 1008 3232 1058 se,
3269 1004 3362 1049 aut
3388 980 3486 1052 aliv—

1899 1054 2020 1136 cubi
2050 1054 2200 1136 vidit,
2226 1064 2302 1135 ut,
2328 1057 2466 1136 sicut
2491 1056 2753 1125 homines,
2795 1062 3051 1116 memoria
3091 1054 3319 1136 retineat
3364 1084 3483 1136 qua:

1898 1121 2539 1209 iaceret..0n'uiis.igitur
2584 1121 3049 1209 cuusa'creaturfe,
3106 1135 3351 1209 voluntas
3383 1121 3484 1192 'est

1898 1191 2184 1250 Creatoris.
2220 1196 2329 1251 [Ioc
2354 1191 2537 1272 ibi__est
2561 1200 2825 1266 voluntas,
2853 1202 2997 1272 quod
3022 1191 3228 1260 natura.
3274 1206 3363 1262 Sic
3394 1216 3469 1263 te-

1899 1280 2021 1336 tuen
2048 1275 2248 1321 aeterna
2280 1276 2361 1321 est
2384 1268 2455 1321 illi
2485 1276 2695 1336 natura,
2734 1272 2812 1327 sic
2841 1268 2925 1327 est
2965 1282 3167 1331 mtcrna
3205 1277 3471 1333 voluntas.

1894 1333 2014 1390 Non
2040 1338 2181 1415 enim
2211 1338 2403 1393 accidit
2432 1333 2723 1415 Deo_no_va_
2743 1342 2918 1413 aliqua
2946 1345 3198 1415 cogitatio
3235 1347 3304 1402 ad
3364 1350 3478 1402 lor-

1897 1407 2119 1463 mandas
2169 1416 2463 1464 creaturas.
2530 1410 2759 1467 Proinde
2799 1407 2975 1469 omnia
3013 1407 3079 1470 in
3132 1431 3191 1473 se
3243 1418 3480 1475 Trinitas

1896 1476 2347 1556 Dcusdisposuit,
2370 1480 2490 1550 quia
2521 1481 2572 1535 in
2594 1497 2651 1556 se
2669 1494 2856 1556 cuncta
2878 1486 3059 1541 habuit
3081 1501 3199 1556 qua:
3224 1489 3366 1544 lecit.
3394 1489 3482 1544 In-

1899 1548 2152 1673 telliﬁitur
2176 1560 2229 1604 et
2255 1548 2441 1607 aliter:
2472 1552 2651 1606 omnia
2680 1553 2732 1607 in
2763 1570 3009 1624 numero,
3039 1548 3384 1624 et-mensura,
3422 1570 3478 1615 ct

1899 1632 1998 1673 DOll
2041 1636 2130 1673 ere
2155 1620 2446 1673 disnosuit:
2490 1622 2545 1673 id
2572 1633 2673 1673 est.
2724 1626 2899 1673 omnia
2944 1643 3062 1673 num
3103 1627 3242 1673 fecit
3289 1646 3477 1673 nume-

1895 1620 2130 1686 pondere
2155 1620 2446 1690 disposuit;
2490 1622 2545 1676 id
2572 1633 2673 1689 est,
2702 1626 2901 1697 omnia
2944 1620 3062 1697 qua:
3101 1627 3245 1697 fecit,
3288 1620 3477 1686 nume-

1895 1703 2034 1764 rum,
2068 1698 2121 1744 et
2148 1706 2473 1764 mensuram,
2497 1702 2551 1747 et
2576 1694 2783 1764 pondus
2813 1694 3027 1752 habent.

1965 1759 2181 1834 QU/esr.
2220 1761 2334 1816 XL.
2384 1759 2779 1834 Numquidnam
2821 1767 2899 1822 sic
2947 1767 3169 1825 adduxit
3215 1771 3361 1827 Deus
3408 1774 3479 1829 ad

1894 1828 2061 1884 Adam
2107 1840 2298 1887 cuncta
2335 1828 2624 1889 animantia
2671 1844 2847 1899 terrae,
2880 1846 2933 1893 et
2960 1840 3207 1895 universa
3235 1843 3472 1899 volatilia

1893 1902 2015 1955 caeli
2045 1900 2194 1975 (Gen.
2222 1919 2281 1981 ιι,
2315 1903 2437 1981 I9),
2454 1905 2722 1981 quomodo
2744 1907 3015 1981 adducunt
3037 1922 3366 1981 aucupantes
3389 1916 3475 1969 vel

1892 1973 2147 2052 venantes
2179 1973 2247 2027 ad
2268 1973 2439 2052 retia?
2469 1973 2550 2052 itu
2583 1975 2801 2031 forsitan
2836 1993 2940 2032 vox
2965 1979 3033 2035 de
3058 1973 3199 2035 nube
3225 1982 3361 2038 facta
3393 1994 3478 2040 est

1887 2042 2165 2110 jussionis,
2187 2059 2343 2118 quam
2377 2044 2735 2118 intelligerent
2765 2056 3012 2118 tanquam
3044 2052 3331 2109 rationales
3352 2056 3473 2109 ani-

1893 2126 2016 2175 mae,
2041 2120 2095 2167 et
2115 2128 2175 2168 ca
2202 2114 2379 2169 audita
2403 2115 2476 2168 illi
2500 2114 2687 2171 omnes
2712 2114 2987 2174 obedirent
3010 2120 3068 2173 ‘?

1964 2183 2127 2257 lisse.
2152 2183 2267 2257 Non
2306 2185 2406 2257 hoc
2435 2196 2757 2257 acceperunt
2796 2189 3085 2245 animantia
3115 2192 3199 2247 vel
3242 2194 3477 2252 volatilia

1892 2253 2123 2335 eteii.nut
2143 2255 2262 2335 sint.
2280 2256 2502 2335 rationis
2531 2253 2767 2327 capacia,
2796 2274 2893 2328 per
2915 2276 3074 2330 quam
3107 2263 3324 2335 obedire
3356 2282 3476 2335 pos-

1892 2324 1999 2405 sint
2026 2323 2266 2380 Creatori
2289 2341 2390 2405 suo
2412 2346 2447 2405 _:_
2465 2327 2519 2381 in
2549 2323 2647 2405 suo
2670 2323 2847 2405 tamen
2870 2323 3071 2405 genere
3098 2323 3476 2405 obtempei'ant

1893 2393 2165 2468 Deo_,unon
2204 2396 2451 2468 rationali
2494 2398 2786 2455 voluntatis
2810 2393 3050 2468 arbitrio,
3071 2404 3167 2458 sed
3196 2393 3335 2461 sicut
3362 2424 3479 2462 mo-

1892 2474 1979 2519 vet
2001 2465 2090 2545 il_I_e
2115 2467 2295 2520 omnia
2331 2467 2661 2545 temporibus
2681 2465 3155 2545 Opportunis,'non
3192 2474 3307 2545 ipse
3338 2487 3475 2533 tem-

1892 2536 2146 2621 pot'aliter
2170 2546 2368 2621 motus.
2396 2536 2571 2621 Movet
2589 2536 2770 2621 itaque
2806 2556 2864 2597 se
2890 2536 3065 2621 ipsum
3092 2536 3477 2617 sine'tempore

1891 2614 1945 2687 et
1971 2606 2110 2672 loco,
2153 2616 2331 2663 movet
2357 2616 2593 2664 creatum
2618 2606 2864 2679 spiritum
2892 2606 3007 2668 sine
3050 2615 3170 2670 loco
3194 2606 3475 2687 tempora-

1890 2674 2033 2754 liter,
2064 2687 2243 2754 movet
2258 2688 2555 2754 creaturam
2585 2674 2897 2754 corpoream
2926 2686 3289 2754 temporaliter
3315 2674 3371 2745 et
3399 2691 3477 2745 lo-

1891 2748 2095 2829 cali‘ter.
2126 2748 2387 2804 Prtecedit
2428 2750 2586 2829 igitur
2621 2748 2916 2808 substantia
2955 2748 3073 2829 qua:
3119 2761 3481 2829 temporaliter

1892 2824 2093 2871 tantum
2125 2822 2577 2895 muvetur,_il_lam
2617 2822 3126 2895 quattemporaliter
3144 2837 3200 2883 et
3228 2822 3480 2887 localiter

1889 2897 2151 2972 movetur.
2184 2890 2445 2972 Prmccdit
2474 2890 2653 2962 itaque
2678 2890 2973 2972 substantia
3002 2913 3121 2967 qua:
3148 2914 3248 2954 nec
3271 2910 3479 2972 tempo-

1889 2958 2074 3036 raliter
2101 2974 2200 3013 nce
2229 2960 2469 3017 localiter
2492 2958 2758 3036 movetur,
2789 2964 2933 3019 illam
2964 2958 3083 3036 quae
3107 2976 3308 3025 tantum
3337 2958 3478 3028 tem-

1889 3030 2145 3110 poraliter
2195 3040 2459 3086 movetur.
2477 3030 2609 3110 ipsc
2658 3030 2873 3103 spiritus
2908 3030 3156 3093 conditus
3198 3051 3379 3097 movet
3421 3059 3482 3101 se

1890 3103 2063 3173 ipsum
2094 3116 2188 3179 per
2216 3110 2434 3179 tempus
2448 3103 2563 3179 sine
2589 3103 2727 3171 Ioco,
2760 3115 2940 3160 movet
2979 3122 3175 3177 corpus
3204 3126 3301 3179 per
3340 3123 3478 3169 tem-

1888 3171 1988 3251 pus
2015 3181 2068 3226 et
2099 3171 2293 3226 locum.
2330 3171 2732 3252 ’Sp_iritus_vero
2764 3184 2976 3252 creator
3004 3171 3182 3252 movet
3204 3171 3279 3235 'sc
3300 3184 3475 3252 ipsum

1888 3241 2024 3324 sine.
2055 3252 2311 3324 tempore
2334 3252 2389 3299 et
2413 3244 2549 3324 loco.
2583 3244 2744 3324 igitur
2772 3247 2991 3324 spiritus
3044 3241 3338 3324 rationalis;
3388 3257 3481 3324 qui

1888 3320 1973 3393 est
2011 3312 2063 3367 in
2092 3312 2416 3393 hominibus,
2449 3316 2561 3369 sive
2592 3312 2931 3393 irrationalis,
2968 3319 3060 3393 qui
3087 3328 3168 3393 est
3188 3320 3240 3393 in
3279 3312 3473 3393 brutis,

1889 3384 2048 3454 etiam
2076 3384 2189 3452 ejus
2204 3384 2367 3454 jussis
2388 3394 2652 3440 movetur.
2684 3387 2789 3441 Sed
2820 3384 3093 3442 rationalis
3121 3391 3279 3446 habet
3318 3384 3479 3450 inte];

1888 3452 2181 3531 ligentiam,
2208 3452 2304 3524 per
2320 3470 2478 3524 quam
2498 3455 2738 3531 judicare
2765 3467 2931 3531 possxt
2952 3468 3133 3531 utrum
3156 3461 3321 3531 jussis
3349 3480 3479 3519 con-

1887 3526 2101 3603 sentiat,
2130 3535 2221 3579 aut
2248 3541 2353 3581 non
2383 3528 2702 3603 consentiat.
2735 3526 2995 3603 animalia
3015 3546 3142 3586 vero
3158 3526 3385 3603 'reptilia
3411 3553 3476 3593 ac

1888 3596 2121 3650 volatilia
2150 3612 2256 3651 non
2287 3606 2608 3667 acceperunt
2648 3599 2751 3671 hoc
2768 3600 3061 3670 judicium;
3102 3616 3200 3671 pro
3240 3596 3339 3658 suo
3388 3617 3472 3660 ta-

1886 3681 2010 3744 men
2038 3683 2248 3744 genere
2279 3678 2436 3739 atque
2453 3677 2650 3744 natura
2686 3670 2841 3744 jussu
2882 3672 3059 3744 aliqup
3097 3670 3213 3744 acta
3257 3677 3475 3744 propel-

1885 3736 2285 3813 lunturaUnde
2314 3736 2550 3809 angelica
2594 3736 2779 3794 natura
2822 3736 2987 3810 jussa'
3022 3742 3115 3796 Dci
3168 3736 3474 3813 perliciens,

1884 3818 2072 3886 movet
2095 3809 2256 3886 jussis
2277 3826 2445 3886 omne
2462 3825 2629 3886 genus
2650 3809 3015 3877 animantium,
3036 3809 3234 3886 docens
3262 3815 3313 3869 id
3333 3809 3477 3886 quod

1886 3880 2078 3951 nescit.
2124 3880 2179 3935 Si
2207 3882 2401 3935 etenim
2434 3881 2677 3936 homines
2710 3892 2931 3951 possunt
2974 3885 3228 3940 nonnulla
3268 3880 3474 3941 anima-

1885 3949 2013 4004 lium
2039 3965 2232 4023 genera
2249 3962 2525 4023 mansueta
2554 3949 2749 4023 facere,
2784 3954 2855 4007 ita
2900 3962 2959 4007 ut
2985 3956 3240 4023 quasdam
3286 3957 3476 4012 volun-

1887 4020 2541 4097 t_ates_l_tominum_facere
2578 4020 2876 4090 videantur,
2919 4020 3118 4094 quanto
3162 4027 3332 4097 magis
3370 4026 3476 4087 hoc

1884 4092 2071 4161 Angeli
2098 4094 2355 4161 possunt?

1956 4108 1965 4145 I
2003 4107 2071 4147 en
2133 4107 2355 4147 essunt!

1956 4107 2171 4228 (Ξωεξτ.
2193 4162 2329 4217 XLI.
2361 4162 2491 4231 Quae
2518 4177 2677 4218 causa
2704 4162 2829 4218 fecit
2856 4173 2911 4217 ut
2928 4164 3069 4219 Deus
3098 4180 3256 4235 quem
3277 4170 3474 4225 astruis

1885 4247 2123 4298 movere,
2150 4248 2255 4288 non
2283 4242 2558 4288 moveatur
2586 4235 2638 4288 in
2663 4242 2921 4303 tempore;
2965 4245 3055 4289 aut
3078 4236 3297 4304 spiritus
3320 4253 3473 4293 crea-

1888 4312 1972 4358 tus
2009 4304 2098 4374 qui
2148 4312 2389 4359 movetur
2421 4305 2475 4358 in
2497 4313 2754 4374 tempore,
2783 4320 2886 4358 non
2907 4316 3184 4361 moveatur
3216 4316 3271 4361 et
3311 4308 3474 4363 loco?

1957 4374 2117 4429 Rese.
2147 4375 2287 4429 Deus
2311 4377 2400 4445 qui
2420 4374 2645 4429 instituit
2672 4383 2934 4443 tempora,
2957 4384 3011 4431 et
3038 4386 3121 4431 est
3159 4385 3284 4433 ante
3334 4386 3472 4433 tem-

1886 4459 2036 4570 uora,
2092 4446 2225 4500 nihil
2270 4446 2323 4501 in
2362 4459 2427 4500 eo
2471 4454 2554 4499 est
2576 4446 2905 4516 praeteritum
2945 4455 2999 4500 et
3047 4448 3302 4515 futurum,
3345 4450 3470 4503 nul-

1909 4531 1994 4570 um
2017 4517 2295 4570 consilium
2342 4532 2558 4570 novum.
2594 4517 2843 4570 nullaque
2868 4531 3004 4570 nova
3027 4519 3275 4570 conitatio
3301 4537 3314 4570 :
3344 4520 3468 4570 mna

1909 4531 1998 4590 um
2017 4517 2295 4590 consilium
2342 4532 2558 4581 novum,
2594 4517 2843 4590 nuilaque
2868 4531 3004 4590 uova
3027 4519 3275 4590 cegitatio
3301 4537 3314 4574 :
3344 4520 3469 4590 quia

1885 4587 2089 4659 scilicet
2132 4588 2178 4642 si
2231 4602 2391 4652 nova,
2436 4596 2491 4641 et
2536 4586 2819 4659 accidens.
2859 4587 2915 4643 Si
2960 4586 3113 4659 vero
3130 4588 3331 4659 aliquid
3361 4586 3468 4647 'ac-

1886 4658 2016 4730 cidit
2056 4659 2184 4727 Deo,
2228 4659 2337 4728 jam
2367 4672 2497 4730 non
2551 4658 2913 4730 immutabilis.
2939 4658 3122 4730 Igitur
3158 4658 3464 4717 immutabia

1888 4729 2123 4802 lisDeus
2149 4738 2232 4784 est
2260 4747 2273 4783 :
2306 4728 2437 4784 nihil
2466 4729 2768 4802 illimaccidit
2792 4770 2808 4795 ,
2827 4728 3156 4802 nulla'nova
3196 4731 3467 4802 COgitatio,

1886 4800 2089 4855 nullum
2157 4815 2351 4855 novum
2403 4800 2715 4865 consilium;
2790 4800 2909 4855 ideo
2950 4816 3056 4855 non
3115 4800 3360 4857 movetur
3409 4804 3463 4857 in

1890 4880 2145 4943 tempore.
2187 4871 2348 4943 Igitur
2391 4871 2734 4925 immutabilis
2778 4871 2919 4925 Deus
2950 4880 3050 4927 est.
3092 4872 3319 4942 Spiritus
3340 4889 3470 4929 vero

1888 4942 2151 5009 conditus,
2177 4942 2314 4997 sicut
2346 4951 2427 4997 est
2454 4942 2798 5013 Angelorum,
2832 4958 3132 5013 quanquam
3174 4944 3290 4999 sine
3332 4947 3492 4999 tem-'

1888 5028 2017 5083 pore
2066 5014 2492 5082 contemplentur
2546 5013 2639 5067 Dei
2704 5014 3090 5081 aeternitatem,
3150 5016 3464 5078 veritatem,

1887 5084 2233 5150 charitatem;
2265 5092 2444 5139 tamen
2479 5084 2599 5153 quia
2631 5098 2697 5138 ex
2742 5093 2979 5153 tempore
3028 5086 3081 5138 in
3124 5084 3465 5139 inferioribus

1882 5155 2031 5225 jussa
2063 5157 2153 5210 Dei
2186 5155 2485 5225 perﬁciunt,
2510 5154 2633 5223 jure
2674 5155 2967 5210 creduntur
2992 5156 3193 5209 moveri
3236 5155 3287 5208 in
3331 5165 3470 5209 tem-

1887 5243 2034 5296 pore.
2064 5227 2299 5296 Corpora
2324 5241 2451 5281 vero
2472 5240 2565 5280 sua
2594 5226 2785 5281 inloco
2814 5234 3049 5291 movent,
3078 5225 3203 5279 dum
3241 5225 3469 5281 descen-

1888 5298 2103 5354 duntde
2124 5298 2282 5362 cmlo,
2305 5305 2360 5352 et
2386 5296 2679 5351 ascendunt
2709 5298 2760 5351 in
2790 5297 3007 5351 caelum.
3036 5296 3264 5367 Spiritus
3290 5298 3467 5365 itaque

1890 5371 2165 5424 hominum
2189 5378 2432 5423 movetur
2461 5369 2511 5422 in
2540 5377 2798 5437 tempore,
2828 5367 3221 5423 reminiscendo
3247 5378 3468 5436 praeter-

1888 5442 1980 5506 ita,
2013 5441 2185 5495 futura
2220 5438 2599 5509 exspectando,
2628 5439 2829 5508 aliquid
2877 5437 3310 5509 novidiscendo.
3356 5437 3463 5509 Ne-

1889 5528 1993 5583 que
2016 5514 2177 5580 enim,
2205 5507 2332 5567 cum
2356 5509 2609 5583 recordor
2650 5507 2881 5579 aliquam
2908 5507 3189 5583 lectionem
3226 5516 3317 5559 aut
3368 5507 3469 5583 ali-

1889 5576 2048 5656 quam
2075 5576 2360 5651 civitatem,
2391 5582 2528 5637 sicut
2564 5576 2852 5635 motus'est
2877 5578 3093 5646 spiritus
3122 5591 3273 5631 meus
3319 5576 3467 5647 cogi-

1922 5725 2159 5843 b‘dSic
2183 5722 2468 5834 l.ulgd.\'en.
2494 5725 2604 5769 ιον.
2630 5722 2774 5777 me,
2816 5710 3126 5765 eteaaudita
3164 5710 3470 5769 nihilomth

1950 5800 1975 5843 ε
2010 5799 2057 5843 tr
2143 5820 2152 5834 ι
2266 5818 2278 5833 ι

1892 5799 2152 5844 oveatrem.
2222 5799 2278 5834 at.

2681 5872 2713 5955 (
2728 5865 3175 5956 νέηαι-«ωιτη
3198 5865 3237 5944 λ
